4096 6174
213 306 334 371 317

217 531 334 587 Nos
366 545 502 584 vero
533 527 590 581 in
624 521 970 596 hujusmodi
1001 520 1532 576 constitutionibus
1555 533 1793 574 omnem
1815 534 1906 573 ca-

216 619 509 676 lumniam
562 620 736 687 atque
789 609 1193 667 contentionis
1235 609 1622 674 occasionem,
1655 605 1902 661 Domino

218 709 561 781 adjuvante,
593 702 761 759 facile
789 699 1240 773 prepulsamus,
1275 697 1563 754 ambabus
1608 695 1903 767 parochiis

219 799 294 854 ab
326 795 576 852 invicem
609 791 786 848 certis
814 788 1118 846 limitibus
1175 785 1584 860 sequestratis,
1619 789 1676 839 et
1707 787 1903 839 tamen

219 883 560 960 apostolicis
584 879 995 937 sanctionibus
1030 877 1254 949 ubique
1287 873 1584 940 stabilitis,
1620 889 1766 944 quas
1801 888 1902 925 no-

220 981 416 1031 strum
448 975 538 1027 est
567 985 799 1041 semper
829 965 1149 1022 defendere
1177 969 1235 1020 et
1267 964 1590 1020 secundum
1657 975 1901 1032 evange-

221 1059 786 1122 licam.sententiam
820 1054 970 1111 nihil
1006 1071 1078 1109 ex
1110 1053 1196 1110 eis
1229 1051 1590 1116 solvere,st
1627 1047 1905 1121 adimple-

223 1170 308 1209 re.
340 1151 502 1207 Unde
523 1165 660 1221 ergo
691 1144 1046 1202 auctoritate
1079 1147 1137 1198 et
1168 1145 1453 1214 potestate
1480 1141 1540 1195 Β.
1577 1137 1727 1194 Petri
1753 1136 1905 1209 prin-

223 1241 380 1314 cipis
405 1236 825 1311 apostolorum,
859 1237 1043 1305 atque
1077 1229 1342 1302 exemplo
1373 1231 1678 1285 beatorum
1713 1223 1903 1298 ponti-

225 1331 410 1386 ﬁcum
443 1326 664 1383 scilicet
693 1324 1205 1398 przedccessorum
1254 1323 1608 1383 nostrorum,
1640 1314 1905 1371 eamdem

225 1420 496 1476 sanctam
531 1415 1000 1471 Laureacensem
1023 1406 1622 1478 Ecclesiam,ejusque
1655 1406 1907 1458 rectores

216 1510 350 1582 jam
383 1502 884 1576 archiepiscopos,
907 1497 1126 1554 amodo
1160 1495 1444 1569 perpetim
1469 1495 1540 1550 ab
1573 1492 1731 1548 omni
1757 1488 1909 1546 Salz—

224 1593 542 1670 burgensis
565 1589 836 1648 Ecclesia
850 1589 1106 1661 ejusque
1132 1583 1450 1658 prtesulum
1467 1582 1827 1654 subjectione
1841 1595 1908 1634 ac

229 1667 453 1742 ditione
483 1679 868 1744 absolvimus,
905 1681 966 1732 et
998 1676 1220 1732 honore
1253 1670 1698 1744 metropolitano
1731 1667 1910 1725 subli-

229 1790 488 1832 mamus.
513 1772 581 1826 Et
609 1769 764 1825 sicut
796 1765 1105 1823 modernis
1135 1762 1503 1834 temporibus
1537 1763 1750 1816 saneta:
1785 1773 1907 1813 me-

232 1862 431 1921 moria:
453 1863 749 1934 Agapetus
773 1872 928 1930 papa
949 1853 1239 1910 terminos
1251 1851 1594 1908 corumdem
1619 1845 1918 1920 parochia-

233 1970 366 2009 rum
390 1952 464 2008 ab
491 1948 737 2004 invicem
770 1942 1068 2010 distinxit,
1103 1941 1185 1998 sic
1219 1943 1274 1995 et
1306 1939 1416 2012 ipsi
1461 1938 1804 1994 deﬁnimus:
1833 1935 1914 1990 ita

235 2056 473 2115 quoque
503 2043 570 2093 ut
599 2039 806 2094 sancta
827 2030 1280 2104 Salzburgensis
1303 2027 1562 2084 Ecclesia
1593 2023 1912 2099 superioris

237 2114 553 2186 Pannoniae
601 2125 912 2198 episcopos
961 2121 1183 2176 habeat
1230 2118 1650 2189 suil‘raganeos,
1695 2114 1914 2186 quibus

236 2235 430 2290 usque
465 2216 576 2271 huc
609 2215 700 2269 sui
748 2212 1064 2286 pontiﬁces
1096 2223 1345 2281 przeesse
1373 2205 1741 2272 videbantur,
1777 2220 1911 2259 cum

236 2313 407 2363 tanta
458 2303 677 2376 talique
733 2299 1000 2370 dimcesi,
1035 2296 1197 2370 quali
1244 2295 1529 2351 hactenus
1559 2293 1618 2348 in
1653 2291 1913 2347 inferiori

236 2399 333 2453 usi
365 2399 506 2451 sunt
538 2390 875 2457 Pannonia;
910 2390 1121 2444 sancta
1153 2391 1351 2440 autem
1384 2382 1801 2438 Laureacensis
1832 2397 1918 2436 ec-

238 2485 422 2542 clesia
446 2485 502 2538 in
525 2481 815 2538 inferioris
841 2475 1158 2534 Pannonia:
1181 2479 1358 2545 atque
1390 2473 1603 2527 Mwsite
1628 2470 1913 2542 regiones,

239 2590 499 2648 quarum
531 2570 840 2644 provincia:
873 2570 1016 2621 sunt
1049 2563 1320 2620 Bawaria
1353 2565 1529 2632 atque
1563 2559 1916 2626 Maravia,in

243 2664 470 2736 quibus
503 2664 726 2734 septem
748 2657 1170 2730 episcoporum
1195 2649 1482 2722 parochias
1509 2649 1774 2720 antiquis
1798 2652 1915 2703 tem

242 2751 495 2826 poribus
529 2747 1005 2807 continebantur,
1041 2740 1254 2811 suique
1299 2738 1592 2794 antistites
1639 2736 1918 2808 archiepi-

247 2838 546 2912 scopalem
580 2835 856 2906 deinceps
890 2832 1149 2887 habeant
1179 2831 1545 2900 potestatem,
1579 2843 1714 2882 cum
1755 2831 1920 2882 tanta

245 2928 474 3000 talique
523 2923 776 2992 dicecesi,
831 2920 992 2995 quali
1045 2920 1330 2974 hactenus
1383 2917 1440 2972 in
1488 2916 1771 2989 superiori
1827 2915 1917 2972 usi

247 3021 396 3076 sunt
429 3012 984 3080 Pannonia.Quibus
1011 3009 1215 3080 utique
1238 3007 1295 3062 in
1320 3007 1556 3078 superni
1577 3004 1917 3079 [/Zinsuper]

247 3105 532 3182 peeceptis
581 3102 978 3176 injungimus,
1011 3102 1079 3154 ut
1122 3098 1293 3170 juxta
1343 3097 1494 3151 beati
1529 3094 1787 3168 Gregorii
1820 3094 1917 3150 de-

1413 294 1817 360 EPISTOLIE
1860 294 1960 358 ET
2001 291 2475 356 PRIVILEGIA.

215 437 540 498 testimonii
571 436 747 492 etiam
780 431 939 507 apud
972 429 1283 530 smpularia
1329 430 1484 501 viget
1514 433 1569 486 et
1599 427 1889 501 praevalet.
1921 429 1976 496 Α

3542 289 3660 353 318

2807 452 2876 508 ΙΙ.

2011 587 2304 626 BENEDICTI
2360 586 2520 625 ΡΑΡᾸΞ
2557 585 2636 624 νιι
2678 585 2861 624 BULLA
2903 585 3012 623 PRO
3048 583 3420 623 TREVIBENSIS
3459 582 3664 622 ABG!!!"

2491 657 2868 696 EPISCOPATUS
2905 657 3172 695 JURIBUS.

2651 775 2834 840 (Anno
2871 773 3022 838 975.)

2017 862 2328 919 leodortt'o
2358 863 2756 933 archiepiscopo
2804 862 3106 916 Trevirmsi
3153 863 3374 932 ejusque
3400 876 3666 915 successo-

2153 935 2306 990 ribus
2327 935 2521 988 rellam
2551 935 2789 1001 Quatuor
2819 933 3206 988 Coronatorum
3234 933 3520 986 condonet.

2402 1021 2634 1094 [Μίληδῇ
2671 1023 2766 1076 ubi
2795 1038 2982 1093 supra,
3017 1019 3126 1075 col.
3158 1019 3273 1092 57.]

2085 1156 2441 1211 Beasmc'rus
2471 1154 2802 1226 episcopus,
2838 1170 3039 1208 servus
3071 1169 3366 1207 servorum
3400 1152 3670 1219 Dei,cha-

2015 1244 2268 1299 rissimis
2300 1243 2470 1298 nobis
2504 1243 2561 1298 in
2594 1241 2821 1298 Christo
2845 1240 3121 1296 fratribus
3148 1239 3435 1296 universis
3453 1239 3671 1312 episco-

2015 1333 2128 1406 pis,
2162 1349 2228 1387 ac
2260 1331 2439 1386 totius
2471 1331 2776 1402 dignitatis
2805 1337 2862 1385 et
2891 1331 3114 1386 ordinis
3164 1327 3468 1384 catholicis
3507 1327 3668 1395 viris,

2016 1421 2402 1494 praesentibus
2426 1419 2646 1474 scilicet
2675 1424 2732 1474 et
2761 1419 2997 1486 futuris,
3025 1422 3364 1489 perpetuam
3397 1417 3667 1473 salutem.

2087 1509 2233 1575 Quia
2258 1508 2393 1564 licet
2424 1507 2956 1580 indigni,etc.Unde
2987 1505 3250 1563 omnium
3273 1512 3393 1562 tam
3424 1524 3674 1578 praesen-

2015 1599 2166 1654 tium
2212 1613 2390 1668 quam
2438 1597 2765 1652 futurorum
2817 1595 3192 1652 sanctitatem
3230 1600 3285 1650 et
3317 1593 3670 1652 industriam

2019 1703 2192 1742 nosse
2221 1685 2492 1741 volumus
2546 1686 2616 1740 de
2649 1690 2852 1740 sancta
2883 1683 3079 1740 fratris
3111 1684 3293 1741 nostri
3327 1683 3673 1739 Theodorici

1940 1807 1992 1873 Β
2021 1779 2235 1830 sancta:
2264 1773 2636 1829 Treverensis
2687 1773 2954 1828 Ecclesize
3002 1772 3422 1846 archiepiscopi
3453 1771 3675 1844 prima-

2024 1865 2238 1936 tisque,
2281 1868 2482 1919 nostra
2541 1863 3149 1935 przedecessorumque
3208 1866 3544 1916 nostrorum
3601 1861 3673 1918 ab

2023 1953 2256 2010 exordio
2301 1951 2760 2008 Christianitatis
2793 1968 2894 2022 per
2926 1951 3164 2007 beatum
3195 1950 3428 2006 Petrum
3460 1949 3676 2005 consti-

2023 2040 2455 2110 tutione,totius
2479 2039 2675 2097 Galliae
2707 2044 2764 2095 et
2795 2041 3116 2096 Germaniae
3150 2039 3206 2093 in
3237 2040 3508 2094 eumdem
3539 2055 3676 2110 apo-

2025 2131 2308 2186 stolorum
2343 2128 2667 2200 principem
2699 2128 3023 2197 devotione,
3055 2128 3156 2200 qui
3178 2127 3237 2183 in
3268 2144 3375 2185 sua
3405 2127 3540 2183 sede
3568 2119 3680 2184 Ec-

2025 2218 2263 2275 clesiam
2294 2218 2510 2274 Christi
2563 2217 2874 2290 gloriosius
2924 2217 3304 2291 gubernando
3339 2215 3525 2272 multa
3554 2233 3680 2274 mo-

2024 2306 2299 2375 nasteria,
2335 2324 2460 2378 qua:
2513 2323 2698 2378 usque
2748 2307 2819 2361 ad
2871 2325 2979 2363 sua
3031 2311 3296 2378 tempora
3336 2310 3682 2362 manserunt

2025 2399 2254 2453 deserta
2279 2397 2685 2461 restaurando,
2724 2395 3146 2469 beatorumque
3176 2391 3573 2467 apostolorum
3605 2394 3678 2450 li-

2027 2486 2189 2542 mina
2219 2485 2440 2540 czeteris
2474 2485 2711 2555 saepius,
2745 2485 2904 2540 nullo
2956 2485 3236 2558 longioris
3265 2485 3392 2540 vita:
3424 2484 3682 2556 periculo

2023 2592 2127 2630 seu
2159 2573 2355 2630 labore
2389 2571 3075 2639 territus,liberalissime
3101 2573 3587 2640 visitando,nobis
3607 2575 3682 2629 ad

2025 2662 2134 2718 hoc
2166 2679 2352 2734 usque
2384 2660 2920 2732 coniplacuit,quod
2945 2663 3134 2718 cidem
3156 2678 3390 2732 suaeque
3412 2660 3682 2718 Ecclesiae

2027 2750 2452 2824 possidendain
2475 2754 2821 2821 perpetuum
2844 2749 3040 2823 aliqua
3063 2751 3320 2806 conferre
3335 2749 3565 2819 justum
3582 2751 3689 2806 du-

2027 2856 2313 2895 ceremus.
2350 2841 2711 2910 Quapropter
2741 2843 2945 2893 notum
2978 2840 3052 2894 sit
3089 2837 3364 2893 omnibus
3411 2853 3517 2891 nos
3547 2855 3685 2895 cum

2029 2928 2375 2984 auctoritate
2408 2928 2468 2982 Β.
2505 2926 2653 2980 Petri
2689 2927 3086 2997 apostolorum
3127 2925 3430 3000 principis,
3463 2926 3686 2997 gratui-

2029 3020 2207 3088 toque
2227 3016 2599 3072 sacerdotum
2627 3013 3089 3090 clericorumun
3101 3016 3398 3087 totiusque
3411 3013 3687 3072 Romanae

2031 3104 2219 3177 plebis
2241 3122 2507 3172 assensu,
2523 3103 2712 3160 eidem
2738 3104 2797 3160 S.
2821 3103 3159 3162 Treverensi
3177 3102 3445 3160 Ecclesia:
3476 3103 3687 3162 cellam

247 3200 505 3261 cretum,
536 3191 858 3265 Anglorum
909 3185 1372 3259 archiepiscopis
1423 3184 1730 3250 directum,
1775 3181 1922 3239 alter
1955 3181 2000 3250 C
2032 3196 2292 3260 Quatuor
2345 3195 2768 3250 Coronatorum
2821 3196 3184 3251 condonasse
3234 3193 3292 3248 in
3340 3197 3688 3266 perpetuum

249 3285 495 3340 illorum
545 3282 644 3354 qui
697 3281 858 3353 prior
907 3278 986 3334 sit
1025 3277 1085 3332 in
1133 3273 1498 3332 ordinatione
1548 3278 1828 3346 tempore,
1863 3275 1921 3328 et

251 3373 454 3447 quoad
485 3373 657 3438 vivat,
692 3369 1017 3443 prioratum
1051 3367 1247 3421 teneat
1265 3367 1320 3420 et
1342 3363 1398 3418 in
1423 3363 1645 3419 ordine.
1681 3363 1920 3417 Penitus

248 3461 418 3518 enim
459 3457 862 3516 determinatis
903 3455 1212 3526 utriusque
1245 3451 1512 3508 Ecclesia:
1544 3449 1916 3518 dioecesibus,

249 3549 539 3622 omnique
559 3547 795 3604 exclusa
817 3542 1137 3602 altercandi
1168 3541 1780 3608 occasione,canonica
1809 3540 1918 3595 sub

251 3639 624 3696 districtione
649 3635 1056 3692 interdicimus
1075 3636 1140 3686 ut
1157 3634 1363 3687 neuter
1383 3631 1719 3686 earumdem
1733 3628 1922 3684 Eccle-

252 3729 484 3786 siarum
508 3726 982 3800 archiepisCOpus
1015 3721 1285 3777 invadere
1315 3719 1554 3776 alterius
1582 3717 1918 3792 parochiam

253 3820 603 3893 praesumat,
636 3815 718 3872 vel
749 3814 1224 3888 quibuscumque
1252 3808 1465 3882 jurgiis
1499 3813 1600 3864 aut
1631 3808 1919 3878 discepta-

253 3907 526 3964 tionibus
575 3922 749 3977 super
797 3901 1056 3959 deﬁnitis
1089 3919 1121 3956 a
1162 3898 1330 3956 nobis
1362 3899 1534 3953 modo
1568 3896 1742 3952 rebus
1775 3895 1922 3950 alter

255 3997 515 4053 alterum
548 3993 862 4050 sollicitare
893 3991 1128 4046 audeat.
1155 3988 1255 4044 His
1285 3986 1464 4060 igitur
1494 3985 1732 4052 sedatis,
1758 4000 1920 4040 vene.

255 4084 510 4142 rabilem
543 4082 892 4140 confratrem
944 4083 1217 4134 nostrum
1253 4075 1598 4150 Pilgrimum
1633 4072 1918 4145 archiepi—

257 4188 535 4246 scopum,
568 4170 867 4227 canonicis
919 4167 1128 4224 litteris
1176 4167 1497 4233 munitum,
1531 4165 1652 4222 sedi
1705 4167 1920 4220 sancta:

261 4259 683 4319 Laureacensis
713 4257 980 4315 Ecclesia:
1005 4251 1922 4326 inthronizavimus,palliumque

257 4353 314 4407 ei
347 4349 674 4406 secundum
706 4349 1017 4420 antiquum
1049 4345 1313 4416 ejusdem
1345 4342 1612 4400 Ecclesia:
1644 4357 1818 4396 usum
1841 4339 1923 4395 di-

259 4440 526 4496 reximus
559 4455 571 4492 :
605 4442 779 4510 atque
829 4437 888 4491 in
941 4433 1252 4508 provinciis
1280 4433 1579 4498 Bawarize,
1616 4429 1919 4501 regionum

257 4544 502 4602 quoque
533 4526 821 4582 inferioris
851 4524 1163 4580 Pannonia:
1195 4522 1315 4578 sive
1347 4521 1581 4586 Mwsize,
1610 4523 1667 4574 et
1697 4519 1757 4575 in
1789 4535 1920 4574 con-

257 4616 448 4688 tiguis
471 4614 583 4670 sibi
606 4613 945 4670 Sclavorum
969 4611 1306 4667 nationibus
1327 4609 1784 4680 circumquaque
1804 4623 1920 4662 ma-

258 4704 822 4768 nentium,nostram
845 4698 1226 4772 apostolicam
1249 4696 1654 4754 auctoritalem
1669 4695 1918 4751 etvicem

261 4809 532 4849 exercere
561 4790 990 4846 committimus
1021 4793 1195 4860 atque
1225 4786 1591 4859 delegamus:
1627 4789 1918 4857 quatenus

262 4882 406 4950 illic,
443 4897 604 4935 more
634 4883 1070 4936 antecessorum
1121 4892 1365 4933 suorum
1414 4880 1628 4931 sancta:
1663 4875 1916 4930 Laurea-

260 4970 426 5027 censi
455 4968 723 5024 Ecclesia:
740 4965 1553 5039 archiepiscoporum,habeat
1573 4967 1916 5037 potestatem

263 5059 638 5134 presbyteros
657 5061 714 5113 ct
729 5057 1034 5129 episcopos
1053 5055 1325 5111 ordinare
1345 5059 1520 5126 atque
1541 5053 1913 5120 constituere,

260 5154 320 5206 et
347 5166 418 5204 ex
453 5146 742 5218 prtedictis
784 5143 1057 5218 gentibus
1105 5161 1212 5200 sua
1261 5147 1465 5199 sancta
1511 5141 1919 5214 pradicatione

261 5253 472 5309 parare
504 5234 746 5290 Domino
779 5233 1004 5306 plebem
1035 5231 1370 5304 perfectam.

2028 3284 2468 3356 possidendam,
2492 3299 2626 3337 cum
2659 3283 2934 3340 omnibus
2961 3281 3314 3356 appenditiis
3344 3281 3490 3351 suis,
3515 3285 3690 3356 aquis

2029 3372 2253 3429 scilicet
2302 3389 2706 3446 aquarumque
2754 3373 3121 3441 decursibus,
3175 3372 3379 3445 pratis,
3423 3374 3684 3443 pascuis,

2027 3461 2233 3530 vineis,
2258 3460 2444 3529 silvis,
2467 3460 2640 3517 cultis
2673 3467 2730 3517 et
2762 3461 3023 3534 incultis,
3047 3461 3314 3517 curtibus
3343 3464 3400 3517 et
3431 3461 3688 3520 mansio-

2030 3549 2226 3606 nibus.
2263 3553 2397 3617 Qua:
2429 3549 2630 3606 omnia
2661 3551 2851 3606 eidem
2885 3550 3046 3606 fratri
3079 3554 3278 3605 nostro
3327 3549 3686 3609 Theoderico

2029 3637 2089 3692 S.
2124 3637 2496 3696 Treverensis
2536 3638 2802 3694 Ecclesia:
2863 3639 3299 3710 archiepiscopo
3355 3638 3688 3713 vicarioque

2031 3732 2229 3783 nostro
2261 3726 2610 3783 charissimo
2642 3727 2700 3782 in
2733 3727 2998 3798 partibus
3022 3727 3200 3782 totius
3231 3725 3426 3781 Gallia:
3458 3731 3516 3782 et
3545 3727 3684 3783 Ger-

2031 3817 2343 3885 maniae,ac
2371 3833 2472 3887 per
2493 3833 2627 3870 eum
2651 3816 2877 3871 cunctis
2908 3813 3366 3882 successoribus,
3403 3813 3458 3868 in
3490 3831 3686 3887 perpe-

2029 3907 2198 3960 tuum
2233 3903 2604 3978 possidenda,
2636 3905 2886 3959 tenenda
2917 3921 2982 3958 ac
3013 3903 3339 3958 ordinanda
3374 3919 3476 3974 per
3505 3902 3684 3974 hujus

2031 3997 2240 4050 nostrae
2275 3992 2604 4066 apostolica:
2637 3992 3039 4065 praeceptionis
3092 3991 3302 4047 seriem
3345 3989 3681 4063 tribunmus,

2029 4099 2393 4155 quaecunque
2445 4081 2648 4138 eadem
2699 4080 2844 4138 cella
2875 4099 2942 4137 ex
2974 4080 3218 4137 diversis
3271 4079 3686 4139 donationibus

2030 4171 2294 4227 ﬁdelium
2308 4170 2640 4227 authentice
2661 4171 2986 4227 secundum
3009 4169 3198 4242 legem
3216 4170 3541 4228 Romanam
3557 4188 3686 4244 pos-

2030 4261 2182 4316 sidet
2205 4260 2292 4315 vel
2316 4261 2450 4331 jure
2479 4259 2776 4332 possidere
2808 4260 2996 4326 debet,
3030 4260 3165 4315 data
3203 4259 3468 4317 videlicet
3497 4266 3555 4316 et
3585 4278 3682 4317 us-

2029 4365 2141 4419 que
2176 4349 2233 4403 in
2266 4349 2441 4404 ﬁnem
2473 4347 2668 4404 saeculi
2707 4365 2939 4421 quoquo
2988 4353 3156 4420 pacto
3202 4349 3418 4417 danda,
3449 4367 3550 4406 seu
3583 4366 3685 4421 per

2028 4435 2364 4492 violentiam
2397 4437 2770 4492 inimicorum
2803 4438 2991 4493 eidem
3023 4435 3179 4494 cellae
3207 4437 3424 4506 ablata,
3455 4455 3555 4492 seu
3580 4454 3683 4509 per

2027 4523 2317 4581 incuriam
2351 4527 2850 4582 commanentium
2877 4527 2935 4581 in
2966 4527 3169 4582 eadem
3191 4525 3334 4580 cella
3367 4525 3591 4597 perdita
3614 4542 3681 4581 ex

2030 4614 2254 4687 integro
2275 4619 2333 4669 et
2351 4616 2424 4670 ad
2457 4615 2750 4688 integrum
2783 4615 2969 4672 eidem
3002 4615 3164 4670 fratri
3198 4619 3396 4670 nostro
3427 4614 3682 4669 Theode-

2029 4703 2148 4758 rico
2170 4705 2228 4760 S.
2257 4704 2630 4760 Treverensis
2659 4703 2926 4760 Ecclesia:
2958 4703 3365 4775 achiepiseopo
3396 4701 3678 4775 dignissi-

2029 4810 2241 4866 moque
2291 4797 2489 4849 nostro
2534 4793 2746 4849 vicario
2777 4791 2835 4847 in
2867 4792 3132 4864 partibus
3184 4791 3364 4847 totius
3395 4790 3593 4848 Gallia:
3623 4795 3682 4846 et

2027 4883 2374 4950 Germaniae,
2398 4883 2802 4954 universisque
2825 4879 3264 4936 successoribus
3277 4878 3401 4935 suis
3421 4896 3524 4951 per
3543 4896 3678 4934 eum

2028 4989 2063 5027 a
2093 4972 2364 5044 priesenti
2409 4971 2726 5026 indictione
2757 4987 2841 5037 ιιι,
2875 4969 3028 5024 beati
3079 4969 3230 5023 Petri
3281 4967 3676 5038 apostolorum

2026 5059 2310 5132 principis
2333 5065 2646 5130 nostraque
2668 5058 3062 5131 permittimus
3082 5055 3448 5110 auctoritate.
3463 5055 3674 5110 Contra

2027 5167 2203 5220 quam
2227 5148 2274 5204 si
2309 5148 2442 5220 quis
2463 5165 2633 5218 agere
2667 5144 3128 5218 praesumpserit,
3162 5148 3219 5199 et
3250 5145 3402 5214 quod
3429 5143 3590 5214 juste
3621 5148 3678 5199 et

2027 5237 2303 5293 canonice
2325 5254 2358 5291 a
2379 5236 2547 5291 nobis
2569 5236 2864 5290 decretum
2898 5237 3008 5302 est,
3042 5232 3102 5286 in
3134 5231 3331 5304 aliquo
3365 5232 3676 5304 infringere

2026 5324 2508 5393 tentaverit,sciat
2529 5341 2590 5379 se
2611 5341 2681 5379 ex
2710 5321 3138 5395 Omnipotentis
3170 5327 3226 5377 et
3258 5321 3516 5393 praedicti
3549 5321 3680 5377 bea-

2024 5415 2240 5470 tissimi
2270 5412 2665 5486 apostolorum
2698 5411 3000 5483 principis,
3031 5411 3414 5481 omniumque
3446 5416 3674 5465 sancto-

2027 5521 2181 5571 rum,
2203 5520 2268 5558 ac
2299 5502 2506 5558 deinde
2540 5504 2736 5556 nostra
2767 5500 3107 5556 auctoritate
3131 5499 3668 5564 damnandum,etc.

2097 5591 2392 5667 Scriptum
2426 5607 2525 5664 per
2556 5606 2796 5646 manum
2820 5588 3100 5662 Stephani
3122 5587 3330 5645 notarii
3364 5587 3670 5661 regionarii
