4076 6174
401 357 523 415 323

1697 348 2114 414 BENEDICTI
2159 351 2386 416 PAP/E
2429 355 2535 417 Vll

3700 358 3816 423 324

400 487 504 554 Qui
537 504 623 542 vos
654 488 828 551 audit,
861 503 948 540 me
973 485 1160 552 audit;
1193 493 1244 539 ct
1273 488 1367 556 qui
1393 503 1483 539 1'03
1515 487 1741 556 spernit.
1780 504 1862 541 me
1911 503 2056 556 ερον·
2084 488 2135 552 Α
2240 489 2474 553 Quoties
2509 487 2603 543 illa
2636 490 2813 544 tribui
2847 508 2878 544 a
2911 489 3080 544 nobis
3111 494 3410 562 optantur,
3439 507 3566 562 quae
3607 492 3818 546 rationi

395 579 503 632 uit.
540 599 567 626 ››
607 577 762 632 Inter
793 576 910 631 haec
945 589 1176 646 quoque
1208 573 1404 628 omnia
1436 590 1562 646 quae
1587 573 1658 628 ad
1683 575 2058 645 smpcdictam

400 664 808 720 Trevirensem
837 663 1156 718 Ecclesiam
1177 663 1332 716 intra
1351 666 1408 716 et
1429 667 1588 716 extra
1611 661 1906 716 civitatem
1928 679 2056 734 per-

401 751 586 807 tinere
614 753 905 819 videntur,
929 752 986 806 id
1003 756 1094 807 est
1125 751 1404 806 ecclesias
1423 767 1559 806 cum
1579 750 1867 806 universis
1885 751 2058 806 rebus

394 840 509 895 sibi
542 839 948 905 attinentibus,
971 859 1071 895 seu
1099 838 1475 906 monasteria,
1497 843 1615 894 tam
1637 839 2057 895 monachorum

401 944 580 998 quam
611 929 930 1001 virginum,
965 946 1092 999 quin
1125 945 1192 982 ex
1225 926 1528 999 prmccptis
1561 927 1682 982 sive
1715 927 1948 999 scriptis
1976 944 2058 982 re-

391 1033 532 1089 gum
565 1035 667 1072 seu
703 1015 1144 1088 imperatorum,
1171 1015 1289 1072 sive
1311 1016 1650 1070 earumdem
1678 1017 2052 1070 fundatorum

393 1105 736 1160 auctoritate
769 1106 839 1160 ad
872 1123 932 1160 se
965 1106 1259 1176 pertinent
1303 1109 1360 1158 et
1397 1104 1685 1176 pertinere
1739 1104 1972 1171 debent,
1997 1109 2054 1160 et

394 1191 680 1264 quidquid
713 1192 955 1248 omnino
975 1192 1070 1246 illa
1089 1191 1219 1264 ipsa
1237 1191 1482 1247 ecclesia
1503 1191 1598 1246 ubi
1620 1191 1721 1246 ubi
1739 1195 1795 1246 et
1816 1207 2052 1262 quoquo

394 1280 600 1336 merito
629 1281 888 1353 possidet
928 1285 985 1336 et
1031 1282 1328 1353 possidere
1379 1281 1569 1346 debet,
1613 1279 1966 1352 generaliter
1996 1283 2054 1334 et

407 1368 739 1440 specialiter
769 1369 1144 1426 concedimus
1177 1375 1233 1425 et
1279 1369 1764 1424 reconﬁrmamus
1813 1369 2050 1440 praefato

399 1457 759 1514 Theodorico
793 1457 956 1514 fratri
987 1463 1044 1513 et
1073 1458 1416 1529 COCpiSCOpO
1436 1461 1634 1514 nostro
1661 1457 1904 1528 suisque
1925 1471 2052 1511 suc-

395 1547 750 1614 cessoribus,
781 1547 852 1602 ad
875 1549 1216 1619 perpetuam
1242 1551 1457 1602 sancta:
1479 1544 1840 1602 Trevirensis
1862 1544 2052 1600 Eccle-

393 1635 492 1691 siae
514 1635 976 1690 dominationem
999 1638 1173 1707 atque
1195 1634 1494 1702 ditionem,
1511 1652 1614 1708 per
1635 1633 1812 1705 hujus
1838 1636 2047 1688 nostrae

393 1723 723 1796 apostolica
748 1723 1159 1796 prmeeptionis
1183 1724 1412 1791 seriem,
1429 1741 1462 1778 a
1479 1722 1749 1796 praesenti
1780 1723 1948 1778 tertia
1967 1721 2052 1777 in-

391 1811 646 1868 dictione
669 1817 726 1867 et
758 1829 948 1884 usque
979 1811 1038 1866 in
1072 1812 1248 1866 finem
1281 1811 1476 1866 saeculi
1499 1810 2049 1866 valituram.Contra

393 1917 572 1972 quam
603 1899 653 1955 si
685 1900 819 1972 quis
845 1899 1154 1954 hominum
1187 1898 1446 1971 quolibet
1475 1899 1649 1954 modo
1681 1914 1853 1971 agere
1897 1890 2040 1971 prie-

393 1989 732 2062 sumpserit,
765 1993 821 2043 et
853 1989 1005 2060 quod
1029 1991 1190 2059 juste
1223 1993 1278 2043 et
1309 1988 1584 2043 canonice
1609 2005 1642 2042 a
1663 1987 1833 2043 nobis
1855 1988 2044 2043 decre-

393 2083 518 2136 tum
553 2083 662 2145 est,
696 2077 755 2132 in
787 2076 982 2147 aliquo
1011 2075 1328 2148 infringere
1359 2075 1683 2142 tentaverit,
1719 2075 1864 2131 sciat
1893 2090 1953 2130 se
1974 2093 2041 2137 ex

401 2165 817 2238 omnipotentis
829 2165 928 2220 Dei
947 2169 1001 2220 et
1016 2164 1274 2238 praedicti
1300 2163 1620 2220 beatissimi
1643 2163 2039 2236 apostolorum

393 2255 698 2330 principis,
729 2254 1118 2326 omniumque
1149 2259 1504 2320 sanctorum,
1529 2270 1594 2308 ac
1613 2252 1818 2308 deinde
1840 2257 1990 2308 nosti
2007 2269 2044 2312 a

393 2343 737 2400 auctoritate
769 2343 1168 2398 damnandum
1208 2347 1265 2397 et
1312 2341 1945 2408 anathematizandum,
1982 2347 2040 2396 et

392 2449 527 2490 cum
557 2432 836 2488 omnibus
854 2431 1048 2504 impiis
1067 2437 1278 2486 aeterno
1301 2430 1586 2502 supplicio
1610 2431 2032 2502 deputandum.

389 2521 500 2588 Qui
528 2538 661 2576 vero
681 2520 790 2576 hoc
811 2520 1008 2593 ipsum
1029 2523 1294 2575 nostrum
1318 2518 1685 2591 privilegium
1708 2519 2032 2584 observare,

391 2612 704 2678 custodire,
739 2609 1060 2682 adimplere
1091 2607 1337 2665 fideliter
1357 2607 1665 2675 studuerit,
1691 2606 2038 2662 benedictio-

390 2701 482 2756 nis
508 2701 756 2774 gratiam
787 2702 846 2754 et
871 2697 1285 2754 misericordiae
1313 2695 1737 2769 plenitudinem
1762 2696 1821 2750 in
1843 2694 2038 2751 caeles-

387 2789 545 2846 tibus
573 2789 782 2845 castris
809 2786 964 2843 inter
999 2786 1314 2843 electorum
1364 2801 1676 2841 numerum
1725 2783 2036 2840 efﬁcaciter

387 2897 421 2934 a
451 2878 697 2934 Domino
728 2877 844 2933 Deo
873 2875 1148 2948 consequi
1183 2879 1492 2932 mereatur.

457 2967 752 3041 Scriptum
775 2983 878 3038 per
898 2981 1139 3021 manum
1163 2963 1440 3036 Stephani
1469 2961 1678 3018 notarii
1700 2965 1756 3016 et
1773 2961 2032 3034 regiona-

386 3058 455 3113 rii
487 3061 546 3112 et
574 3055 865 3113 scriniarii
897 3059 1111 3111 sanctae
1147 3053 1305 3108 sedis
1356 3051 1704 3124 apostolicae,
1738 3050 1798 3106 in
1831 3067 2031 3104 mense

384 3144 686 3212 Januario,
721 3142 920 3210 indict,
955 3141 1353 3214 suprascripta
1383 3157 1466 3195 III.
1501 3141 1652 3194 Bene
1682 3138 1884 3194 valete.

2171 575 2576 632 incunctanter
2605 579 2974 645 conveniunt,
3011 579 3206 633 animo
3239 597 3347 635 nos
3392 581 3562 636 debet
3611 579 3818 636 libenti

2169 665 2506 732 concedere,
2541 669 2599 720 et
2627 667 2947 737 petentium
2993 665 3298 722 desideriis
3347 684 3672 741 congruum
3704 669 3817 724 im-

2170 751 2366 823 pertiri
2399 752 2766 825 suifragium.
2796 755 2985 826 Atque
3015 753 3143 810 ideo
3175 755 3314 827 quia
3335 756 3642 828 postulasti
3665 773 3698 810 a
3720 774 3821 814 no-

2168 840 2259 895 bis
2287 846 2578 912 quatcnus
2611 841 2974 912 privilegium
2999 843 3155 898 sedis
3177 842 3506 916 apostolicae
3530 849 3822 901 monaste-

2166 927 2250 981 rio
2281 929 2584 996 Vizeliaco,
2613 930 2706 984 cui
2754 948 3002 1001 praeesse
3050 931 3434 1004 dignosceris,
3467 933 3623 1004 quod
3675 950 3815 988 con-

2165 1021 2279 1071 stat
2308 1018 2444 1072 olim
2477 1037 2513 1072 a
2541 1020 2795 1074 Gerardo
2829 1019 3194 1076 nobilissimo
3225 1025 3282 1074 et
3312 1019 3816 1078 Christianissimo

2161 1105 2303 1170 viro,
2339 1123 2562 1160 necnon
2593 1111 2649 1160 et
2681 1107 2847 1162 Berta
2880 1125 3055 1162 uxore
3083 1109 3238 1185 ejus,
3259 1109 3314 1162 in
3339 1107 3556 1164 honore
3579 1109 3816 1165 Domini

2161 1196 2216 1247 et
2248 1193 2560 1249 Salvatoris
2590 1195 2775 1250 nostri
2807 1196 2948 1251 Jesu
2981 1195 3194 1252 Christi
3218 1201 3276 1252 et
3295 1197 3661 1253 veneratione
3683 1199 3816 1254 bea-

2162 1281 2402 1338 tissima)
2435 1301 2664 1356 semper
2693 1284 2936 1356 virginis
2969 1285 3162 1340 Maria!
3193 1285 3493 1360 genitricis
3541 1287 3812 1358 ejusdem

2159 1369 2392 1426 Domini
2423 1372 2602 1427 nostri
2631 1372 2770 1428 Jesu
2801 1372 3018 1429 Christi
3066 1377 3508 1442 constructum;
3536 1374 3598 1430 in
3629 1392 3812 1448 regno

2159 1459 2378 1514 scilicet
2427 1460 2798 1532 Burgundiae,
2836 1460 2894 1516 in
2949 1477 3096 1534 pago
3145 1461 3435 1530 Avalensi,
3469 1463 3746 1537 quodque
3777 1481 3813 1521 a

2159 1549 2414 1620 praefatis
2432 1548 2571 1604 fund
2581 1549 2841 1605 atoribus
2857 1549 3024 1606 beato
3044 1551 3208 1606 Petro
3231 1549 3630 1622 apostolorum
3653 1553 3816 1626 prin-

2157 1635 2271 1708 cipi
2293 1635 2390 1708 pia
2409 1638 2710 1692 devotione
2728 1641 2783 1692 et
2798 1637 3133 1694 testamenti
3158 1638 3375 1711 pagina
3395 1638 3675 1696 collatum
3693 1647 3808 1711 est,

2157 1725 2344 1780 facere
2377 1726 2723 1781 deberemus
2757 1743 2770 1781 ;
2805 1725 3068 1781 inclinati
3099 1727 3370 1798 precibus
3403 1726 3519 1783 tuis
3559 1727 3812 1788 libenter

2157 1813 2280 1868 fieri
2309 1814 2690 1870 decrevimus.
2717 1814 2878 1871 Unde
2899 1818 2955 1870 et
2975 1815 3388 1872 constituimus
3409 1821 3466 1872 et
3486 1818 3808 1890 apostolica

2152 1903 2492 1959 auctoritate
2522 1919 2850 1968 censemus,
2885 1909 3057 1975 atque
3090 1921 3192 1976 per
3223 1903 3332 1960 hoc
3364 1911 3628 1962 nostrum
3663 1925 3808 1980 apo-

2150 1992 2420 2047 stolicum
2441 1991 2806 2065 privilegium
2825 1993 3266 2062 conﬁrmamus;
3289 1997 3353 2048 ut
3369 1993 3568 2050 nullus
3584 2012 3682 2051 rex
3700 2001 3810 2052 aut

2149 2080 2426 2152 pontifex,
2465 2080 2553 2136 vel
2603 2081 2784 2136 abbas
2833 2085 2934 2136 aut
2983 2098 3180 2136 comes
3227 2081 3316 2136 vel
3367 2081 3802 2156 qualiscunque

2149 2185 2362 2242 magna
2387 2169 2474 2224 vcl
2507 2186 2680 2242 parva
2711 2186 2976 2242 persona,
3012 2169 3264 2225 avaritiae
3305 2170 3624 2244 cupiditate
3673 2189 3803 2228 cor-

2149 2262 2346 2328 reptus
2377 2263 2480 2314 aut
2508 2257 2795 2314 diabolica
2827 2258 3204 2330 suggestione
3253 2259 3551 2332 deceptus,
3584 2263 3802 2318 audeat

2145 2346 2232 2402 vel
2261 2351 2577 2418 praesumat
2607 2351 2810 2402 contra
2841 2349 3007 2402 tuum
3048 2347 3352 2416 honorem,
3383 2365 3415 2403 ο
3447 2349 3802 2406 venerabilis

2145 2435 2314 2490 Wido
2337 2435 2506 2502 abba,
2532 2435 2927 2507 qualicunque
2948 2436 3120 2490 modo
3149 2435 3450 2509 insurgere
3473 2437 3533 2492 in
3557 2443 3657 2492 tua
3679 2438 3800 2494 vita

2145 2527 2246 2578 aut
2277 2524 2346 2579 de
2381 2529 2478 2579 tuo
2509 2523 2725 2580 honore
2747 2523 2851 2578 tibi
2883 2523 3182 2580 molestias
3214 2525 3446 2592 inferre,
3471 2525 3556 2580 vel
3585 2527 3655 2582 de
3678 2545 3802 2583 om-

2144 2611 2318 2668 nibus
2349 2613 2523 2668 rebus
2553 2611 2890 2671 monasterii
2923 2629 3049 2685 quae
3081 2612 3187 2668 tibi
3219 2613 3452 2686 tuisque
3475 2615 3798 2685 praedeces-

2143 2700 2377 2756 soribus
2403 2718 2436 2756 a
2461 2700 2630 2756 nobis
2657 2700 2989 2774 nostrisque
3017 2701 3486 2758 antecessoribus
3505 2720 3610 2775 per
3629 2705 3800 2777 pagi-

2142 2805 2279 2846 nam
2312 2789 2596 2862 privilegii
2627 2807 2903 2846 concessa
2929 2794 3104 2864 atque
3137 2791 3366 2847 firmata
3395 2792 3798 2864 sunt,a|iquas

2140 2867 2472 2936 invasiones
2502 2878 2588 2935 vel
2623 2879 2858 2951 rapinas
2888 2878 3008 2934 sive
3037 2878 3340 2936 violentias
3361 2879 3650 2948 inferre,si
3676 2899 3796 2938 non

2139 2969 2281 3036 vult,
2315 2969 2658 3024 auctoritate
2688 2967 2786 3023 Dei
2820 2973 2877 3024 et
2906 2967 3092 3024 sancti
3137 2967 3286 3022 Petri
3322 2971 3380 3023 et
3410 2975 3607 3025 nostra
3651 2988 3794 3043 apo-

2139 3057 2344 3114 stolica
2384 3056 3010 3127 excommunicatione,
3042 3075 3076 3113 a
3105 3073 3345 3129 corpore
3395 3061 3453 3112 et
3499 3061 3794 3133 sanguine

2140 3145 2372 3203 Domini
2399 3147 2538 3202 Jesu
2571 3145 2784 3201 Christi
2815 3150 2872 3202 et
2899 3146 2972 3201 ab
2997 3145 3265 3219 ingressu
3288 3145 3544 3202 ecclesiae
3565 3148 3795 3221 disjnn—

457 3235 668 3290 Datum
689 3250 782 3288 xv.
801 3230 927 3287 Kal.
949 3229 1244 3287 Februarii
1262 3246 1366 3302 per
1381 3225 2028 3298 manumWidoniscpi-
2065 3221 2110 3288 C
2139 3240 2300 3291 ctum
2332 3251 2479 3290 esse.
2503 3235 2620 3290 Hoc
2649 3250 2880 3306 quoque
2900 3234 3154 3308 capitulo
3177 3235 3444 3307 praesenti
3470 3237 3788 3311 subjungi-

385 3321 546 3393 scopi
563 3328 620 3379 et
634 3317 1060 3377 bibliothecarii
1079 3321 1292 3374 sanetae
1311 3317 1466 3372 sedis
1481 3315 2022 3387 apostolicae.Anno,

381 3411 501 3468 Deo
531 3407 802 3481 propitio,
834 3405 1208 3478 pontiﬁcatus
1241 3403 1471 3460 Domini
1504 3403 1686 3460 nostri
1735 3402 2026 3458 Benedicti

381 3489 740 3555 sanctissimi
769 3496 869 3552 VII
889 3512 1050 3568 papae
1072 3494 1281 3566 primo,
1297 3492 1619 3566 imperante
1636 3491 1871 3548 domino
1892 3491 2027 3564 piis-

380 3587 531 3645 simo
561 3590 722 3660 patre
752 3585 950 3658 patriae
991 3588 1240 3656 augusto
1287 3582 1494 3637 Ottone
1526 3599 1560 3636 a
1591 3581 1704 3637 Deo
1753 3584 2024 3636 coronato

379 3693 592 3751 magno
625 3678 772 3748 lmp.
807 3691 959 3730 anno
990 3690 1089 3740 v11,
1122 3671 1438 3727 indictione
1470 3687 1552 3725 III.

1171 3779 1238 3832 V.

379 3891 670 3932 BENEDICTI
713 3889 874 3929 PAPIE
919 3887 999 3927 VII
1047 3885 1313 3925 EPISTOLA
1358 3885 1430 3924 AD
1476 3882 1882 3923 THEODORICUM
1921 3881 2024 3921 AR-

757 3975 1181 4017 CHIEPISCOPUM
1219 3973 1638 4013 TREVIRENSEM.

1018 4068 1205 4138 (Anno
1234 4062 1384 4134 975.)

377 4158 765 4214 Monasterium
818 4156 874 4210 S.
937 4155 1159 4210 Martini
1220 4153 1558 4216 Trevirense,
1613 4167 1648 4206 a
1710 4150 2026 4206 Theodorico

447 4246 848 4318 archiepiscopo
890 4245 1170 4315 refectum,
1211 4265 1230 4290 «ι
1265 4258 1366 4313 per
1412 4241 1574 4312 hujus
1617 4240 1899 4311 apostolici
1927 4255 2024 4294 no-

445 4337 548 4391 stri
569 4334 855 4408 privilegii
881 4339 1042 4404 atque
1070 4339 1269 4385 sanctte
1299 4330 1550 4384 Itonia-nae
1577 4329 1778 4399 synodi
1806 4326 2027 4382 validis-

445 4425 645 4480 simam
700 4421 1134 4480 constitutionem
1191 4441 1218 4470 ››
1281 4419 1582 4490 conﬁrmat
1614 4418 2026 4490 privilegiiqu

443 4521 621 4585 auget.

745 4602 761 4672 ἶ
796 4598 1045 4666 Gudeni,
1079 4596 1200 4654 Cod.
1237 4597 1460 4669 diplom.
1496 4597 1540 4665 Ι,
1571 4596 1651 4667 9.]

447 4709 506 4766 Si
539 4711 801 4782 pastores
832 4707 1048 4771 ovium,
1081 4709 1192 4760 etc.
1239 4705 1459 4776 Reliqua
1509 4703 1618 4758 vid.
1653 4702 1796 4775 apud
1843 4710 2024 4758 aucto-

377 4815 490 4854 rem
521 4797 825 4854 laudatum.

1154 4883 1247 4938 VI.

377 4994 674 5034 BENEDICTX
724 4992 881 5032 ΡΔΡΙΕ
925 4991 1004 5031 νη
1064 4989 1437 5050 PRIVILEQIUM
1496 4987 1606 5027 PRO
1662 4985 2020 5026 MONASTERIO

997 5079 1398 5119 VIZELIACENSI.

1017 5171 1203 5243 (Anno
1231 5169 1381 5241 975.)

669 5260 854 5334 [Apud
883 5259 1216 5327 Acherium,
1249 5259 1438 5331 Spicil.
1476 5259 1544 5314 II.
1575 5258 1724 5328 504.]

448 5369 806 5425 Bausmc'rus
836 5366 1167 5439 episcopus,
1200 5383 1400 5423 servus
1430 5382 1727 5422 servorum
1758 5364 1880 5432 Dei,
1915 5364 2017 5420 EL-

376 5475 564 5514 nnano
607 5455 876 5529 religioso
925 5456 1120 5511 abbatl
1177 5455 1236 5510 S.
1283 5454 1692 5511 Vizeliaeensis
1750 5453 2018 5523 ccenobii,

377 5545 654 5617 omnique
683 5543 1118 5619 congregationi
1152 5544 1416 5617 ejusdem
1446 5542 1785 5602 monasterii
1804 5543 1864 5599 in
1897 5559 2020 5616 per-

377 5638 641 5714 petuum.

2135 3341 2292 3393 mus,
2323 3327 2389 3378 ut
2417 3322 2610 3378 locum
2641 3322 2892 3378 avaritiae
2926 3322 3324 3392 secludamus,
3356 3323 3586 3380 nullum
3609 3327 3682 3381 de
3703 3344 3790 3384 re-

2133 3413 2326 3486 gibus,
2361 3411 2590 3468 nullum
2621 3411 2691 3468 de
2721 3411 3010 3485 episcopis
3040 3411 3126 3468 vel
3158 3413 3580 3482 sacerdotibus,
3598 3413 3686 3470 vel
3709 3416 3786 3471 de

2133 3501 2582 3574 quibuscumque
2601 3500 2893 3568 ﬁdelibus,
2915 3517 3016 3572 per
3035 3517 3118 3568 se,
3138 3501 3574 3574 suppositamve
3591 3519 3789 3575 perso-

2133 3607 2292 3658 nam,
2321 3591 2391 3646 de
2422 3579 3079 3660 ordinatione‘ejusdem
3123 3589 3376 3658 abbatis,
3408 3589 3498 3646 vel
3545 3590 3788 3648 clerico-

2133 3696 2288 3750 rum,
2321 3683 2425 3736 aut
2454 3679 2945 3750 presbyterorum,
2969 3677 3056 3734 vel
3083 3679 3154 3734 de
3176 3677 3484 3752 largitione
3506 3678 3794 3736 chrisma-

2133 3769 2229 3835 tis,
2255 3771 2356 3824 aut
2377 3766 2810 3824 consecratione
2833 3765 3208 3835 basilicae,vel
3231 3767 3302 3823 de
3327 3767 3786 3841 quibuscunque

2133 3857 2327 3914 causis
2358 3856 2428 3911 ad
2461 3855 2616 3910 idem
2650 3854 3074 3911 monasterium
3105 3852 3556 3927 pertinentibus,
3571 3856 3790 3912 audere

2133 3947 2192 4002 in
2221 3945 2482 4019 qualibet
2510 3944 2702 4016 specie
2732 3942 2920 3999 exenii
2952 3942 3076 3999 loco
3118 3943 3443 4015 quidquam
3493 3943 3790 4016 accipere,

2135 4050 2323 4107 neque
2339 4033 2612 4090 eumdem
2630 4033 2900 4088 abbatem
2921 4049 3022 4104 pro
3041 4030 3406 4088 ordinatione
3419 4049 3526 4088 sua
3537 4031 3787 4104 aliquid,

2134 4124 2272 4179 dare
2289 4138 2660 4196 praesumere,
2678 4139 2749 4177 ne
2765 4121 2874 4178 hac
2890 4119 3219 4190 occasione,
3232 4138 3302 4178 ea
3317 4137 3446 4194 quae
3463 4139 3499 4178 a
3513 4121 3789 4193 fidelibus

2133 4213 2228 4284 pio
2261 4211 2385 4268 loco
2415 4211 2761 4278 offeruntur,
2787 4214 3232 4267 consumantur.
3257 4210 3454 4283 Neque
3477 4209 3790 4284 episcopus

2134 4298 2383 4354 civitatis
2414 4297 2602 4370 ipsius
2634 4295 2920 4369 parochias
2954 4296 3066 4353 nisi
3098 4297 3170 4352 ab
3198 4297 3406 4354 abbate
3439 4297 3624 4370 ipsius
3657 4313 3785 4354 mo-

2134 4387 2372 4444 nasterii
2402 4385 2701 4452 invitatus,
2735 4384 2951 4442 ibidem
2983 4383 3250 4458 publicas
3283 4386 3500 4443 missas
3521 4391 3782 4460 agat,ne-

2133 4493 2248 4549 que
2263 4476 2544 4534 stationes
2561 4475 2620 4529 in
2636 4475 2839 4531 eodem
2861 4474 3122 4531 emnobio
3139 4473 3377 4545 indicat,
3394 4492 3467 4532 ne
3481 4491 3786 4532 servorum

2060 4589 2107 4655 Β
2139 4565 2238 4622 Dei
2253 4565 2418 4638 quies
2435 4564 2845 4636 quoquomodo
2861 4562 3126 4636 populari
3146 4568 3436 4655 conventu
3451 4565 3786 4655 perturbari

2134 4655 2341 4723 valeat,
2395 4669 2584 4726 neque
2631 4655 2884 4724 paratas,
2917 4655 3020 4708 aut
3069 4652 3526 4708 mansionaticos
3574 4652 3787 4710 exinde

2136 4747 2454 4817 praesumat
2481 4741 2729 4814 exigere.
2756 4739 3195 4812 Susceptionem
3229 4744 3424 4796 autem
3448 4739 3712 4796 ﬁdelium
3729 4745 3790 4797 et

2130 4833 2536 4905 religiosorum
2581 4831 2837 4886 virorum
2880 4833 3054 4902 atque
3103 4829 3568 4897 beneficentiam,
3600 4846 3785 4901 quam

2121 4923 2292 4997 jubet
2303 4919 2616 4995 Apostolus
2631 4919 2859 4975 cunctis
2876 4917 3262 4976 exhibendam
3278 4935 3382 4992 pro
3395 4917 3787 4992 possibilitate

2129 5011 2238 5068 loci
2273 5014 2329 5066 et
2359 5007 2728 5077 facultatum,
2762 5023 2878 5063 non
2910 5006 3083 5063 modo
3112 5005 3330 5063 ibidem
3362 5005 3486 5064 fieri
3509 5007 3674 5079 (non)
3689 5006 3787 5062 de-

2129 5117 2436 5174 negamus,
2468 5114 2671 5154 verum
2701 5097 2878 5153 etiam
2901 5095 3224 5152 suademus
3249 5111 3262 5150 :
3289 5095 3390 5152 sed
3411 5099 3469 5152 et
3488 5095 3698 5152 modus
3719 5094 3783 5152 in

2128 5207 2373 5248 numero
2423 5185 2892 5259 congregationis
2942 5185 3084 5242 adeo
3133 5187 3528 5253 conservetur,
3560 5187 3626 5240 ut
3674 5201 3783 5240 nec

2128 5277 2434 5352 pluralitas
2485 5274 2811 5350 penuriam,
2853 5291 2958 5332 nec
3007 5273 3270 5346 paucitas
3315 5272 3782 5330 inhabitantium

2127 5368 2565 5424 destitutionem
2598 5365 2708 5421 loci
2739 5365 3014 5422 inducere
3029 5364 3234 5420 valeat.
3252 5364 3331 5420 De
3347 5368 3552 5420 caetero
3569 5368 3782 5421 notum

2128 5455 2252 5513 fieri
2281 5454 2551 5510 volumus
2583 5452 2720 5525 quia
2753 5453 3108 5510 devenerunt
3136 5453 3209 5508 ad
3240 5469 3348 5510 nos
3367 5451 3781 5526 deprecatoris:

2128 5543 2332 5599 litterae
2358 5541 2595 5600 Gerardi
2628 5541 2884 5614 episcopi
2913 5542 3463 5616 Augustodunensis
3484 5540 3778 5610 Ecclesia,

2130 5649 2234 5709 pro
2267 5631 2511 5694 decimis
2542 5635 2796 5708 quatuor
2839 5630 3240 5710 ecclesiarum,
3273 5630 3462 5703 sancti
3504 5629 3781 5692 videlicet
