4098 6170
274 349 395 414 325

1457 351 1859 419 EPISTOL/E
1889 341 2002 418 ἘΤ
2044 355 2518 420 PRIVILEGIA.

3561 369 3679 430 326

275 487 450 553 Petri,
484 493 541 542 et
584 488 772 543 sancti
820 488 1242 563 Christophori,
1286 491 1590 563 sanctique
1633 489 1922 554 Germani,
1959 492 2010 557 Α
2043 491 2327 560 condigne
2351 494 2643 546 sincerum
2675 510 2982 551 assensum
3009 497 3680 572 pra‘hentesmpustolica

275 593 502 632 necnon
535 577 724 633 sancti
759 579 1282 653 Leodegarii,quas
1313 582 1437 654 ipse
1477 580 1788 653 priedictus
1820 579 1923 632 ab-

273 663 381 719 bas
412 665 486 720 ab
517 666 719 722 eodem
761 668 1032 740 episcopo
1082 668 1508 740 impetraverat,
1541 668 1713 724 sicuti
1759 671 1926 721 ante-

271 769 538 809 cessores
568 755 699 826 ejus
725 756 796 811 ab
831 755 1120 828 episcopis
1153 756 1340 829 ipsius
1369 757 1527 812 sedis
1574 773 1676 828 per
1721 771 1927 810 succo-

271 843 473 898 dentia
506 849 768 916 tempora
797 845 1079 899 ordinatis
1113 845 1317 902 fecisse
1349 850 1690 912 noscuntur,
1722 848 1787 898 ut
1815 843 1926 898 sub

270 932 719 988 conﬁrmatione
739 935 917 988 nostri
939 929 1926 1007 privilegiicorroboraremus,quod

268 1025 330 1074 et
353 1020 620 1084 fecimus,
637 1022 1305 1090 excommunicantes,ut
1335 1023 1534 1080 nullus
1557 1021 1929 1093 Augustodu-

269 1108 474 1164 nensis
488 1108 754 1164 Ecclesiae
767 1111 1074 1182 episcopus
1088 1111 1344 1184 aliquam
1359 1111 1714 1166 calumniam
1731 1109 1924 1164 abbati

267 1199 538 1270 ejusdem
562 1197 668 1253 loci
694 1197 811 1254 sive
835 1199 1139 1255 monachis
1160 1201 1231 1255 de
1255 1201 1396 1272 ipsis
1419 1197 1926 1264 inferatecclesiis,

267 1285 393 1342 sive
423 1288 494 1342 de
525 1287 793 1355 decimis,
816 1292 936 1342 tam
967 1287 1091 1360 ipse
1122 1305 1300 1361 quam
1332 1288 1524 1361 aliqua
1557 1289 1772 1343 emissa
1807 1303 1928 1358 per-

268 1392 418 1431 sona
447 1375 635 1432 valeat
663 1377 927 1433 minuere
961 1382 1062 1432 aut
1093 1377 1148 1432 in
1184 1377 1358 1433 aliam
1399 1378 1712 1434 transferre
1758 1392 1926 1448 paro-

267 1463 490 1520 chiam.
524 1464 584 1521 Si
615 1464 749 1537 quis
781 1481 917 1521 vero
951 1482 1176 1539 regum,
1197 1467 1627 1538 episcoporum,
1653 1465 1927 1520 sacerdo-

265 1557 422 1621 tum,
453 1552 754 1622 abbatum,
773 1553 1069 1625 judicum,
1102 1556 1405 1622 comitum,
1427 1559 1527 1610 aut
1557 1553 1925 1610 smcularium

267 1658 680 1714 personarum,
700 1647 904 1698 contra
934 1643 1082 1699 hanc
1116 1648 1324 1699 nostra:
1358 1642 1742 1698 institutionis
1765 1641 1926 1715 pagi-

267 1747 410 1786 nam
426 1731 640 1810 .venire
668 1732 996 1800 tentaverit,
1014 1749 1328 1804 percussus
1351 1730 1666 1804 apostolico
1693 1730 1926 1788 anathe-

266 1826 450 1888 mate,
492 1821 798 1892 potestatis
857 1821 1163 1876 honorisve
1217 1822 1316 1893 qui
1373 1822 1656 1892 dignitate
1711 1825 1922 1888 careat,

267 1925 557 1980 reumque
587 1927 647 1965 se
677 1925 873 1965 coram
905 1909 1100 1965 divino
1124 1909 1348 1979 judicio
1380 1914 1710 1982 cognoscat,
1731 1915 1786 1964 et
1809 1909 1922 1963 nisi

263 2015 338 2053 ea
365 2013 495 2068 qua:
528 2016 562 2054 a
591 2015 652 2054 se
684 1998 833 2055 male
867 2003 994 2054 acta
1025 2004 1163 2053 sunt
1193 1997 1486 2068 deleverit,
1521 2016 1555 2052 a
1593 1998 1924 2053 sacratissi-

265 2103 367 2142 mo
397 2103 638 2160 corpore
660 2087 889 2142 Domini
924 2088 1106 2142 nostri
1143 2088 1282 2142 Jesu
1305 2087 1516 2142 Christi
1540 2087 1764 2142 alienus
1803 2090 1920 2154 ﬁat,

263 2181 447 2248 atque
479 2181 691 2232 interno
722 2176 975 2232 examini
1007 2176 1281 2232 districta:
1315 2175 1555 2230 ultionis
1600 2177 1921 2246 suhjaceat.

263 2265 514 2320 Cunctis
544 2271 740 2322 autem
772 2266 960 2321 eidem
985 2265 1111 2321 loco
1131 2267 1304 2336 juxta
1327 2266 1696 2320 servantibus
1720 2265 1794 2318 sit
1816 2283 1925 2336 pax

262 2353 503 2408 Domini
537 2355 718 2409 nostri
751 2355 890 2410 Jesu
913 2354 1148 2420 Christi,
1166 2358 1458 2426 quatenus
1477 2358 1532 2407 et
1555 2352 1646 2406 hic
1669 2354 1923 2407 fructum

263 2444 439 2497 bona:
469 2443 715 2498 actionis
736 2443 1037 2514 recipiant,
1054 2447 1110 2498 et
1127 2443 1279 2513 apud
1303 2441 1632 2496 districtum
1655 2441 1923 2497 Judicem

263 2531 512 2602 praemia
544 2537 769 2586 interna:
804 2531 964 2604 pacis
991 2529 1308 2586 inveniant.

343 2619 643 2692 Scriptum
675 2637 778 2693 per
798 2635 1040 2676 manum
1066 2619 1346 2674 Bonifacii
1381 2620 1592 2674 notarii
1617 2619 1925 2690 regionarii

262 2713 451 2780 atque
479 2709 766 2765 scriniarii
800 2713 1015 2764 sanctae
1046 2708 1319 2765 Romanis
1340 2707 1630 2763 Ecclesiae.
1651 2707 1860 2762 Datum
1884 2725 1924 2762 ιι

269 2797 438 2863 ldus,
470 2814 670 2854 mense
700 2797 1060 2863 Decembrio,
1093 2814 1196 2868 per
1226 2812 1467 2852 manum
1498 2796 1742 2852 Joannis
1771 2796 1922 2867 epis-

261 2886 423 2958 copi,
455 2887 570 2942 Deo
601 2886 874 2960 propitio,
895 2886 1219 2958 imperante
1251 2887 1465 2941 domno
1506 2885 1771 2956 piissimo
1800 2888 1922 2939 Au-

258 2980 443 3047 gusto
491 2975 696 3031 Ottone
736 2993 770 3031 a
817 2975 933 3032 Deo
979 2980 1254 3032 coronato
1311 2989 1527 3046 magno
1574 2973 1922 3046 imperatore

259 3081 423 3119 anno
453 3081 576 3132 vm,
606 3064 662 3119 in
695 3081 897 3121 mense
927 3063 1267 3121 Decembrio
1297 3066 1354 3118 et
1384 3062 1703 3119 indictione
1736 3079 1811 3117 IV.

1035 3170 1156 3227 VII.

260 3277 564 3316 BBNEDICI'I
593 3277 672 3316 VII
703 3277 864 3317 ΡΛΡῶ
888 3277 1071 3317 BULLA
1101 3276 1211 3316 PRO
1241 3276 1504 3316 ECCLESIA
1529 3276 1612 3315 SS.
1632 3275 1915 3315 APOLLINII
1951 3227 1994 3294 Ο

725 3367 790 3405 ET
821 3366 1072 3406 URSlClNl
1113 3365 1458 3406 CANOSSANA.

911 3455 1096 3528 (Anno
1127 3454 1278 3527 975.)

255 3561 657 3619 Fundationcm
685 3563 924 3618 ecclesia:
950 3565 1125 3618 sancti
1145 3562 1422 3633 Apollonii
1449 3571 1500 3618 et
1521 3565 1917 3618 institutionem

331 3651 620 3707 duodecim
665 3653 1072 3718 canonioorum,
1125 3651 1206 3705 ibi
1258 3654 1460 3720 factmn
1515 3651 1582 3706 ab
1639 3650 1916 3707 Adelberto

328 3741 525 3796 comite
556 3742 616 3794 in
646 3740 864 3796 mstello
896 3739 1172 3796 Canusina
1201 3741 1484 3810 conﬁrmat
1503 3739 1572 3794 ad
1603 3741 1917 3810 petitionem

334 3827 601 3884 Tcudaldi
627 3831 863 3896 comitis,
893 3831 1011 3900 ejus
1039 3830 1167 3899 ﬁlii.

596 3917 926 3986 (Murator.,
960 3918 1140 3990 Antiq.
1173 3917 1293 3973 Ital.
1326 3916 1396 3985 V,
1427 3918 1576 3982 207.)

327 4025 689 4079 Bzxzmc'rus
719 4023 1051 4096 episcopus,
1088 4040 1290 4078 servus
1314 4039 1616 4078 servorum
1649 4024 1770 4078 Dei.

325 4111 623 4168 Omnibus
638 4117 853 4167 sancta
877 4112 973 4167 Dei
995 4111 1262 4167 Ecclesim
1283 4111 1551 4167 ﬁdelibus
1570 4101 1763 4185 pateat
1779 4127 1916 4183 qua-

278 4203 396 4256 iter
416 4200 752 4257 'l‘eudaldus
773 4217 989 4268 comes,
1019 4201 1173 4254 ﬁlius
1194 4199 1486 4258 Adelberti
1502 4203 1628 4272 jam
1660 4201 1911 4268 comitis,

247 4291 469 4344 limina
519 4289 919 4362 apostolorum
969 4288 1148 4361 digna
1191 4288 1494 4344 devotione
1548 4290 1812 4356 visitans,
1846 4305 1914 4344 ex

245 4384 420 4451 parte
449 4378 541 4433 sui
565 4378 752 4451 patris
773 4377 1121 4450 bujusmodi
1151 4395 1185 4432 a
1216 4381 1415 4432 nostra
1446 4376 1762 4448 apostolica
1785 4393 1914 4431 auc-

243 4467 490 4522 toritate
520 4467 706 4540 petiit,
743 4472 808 4522 ut
836 4465 1140 4523 ecclesiam
1175 4467 1234 4522 in
1265 4466 1545 4521 honorem
1578 4469 1913 4520 sanctorum

2035 579 2140 632 hoc
2166 579 2532 651 privilegium
2556 583 2898 638 auctoritate
2921 584 3189 640 fulcitum
3215 589 3261 641 ei
3289 591 3408 643 ﬁeri
3426 591 3678 647 (increvi-

2034 681 2189 733 mus,
2223 672 2281 721 et
2325 671 2612 738 quatenus
2657 672 2981 725 secundum
3035 674 3374 742 petitionem
3413 679 3679 748 ejusdem

2033 753 2314 810 Teudaldi
2346 756 2575 810 comitis
2607 757 2814 829 suique
2849 761 3029 829 patris
3055 759 3482 821 institutionem
3507 774 3565 824 et
3587 773 3683 828 do-

2035 844 2331 898 nationem
2354 845 2482 915 jam
2513 845 2670 899 dicta
2717 847 2962 901 ecclesia
3010 868 3044 902 a
3093 851 3260 904 nobis
3312 858 3682 916 corroborata

2035 932 2225 986 modis
2257 934 2530 988 omnibus
2563 934 2857 1004 persistat.
2940 979 2952 990 .

2535 1023 2757 1094 ltrliqua
2785 1023 3184 1080 desiderantur.

2107 1109 2403 1180 Scriptum
2439 1127 2537 1180 per
2566 1129 2805 1164 manum
2832 1112 3110 1182 Stephani
3134 1118 3340 1171 notarii
3366 1122 3511 1176 sacri
3547 1126 3683 1179 scri-

2037 1198 2127 1251 nei
2158 1188 2371 1252 sancta!
2399 1200 2667 1253 Romanis
2697 1199 3080 1256 Ερυῐειεὶωηη.
3112 1203 3428 1261 lndictione
3451 1219 3679 1281 quarta.

2107 1287 2316 1342 Datum
2350 1304 2407 1342 IV
2438 1287 2722 1342 Kalendas
2752 1287 3014 1344 Januarii
3047 1308 3149 1361 per
3170 1309 3380 1351 manus
3401 1298 3683 1374 Guidonis

2035 1376 2288 1448 episcopi
2321 1381 2378 1430 et
2407 1374 2829 1431 bibliothecarii
2877 1383 3087 1433 sancta)
3129 1381 3284 1436 sedis
3331 1387 3680 1458 apostolica},

2037 1481 2190 1520 anno
2222 1464 2594 1536 pontiﬁcatus
2640 1464 2838 1519 domui
2879 1467 3168 1522 Benedicti
3203 1472 3560 1530 sanctissimi
3583 1477 3684 1534 VII

2035 1570 2196 1626 papa:
2221 1553 2497 1620 secundo,
2531 1551 2759 1624 imperii
2780 1570 2914 1608 vero
2941 1555 3137 1612 domui
3171 1557 3398 1617 Ottonis
3431 1563 3642 1621 Tertio.

2106 1746 2398 1786 BENEDIC’I‘I
2433 1746 2592 1785 PAPE
2621 1747 2696 1785 VII
2728 1748 3099 1789 PRIVILEGIUM
3126 1751 3234 1790 PRO
3255 1753 3613 1798 MONASTERIO

2611 1837 2660 1874 S.
2697 1837 3098 1880 PANTALEONIS.

2681 1936 2865 2003 (Auno
2893 1936 3045 2005 976.)

2033 2024 2430 2099 MonastcriiS.
2465 2025 2815 2099 Pantalt'onis
2847 2024 3180 2099 qumzicnsis
3223 2035 3587 2099 possessimies
3636 2045 3689 2090 et

2101 2097 2392 2173 pririlcgia
2430 2097 2824 2173 ron/innatcu
2876 2095 2950 2149 01)
2995 2095 3238 2153 amormi
3265 2102 3608 2173 imperatoris
3636 2115 3688 2162 et

2103 2169 2414 2246 petitionem
2447 2169 2830 2246 inzpcratr‘iris,
2865 2183 2963 2246 nec
2991 2185 3100 2222 non
3125 2179 3176 2224 et
3201 2169 3685 2246 propterjopumii-

2105 2237 2261 2311 tatem
2297 2239 2498 2311 Guarin
2509 2240 2528 2290 ι’
2557 2237 2967 2311 archiepiscopi,
2989 2261 3014 2286 »ι
3036 2237 3388 2311 ρεηηὶιιίιίιι
3417 2237 3684 2304 Christia-

2105 2256 2261 2292 iaicm
2297 2256 2523 2292 uuarim
2557 2256 2967 2362 arrmcpisrqpi,
2989 2261 3014 2286 η
3036 2256 3263 2311 permiu.

2033 2327 2137 2364 nus
2167 2310 2331 2364 abbas
2361 2308 2650 2364 ilatmatica
2679 2318 2729 2362 et
2757 2327 2853 2363 san
2897 2311 3026 2364 aliis
3061 2320 3263 2368 utatur.

2033 2425 2402 2491 (\l'urtwein,
2423 2424 2679 2479 Subsidia
2707 2423 3074 2496 (Iiplmnatit'a,
3103 2428 3492 2505 lieidelbergze
3520 2437 3682 2503 1781,

2699 2541 2756 2592 8⁸
2787 2539 2880 2606 IV,
2909 2541 2998 2595 29.

2699 2545 2756 2592 δ·
2787 2545 2880 2606 1v,
2909 2545 2998 2595 29.

2105 2627 2384 2682 Convenit
2417 2626 2730 2698 apostolico
2759 2545 3291 2699 moderagninimtc.
3319 2635 3543 2708 Reliqua
3565 2639 3686 2696 vide

2032 2715 2178 2786 apud
2209 2715 2492 2770 laudatum
2519 2724 2811 2772 auctorem.
3708 2737 3717 2741 '

2815 2831 2902 2887 1X.

2069 2935 2362 2975 BENEDICTI
2405 2937 2563 2975 PARE
2603 2936 2680 2976 VII
2721 2937 3094 2978 PRIVILEGIUM
3139 2941 3248 2980 PRO
3287 2943 3647 2985 MONASTERIO

2697 3025 3012 3066 CASINENSI.

2667 3128 2856 3195 (Anno
2893 3127 3046 3196 977.)

2373 3213 2648 3286 (Gattula,
2682 3215 2816 3270 Hist.
2850 3214 3058 3283 Casin.,
3092 3234 3148 3290 p.
3181 3219 3334 3288 840.)

2096 3311 2454 3367 Bsxemcrus
2480 3312 2810 3384 episcopus,
2831 3329 3032 3370 servus
3056 3331 3353 3373 servorum
3388 3318 3509 3387 Dei,
3541 3320 3678 3379 cha-

2026 3399 2259 3456 rissimo
2291 3399 2348 3454 in
2371 3400 2618 3456 Domino
2640 3400 2780 3457 Jesu
2803 3401 3033 3458 Christo
3057 3403 3176 3460 lilio
3195 3406 3486 3462 Armsnuo
3507 3425 3678 3465 vene-

2025 3488 2193 3544 rabili
2243 3494 2300 3544 et
2345 3489 2614 3562 religioso
2659 3490 2857 3546 abbati
2907 3493 3291 3549 sacratissimi
3342 3497 3677 3553 monasterii

2026 3578 2180 3632 beati
2212 3579 2506 3633 Benedicti
2558 3580 2912 3635 confessoris
2951 3580 3186 3650 Christi,
3231 3583 3344 3639 sibi
3391 3602 3447 3638 in
3483 3591 3678 3642 monte

2025 3666 2261 3733 Casino,
2291 3673 2346 3722 et
2376 3683 2479 3738 per
2507 3672 2561 3722 te
2610 3668 2666 3720 in
2716 3669 2921 3724 eodem
2951 3670 3268 3726 venerabili
3301 3675 3676 3742 monasterio,

2023 3755 2111 3811 vel
2144 3761 2364 3810 cunctis
2396 3756 2524 3825 ejus
2555 3756 2986 3828 congregationi
3010 3757 3069 3812 in
3101 3765 3468 3829 perpetuum.

2097 3845 2383 3910 Quoniam
2416 3860 2648 3914 semper
2676 3850 2814 3898 sunt
2854 3846 3226 3901 concedenda
3255 3863 3382 3917 quae
3415 3849 3673 3904 rationa-

2023 3933 2180 3988 libus
2220 3937 2551 4004 congruunt
2589 3932 2913 3998 desideriis,
2952 3938 3177 4003 oportet
3227 3939 3293 3988 ut
3341 3935 3566 3992 devotio
3613 3937 3674 3993 in

2025 4038 2119 4076 me
2141 4021 2406 4092 petitoris
2427 4019 2728 4074 humiliter
2743 4021 3028 4092 acquisita
3049 4021 3107 4075 in
3133 4022 3446 4096 privilegiis
3466 4041 3675 4082 conce—

2027 4111 2233 4165 dendis
2262 4109 2502 4164 minime
2533 4109 2852 4181 denegelur
2880 4127 2914 4164 a
2943 4114 3143 4166 nostra
3160 4110 3490 4168 clementia.
3516 4115 3674 4188 Legi-

2024 4203 2122 4252 tur
2169 4198 2306 4270 quia
2355 4197 2581 4268 petistis
2623 4215 2656 4252 a
2701 4199 2868 4252 nobis
2917 4205 3208 4270 quatenus
3251 4205 3673 4260 monasterium

2025 4287 2176 4342 beati
2209 4287 2502 4342 Benedicti
2536 4288 2886 4342 confessoris
2933 4288 3073 4344 Jesu
3117 4289 3331 4346 Christi
3383 4293 3561 4347 situm
3611 4294 3671 4348 in

2014 4376 2142 4446 jam
2179 4375 2331 4430 dicto
2363 4374 2556 4429 Monte
2587 4375 2816 4442 Casino,
2843 4381 3015 4448 atque
3047 4380 3467 4435 monasterium
3491 4381 3671 4436 beatae

2023 4461 2534 4531 Scholasticai,seu
2565 4468 2622 4518 et
2655 4466 3077 4520 monasterium
3102 4466 3331 4522 Domini
3357 4467 3669 4524 Salvatoris

243 4557 658 4612 confessorum
691 4555 1116 4628 Dei,Apollonii
1148 4553 1720 4622 videlicet,Ursicini,
1741 4558 1914 4626 atque
1942 4597 1990 4662 Β
2023 4553 2134 4606 sub
2167 4552 2402 4623 praefato
2434 4556 2628 4608 monte
2672 4555 3013 4623 consecrati,
3049 4571 3270 4610 necnon
3321 4561 3375 4610 et
3421 4560 3671 4627 quatuor

245 4645 291 4662 ﬁ
380 4645 421 4662 ι·
467 4645 477 4654 ·
565 4644 579 4656 ο
642 4661 671 4662 η
758 4649 769 4662 ι
911 4661 934 4662 η
1071 4660 1118 4662 κ-
1190 4644 1355 4662 ,ιικν
1405 4643 1494 4662 9-3!
1545 4642 1836 4662 AI-,,_U_I_2
1864 4646 1907 4662 ,Δ
2022 4641 2366 4662 ___._‘_A-_3_
2408 4640 2724 4662 ____-II___4,,,
2778 4659 2952 4662 -_A___-
3000 4648 3175 4662 n_,-n,
3230 4644 3306 4662 ll,
3356 4643 3368 4655 ⁸
3455 4645 3464 4656 ⁸
3543 4645 3558 4662 1

243 4644 603 4713 Rusticiaui,
624 4649 950 4700 martxrum
978 4660 1210 4716 quoque
1233 4642 1839 4711 Mauricii,Alexandri
1857 4646 1914 4698 et

241 4731 506 4788 Victoris
535 4737 1149 4804 consecratam,quam
1183 4733 1310 4805 ipso
1339 4730 1684 4787 Adelbertus
1705 4731 1762 4786 in
1786 4728 1911 4787 suis

242 4821 506 4894 propriis
537 4823 732 4889 rebus,
755 4819 1000 4877 videliee
1057 4821 1116 4875 in
1151 4837 1293 4892 rupe
1326 4837 1453 4892 quae
1474 4819 1732 4876 Canuxia
1749 4837 1912 4876 voca-

243 4917 366 4978 tur,
402 4911 474 4966 ab
507 4909 645 4966 imis
674 4909 1073 4965 fundamentis
1104 4913 1529 4975 construxerat,
1562 4913 1619 4964 et
1647 4909 1720 4964 ad
1759 4907 1908 4963 divi-

247 5015 396 5055 num
426 4998 654 5054 cultum
677 4999 838 5054 varia
859 4998 1052 5070 specie
1077 4996 1776 5068 dedicaverat,eidemque
1792 4996 1908 5052 Deo

244 5093 304 5143 et
332 5087 560 5144 sanctis
591 5085 806 5144 obtulit
835 5085 1218 5159 proprietario
1241 5087 1376 5157 jure
1407 5085 1598 5140 omnis
1633 5085 1907 5140 territorii

245 5178 370 5233 sive
390 5177 596 5250 praedii
620 5177 712 5232 sui
739 5177 1029 5232 decimam
1051 5176 1124 5232 ad
1149 5190 1326 5232 usum
1348 5173 1578 5229 fruendi
1599 5173 1907 5229 duodecim

245 5266 689 5332 canonicorum,
711 5265 810 5337 qui
840 5264 1058 5322 ibidem
1082 5281 1186 5337 pro
1209 5262 1423 5320 futuris
1452 5262 1813 5334 temporibus
1834 5263 1906 5318 ab

247 5355 398 5427 ipso,
413 5370 522 5412 seu
545 5371 582 5409 a
601 5353 738 5410 filiis
765 5354 907 5423 suis,
925 5353 1238 5426 nepotibus
1255 5368 1322 5408 ac
1344 5349 1761 5428 pronepotibus
1782 5350 1907 5407 suis

245 5444 502 5498 ordinati
534 5443 773 5511 fuerint,
807 5441 1129 5514 apostolica
1157 5439 1345 5497 nostri
1387 5437 1672 5511 privilegii
1709 5443 1906 5494 aucto-

247 5532 420 5589 ritate
468 5532 818 5588 conﬁrmare
861 5547 926 5587 ac
977 5531 1248 5587 roborare
1296 5529 1690 5601 dignaremur.
1725 5527 1906 5598 Cujus

245 5622 434 5699 igitur
463 5621 683 5681 devota:
713 5619 982 5696 petitioni
1016 5623 1363 5691 annuentes,
1389 5623 1444 5678 et
1489 5617 1641 5676 bono
1687 5619 1817 5674 voto
1849 5621 1908 5676 et

2021 4641 2376 4696 monasteria
2406 4640 2755 4713 puellarum,
2777 4659 2960 4698 unum
2991 4648 3204 4698 sancta:
3230 4643 3420 4700 Mariae
3451 4645 3511 4700 in
3543 4645 3668 4703 loco

2021 4729 2120 4802 qui
2180 4728 2571 4785 Plumbariola
2627 4735 2885 4800 vocatur,
2919 4730 3078 4786 aliud
3137 4732 3402 4802 ejusdem
3453 4739 3666 4789 sancta:

2021 4819 2215 4874 Maria:
2248 4819 2304 4872 in
2341 4818 2464 4874 loco
2496 4820 2593 4891 qui
2633 4819 2836 4892 Cingla
2883 4819 3119 4887 dicitur,
3141 4826 3198 4876 et
3243 4823 3665 4878 monasterium

2019 4913 2232 4963 sancta:
2255 4908 2502 4980 Sophiie,
2536 4913 2938 4964 constructum
2965 4909 3114 4963 infra
3143 4909 3432 4966 civitatem
3482 4912 3666 4967 Bene-

2017 5003 2351 5064 ventanum,
2380 4998 2520 5052 item
2542 5001 2599 5052 et
2629 4996 3052 5052 monasterium
3101 5003 3315 5054 sancta:
3367 4999 3561 5054 Mariae
3603 4999 3664 5056 in

2019 5084 2248 5140 civitate
2278 5085 2550 5141 Cosentia
2578 5088 3002 5151 consecratum,
3035 5090 3094 5140 et
3123 5085 3300 5141 simul
3330 5088 3506 5144 etiam
3540 5105 3662 5144 mo-

2017 5173 2342 5229 nasterium
2372 5174 2556 5228 sancti
2579 5172 2872 5230 Benedicti
2919 5172 3073 5228 infra
3097 5174 3387 5231 civitatem
3435 5177 3666 5250 Capua-

2018 5279 2174 5329 nam,
2209 5267 2485 5333 praeterea
2532 5267 2589 5317 et
2640 5261 3062 5316 monasterium
3117 5263 3468 5336 puellarum,
3509 5268 3662 5338 quod

2015 5355 2255 5404 vocatur
2273 5351 2460 5405 sancti
2482 5349 2728 5405 Joannis
2745 5349 2804 5404 in
2821 5350 3054 5406 civitate
3068 5352 3194 5424 jam
3218 5353 3372 5410 dicta
3387 5353 3664 5426 Capuana

2016 5443 2443 5506 consecratum,
2478 5443 2534 5494 et
2563 5438 2739 5494 simul
2769 5439 2946 5495 etiam
2977 5440 3233 5497 ecclesiae
3279 5459 3382 5514 per
3429 5442 3663 5516 singula

2015 5526 2141 5583 loca
2170 5527 2844 5600 constructae,prmdictis
2876 5530 3249 5596 monasteriis
3283 5532 3658 5602 pertinentes.

2014 5615 2330 5692 privilegiis
2363 5616 2690 5692 apostolicae
2740 5617 2896 5677 sedis
2947 5619 3149 5678 infulis
3197 5619 3567 5696 decorentur,
3596 5627 3661 5684 ut
