4096 6174
423 339 539 400 32⁸1

1713 330 1865 391 BEN
1873 321 2127 388 EDIGTI
2169 324 2398 386 PAP/E
2442 326 2546 388 VlI

3713 333 3832 393 328

424 464 532 518 sub
554 461 961 534 jurisdictione
994 465 1224 527 sanctam,
1258 459 1351 512 cui
1403 457 1516 510 Deo
1556 460 1787 510 auctore
1819 448 2067 507 deservi-
2099 449 2148 514 Α
2185 465 2285 519 per
2337 451 2512 521 hujus
2564 453 2778 506 decreti
2827 454 3010 507 nostri
3067 455 3363 527 paginam,
3419 454 3828 510 interdicimus

421 569 555 607 mus
580 549 834 606 ecclesia»
857 545 1443 616 constitutze,nullius
1475 543 1728 596 ecclesia:
1754 539 2070 610 cujuslibet

420 641 826 714 episcoporum
859 636 1178 693 ditionibus
1212 637 1666 696 commoveatur,
1701 629 1789 685 vel
1825 625 2071 683 submit-

417 732 592 784 tatur.
626 729 730 782 Pro
761 744 879 800 qua
907 742 966 780 re
999 724 1108 797 piis
1139 720 1445 778 desideriis
1477 721 1754 788 faventes,
1779 735 1845 772 ac
1871 721 2071 772 nostra

417 817 779 882 auctoritate,
823 813 881 868 id
912 813 1066 885 quod
1107 811 1441 884 exposcitur
1481 806 1742 881 petitioni
1777 804 2072 876 mancipa‘

414 922 578 973 mus;
611 909 670 960 et
699 903 828 960 ideo
859 918 1090 960 omnem
1113 899 1430 972 cujuslibet
1449 895 1704 954 ecclesia:
1725 894 2064 968 episcopum

412 991 474 1048 in
503 991 743 1064 praefata
766 989 1122 1047 venerabilia
1163 987 1310 1056 loca,
1343 1001 1760 1059 quamcunque
1781 981 2062 1038 ditionem

411 1082 625 1137 habere
645 1079 885 1136 omnino
915 1077 1538 1151 prohibemus,prz~eter
1567 1073 1765 1130 sedem
1800 1075 2063 1126 nostram

411 1169 788 1242 apostolicam
810 1169 1090 1222 habentes
1113 1171 1464 1236 respectum,
1481 1163 1690 1218 amodo
1711 1166 1768 1216 et
1790 1159 2062 1230 deinceps

411 1259 630 1314 omisso
658 1257 926 1314 videlicet
955 1255 1114 1311 omni
1156 1254 1407 1310 novitate
1440 1256 1498 1307 et
1528 1250 1803 1306 violentia
1853 1249 1909 1301 in
1959 1265 2058 1302 ea-

411 1347 545 1404 dem
575 1347 930 1403 monasteria
960 1345 1360 1418 prohibemus;
1397 1341 1477 1396 ita
1524 1345 1612 1409 ut,
1663 1339 1776 1393 nisi
1822 1337 1958 1408 quis
1985 1336 2058 1392 ab

409 1437 619 1492 abbate
652 1433 988 1490 monasterii
1025 1432 1199 1488 fuerit
1219 1431 1520 1494 invitatus,
1541 1443 1728 1500 neque
1761 1427 1834 1482 ad
1857 1441 2057 1482 conse-

408 1525 687 1580 crandam
717 1522 1048 1591 ecclesiam,
1068 1520 1156 1577 vel
1179 1519 1540 1576 sacerdotem
1561 1517 1631 1572 de
1655 1514 1910 1589 praefatis
1941 1530 2060 1568 mo-

408 1611 698 1682 nasteriis,
719 1611 839 1668 sive
871 1611 931 1666 in
961 1610 1238 1666 omnibus
1277 1607 1440 1664 cellis
1470 1606 1688 1662 ibidem
1713 1602 2056 1688 pertinenti-

405 1702 516 1760 bus
530 1705 849 1774 praesumat
878 1699 1126 1773 ingredi,
1141 1715 1244 1754 nec
1268 1697 1584 1752 missarum
1606 1693 1826 1750 ibidem
1849 1690 2054 1748 solem-

405 1791 650 1848 nitatem
680 1789 976 1863 quispiam
1008 1789 1319 1860 episcopus
1350 1787 1666 1858 prmsumat
1713 1780 2054 1838 omnimodo
2089 1818 2138 1882 Β
2169 1800 2370 1841 mense
2400 1788 2458 1839 et
2491 1781 2808 1839 indictione
2837 1799 2890 1837 ν,

404 1879 547 1936 inibi
583 1879 898 1936 celebrare.

473 1968 558 2023 Ad
591 1967 1014 2032 consecrandus
1037 1969 1232 2021 autem
1265 1963 1539 2018 ecclesias
1563 1961 1620 2015 in
1641 1957 2060 2032 suprascriptis

407 2056 801 2124 monasteriis,
833 2054 922 2110 vel
973 2053 1157 2122 cellis,
1192 2065 1600 2125 quemcunque
1650 2048 2059 2120 episcoporum

407 2145 652 2202 invitare
672 2143 919 2200 voluerit
939 2143 1063 2216 ipse
1085 2143 1288 2210 abbas,
1311 2141 1438 2196 sine
1460 2137 1778 2210 cujuslibet
1813 2135 2057 2207 impedi-

407 2239 601 2292 mento
632 2233 1011 2289 concedimus
1031 2235 1407 2304 potestatem,
1422 2234 1488 2283 ut
1509 2227 1767 2300 profecto
1783 2225 1954 2296 juxta
1977 2225 2055 2290 id,

406 2324 559 2397 quod
593 2323 875 2395 subjectis
905 2320 1240 2393 apostolicis
1265 2316 1587 2390 privilegiis
1616 2314 1951 2370 consistunt
1979 2314 2062 2367 in-

406 2429 694 2468 concussa
717 2411 988 2466 donanda
1015 2411 1416 2481 permaneant.
1451 2405 1584 2472 Sed,
1611 2408 1668 2460 et
1698 2403 2058 2458 constituen-

404 2491 492 2557 tes
523 2517 642 2556 una
674 2501 814 2556 dum
859 2497 1205 2555 sacerdotali
1256 2500 1453 2553 nostro
1499 2493 1743 2566 collegio
1797 2508 1900 2563 per
1952 2491 2059 2546 hoc

405 2593 675 2646 nostrum
705 2587 1092 2661 apostolicum
1133 2585 1502 2660 privilegium
1533 2583 1734 2640 omnia
1764 2581 1908 2649 loca,
1933 2597 2058 2652 quae

406 2676 721 2750 aliquando
771 2677 1068 2750 possidere
1116 2675 1245 2748 ipsa
1281 2672 1639 2730 venerabilia
1677 2669 2060 2736 monasteria,

403 2766 490 2822 vel
523 2783 651 2839 quae
681 2782 837 2822 nunc
867 2765 972 2833 eis,
1007 2769 1108 2820 aut
1134 2768 1336 2836 postea
1365 2780 1398 2818 a
1425 2761 1698 2818 fidelibus
1719 2757 2060 2814 hominibus

404 2856 622 2911 fuerint
651 2871 931 2910 concessa
959 2871 1061 2926 per
1089 2853 1319 2908 diversa
1349 2851 1662 2917 territoria,
1680 2847 1825 2904 nulli
1851 2844 2060 2901 castal-

403 2945 532 3013 deo,
563 2949 666 2999 aut
695 2943 1009 3014 episcopis,
1042 2960 1156 2996 non
1210 2958 1425 3013 magno
1473 2939 1561 2995 vel
1611 2955 1788 3010 parvo
1832 2935 2058 2990 homini

404 3050 506 3104 per
545 3032 847 3106 quodlibet
895 3031 1221 3104 ingenium,
1255 3035 1356 3084 aut
1402 3031 1820 3101 argumentum
1863 3024 2060 3090 liceat,

411 3121 958 3192 quomodocunque,
975 3119 1210 3174 easdem
1242 3118 1512 3173 invadere
1534 3115 1958 3188 possessiones,
1971 3111 2059 3168 vel

2183 540 2457 592 omnibus
2482 540 2720 594 omnino
2739 541 3050 610 cujuslibet
3077 541 3330 598 ecclesia:
3353 543 3825 613 prmsulibuspel

2181 629 2585 700 cujuscunque
2615 629 2922 700 dignitatis
2947 630 3205 702 praeditis
3227 637 3536 704 potestate,
3553 633 3664 688 sub
3687 649 3828 688 ana-

2180 716 2459 772 thematis
2483 717 2912 786 interdictione,
2927 721 2984 774 et
3004 719 3200 774 aeterni
3215 720 3428 791 judicii
3449 719 3830 794 obligatione,

2179 805 2278 876 qui
2326 805 2767 877 prmsumpserit
2811 807 3082 878 praesenti
3127 809 3533 864 constitutioni
3581 827 3616 864 a
3655 810 3828 866 nobis

2176 894 2414 964 praefato
2437 893 2792 949 monasterio
2823 893 3360 968 indultae,quolibet
3381 899 3552 954 modo
3577 897 3826 954 existere

2177 987 2532 1038 temerator”
2545 1025 2556 1037 .

2246 1071 2538 1142 Scriptum
2566 1090 2668 1143 per
2689 1089 2928 1127 manum
2954 1073 3232 1144 Stephani
3257 1074 3466 1130 notarii
3486 1076 3824 1149 regionarii,

2172 1163 2230 1212 et
2275 1159 2562 1213 scriniarii
2614 1166 2828 1214 sanctae
2880 1161 3150 1216 Romamn
3194 1162 3482 1230 Ecclesiae,
3517 1165 3575 1218 in
3619 1182 3824 1220 mense

2171 1245 2343 1316 Maio,
2381 1249 2699 1303 indictione
2730 1267 2784 1303 v.
2819 1251 2968 1304 Bene
2996 1249 3197 1305 valete.

2241 1337 2454 1392 Datum
2491 1355 2551 1392 ιιι
2573 1337 2694 1392 Kal.
2713 1337 2873 1392 Junii
2897 1355 3000 1409 per
3021 1355 3263 1394 manum
3281 1341 3555 1412 Stephani
3583 1359 3824 1398 nomen-

2168 1428 2412 1482 cratoris
2446 1427 2564 1500 (sic)
2587 1431 2802 1482 sanctae
2843 1427 2998 1482 sedis
3039 1427 3558 1500 apostolicae,anno
3590 1432 3822 1502 pontiﬁ-

2167 1520 2334 1572 catus
2363 1515 2560 1570 domni
2585 1515 2768 1570 nostri
2800 1515 3098 1571 Benedicti
3129 1518 3347 1572 summi
3379 1518 3674 1589 pontificis
3694 1519 3823 1588 VII,

2167 1623 2328 1679 papae
2362 1623 2448 1674 In,
2479 1604 2804 1676 imperante
2837 1604 3051 1661 domno
3099 1610 3298 1662 nostro
3344 1605 3552 1664 Ottonc
3599 1625 3634 1664 a
3673 1607 3815 1675 Deo,

2166 1698 2440 1751 coronato
2474 1710 2685 1766 magno
2717 1697 2772 1748 et
2801 1692 3042 1764 pacifico
3083 1693 3452 1766 imperatore,
3484 1713 3636 1752 anno
3667 1713 3724 1765 Χ,
3758 1697 3820 1750 in

2961 1871 3006 1926 Χ

2241 1960 2536 2001 ΒΕΝΕΟῙΟΤΙ
2559 1959 2720 1998 ΡΑΡίΕ
2741 1959 2817 1997 VII
2849 1959 3224 2000 PRIVILEGIUM
3255 1961 3363 2000 PRO
3395 1961 3751 2002 MONASTERIO

2703 2031 2752 2069 S.
2788 2031 2951 2068 PETRI
2983 2031 3286 2071 PERUSINO.

2819 2104 3004 2176 (Anno
3033 2103 3186 2176 977.)

2170 2197 2319 2251 Bona
2347 2204 2398 2250 et
2417 2197 2552 2268 jura
2579 2195 2900 2268 monasterii
2927 2195 3102 2249 sancti
3137 2195 3288 2268 Petri
3329 2195 3417 2268 de,
3443 2196 3670 2252 Perusia
3703 2213 3828 2252 con-

2236 2265 2438 2337 ﬁrmat.
2475 2265 2672 2337 Contra
2719 2265 3039 2335 diripientes
3079 2266 3163 2320 vel
3204 2267 3583 2336 perturbatam
3611 2268 3820 2334 eadem,

2168 2335 2429 2396 a’tcmcm
2457 2335 2894 2392 maledictioncm
2921 2335 3272 2392 contestatur.

2453 2407 2815 2480 (Margarini,
2848 2407 3062 2463 Bullar.
3100 2409 3284 2464 Casin.
3321 2409 3391 2474 ΙΙ,
3422 2410 3538 2482 52.)

2243 2500 2598 2554 ΒεΝευιοτυε
2629 2497 2940 2570 episcopus
2962 2513 3165 2553 servus
3187 2513 3488 2554 servorum
3514 2499 3612 2554 Dei
3639 2500 3824 2556 Perna

2167 2587 2482 2646 venerabili
2519 2585 2714 2642 abbati
2749 2587 3089 2641 monasterii
3121 2587 3276 2643 beati
3327 2587 3476 2642 Petri
3527 2589 3824 2660 apostolo-

2171 2692 2301 2731 rum
2331 2673 2638 2748 principis,
2671 2673 2770 2745 qui
2803 2674 3042 2744 ponitur
3090 2674 3150 2729 in
3191 2674 3316 2732 loco
3363 2676 3823 2748 Quumplorano,

2169 2763 2726 2834 successoribusque
2758 2762 2878 2818 tuis
2909 2761 2967 2816 in
3003 2768 3373 2835 perpetuum.

2240 2852 2522 2910 Convenit
2542 2850 2860 2924 apostolico
2883 2851 3270 2908 moderamini
3294 2853 3392 2926 pia
3407 2855 3688 2926 religione
3711 2855 3832 2928 pol-

2169 2941 2429 2998 lentibus
2458 2937 2736 2996 benevola
2773 2940 3179 3011 compassione
3211 2958 3572 3012 succurrere,
3603 2949 3663 2999 et
3693 2962 3826 3018 pos-

2171 3032 2430 3086 centium
2461 3029 2674 3086 animis
2721 3027 2898 3084 alacri
2945 3029 3248 3088 devotione
3293 3031 3580 3106 impertiri
3623 3052 3828 3090 assen-

2171 3137 2325 3174 sum.
2354 3121 2434 3174 Ex
2474 3119 2582 3174 hoc
2631 3117 2790 3173 enim
2837 3116 2986 3173 lucri
3035 3119 3411 3190 potissimum
3461 3123 3831 3194 praemiuma

403 3225 644 3264 censum
677 3207 903 3274 tollere,
917 3211 1018 3262 aut
1047 3206 1303 3280 afﬂigere
1351 3205 1691 3272 monachos,
1713 3203 1800 3259 vel
1831 3220 2048 3269 servos,
2093 3184 2136 3252 (ἶ
2167 3209 2467 3264 conditore
2489 3207 2756 3263 omnium
2790 3207 2906 3262 Deo
2936 3207 3166 3262 veniam
3199 3226 3620 3284 promerentur,
3654 3213 3706 3266 si
3737 3230 3830 3268 ve-

404 3298 505 3352 sed
527 3297 717 3370 magis
737 3297 809 3352 ad
832 3296 1068 3351 laudem
1089 3295 1390 3364 Christi,ot
1409 3297 1683 3348 aeternam
1708 3293 2052 3348 memoriam

402 3385 747 3459 largitorum
779 3389 1056 3456 perpetuo
1090 3390 1350 3456 tempore
1399 3386 1675 3438 maneant
1721 3383 1942 3437 intacta
1981 3382 2052 3436 ab

403 3475 700 3543 omnibus,
731 3478 790 3529 et
819 3474 1148 3530 deserviant
1195 3473 1564 3528 solummodo
1611 3474 1825 3528 sancta:
1879 3471 2052 3526 matri

403 3563 679 3620 Romanae
712 3561 1000 3632 Ecclesiae,
1027 3567 1085 3618 et
1113 3561 1312 3618 nullus
1341 3560 1552 3634 prwsul
1583 3561 1796 3616 audeat
1843 3561 2052 3615 amodo

403 3653 463 3708 in
495 3653 642 3725 ipsis
664 3651 970 3708 monachis
990 3651 1275 3724 subjectis
1305 3655 1520 3708 sanctae
1553 3654 1762 3712 nostrae
1785 3649 2052 3706 Ecclesia:

403 3757 819 3814 quamcunque
887 3741 1151 3816 ingerere
1207 3739 1890 3809 excommunicationem,
1949 3739 2050 3795 sed

404 3829 574 3888 liccat
604 3830 686 3886 ita
728 3846 1001 3904 peragere
1047 3831 1285 3886 deiﬁcos
1329 3846 1539 3886 cursus
1588 3829 1761 3884 sicuti
1810 3847 1844 3884 a
1881 3829 2050 3884 beato

404 3920 714 3976 Benedicto
746 3935 848 3991 per
878 3920 1036 3976 illius
1068 3918 1331 3993 regulam
1378 3918 1600 3974 habent
1629 3919 1689 3974 in
1723 3917 2048 3986 mandatis;

403 4013 580 4081 atque
609 4008 1029 4065 constituimus
1061 4015 1128 4064 ut
1157 4009 1454 4080 quispiam
1499 4007 1712 4079 praesul
1759 4023 1874 4061 non
1907 4023 2052 4078 pra:-

403 4101 602 4153 sumat
633 4112 936 4169 segregare
957 4097 1028 4152 ab
1059 4096 1344 4164 ecclesiis,
1369 4100 1426 4152 et
1455 4095 1628 4152 dictis
1677 4095 2052 4153 monasteriis

402 4185 832 4256 pertinentibus
852 4185 1135 4258 populum
1157 4185 1375 4242 ibidem
1398 4191 1835 4256 percurrentem
1857 4186 1926 4241 ad
1957 4203 2055 4240 au-

405 4275 685 4330 diendum
709 4275 951 4330 verbum
981 4275 1105 4344 Dei,
1133 4281 1191 4331 et
1235 4277 1608 4331 conﬁtentem
1659 4275 1874 4330 delicta
1923 4292 2048 4343 sua,

403 4368 524 4420 tam
557 4364 616 4418 in
667 4363 934 4432 urbibus,
969 4381 1146 4436 quam
1190 4367 1350 4421 extra
1398 4365 1594 4432 urbes,
1627 4365 1730 4420 sed
1775 4364 2053 4421 canonice

406 4452 776 4526 ingrediatur
803 4452 1044 4522 ibidem,
1065 4458 1122 4510 et
1143 4455 1476 4525 egrediatur
1505 4455 1748 4511 devotus
1778 4453 2052 4527 populus,

2167 3296 2450 3352 nerabilia
2470 3299 2806 3351 sanctorum
2830 3295 2957 3352 loca
2979 3296 3270 3367 ordinata,
3287 3298 3358 3353 ad
3383 3297 3682 3355 meliorem
3707 3301 3829 3356 fuc-

2165 3387 2286 3441 rint
2315 3385 2442 3441 sine
2480 3384 2657 3440 dubio
2687 3389 2912 3440 statum
2945 3385 3249 3456 perducta.
3285 3387 3354 3442 Et
3393 3386 3520 3442 ideo
3549 3389 3693 3460 quia
3724 3394 3828 3445 tua

2164 3474 2536 3548 religiositas,
2557 3477 2756 3530 nostro
2788 3471 3140 3546 apostolatui
3173 3473 3476 3532 humiliter
3503 3477 3826 3548 postulavit

2164 3569 2458 3637 quatenus
2489 3562 2944 3618 concederemus
2964 3567 3022 3618 et
3043 3563 3528 3621 conﬁrmaremus
3548 3564 3657 3620 tibi
3683 3583 3826 3638 prm-

2161 3655 2386 3710 dictum
2418 3652 2844 3710 monasterium
2875 3651 3062 3707 sancti
3097 3652 3248 3708 Petri
3283 3652 3564 3726 principis
3591 3660 3824 3727 aposto-

2163 3743 2531 3810 lorum,cum
2562 3741 2842 3798 omnibus
2873 3740 3170 3809 domibus,
3193 3745 3253 3797 et
3289 3740 3454 3798 cellis
3481 3746 3659 3814 atque
3689 3744 3824 3800 aedi-

2163 3832 2407 3900 ﬁciis,et
2445 3831 2788 3898 ortuis,una
2812 3846 2950 3885 cum.
2977 3829 3179 3898 fundo,
3213 3833 3272 3885 et
3319 3829 3613 3888 casalibus
3657 3833 3822 3900 suis;

2159 3921 2346 3977 vineis
2379 3924 2705 3992 quoque,et
2737 3919 2928 3986 terris,
2958 3919 3208 3992 campis,
3241 3919 3447 3990 pratis,
3481 3921 3741 3992 pascuis,
3766 3926 3826 3978 et

2162 4010 2355 4077 silvis;
2380 4026 2604 4064 necnon
2628 4013 2686 4064 et
2707 4007 3016 4065 ecclesiam
3040 4012 3256 4064 sancta
3280 4009 3493 4076 Lucina,
3509 4009 3824 4067 ecclesiam

2163 4103 2378 4156 sancta:
2409 4097 2630 4165 Μαι-ιω,
2659 4113 2794 4152 eum
2851 4097 3126 4152 omnibus
3169 4113 3373 4152 earum
3421 4098 3820 4171 pertinentiis,

2163 4187 2482 4244 mobilibus
2511 4185 2600 4242 vel
2633 4184 3063 4252 immobilibus,
3093 4185 3487 4258 omnibusque
3515 4187 3590 4243 ad
3619 4187 3827 4260 praedi-

2163 4283 2323 4334 ctum
2346 4275 2772 4332 monasterium
2794 4273 3386 4346 pertinentibus,tam
3412 4290 3502 4344 ea,
3515 4291 3642 4348 quae
3664 4292 3824 4332 nunc

2153 4370 2318 4440 justo
2348 4370 2406 4422 et
2427 4363 2850 4420 rationabiliier
2867 4361 2980 4418 sibi
3003 4363 3292 4434 pertinere
3314 4363 3605 4432 videntur,
3617 4363 3708 4420 vel
3729 4381 3820 4434 ea,

2164 4476 2291 4530 quae
2323 4456 2395 4512 ab
2425 4455 2712 4510 hactenus
2742 4455 2916 4508 erunt
2946 4451 3006 4506 in
3037 4456 3386 4524 perpetuum
3407 4453 3564 4524 juris
3599 4459 3822 4508 sancta:

403 4546 461 4597 et
480 4541 739 4598 ecclesiae
768 4543 977 4598 vestris
1008 4542 1333 4598 ditionibus
1364 4543 1610 4599 subditae
1642 4544 1917 4598 omnibus
1951 4559 2049 4615 pa-
2082 4553 2128 4617 1)
2163 4549 2456 4612 Romanae,
2477 4543 2570 4598 cui
2603 4543 2718 4598 Deo
2737 4546 2974 4597 auctore
3001 4541 3366 4596 deservimus
3385 4540 3691 4610 Ecclesiae;
3727 4543 3819 4597 in-

404 4634 587 4686 teaut.
619 4631 730 4687 Sed
783 4631 1060 4703 quoniam
1113 4630 1422 4702 pastoralis
1472 4639 1776 4704 propterea
1825 4633 2054 4687 nobisa

403 4718 520 4774 Deo
569 4736 709 4774 cura
755 4721 1073 4777 commissa
1119 4725 1228 4783 est,
1274 4726 1339 4775 ut
1391 4721 1596 4792 vigiles
1658 4722 1716 4776 in
1777 4721 2052 4776 omnibus

403 4807 649 4863 existere
681 4825 1032 4878 mereamur,
1067 4825 1160 4874 ne,
1195 4811 1348 4881 quod
1381 4809 1553 4877 absit,
1575 4809 1888 4865 Dominicm
1919 4827 2053 4866 oves

403 4895 676 4969 luporum
711 4897 1004 4952 morsibus
1036 4897 1348 4954 lanientur.
1379 4900 1504 4964 Qua
1551 4899 1622 4954 de
1672 4916 1730 4953 re
1778 4899 2053 4954 omnibus

401 4986 837 5042 venerabilibus
910 4986 1222 5058 episcopis.
1279 4986 1658 5058 presbyteris,
1714 4987 2050 5054 abbatibus,

403 5075 772 5143 diaconibus,
797 5075 1068 5144 ducibus,
1095 5075 1373 5144 tribunis,
1405 5075 1705 5144 castaldis,
1732 5077 2051 5143 actoribus,

401 5162 490 5218 vel
547 5164 778 5220 cunctis
827 5164 1011 5220 Deum
1065 5165 1410 5220 timentibus
1461 5169 1672 5222 nostrae
1724 5165 2050 5238 apostolica:

403 5253 772 5309 auctoritatis
803 5254 914 5309 sub
943 5255 1330 5310 obtestatione
1378 5255 1534 5311 beati
1567 5255 1718 5310 Petri
1769 5255 2051 5326 principis

403 5341 801 5414 apostolorum
820 5343 1810 5415 praecipimus,atquejubemus,qui
1831 5343 2051 5416 ligandi

403 5431 782 5504 solvendique
829 5436 1065 5504 peccata
1095 5431 1402 5488 hominum
1453 5433 1511 5488 in
1563 5432 1725 5501 coelo,
1759 5449 1828 5489 ac
1875 5438 2050 5502 terra,

403 5525 460 5576 et
481 5524 561 5590 (a)
583 5521 829 5576 Domino
846 5521 963 5576 Deo
984 5525 1186 5576 nostro
1217 5525 1564 5592 potestatem
1585 5523 2050 5596 percepit,cujus

404 5627 512 5668 nos
541 5611 730 5684 gratia
775 5609 970 5667 divina
1011 5609 1163 5668 vices
1212 5610 1490 5686 gerimus,
1524 5616 1814 5670 statutum
1853 5618 1963 5687 est,
1994 5619 2051 5671 et

2163 4636 2363 4692 clinati
2396 4633 2667 4706 precibus
2691 4631 2949 4702 tuis,per
2969 4629 3147 4701 hujus
3169 4629 3353 4685 nostri
3375 4628 3679 4701 apostolici
3705 4631 3822 4702 pri-

2161 4724 2375 4796 vilegii,
2410 4721 2786 4777 concedimus
2819 4724 2877 4774 et
2906 4720 3326 4774 confirmamus
3359 4718 3557 4786 tibi,et
3579 4735 3818 4775 succes-

2163 4813 2395 4870 soribus
2411 4811 2532 4866 tuis
2545 4810 2670 4880 jam
2693 4809 2918 4864 dictum
2941 4807 3388 4878 monasterium,
3401 4824 3538 4864 cum
3553 4807 3680 4864 suis
3695 4825 3822 4864 om-

2163 4903 2339 4957 nibus
2379 4898 2769 4972 pcrtinentiis,
2793 4897 2948 4952 sicut
2985 4911 3164 4968 supra
3209 4896 3440 4969 legitur.
3475 4896 3821 4953 Statuentes

2162 4989 2484 5064 apostolica
2495 5004 2670 5043 censu
2679 4985 2881 5053 ra,snb
2895 4984 3290 5056 divinijudicii
3301 4985 3824 5042 obtestationibus—
3851 5020 3854 5028 -

2161 5085 2219 5136 et
2235 5077 2628 5134 anathematis
2645 5074 3181 5146 interdictionibus,
3194 5079 3262 5129 ut
3273 5073 3417 5130 nulli
3435 5090 3703 5146 unquam
3721 5091 3825 5130 no-

2162 5173 2420 5224 strorum
2453 5181 2862 5222 successorum
2891 5163 3263 5237 pontificum,
3283 5163 3373 5220 vel
3405 5161 3531 5218 alia:
3564 5180 3820 5236 magnae,

2161 5273 2468 5330 parvaeque
2496 5271 2756 5328 personae
2787 5254 3194 5326 cujuscunque
3242 5253 3322 5308 sit
3365 5251 3697 5326 dignitatis,
3727 5252 3824 5308 vel

2161 5346 2615 5412 ordinis,contra
2630 5345 2739 5400 hoc
2757 5348 3026 5400 nostrum
3039 5342 3426 5414 apostolicum
3443 5340 3823 5416 privilegium

2157 5436 2356 5491 venire
2375 5435 2464 5491 vel
2489 5441 2790 5508 insurgere
2813 5432 3008 5489 liceat.
3029 5431 3091 5488 Si
3115 5432 3250 5504 quis
3279 5435 3500 5502 autem,
3515 5431 3674 5504 quod
3703 5429 3819 5494 mi-

2160 5525 2320 5582 nime
2357 5529 2655 5597 optamus,
2704 5521 3047 5579 inobediens
3093 5527 3151 5578 et
3199 5525 3570 5595 eoutemptor
3631 5519 3820 5593 huius

2161 5616 2343 5673 nostri
2373 5613 2657 5689 privilegii
2689 5613 2749 5669 in
2779 5616 2900 5670 toto
2926 5610 3014 5669 vel
3046 5611 3106 5668 in
3133 5615 3298 5688 parte
3319 5613 3588 5688 repertus
3612 5609 3821 5682 fuerit,
