4098 6170
365 338 483 399 329

1542 344 1947 407 EPIS'I'OI./E
1992 346 2089 407 ΕΤ
2135 346 2602 409 ΡιιινιιΕοιΑ.

358 470 447 527 vel
478 473 784 529 occasione
813 474 1128 546 cujuslibet
1152 492 1409 549 persona:
1434 481 1715 533 temerare
1739 494 2015 549 praesum-
2050 486 2102 551 Α
2137 479 2352 535 Deinde
2384 481 2722 536 conscendit
2745 497 2921 553 super
2942 481 3134 552 ipsum
3157 478 3452 537 adoletum
3473 479 3544 539 de
3565 458 3775 539 comite

356 562 564 633 pserit,
598 562 714 617 nisi
768 564 1104 636 resipuerit,
1137 565 1609 621 maledictionem
1659 583 1693 622 a
1745 566 1932 635 Patre,
1965 572 2023 622 ct

2134 568 2422 625 Suniario.
2445 569 2662 625 Deinde
2693 574 2848 625 recto
2880 570 3114 625 tramite
3144 569 3299 626 vadit
3320 586 3423 643 per
3460 569 3777 626 summita-

357 650 501 706 Fliio
519 657 577 706 et
602 651 826 724 Spiritu
851 656 1058 709 sancto
1080 660 1494 726 consequatur,
1530 660 1588 711 et
1624 671 1758 711 eum
1790 654 2021 711 diabolo
2131 660 2248 712 tem
2280 658 2351 713 de
2390 658 2517 730 ipsa
2548 675 2726 725 serra,
2761 662 2818 713 et
2864 658 3125 731 pervenit
3172 675 3349 730 super
3395 657 3591 730 ipsum
3630 656 3775 714 Cas-

352 740 602 812 ejusque
632 741 832 808 sociis,
862 741 1251 798 atrocissimis
1284 742 1471 814 pomis
1494 748 1552 799 et
1583 749 1797 798 aztcruo
1830 744 2021 799 incen-

2131 750 2285 801 trum
2320 747 2467 814 auri,
2484 750 2541 803 et
2562 746 2767 802 exinde
2790 746 2860 801 ad
2888 746 3080 819 ipsum
3104 746 3289 803 rivum
3314 746 3385 802 de
3405 745 3574 802 vinea
3594 745 3773 816 mala,

353 828 450 883 dio
468 829 801 900 deputetur,
819 847 922 886 nec
948 831 1003 886 in
1029 832 1453 888 resurrectione
1478 832 1794 887 electorum
1822 833 2018 887 futura
2127 839 2185 890 et
2216 836 2474 907 pervenit
2497 836 2569 890 ad
2601 835 2795 907 ipsum
2826 836 3040 891 vadum
3064 838 3384 907 petrosum,
3405 834 3772 908 transitoque

352 918 571 990 dignus
601 918 1025 989 inveniatur,et
1054 938 1088 976 a
1117 920 1629 990 communione,et
1661 927 1872 977 sancta:
1898 939 2018 977 ma-

354 1006 463 1061 tris
488 1006 756 1063 Ecclesiae
780 1008 1009 1077 sinu,et
1033 1028 1066 1065 a
1086 1010 1381 1065 consortio
1404 1016 1738 1066 sanctorum
1763 1011 1839 1066 sit
1872 1010 2012 1066 alie-

350 1096 612 1161 nus.Qui
645 1103 842 1152 autem
879 1098 1153 1154 inventus
1185 1100 1360 1154 fuerit
1392 1118 1543 1171 saipe
1562 1100 1700 1155 dicti
1727 1103 2014 1155 monaste-

348 1184 419 1239 rii
451 1186 687 1257 mljutor
718 1190 895 1258 atque
944 1188 1237 1257 defensor,
1273 1190 1522 1260 justitia:
1574 1190 1867 1244 tramitem
1915 1206 2009 1243 se-

349 1290 561 1346 quens,
592 1275 907 1331 a'dexteris
943 1278 1273 1332 inveniatur
1304 1279 1614 1350 particeps,
1649 1284 1823 1349 atque
1873 1296 2006 1332 eum

350 1364 576 1419 sanctis
605 1365 882 1421 omnibus
912 1366 1152 1421 sociatis
1188 1371 1547 1438 permaneat.

421 1453 720 1527 Scriptum
753 1471 857 1525 per
889 1471 1131 1510 manum
1171 1454 1471 1527 Liutulphi
1507 1456 1715 1511 notarii
1749 1456 2007 1528 regiona-

342 1540 436 1610 rii,
457 1545 514 1597 ct
543 1541 831 1598 scriniarii
856 1547 1071 1598 sancta:
1106 1544 1379 1599 Romana:
1407 1543 1676 1599 Ecclesiae
1709 1545 1768 1600 in
1804 1562 2003 1602 mense

342 1622 709 1701 Decembri-0,
741 1636 799 1687 et
822 1630 1142 1687 indictione
1164 1632 1566 1705 suprascripta
1587 1638 1769 1690 sexta.

1133 1766 1224 1823 XI.

342 1898 644 1939 BENEDIC’TI
686 1898 847 1938 ΡΛΡῶ
884 1898 961 1937 VII
1004 1898 1187 1939 BULLA
1226 1899 1336 1939 PRO
1368 1900 1628 1940 ECCLESIA
1658 1900 1996 1941 AUSONENSI.
2030 1859 2078 1925 Β

987 1998 1174 2069 (Anno
1203 1998 1357 2067 978.)

335 2112 530 2185 (Apud
555 2112 770 2169 Florez.
797 2114 1013 2186 Espana
1032 2114 1308 2187 sagradia,
1334 2120 1476 2171 tom.
1502 2114 1745 2182 XXVIII,
1766 2131 1821 2187 p.
1841 2116 1993 2185 255.)

415 2256 775 2312 Bassum-rus
834 2257 1164 2333 episcopus,
1230 2275 1431 2313 servus
1507 2274 1806 2314 servorum
1867 2258 1989 2326 Dei,

338 2344 544 2400 Fama:
600 2344 722 2399 viro
782 2345 1115 2414 venerabili,
1176 2347 1446 2418 episcopo
1512 2364 1643 2402 vero
1711 2346 1990 2419 episcopii

336 2434 399 2491 S.
426 2434 575 2490 Petri
594 2435 864 2507 apostoli,
888 2439 943 2490 et
974 2453 1076 2507 per
1095 2452 1230 2492 eum
1257 2437 1315 2491 in
1348 2437 1549 2492 eodem
1570 2436 1840 2509 episcopo
1863 2437 1991 2508 ejus

334 2524 780 2580 successoribus
807 2524 865 2579 in
899 2530 1267 2596 perpetuum.

410 2613 557 2669 Cum
590 2630 837 2669 summa:
867 2614 1197 2685 apostolicae
1229 2614 1534 2686 dignitatis
1583 2631 1727 2687 apex
1771 2616 1832 2671 in
1883 2615 1989 2671 hoc

333 2702 524 2758 divini
571 2706 914 2774 prospectus
964 2702 1150 2758 nitore
1198 2702 1569 2773 dignoscitur
1623 2702 1985 2775 przel‘ulgcre,

331 2808 474 2846 cum
523 2791 583 2846 in
624 2791 962 2847 exercendis
1019 2790 1121 2847 Dei
1172 2789 1450 2847 laudibus
1508 2792 1600 2848 sui
1660 2792 1988 2865 impensius

331 2878 599 2935 studebit
625 2878 841 2935 laboris
871 2878 1128 2935 exhiberi
1162 2884 1480 2946 certamen,
1511 2881 1587 2937 ob
1636 2881 1744 2936 hoc
1793 2881 1988 2936 debita

332 2985 446 3024 nos
459 2968 724 3040 ejusdem
741 2967 1071 3041 apostolica:
1088 2969 1400 3040 pastoralis
1411 2969 1694 3042 compulit
1711 2969 1990 3025 sollicitu-

330 3057 495 3114 dinis
524 3074 684 3128 cura,
718 3074 961 3130 quisque
1005 3057 1079 3113 ad
1128 3058 1509 3114 stabilitatem
1540 3058 1830 3132 pertinere
1860 3059 1983 3131 pio-

330 3163 468 3203 rum
496 3145 862 3220 pignoscitur
908 3145 1189 3213 locorum,
1224 3146 1479 3202 ubertim
1528 3147 1887 3221 promulgari
1928 3152 1987 3203 et

2126 922 2243 977 rivo
2274 924 2534 995 pervenit
2565 924 2637 979 ad
2662 928 2843 979 terras
2865 923 3176 992 Endalesii,
3196 924 3295 996 qui
3318 924 3429 979 fuit
3448 924 3767 995 quondam.

2126 1012 2346 1068 Deinde
2380 1013 2686 1069 revertitur
2715 1014 2785 1068 ad
2811 1012 3004 1084 ipsum
3029 1012 3300 1068 moialem
3338 1016 3396 1067 et
3427 1013 3769 1068 conscendit

2122 1119 2155 1156 a
2187 1103 2525 1156 summitate
2556 1103 2626 1156 de
2667 1106 2863 1157 monte
2894 1100 3259 1169 Castrilio,et
3294 1101 3554 1172 pervenit
3594 1117 3770 1172 super

2122 1191 2315 1262 ipsum
2348 1192 2663 1246 terminum
2697 1192 2765 1246 de
2796 1189 3092 1261 palatiolo,
3120 1205 3302 1261 usque
3332 1188 3390 1242 in
3424 1206 3646 1244 serram
3680 1188 3766 1244 ul-

2120 1284 2205 1354 tra
2240 1281 2425 1351 ipsam
2456 1281 2778 1348 \Vardiam,
2812 1285 2867 1334 et
2893 1279 2975 1333 sic
3006 1280 3164 1335 vadit
3212 1295 3313 1350 per
3361 1280 3766 1334 summitatem

2119 1368 2303 1440 ipsius
2317 1388 2485 1424 serra)
2509 1373 2563 1423 et
2581 1369 2839 1440 pervenit
2856 1386 3032 1440 super
3046 1368 3238 1440 ipsum
3259 1367 3761 1436 Monasteriolum,

2115 1462 2171 1513 et
2191 1459 2531 1513 conscendit
2547 1459 2617 1513 ad
2633 1458 2834 1531 Artiga
2854 1459 2924 1513 de
2946 1457 3239 1530 chigildo
3263 1473 3277 1512 :
3302 1457 3512 1512 deinde
3530 1457 3765 1533 descen-

2115 1547 2199 1602 dit
2220 1565 2397 1620 super
2418 1547 2431 1601 i
2438 1564 2605 1619 psam
2636 1546 2833 1603 villam
2857 1547 2929 1603 do
2950 1545 3524 1620 Vallel’ormosa,quai
3545 1550 3671 1603 erat
3691 1545 3763 1603 de

2109 1635 2363 1693 Alezino.
2378 1635 2595 1693 Deinde
2610 1636 2819 1694 vadato
2837 1639 3090 1693 torrente
3101 1637 3441 1694 conscendit
3451 1652 3555 1709 per
3570 1635 3759 1711 ipsam

2108 1727 2365 1781 Articam
2412 1742 2589 1798 quam
2634 1724 2870 1782 Samuel
2920 1724 3138 1781 ibidem
3196 1726 3268 1783 de
3309 1741 3504 1782 eremo
3562 1724 3754 1782 traxit.

2110 1813 2326 1871 Deinde
2354 1815 2617 1872 ascendit
2664 1816 2736 1870 ad
2780 1814 2977 1889 ipsum
3027 1813 3244 1872 collum
3289 1814 3349 1870 in
3398 1814 3527 1887 ipsa
3555 1813 3667 1886 via,
3698 1816 3758 1870 et

2106 1902 2408 1960 descendit
2454 1920 2557 1975 per
2600 1903 2946 1973 Gallicanta,
2981 1906 3039 1960 01
3081 1903 3348 1975 pervenit
3394 1901 3651 1959 adviam
3681 1903 3753 1959 de

2102 1992 2350 2049 Corneto
2380 1993 2453 2049 ad
2478 1992 2665 2065 ipsam
2693 1991 3035 2065 speluncam
3067 1992 3413 2065 porcariam.
3433 1991 3652 2065 Deinde
3682 1992 3754 2048 ad

2101 2080 2291 2154 ipsam
2326 2081 2909 2155 Ubardiolam,super
2937 2081 3127 2155 ipsam
3150 2081 3422 2139 Chortem
3452 2081 3523 2137 de
3542 2080 3754 2138 Auric-

2103 2171 2177 2239 lo,
2212 2171 2421 2228 deinde
2451 2172 2608 2227 vadit
2654 2188 2757 2245 per
2805 2172 2994 2244 ipsam
3043 2187 3264 2227 serram
3296 2174 3450 2228 recto
3495 2169 3752 2241 tramite,

2102 2259 2359 2331 pervenit
2387 2278 2563 2333 super
2593 2261 2811 2316 Matam
2842 2260 2913 2316 de
2939 2259 3332 2329 Fredorico,et
3352 2258 3657 2315 descendit
3675 2259 3750 2315 ad

2102 2349 2297 2420 ipsum
2328 2351 2541 2405 vadum
2573 2350 2644 2405 de
2690 2350 2955 2418 Corneto,
2990 2353 3048 2405 et
3096 2349 3180 2405 sic
3228 2348 3387 2406 vadit
3434 2348 3506 2404 ad
3558 2348 3748 2422 ipsam

2100 2438 2329 2494 vineam
2358 2437 2739 2495 Waldcmari.
2776 2436 2994 2494 Deinde
3016 2438 3089 2494 ad
3121 2437 3308 2493 rivum
3356 2437 3749 2494 Cordosdina-

2100 2526 2273 2595 rium,
2306 2527 2461 2583 sicut
2489 2532 2546 2583 et
2576 2528 2783 2583 Comes
2815 2525 3107 2582 Borrellus
3141 2527 3495 2583 terminavit.
3530 2526 3748 2597 Deinde

2098 2616 2437 2672 conscendit
2470 2633 2573 2689 per
2603 2616 2791 2672 rivum
2825 2614 3230 2681 Rubricatum,
3263 2619 3323 2671 et
3365 2616 3627 2689 pervenit
3673 2615 3746 2671 ad

2098 2705 2374 2760 ﬂeturum
2405 2704 2621 2777 pariter
2647 2705 2855 2760 ﬁscum
2886 2719 3021 2759 cum
3055 2706 3243 2773 Artes,
3266 2704 3441 2759 sicuti
3473 2704 3746 2775 designa-

2097 2798 2223 2849 tum
2254 2798 2312 2849 et
2343 2794 2725 2849 terminatum
2757 2792 2906 2849 serie
2936 2790 3276 2866 agnoscitur
3300 2792 3361 2849 in
3393 2792 3574 2865 regali
3620 2790 3744 2863 pri-

2094 2882 2321 2957 vilegio,
2356 2882 2441 2939 vel
2473 2883 2647 2939 sicuti
2680 2882 3070 2954 injudicatum
3102 2880 3366 2937 definivit
3404 2880 3465 2937 in
3509 2878 3746 2954 publico

2095 2972 2376 3045 Georgius
2418 2972 2807 3044 praedecessor
2828 2969 3157 3043 episcopus,
3182 2974 3242 3026 et
3288 2986 3423 3027 cum
3468 2969 3746 3027 omnibus

2093 3062 2165 3117 ad
2200 3061 2687 3134 praidominatum
2708 3059 3068 3132 episcopium
3100 3060 3160 3116 S.
3185 3057 3337 3115 Petri
3369 3057 3617 3132 apostoli
3646 3074 3745 3132 ge-

2094 3150 2366 3206 neraliter
2412 3156 2470 3206 ot
2518 3150 2577 3205 in
2606 3148 2902 3222 integrum
2934 3148 3384 3221 pertinentibus,
3405 3146 3494 3204 vel
3527 3147 3587 3203 in
3615 3147 3748 3205 aliis

327 3234 661 3308 apostolica:
692 3233 1078 3290 institutionis
1127 3251 1376 3291 censura
1420 3236 1775 3291 conﬁrmari.
1808 3236 1992 3309 Igitur
2021 3233 2064 3299 C
2102 3256 2452 3312 quacunque
2484 3239 2750 3312 partibus
2777 3239 2847 3294 ad
2881 3238 3077 3310 ipsum
3106 3237 3507 3309 episcopatum
3529 3236 3746 3310 ubique

329 3324 472 3396 quia
498 3322 842 3395 postulastis
873 3340 909 3379 a
938 3324 1107 3379 nobis
1136 3324 1504 3397 privilegium
1528 3325 1597 3379 de
1620 3342 1800 3397 supra
1829 3325 1983 3381 dicto

329 3412 628 3485 cpiscOpio
650 3413 709 3469 S.
734 3412 885 3468 Petri
917 3412 1163 3491 apostoli
1191 3414 1268 3469 sit
1298 3414 1356 3468 in
1389 3413 1514 3469 loco
1545 3415 1643 3486 qui
1675 3415 1838 3471 vicus
1871 3420 1982 3470 ter-

327 3501 531 3558 ritorio
560 3503 901 3558 Ausonense
931 3507 990 3557 et
1035 3502 1409 3559 Menrasense
1459 3502 1816 3571 nominatur,
1846 3521 1981 3559 cum

323 3590 615 3648 universis
645 3589 909 3649 ecclesiis
938 3596 996 3648 et
1026 3590 1209 3659 cellis,
1234 3592 1355 3647 sive
1374 3591 1610 3659 castris,
1632 3608 1815 3647 unum
1864 3593 1983 3649 sci-

321 3680 462 3737 licet
490 3684 733 3737 vocatur
760 3679 1073 3748 Monteboi,
1099 3679 1280 3736 alium
1308 3696 1564 3753 namque
1592 3681 1801 3748 Tovos,
1844 3697 1981 3735 cum

321 3769 604 3826 omnibus
634 3768 853 3825 finibus
882 3769 1269 3841 terminisque
1300 3785 1610 3837 eorum,ex
1641 3786 1756 3826 uno
1777 3769 1980 3826 videli-

321 3865 415 3916 cet
439 3858 693 3915 termino
724 3857 970 3915 ducente
1001 3874 1104 3931 per
1129 3857 1438 3931 Aqualata,
1472 3862 1529 3914 et
1560 3858 1768 3915 exinde
1799 3864 1984 3914 trans-

320 3952 502 4005 eunte
546 3948 619 4003 ad
666 3947 882 4004 vadum
934 3948 1005 4004 de
1052 3948 1181 4020 ipsa
1228 3948 1438 4015 aedera,
1471 3951 1531 4004 et
1577 3963 1680 4019 per
1708 3948 1981 4005 eumdem

322 4037 650 4096 terminum
687 4041 1002 4105 remeante,
1034 4042 1092 4094 et
1121 4041 1273 4093 recte
1304 4041 1578 4110 pergente
1610 4037 1668 4091 in
1702 4036 1850 4094 fines
1881 4038 1982 4109 qui

323 4126 547 4184 dicitur
572 4125 771 4194 Jorba,
802 4130 861 4183 et
891 4125 1026 4183 inde
1072 4126 1131 4182 in
1183 4126 1330 4182 ﬁnes
1378 4126 1477 4198 qui
1509 4125 1797 4195 Clariana,
1829 4130 1887 4183 et
1917 4143 1985 4183 ex

329 4215 445 4274 alia
474 4220 639 4290 parte
668 4219 991 4272 transmeat
1019 4233 1053 4271 a
1079 4214 1367 4288 Aqualata
1397 4221 1672 4289 pergente
1704 4232 1807 4289 per
1838 4216 1984 4273 fines

333 4304 694 4371 Clarmonte,
716 4308 773 4361 et
802 4320 905 4377 per
932 4304 1080 4361 lines
1109 4304 1179 4360 de
1207 4304 1348 4360 Auri
1400 4304 1538 4376 pino
1587 4305 1837 4362 ducente
1885 4322 1987 4378 per

329 4394 482 4450 ﬁnes
513 4392 587 4449 de
617 4392 844 4451 Miralia
867 4393 1115 4449 ducente
1148 4408 1334 4465 usque
1364 4392 1437 4448 ad
1468 4393 1749 4449 terminos
1779 4393 1850 4450 de
1883 4394 1985 4450 Ito-

331 4482 507 4537 cheta
548 4482 668 4538 sive
697 4480 903 4537 Villis:
936 4485 994 4537 et
1022 4480 1317 4538 casalibus
1348 4480 1693 4549 suis,vineis
1714 4486 1771 4539 et
1792 4482 1984 4550 terris,

2092 3329 2382 3401 pertinere
2439 3327 2820 3401 dignoscitur.
2856 3326 3026 3383 Fines
3080 3330 3278 3383 autem
3324 3326 3507 3383 totius
3558 3325 3745 3399 ipsius

2091 3418 2367 3490 episcopii
2397 3417 2456 3473 hi
2489 3422 2629 3473 sunt
2658 3433 2672 3472 :
2707 3416 2787 3473 De
2820 3418 2980 3488 parte
3010 3414 3332 3472 occidentis
3374 3414 3433 3470 in
3478 3415 3626 3472 ﬂues
3674 3416 3746 3473 de

2092 3507 2623 3580 Quovecintenigio,
2652 3505 2739 3561 vel
2772 3506 2842 3561 de
2871 3506 3159 3572 Cardona,
3185 3508 3244 3561 et
3273 3504 3343 3561 de
3386 3505 3741 3579 Bergetano;

2092 3596 2163 3650 dc
2210 3596 2368 3667 pario
2407 3595 2579 3650 Circii
2621 3595 2680 3650 in
2730 3594 3017 3663 Eramala,
3042 3599 3102 3651 et
3148 3610 3335 3667 usque
3381 3594 3439 3649 in
3480 3598 3744 3651 montem

2091 3683 2414 3740 Surocham
2458 3682 2720 3755 pervenit
2766 3683 2838 3737 ad
2890 3682 3085 3754 ipsum
3119 3686 3352 3754 pratum
3384 3682 3457 3737 de
3495 3680 3742 3754 Campo-

2094 3771 2384 3840 Rotundo,
2418 3776 2475 3826 et
2502 3787 2604 3842 per
2634 3770 2764 3842 ipsa
2787 3786 2949 3825 serra
2977 3770 3130 3826 sicut
3158 3786 3341 3842 aquas
3373 3773 3622 3843 vergunt
3652 3783 3748 3825 us-

2091 3875 2204 3932 que
2235 3859 2307 3915 ad
2339 3858 2546 3926 Gurni,
2576 3862 2632 3915 et
2660 3857 2869 3914 deinde
2901 3858 2973 3913 ad
3004 3861 3228 3929 petram
3256 3856 3510 3927 lavandi,
3531 3856 3744 3915 deinde

2092 3947 2164 4004 ad
2196 3947 2385 4021 ipsam
2410 3946 2667 4004 Rocham
2700 3946 2771 4004 de
2801 3944 3015 4003 latione
3045 3950 3104 4003 et
3125 3945 3499 4004 descenditin
3522 3945 3743 4009 ﬂumen

2093 4035 2315 4107 Teceri,
2350 4041 2406 4093 01
2434 4026 2695 4109 pervenit
2725 4034 2797 4091 ad
2832 4034 3029 4107 ipsum
3069 4033 3491 4107 plantadixium
3522 4030 3625 4109 qui
3654 4039 3747 4097 est

2092 4126 2245 4183 inter
2266 4125 2575 4183 Gcrunden
2598 4128 2655 4181 01
2675 4123 2957 4182 terminos
2977 4123 3048 4181 de
3068 4124 3387 4195 Ausona,et
3404 4118 3747 4183 conscendit

2095 4232 2196 4287 per
2226 4215 2414 4287 ipsam
2446 4229 2667 4269 serram
2701 4229 2889 4285 usque
2932 4212 2990 4268 in
3043 4211 3467 4285 Gerundiliam,
3499 4219 3558 4273 et
3585 4214 3745 4272 vadit

2095 4322 2197 4378 per
2227 4304 2414 4376 ipsam
2448 4302 2599 4359 viam
2632 4320 2756 4375 quae
2786 4302 2941 4360 venit
2971 4302 3042 4358 ad
3077 4300 3517 4376 Bellampollam
3536 4308 3594 4362 et
3622 4320 3747 4376 per-

2092 4393 2251 4450 venit
2271 4392 2343 4448 ad
2376 4391 2695 4448 terminum
2725 4391 2825 4464 qui
2858 4395 2947 4450 est
2974 4391 3126 4449 inter
3149 4391 3507 4450 Joannetum
3529 4395 3586 4451 et
3614 4390 3744 4464 ipsa

2095 4478 2306 4551 Elzcta,
2328 4484 2383 4537 et
2415 4481 2677 4553 pervenit
2700 4479 2759 4535 in
2795 4479 2941 4537 fines
2970 4480 3042 4537 de
3070 4480 3448 4551 Arbucias,et
3479 4496 3663 4552 usque
3683 4480 3746 4537 in

332 4570 499 4627 silvis
534 4570 947 4643 domibusque,
965 4586 1240 4644 agrorum
1280 4569 1789 4643 puteis,fontibus,
1825 4570 1983 4639 rivis,
2014 4605 2061 4669 Β
2096 4568 2404 4626 cacumina
2453 4569 2605 4624 inter
2644 4569 2791 4626 duos
2839 4570 3060 4642 signos,
3094 4572 3151 4625 et
3199 4584 3385 4641 usque
3433 4569 3506 4624 ad
3554 4569 3743 4641 ipsam

330 4661 493 4734 agris
523 4659 1179 4733 aquimolis,montibus
1205 4663 1262 4715 et
1283 4658 1494 4732 planis,
1510 4659 1985 4728 mercatis,teolo-
2014 4656 2057 4669 ”
2091 4658 2302 4715 Calma:
2326 4675 2452 4730 quae
2496 4658 2714 4713 dicitur
2764 4659 2836 4713 ad
2885 4656 3236 4725 Area-Mala,
3268 4661 3325 4713 et
3373 4657 3633 4729 pervenit
3672 4658 3745 4715 ad

328 4749 477 4819 neis,
496 4749 724 4816 raficas,
745 4753 1064 4817 monestas,
1082 4748 1418 4820 pasquaria,
1432 4748 1817 4815 herbatieum,
1835 4765 1983 4820 prae-

324 4839 536 4895 certim
571 4836 817 4894 ecclesia
848 4840 1061 4893 sanctae
1085 4836 1278 4893 Mariae
1309 4836 1422 4894 sita
1454 4837 1510 4892 in
1553 4837 1782 4893 civitate
1816 4837 1982 4892 Man-

326 4944 481 4996 resa,
505 4943 643 4982 cum
672 4926 950 4983 omnibus
973 4925 1084 4982 sibi
1108 4926 1478 4998 pertinentiis
1499 4925 1586 4981 vel
1617 4925 1983 4998 adjacentiis,

327 5034 434 5074 seu
483 5015 762 5073 ecclesias
812 5033 939 5088 qua:
990 5014 1141 5071 infra
1184 5031 1283 5071 eas
1332 5019 1679 5071 constructa:
1729 5020 1866 5072 sunt
1899 5014 1984 5071 vel

326 5123 431 5163 ccr
445 5104 740 5162 struendae
771 5120 900 5161 esse
931 5108 1198 5177 possunt,
1232 5103 1411 5159 simul
1460 5120 1596 5160 cum
1630 5103 1985 5160 monasterio

328 5196 389 5252 S.
428 5193 749 5263 Benedicti,
772 5210 1024 5266 quorum
1055 5194 1290 5251 termini
1332 5193 1405 5249 ab
1449 5192 1667 5248 oriente
1698 5192 1989 5264 incipiunt

330 5298 522 5357 usque
561 5282 635 5338 ab
667 5282 795 5355 ipeo
827 5283 1035 5340 ﬁcturo
1067 5282 1166 5355 qui
1218 5281 1590 5338 concluditur
1637 5281 1987 5337 torminibus

324 5374 498 5429 Artes
528 5371 796 5443 ejusdem
828 5370 1104 5427 ecclesim.
1139 5370 1360 5426 Deinde
1409 5369 1567 5425 vadit
1617 5384 1719 5440 per
1765 5386 1987 5425 serram

326 5477 458 5534 qua:
491 5460 730 5516 deducit
752 5476 855 5532 per
870 5459 1033 5533 ipsas
1052 5458 1389 5517 Alsinellias
1410 5463 1468 5514 et
1490 5456 1725 5531 attingit
1747 5458 1818 5513 ad
1842 5457 1987 5516 fines

323 5548 633 5606 Salientis.
668 5547 886 5604 Deinde
918 5565 1094 5620 super
1143 5548 1339 5619 ipsum
1392 5548 1593 5620 poium
1644 5545 1891 5602 rubcum
1932 5551 1989 5602 et

325 5638 597 5716 pervenit
641 5653 820 5711 super
869 5636 1070 5694 villam
1122 5636 1394 5694 Scluvani
1434 5641 1492 5694 et
1537 5636 1787 5694 fratrum
1835 5635 1983 5711 ejus.

701 5774 973 5838 ΡΑι-ιιοι..
1019 5772 1355 5837 CXXXVII.

2094 4748 2286 4821 ipsum
2322 4746 2529 4803 collem
2560 4747 2632 4803 de
2663 4746 3272 4819 Montenigro,deinde
3304 4746 3362 4801 in
3387 4746 3575 4802 rivum
3597 4746 3745 4803 Con-

2092 4841 2353 4911 gustum,
2379 4841 2435 4892 et
2464 4837 2621 4891 venit
2653 4837 2723 4891 ad
2756 4835 3059 4892 castellum
3087 4834 3324 4904 Bertini,
3349 4839 3407 4892 et
3436 4852 3622 4908 usque
3654 4852 3747 4893 su-

2094 4943 2196 4999 per
2226 4925 2482 4981 Rocliam
2513 4929 2568 4979 S.
2596 4925 2851 4993 Gcnesii,
2883 4928 2939 4980 et
2961 4924 3118 4980 venit
3151 4923 3223 4980 ad
3255 4928 3515 4981 montem
3543 4926 3602 4982 S.
3637 4925 3747 4983 Sa-

2094 5014 2419 5084 turnini,et
2464 5013 2621 5068 venit
2669 5014 2740 5068 ad
2789 5015 3048 5069 montem
3094 5011 3354 5072 Calvum.
3392 5012 3613 5073 Deinde
3673 5016 3746 5073 ad

2097 5108 2355 5159 montem
2388 5102 2710 5169 Serratum,
2745 5100 2798 5157 et
2825 5100 3085 5173 pervenit
3114 5101 3187 5158 ad
3219 5106 3481 5161 montem
3513 5103 3613 5177 qui
3657 5108 3749 5161 est

2097 5193 2249 5248 infra
2290 5194 2552 5248 castrum
2602 5189 2945 5257 Odulinum,
2987 5192 3045 5245 et
3090 5194 3351 5249 castrum
3400 5192 3751 5266 Apiaria,‘et

2096 5281 2253 5337 vadit
2265 5297 2367 5353 per
2383 5279 2787 5336 summitatem
2807 5278 2994 5351 ipsius
3015 5295 3185 5337 serrae
3209 5297 3395 5354 usque
3412 5282 3485 5340 ad
3504 5282 3744 5354 ﬂumen,

2097 5386 2271 5443 quem
2290 5369 2495 5425 dicunt
2510 5367 2797 5437 Anoliam,
2813 5371 2871 5425 et
2890 5368 3049 5426 vadit
3071 5370 3142 5428 ab
3158 5370 3285 5444 ipso
3302 5369 3544 5429 ﬂumine
3561 5385 3749 5445 usque

2096 5460 2155 5514 in
2188 5456 2621 5529 Hispaniam,et
2651 5473 2719 5514 ex
2750 5456 2863 5515 alia
2894 5462 3057 5530 parte
3088 5458 3259 5516 sicuti
3289 5459 3419 5532 ejus
3442 5459 3591 5519 fines
3607 5465 3750 5520 sunt

2098 5549 2200 5604 aut
2231 5546 2303 5602 ab
2335 5544 2557 5618 origine
2591 5545 3058 5616 fuerunt,omnia
3080 5547 3236 5620 juris
3258 5547 3317 5604 Β.
3344 5534 3749 5622 Romanis,cul

2097 5636 2213 5697 Deo
2246 5638 2480 5696 auctore
2510 5634 2893 5709 descrvimus,
2922 5634 3189 5698 Ecclesiae
3229 5636 3395 5697 vobis
3435 5638 3508 5699 ad
3538 5641 3753 5721 tenes:

3315 5773 3387 5841 11

3659 349 3833 409 330'
