4076 6174
397 310 508 372 331

1685 294 2100 364 BENEDICTI
2143 290 2370 354 PAP/E
2413 287 2518 350 VII

3680 285 3796 343 332

391 445 536 502 dum
565 443 783 500 emissa
808 441 1208 516 prteceptione,
1231 438 1492 494 inclinati
1526 436 1796 509 precibus
1825 433 2032 486 vestris
2073 439 2126 504 Α
2156 425 2365 480 seriem
2397 422 2706 494 acquisivit
2736 421 2826 476 sui
2857 421 3239 494 episcopatui,
3273 424 3328 475 et
3350 418 3653 516 “cm-nibus
3699 418 3797 490 qui

391 547 493 604 per
525 532 704 604 hujus
733 529 1017 604 privilegii
1037 529 1246 584 seriem
1267 527 1524 600 praedicti
1553 524 1805 598 episcopi
1843 523 1902 576 Β.
1930 521 2030 576 Pe-

389 619 465 676 tri
495 617 742 693 apostoli
775 616 1170 683 concedimus,
1189 615 1248 670 in
1272 631 1376 672 suo
1409 616 1745 686 permaneat
1776 614 1952 676 statu,
1977 613 2035 664 ct

389 723 491 765 vos
520 707 648 764 sine
675 705 852 762 dubio
875 706 1252 778 procurantes
1281 703 1352 759 ad
1379 703 1647 775 prmsenti
1671 704 1831 757 sexta
1853 697 2035 754 indic-

390 795 548 852 tione
569 794 822 867 atquein
845 796 1192 866 perpetuum
1222 809 1256 847 a
1273 791 1438 846 vobis
1458 791 1784 862 vestrisque
1807 804 2037 842 succes-

394 883 626 942 soribus
655 899 792 939 cum
823 881 936 938 sibi
965 881 1241 938 omnibus
1272 880 1564 953 integrum
1599 877 2040 951 subjacentilms

395 972 740 1046 disponatur
770 973 945 1043 atque
975 987 1108 1026 cum
1142 969 1243 1026 Dei
1263 969 1472 1024 timore
1493 971 1823 1040 regatur,ut
1855 969 2042 1020 vestro

399 1062 780 1134 conjunctum
797 1058 1083 1116 subsistat
1097 1057 1346 1129 episcopi
1358 1073 1409 1112 ο.
1423 1055 1540 1112 Vos
1554 1061 1746 1111 autem
1770 1055 1825 1109 in
1842 1055 2044 1108 eodem

397 1147 714 1207 venerabili
773 1147 1064 1220 episcOpio
1121 1147 1369 1202 Domino
1419 1146 1534 1201 Deo
1591 1148 1788 1200 nostro
1845 1143 2048 1198 laudes

405 1236 696 1295 exsolvere
749 1235 1028 1300 debeatis,
1064 1235 1284 1291 nullam
1319 1235 1603 1290 rationem
1647 1233 1852 1289 exinde
1881 1231 1964 1286 vel
1999 1231 2046 1286 ei

406 1326 856 1401 pertinentibus,
893 1324 1004 1380 nisi
1037 1323 1144 1378 soli
1189 1324 1303 1379 Deo
1353 1342 1418 1379 ac
1467 1327 1667 1378 nostra
1705 1321 2050 1376 auctoritate

407 1415 682 1473 solvendo
703 1413 1052 1480 statuimus;
1086 1413 1367 1469 fabricam
1391 1413 1568 1468 etiam
1592 1429 1694 1468 seu
1715 1409 2054 1466 luminario-

407 1521 540 1561 rum
555 1501 1032 1560 concinnationes
1045 1500 1444 1558 indifferenter
1460 1516 1561 1556 vos
1579 1500 1705 1556 sine
1729 1499 1908 1555 dubio
1928 1515 2056 1570 pro-

407 1596 679 1652 curantes
709 1589 1067 1648 at'ficiamini.
1100 1589 1273 1646 Nulla
1321 1590 1562 1663 proinde
1612 1591 1672 1646 in
1722 1587 2054 1646 exolvendis

407 1682 510 1742 Dei
549 1679 827 1738 laudibus
873 1679 1017 1736 etin
1049 1678 1384 1736 luminariis
1431 1678 1852 1736 coneinnandis
1892 1693 2056 1732 mora

408 1769 730 1845 proveniat,
745 1769 846 1826 sed
867 1769 1075 1868 devota
1095 1767 1428 1874 sinceritate
1447 1783 1723 1870 peragere
1761 1767 2050 1874 festinate,
2084 1809 2132 1874 Β

413 1876 518 1916 nec
549 1875 650 1933 per
679 1859 924 1914 incautae
953 1856 1188 1914 desidiae
1219 1855 1450 1930 culpam
1483 1857 1691 1929 judicii
1739 1873 1842 1912 vos
1872 1855 2054 1912 futuri

416 1951 610 2005 metus
641 1945 958 2014 concutiat,
992 1945 1185 2018 potius
1216 1943 1480 2002 laborare
1511 1945 1762 2013 studete,
1785 1949 1851 2001 ut
1871 1943 2069 2000 divina

425 2035 637 2111 placita
666 2038 856 2092 vestro
885 2038 1098 2090 conatu
1129 2034 1439 2090 clementia
1471 2033 1655 2108 possit
1704 2051 2066 2108 permanere,

419 2127 529 2182 hoc
560 2124 714 2196 quod
745 2140 780 2180 a
809 2123 978 2180 nobis
999 2123 1164 2194 justa
1185 2123 1599 2180 deliberatione
1627 2125 1925 2182 decretum
1957 2129 2066 2195 est,

345 2241 350 2248 ο
423 2213 635 2270 futuris
663 2209 1001 2268 inconvulse
1022 2211 1430 2286 perpetuisque
1451 2213 1834 2285 temporibus.
1851 2213 1909 2269 Si
1934 2212 2066 2285 quis

423 2307 642 2369 autem,
659 2301 811 2374 quod
839 2317 950 2356 non
975 2305 1246 2372 optamus
1269 2302 1488 2358 nefario
1510 2319 1657 2358 ausu
1679 2319 2063 2374 praesumpse-

425 2391 502 2448 rit
530 2391 650 2446 haec
681 2407 807 2463 quae
839 2406 872 2444 a
903 2389 1071 2444 nobis
1103 2390 1174 2445 ad
1207 2389 1443 2446 laudem
1476 2391 1573 2446 Dei
1608 2407 1710 2464 pro
1751 2391 2066 2446 stabilitate

417 2483 545 2554 jam
577 2480 716 2537 dicti
749 2477 1028 2552 episcopii
1075 2483 1296 2534 statuta
1344 2482 1482 2535 sunt
1520 2479 1818 2551 refragari,
1851 2484 1954 2535 aut
2006 2481 2064 2536 in

423 2585 656 2644 quoque
674 2567 1026 2642 transgredi,
1044 2568 1192 2623 sciat
1221 2583 1282 2624 se
1307 2567 1698 2624 anathematis
1715 2568 1946 2624 vinculo
1979 2571 2065 2624 in-

424 2659 730 2725 nodatum;
758 2661 816 2712 et
846 2673 880 2712 a
909 2655 1140 2712 diabolo
1173 2661 1230 2712 et
1259 2657 1390 2728 ejus
1418 2656 1803 2734 atrocissimis
1834 2659 2065 2731 pompis

421 2751 595 2820 atque
642 2746 798 2802 Juda
843 2745 1122 2800 traditore
1151 2745 1382 2800 Domini
1446 2745 1628 2802 nostri
1675 2746 1814 2802 Jesu
1849 2746 2064 2804 Christi

418 2835 615 2892 interni
661 2834 919 2890 incendii
970 2833 1258 2906 supplicio
1287 2835 1782 2890 concremandum
1821 2836 2063 2908 deputa-

417 2941 574 2982 mus.
587 2925 661 2980 At
678 2941 812 2980 vero
833 2923 932 2996 qui
956 2922 1050 2994 pio
1071 2922 1341 2979 instituto
1363 2924 1698 2980 observator
1717 2929 1774 2980 et
1789 2925 2065 2982 omnibus

414 3011 702 3071 exstiterit
725 3011 1063 3069 custodiens
1091 3011 1272 3082 hujus
1301 3013 1484 3068 nostri
1517 3012 1818 3085 apostolici
1839 3015 2062 3070 consti-

416 3101 528 3158 tuti
577 3101 653 3156 ad
701 3101 927 3156 cultum
966 3099 1066 3156 Dei
1119 3100 1588 3171 respicientibus,
1639 3102 2062 3159 benedictionis

2143 513 2252 570 sibi
2287 511 2533 582 subjecti
2568 527 2696 566 esse
2726 514 3068 566 noscuntur.
3104 509 3188 564 Ita
3219 507 3588 580 privilegium
3629 508 3798 561 nobis

2144 599 2650 676 postulavit,quod
2679 604 2736 654 et
2767 616 2873 654 nos
2905 597 3106 654 libenti
3133 596 3332 652 animo
3363 595 3415 652 ei
3436 595 3808 651 confirmavi-

2145 707 2300 758 mus,
2333 689 2490 744 sicut
2519 689 2578 743 in
2611 687 2738 760 ipso
2764 686 3062 760 privilegio
3102 685 3412 756 reperitur.
3437 686 3807 756 Quapropter

2149 795 2447 851 rogamus,
2481 781 2538 832 et
2567 781 2771 832 nostra
2791 773 3111 847 apostolica
3145 774 3493 828 auctoritate
3536 773 3808 845 praecipi-

2151 885 2308 933 mus,
2339 871 2405 922 ut
2437 865 2635 920 nullus
2666 864 2862 929 homo,
2898 866 3133 933 excepto
3187 859 3392 917 Borelli
3436 861 3648 916 comite
3699 878 3808 918 suo

2152 955 2276 1014 solo
2316 971 2574 1026 corpore,
2609 959 2665 1008 et
2697 951 2858 1008 uxori
2892 969 3008 1007 suae
3061 950 3398 1023 Ledgardis,
3442 953 3498 1004 et
3547 949 3811 1023 legitimo

2155 1043 2275 1100 filio
2305 1044 2434 1114 ejus
2467 1041 2880 1104 Raimundo,si
2906 1038 3346 1112 priesumpserit
3366 1037 3626 1110 aliquam
3656 1039 3813 1094 inva-

2157 1133 2404 1195 sionem,
2422 1129 2509 1186 vel
2527 1135 2729 1185 contra
2743 1128 3087 1202 praedictum
3104 1128 3443 1199 episcopum
3467 1127 3813 1184 ealcaueum

2157 1220 2419 1284 erexerit,
2435 1219 2837 1290 cujuscunque
2853 1215 3079 1272 ordinis
3099 1215 3183 1270 vel
3207 1232 3400 1282 sexus,
3416 1215 3534 1271 sive
3561 1215 3816 1272 clericus

2160 1310 2281 1366 sive
2313 1307 2520 1371 laicus,
2553 1305 2670 1362 sive
2701 1305 3260 1363 excommunicatus.

2908 1462 3057 1518 ΧΙΙΙ.

2197 1597 2489 1638 DENEDICTI
2533 1596 2693 1635 ΡΑΡΕ
2729 1596 2807 1636 VII
2850 1593 3229 1635 PRIVILEGIUM
3275 1593 3386 1633 PRO
3423 1595 3786 1636 MONASTERIO

2797 1684 2902 1725 CLU
2911 1685 2944 1724 Ν
2951 1682 3075 1724 IACE
3081 1685 3115 1723 N
3121 1684 3190 1724 SI.

2821 1814 3008 1882 (Anno
3028 1814 3181 1881 978.)

2173 1929 2365 1984 Μαίοιο
2397 1928 2744 1984 Cluniacensi
2771 1927 2954 1984 abbati
2981 1927 3148 1984 domu
3177 1929 3419 1984 insulam
3465 1929 3818 1986 Lerincnsem

2643 2034 2766 2073 cum
2793 2019 3120 2074 monasterio
3149 2018 3365 2084 Arluco,

2521 2133 2606 2204 (D.
2637 2133 2918 2205 Bouquet,
2955 2134 3171 2190 Rccuetl
3205 2134 3294 2203 IX,
3328 2135 3478 2208 245.)

2247 2275 2604 2331 BENEDIC‘I‘US
2635 2276 2964 2347 episcopus,
2987 2291 3188 2332 servus
3225 2293 3525 2332 servorum
3559 2278 3659 2333 Dei
3691 2279 3840 2336 dile-

2177 2363 2440 2418 ctissimo
2471 2364 2530 2418 in
2563 2363 2792 2419 Christo
2825 2363 2944 2418 tilio
2980 2363 3204 2420 ΜΑιοιο
3242 2365 3588 2420 charissima
3630 2367 3834 2423 abbati

2172 2450 2576 2508 Cluniacensis
2607 2451 2966 2520 monasterii,
3002 2453 3247 2524 ejusque
3289 2453 3734 2510 successoribus
3769 2457 3832 2510 in

2174 2545 2550 2612 perpetuum.

2243 2627 2390 2694 Quia
2419 2629 2844 2685 monasterium
2873 2629 3447 2703 Cluniacense,quod
3481 2636 3543 2688 tu
3563 2632 3681 2688 Deo
3703 2651 3835 2706 pro—

2173 2716 2316 2787 pitio
2367 2717 2712 2790 regulariter
2759 2719 2932 2792 regis,
2967 2725 3184 2775 sancta:
3237 2721 3510 2776 Romana:
3558 2723 3832 2780 Ecclesia

2173 2805 2443 2862 novimus
2469 2823 2598 2863 esse
2626 2809 3011 2863 commissum
3043 2810 3114 2864 ad
3149 2809 3580 2866 defendendum
3611 2818 3665 2868 et
3689 2813 3834 2869 dila-

2171 2894 2439 2970 tandum‘,
2471 2894 2687 2950 idcirco
2724 2896 2987 2952 benevoli
3018 2903 3076 2952 et
3109 2898 3350 2954 benefici
3383 2917 3521 2973 erga
3549 2903 3830 2959 eumdem

2171 2980 2366 3038 locum
2397 2984 2678 3040 debemus
2709 2985 2978 3040 existere.
2999 2988 3364 3059 Quapropter
3385 2993 3590 3044 notum
3608 2990 3686 3045 sit
3707 3007 3833 3046 om-

2170 3070 2346 3126 nibus
2362 3073 2500 3144 quia
2510 3073 2702 3145 petisti
2723 3091 2757 3128 a
2773 3074 2943 3132 nobis
2959 3079 3024 3130 ut
3031 3069 3160 3147 jam
3178 3076 3334 3132 dicto
3351 3081 3452 3132 tuo
3470 3081 3832 3136 monasterio

418 3189 670 3264 gratiam
699 3205 736 3244 a
765 3187 1402 3244 misericordiosissimo
1433 3189 1678 3246 Domino
1727 3189 1824 3246 Dei
1863 3196 2053 3247 nostra

2171 3158 2426 3216 insulam
2459 3163 2833 3218 Lerinensem
2865 3179 3000 3218 cum
3030 3163 3240 3220 Arluco
3259 3167 3338 3235 (6)
3369 3169 3746 3236 monasterio,
3771 3175 3834 3226 et

420 3275 823 3351 multipliciter
849 3279 1264 3349 consequatur,
1279 3279 1337 3332 et
1365 3276 1496 3332 vitze
1526 3280 1748 3334 internae
1771 3278 2062 3354 particeps

419 3366 572 3424 effici
602 3369 915 3424 mereatur.
1460 3368 1469 3378 ‘

488 3454 788 3530 Scriptum
827 3470 932 3528 per
959 3470 1171 3510 manus
1199 3453 1444 3511 Joannis
1492 3457 1701 3512 notarii
1752 3459 2061 3532 regionarii

423 3549 598 3618 atque
625 3543 919 3603 scriniarii
943 3544 1000 3600 S.
1039 3543 1206 3600 Rom.
1227 3541 1520 3610 Ecclesia,
1541 3545 1598 3600 in
1631 3561 1832 3602 mense
1855 3547 2060 3603 Martio

391 3632 737 3691 indictione
761 3649 842 3689 vr.
862 3633 1014 3688 Bene
1043 3631 1248 3688 valete.
1285 3632 1430 3688 Data
1458 3651 1496 3688 ν
1527 3633 1651 3690 Kal.
1672 3635 1912 3692 Martias
1961 3653 2062 3708 per

415 3738 628 3780 manus
669 3721 928 3795 Gregorii
977 3720 1233 3794 episcopi
1282 3726 1340 3776 et
1369 3721 1793 3778 bibliothecarii
1847 3729 2058 3780 sancta:

409 3811 742 3886 apostolicae
787 3811 964 3876 sedis,
999 3825 1171 3877 anno,
1221 3810 1338 3866 Deo
1385 3811 1654 3882 propitio,
1685 3811 2058 3883 pontificatus

411 3901 610 3958 domui
661 3899 956 3956 Benedicti
1008 3899 1228 3956 summi
1279 3900 1572 3971 pontificis
1619 3904 1677 3954 et
1711 3901 2058 3956 universalis

411 3991 645 4063 septimi
675 4005 837 4062 papae
867 3988 927 4044 in
951 3985 1351 4044 sacratissima
1371 3988 1506 4044 sede
1529 3989 1590 4044 Β.
1612 3988 1762 4046 Petri
1784 3989 2054 4062 apostoli,

411 4082 642 4149 quarto,
673 4078 734 4133 in
765 4094 964 4134 mense
993 4081 1050 4132 et
1069 4077 1388 4132 indictione
1409 4077 1805 4150 suprascripta
1834 4095 1910 4133 vx.

1173 4181 1292 4238 ΧΠ.

483 4265 773 4329 Βεκεωστέι
811 4285 974 4326 mea:
1010 4286 1088 4326 vn
1137 4286 1511 4328 PRIVILEGIUM
1551 4288 1660 4328 ΡΙιο
1723 4289 1985 4330 ECCLESIA

1067 4357 1404 4398 AUSONENSI.

1023 4448 1226 4520 (Anno
1282 4448 1450 4518 978.)

797 4553 1038 4627 (Florez.
1070 4553 1170 4611 ubi
1201 4572 1400 4628 supra,
1431 4572 1487 4628 p.
1515 4558 1661 4626 102.)

475 4662 692 4721 Notum
713 4678 842 4719 esse
858 4661 1129 4717 volumus
1145 4661 1419 4718 omnibus
1442 4663 1764 4734 majoribus
1786 4669 1842 4720 et
1865 4667 2048 4722 mino-

404 4753 572 4809 ribus
591 4751 774 4808 totius
797 4749 1101 4823 provinciae
1121 4751 1389 4807 Ausoniae
1411 4755 1468 4806 et
1489 4753 2050 4826 Barkinonize,atque

398 4841 798 4909 Gerundense,
833 4839 956 4896 sive
987 4838 1365 4911 Urgelitense,
1389 4838 1475 4895 vel
1528 4839 1862 4914 quicunque
1911 4843 2049 4898 huic

400 4929 711 5004 provinciae
741 4926 995 4985 constuti
1026 4945 1152 4984 csse
1183 4933 1506 4984 cernuntur
1533 4929 1603 4983 de
1634 4928 1790 4985 hunc
1819 4935 2048 5003 episco-

399 5034 544 5093 pum
577 5018 760 5091 Froya
793 5017 1054 5086 nomine,
1077 5015 1216 5090 quia
1241 5017 1397 5072 venit
1427 5017 1498 5072 ad
1531 5015 1738 5074 limina
1765 5021 2048 5092 apostolo-

395 5124 529 5164 rum
561 5110 618 5164 et
646 5107 804 5164 sedis
836 5109 1045 5162 nostrae
1077 5105 1326 5162 accessit
1357 5109 1489 5161 ante
1522 5111 1782 5162 nostram
1804 5125 2047 5180 praesen—

395 5195 562 5264 tiam,
589 5195 850 5253 ostendit
879 5195 1048 5251 nobis
1082 5195 1362 5252 omnibus
1392 5195 1517 5251 suis
1551 5195 1881 5268 scripturis,
1901 5215 2046 5271 quas

463 5374 543 5446 (6)
571 5375 764 5446 Situm
801 5377 926 5430 erat
955 5373 1060 5430 hoc
1082 5373 1693 5446 monasterium,quod
1718 5374 2046 5446 puellarum

393 5444 528 5512 fuit,
557 5446 616 5503 in
647 5445 794 5503 colle
821 5461 1154 5514 peramoeno
1193 5445 1312 5500 t'cre
1345 5445 1417 5501 ad
1449 5444 1618 5502 littus
1650 5444 1852 5514 maris,
1885 5453 1941 5504 et
1972 5449 2043 5504 ad

392 5515 580 5590 ripam
613 5517 774 5574 ﬂuvii
808 5515 1058 5590 Siagnae,
1093 5515 1153 5573 in
1185 5532 1299 5589 quo
1329 5515 1469 5574 olim
1501 5521 1647 5590 erat,
1691 5523 1755 5576 ut
1783 5520 2044 5592 tradunt,

2079 4545 2128 4610 D

2171 3248 2447 3306 omnibus
2467 3251 2896 3322 pertinentibus
2930 3253 3002 3308 ad
3034 3253 3238 3309 eadem
3271 3252 3644 3323 loca,nostrze
3683 3275 3826 3314 auc-

2173 3336 2428 3394 toritatis
2457 3337 2759 3413 privilegio
2789 3341 3271 3409 concederemus;
3307 3342 3623 3416 siquidem,
3657 3349 3722 3401 ut
3754 3362 3829 3403 ex

2173 3425 2420 3484 decretis
2451 3429 2604 3484 beati
2639 3429 2899 3502 Gregorii
2930 3446 3093 3503 papa:
3120 3431 3458 3504 didicimus,
3491 3434 3695 3490 eadem
3741 3435 3829 3492 in-

2171 3515 2304 3572 sula
2335 3517 2393 3571 in
2411 3519 2547 3590 jure
2569 3533 2636 3572 ac
2666 3518 3033 3589 subjectione
3063 3524 3279 3575 sanctis
3311 3520 3471 3578 sedis
3489 3521 3825 3593 apostolicae

2170 3604 2460 3662 consistit.
2483 3604 2866 3662 Petitionibus
2891 3605 3010 3662 tuis
3031 3606 3212 3678 igitur
3242 3607 3502 3666 faventes
3530 3615 3589 3666 et
3615 3627 3821 3668 assen-

2169 3711 2302 3749 sum
2325 3694 2670 3766 praebentes,
2700 3695 2812 3751 sub
2833 3695 2991 3750 omni
3026 3696 3359 3768 integritate
3391 3697 3683 3756 donamus
3711 3701 3822 3756 tibi

2167 3788 2344 3854 atque
2374 3783 2813 3840 successoribus
2844 3781 2961 3839 tuis
2981 3785 3248 3840 eamdem
3281 3785 3538 3842 insulam
3568 3793 3625 3841 et
3659 3788 3818 3845 idem

2167 3873 2588 3928 monasterium
2617 3871 2896 3928 Arlucum
2929 3889 3062 3927 cum
3093 3873 3371 3928 omnibus
3392 3875 3504 3930 sibi
3527 3877 3823 3946 pertinen-

2164 3961 2342 4018 tibus.
2365 3961 2446 4017 De
2473 3961 2692 4032 quibus
2721 3961 2771 4016 si
2803 3961 2938 4033 quis
2965 3965 3020 4016 te
3044 3961 3130 4016 vel
3164 3978 3534 4020 successores
3565 3970 3696 4021 tuos
3725 3967 3819 4024 in-

2162 4049 2321 4120 juste
2348 4049 2684 4120 pulsaverit,
2706 4048 2900 4122 gladio
2932 4052 3560 4108 excommunicationis
3591 4056 3821 4112 noverit

2164 4152 2227 4192 se
2258 4137 2604 4194 feriendum.
2638 4137 2922 4196 Volumus
2952 4144 3149 4194 autem
3181 4146 3246 4196 ut
3275 4142 3579 4198 annuatim
3611 4145 3682 4199 ad
3723 4161 3817 4201 se-

2163 4226 2435 4298 pulcrum
2492 4226 2648 4283 beati
2711 4227 2864 4283 Petri
2923 4227 3182 4301 quinque
3239 4228 3458 4286 solidos
3505 4237 3818 4305 argenteos

2163 4314 2368 4371 exinde
2396 4315 2710 4388 persolvas.
2731 4316 2803 4373 Ut
2835 4317 2954 4372 haec
2986 4322 3185 4374 nostra
3217 4319 3534 4376 auctoritas
3554 4321 3813 4394 vigorem

2163 4409 2221 4460 et
2251 4404 2609 4462 soliditatem
2634 4405 2692 4460 in
2715 4411 3061 4478 perpetuum
3085 4407 3368 4477 obtineat,
3394 4408 3589 4481 sigillo
3612 4416 3813 4466 nostro

2163 4495 2550 4568 signavimus,
2581 4499 2640 4550 et
2670 4511 2848 4550 manu
2883 4500 3084 4551 nostra
3113 4496 3501 4553 firmavimus.

2232 4585 2529 4656 Scriptum
2561 4600 2663 4656 per
2692 4600 2934 4640 manum
2957 4585 3236 4656 Stephani
3264 4587 3474 4641 notarii
3497 4588 3813 4661 regionarii

2162 4679 2336 4746 atque
2360 4671 2652 4729 scriniarii
2669 4673 2728 4729 S.
2749 4673 3022 4728 Romanae
3045 4673 3309 4730 Ecclesiae
3331 4675 3386 4730 in
3411 4691 3611 4732 mense
3635 4676 3811 4743 Maio,

2161 4763 2363 4818 indict.
2389 4780 2464 4819 vr.
2499 4763 2652 4818 Bene
2681 4761 2883 4818 valete.

2229 4851 2440 4907 Datum
2471 4869 2507 4906 χ
2533 4850 2661 4906 Kal.
2685 4851 2845 4908 Junii
2876 4868 2980 4924 per
3011 4869 3250 4908 manum
3282 4853 3526 4910 Joannis
3547 4855 3811 4928 episcopi

2159 4939 2535 4997 Salernitanee
2566 4939 2855 5009 Ecclesia-3,
2889 4957 3042 4996 anno
3093 4957 3150 4996 IV
3197 4943 3573 5014 pontificatus
3603 4944 3811 5000 domni

2159 5029 2342 5086 nostri
2367 5029 2688 5085 Benedicta:
2708 5045 2868 5101 papa:
2886 5029 3007 5098 VII,
3028 5030 3350 5102 imperante
3367 5032 3582 5086 domno
3605 5038 3812 5089 nostro

2157 5119 2365 5176 Ottoue
2387 5135 2422 5175 a
2450 5119 2566 5174 Deo
2588 5123 2860 5174 coronato
2881 5135 3092 5193 magno
3110 5125 3168 5176 et
3189 5121 3429 5192 pacilico
3454 5121 3811 5194 imperatore

2157 5225 2308 5264 anno
2339 5225 2418 5274 x1,
2451 5207 2509 5262 in
2532 5223 2735 5264 mense
2765 5207 2937 5274 Maio,
2971 5208 3174 5264 indict.
3206 5226 3285 5264 γι.

2155 5394 2256 5432 ara
2303 5375 2532 5506 intluco
2581 5376 2789 5434 Veneri
2838 5394 3022 5448 sacra,
3057 5396 3090 5434 a
3139 5395 3252 5451 quo
3291 5381 3397 5435 Ara
3445 5379 3558 5436 luci
3587 5394 3809 5436 nomen

2155 5465 2350 5506 accepi
2385 5489 2398 5506 .

2155 5465 2398 5524 accepit.
