4068 6172
335 261 455 336 337

1513 255 1917 320 EPISTOL/E
1959 253 2064 316 ET
2103 254 2569 323 PRIVILEGIA.

3629 263 3747 326 338

336 401 396 452 et
428 393 816 469 principibus,
849 394 1214 466 ducibusque
1262 396 1318 449 et
1367 391 1704 460 comitibus,
1729 389 1816 448 vel
1862 389 1991 446 uni-
2021 389 2080 458 Α
2107 407 2240 450 mus
2271 398 2464 451 autem
2487 413 2522 452 a
2543 395 2852 456 Salomone
2875 396 2956 455 ita
2975 397 3212 456 condita
3240 395 3516 469 fuerat,ut
3537 397 3748 455 domus

331 485 520 541 versis
551 484 610 539 in
639 489 762 540 toto
791 484 928 540 orbe
958 489 1248 539 terrarum
1279 483 1508 539 Christo
1551 479 1993 548 famulantibus,

335 573 590 647 qualiter
620 573 907 646 synodum
959 577 1343 646 aggregatum
1375 578 1465 627 est
1494 571 1554 626 in
1587 569 1810 626 ecclesa
1837 569 1992 624 beati

331 663 484 718 Petri
537 661 933 734 apostolorum
988 661 1294 734 principis,
1343 663 1476 716 ante
1525 657 1990 715 sacratissimum

327 755 457 825 ejus
489 770 728 823 corpus,
756 769 873 806 una
921 767 1057 806 cum
1107 751 1324 806 domno
1375 749 1584 804 Ottone
1615 747 1990 803 serenissimo

327 842 683 915 imperatore
743 843 1013 913 augusto,
1073 838 1362 910 spirituali
1421 837 1539 892 tilio
1600 839 1818 902 nostro,
1853 851 1987 890 cum

329 931 551 987 nostris
609 929 1016 1002 sull‘raganeis,
1047 926 1522 998 archiepiscopis,
1565 930 1622 982 et
1676 923 1986 997 episcopis,

327 1019 710 1094 presbyteris,
746 1024 803 1074 et
834 1017 1200 1084 diaconibus,
1233 1015 1320 1071 vel
1352 1020 1561 1069 cuncto
1593 1013 1744 1070 clero
1774 1017 1987 1068 sanctis

325 1107 630 1166 catholicae
651 1111 707 1163 et
727 1106 1058 1180 apostolica:
1083 1107 1355 1162 Romana:
1385 1102 1751 1159 EcclesizeEt
1770 1101 1987 1158 ibidem

323 1197 585 1272 perlecta
633 1201 771 1251 sunt
819 1194 1076 1267 capitula
1106 1195 1176 1250 de
1207 1193 1388 1249 sacris
1420 1191 1762 1259 eanonibus,
1798 1189 1986 1262 quali-

323 1294 418 1344 ter
445 1285 647 1341 liceret
705 1285 976 1358 episcopo
1015 1283 1102 1352 .de
1149 1282 1332 1337 sacris
1365 1281 1420 1335 id
1453 1285 1538 1336 est
1571 1278 1984 1349 (ecclesiasticis)

321 1375 634 1434 ordinibus
665 1373 902 1444 aliquod
935 1371 1241 1444 praemium
1275 1371 1555 1442 accipere.
1579 1369 1648 1424 Et
1669 1367 1987 1424 auxiliante

322 1467 540 1532 Deo,et
567 1467 862 1519 annuente
893 1462 1020 1533 ipso
1044 1459 1446 1533 apostolorum
1478 1457 1738 1530 principe
1769 1457 1983 1513 beatis-

321 1555 479 1612 simo
503 1551 765 1618 Petro,in
787 1551 991 1606 eodem
1023 1549 1148 1605 loco
1182 1548 1560 1604 interdictum
1593 1551 1684 1603 est
1712 1545 1986 1618 primitus

319 1663 359 1702 a
389 1647 592 1699 nostro
629 1641 865 1714 proprio
893 1656 1011 1706 ore,
1047 1643 1102 1694 et
1131 1643 1332 1711 postea
1361 1655 1394 1692 a
1424 1636 1654 1692 cunctis
1682 1635 1983 1691 venerabi-

319 1733 486 1790 libus
517 1727 972 1802 archiepiscopis
1004 1732 1061 1782 et
1091 1727 1379 1798 episcopis
1399 1725 1458 1780 in
1481 1726 1684 1782 eodem
1719 1721 1985 1782 sacratis-

321 1821 480 1880 simo
509 1819 636 1876 loco
665 1816 1082 1884 residentibus,
1103 1815 1258 1888 quod
1281 1815 1351 1872 ab
1376 1815 1490 1870 ista
1521 1813 1666 1869 hora
1694 1812 1754 1868 in
1786 1817 1978 1880 antea,

321 1912 400 1970 ab
432 1908 674 1967 ostiario
705 1924 894 1980 usque
926 1906 999 1962 ad
1031 1905 1446 1973 sacerdotium,
1470 1901 1700 1960 nullum
1734 1901 1988 1974 pretium

321 2001 540 2059 exinde
567 2002 910 2070 accepturos
943 1994 1272 2063 esse,sicuti
1297 1995 1354 2049 in
1377 1991 1626 2049 decretis
1649 1997 1988 2048 sanctorum

321 2092 572 2149 Patrum
619 2087 975 2144 continetur.
1038 2083 1381 2157 (Chalcedon.
1417 2099 1543 2138 can.
1577 2081 1657 2154 2.)
1703 2103 1732 2132 «
1764 2082 1823 2137 Si
1855 2080 1988 2154 quis

323 2179 668 2253 (episcopus
716 2191 820 2248 per
874 2175 1184 2247 pecuniam
1217 2171 1416 2228 fecerit
1449 2171 1900 2238 ordinationem,
1934 2173 1992 2226 et

325 2269 443 2326 sub
465 2267 648 2340 pretio
677 2263 964 2338 redegerit
995 2263 1404 2336 gratiam,qua3
1437 2277 1551 2316 non
1582 2257 1986 2332 potestvendi,

327 2353 826 2426 ordinaveritque)
851 2369 954 2425 per
975 2350 1254 2426 pecunias
1277 2351 1617 2423 episcopum
1639 2352 1742 2404 aut
1761 2349 1993 2420 presby-

329 2449 662 2514 terum,aut
692 2441 1120 2511 diaconum,vel
1153 2439 1478 2512 quemlibet
1506 2456 1574 2494 ex
1603 2437 1694 2493 his
1726 2437 1824 2508 qui
1855 2453 1992 2492 con-

337 2539 730 2594 numerantur
759 2533 818 2586 in
851 2531 1024 2598 clero,
1060 2535 1161 2588 aut
1191 2529 1544 2602 promoverit
1575 2544 1676 2600 per
1715 2526 1994 2598 pecunias

337 2625 952 2698 dispensatorem,aut
981 2621 1370 2688 defensorem,
1394 2617 1482 2672 vel
1515 2631 1870 2689 quemquam
1894 2614 1994 2686 qui

339 2715 648 2786 subjectus
676 2715 766 2767 est
793 2709 1026 2783 regula),
1046 2724 1150 2781 pro
1174 2723 1280 2763 suo
1312 2705 1638 2778 turpissimi
1675 2703 1819 2760 lucri
1847 2718 2000 2760 com-

340 2802 518 2860 modo
543 2818 557 2855 :
592 2801 642 2856 is
663 2799 754 2855 cui
779 2798 887 2854 hoc
911 2796 1221 2854 attentanti
1245 2796 1559 2868 probatum
1581 2790 1999 2865 fuerit,proprii

341 2893 564 2968 gradus
622 2885 880 2962 periculo
939 2885 1286 2957 subjacebit.
1321 2884 1392 2939 Et
1421 2882 1520 2956 qui
1553 2881 1860 2938 ordinatus
1887 2883 1997 2950 est,

343 2979 496 3038 nihil
526 2996 596 3035 ex
641 2978 750 3033 hac
805 2975 1172 3032 ordinatione
1219 2971 1304 3028 vel
1339 2970 1722 3041 promotione,
1753 2984 1881 3042 quae
1911 2973 2003 3027 est

342 3087 448 3145 per
477 3065 932 3140 negotiationem
966 3063 1136 3130 facta,
1172 3060 1436 3134 proficiat
1461 3077 1476 3128 ;
1501 3059 1600 3116 sed
1625 3058 1704 3114 sit
1723 3056 1952 3115 alienus
1969 3070 2004 3114 a

2103 481 2206 537 Dei
2236 489 2561 554 vocaretur,
2593 489 2886 558 essetque,
2917 487 3070 544 sicut
3099 487 3224 560 ipse
3276 485 3750 560 sapientissimus

2103 587 2219 626 rex.
2257 573 2367 628 Sed
2397 575 2610 630 domus
2641 575 3053 648 negotiationis
3103 576 3255 631 facta
3285 579 3393 642 est,
3427 573 3661 646 quando
3691 572 3751 628 in

2102 677 2170 716 ea
2199 661 2395 730 boves,
2429 668 2486 718 et
2514 681 2669 731 oves,
2703 668 2760 719 et
2789 663 3073 720 columbae
3103 665 3528 720 vendebantur.

2173 750 2332 806 Unde
2364 769 2489 818 nos,
2525 753 2855 808 charissimi
2888 754 3114 822 fratres,
3146 757 3202 808 et
3233 751 3597 809 dilectissimi
3621 749 3750 821 filii,

2101 838 2350 896 sollicite
2379 839 2619 912 vigilare
2649 847 2895 914 oportet,
2928 842 3027 914 qui
3061 842 3412 914 pastoralem
3457 855 3659 896 curam
3690 839 3750 896 in

2101 929 2316 984 nostris
2349 931 2554 986 ovibus
2586 933 2967 986 exercendam
3001 931 3394 1002 suscepimus,
3429 945 3498 985 ne
3529 946 3629 985 eas
3660 929 3749 984 lu-

2101 1017 2253 1088 pinis
2279 1019 2554 1074 dentibus
2578 1018 2917 1075 lacerandas
2935 1021 3340 1086 tradamus;et
3371 1019 3442 1075 ad
3473 1018 3748 1074 ultimum

2099 1107 2465 1180 nosmetipsi,
2500 1108 2599 1180 qui
2625 1111 2889 1181 pastores
2910 1125 3204 1176 vocamur,
3238 1107 3297 1162 in
3335 1108 3428 1163 die
3465 1107 3748 1163 tremendi

2097 1195 2380 1252 examinis
2402 1197 2554 1268 apud
2593 1197 2756 1269 pium
2781 1202 2836 1252 et
2867 1195 3186 1269 benignum
3209 1196 3470 1268 judicem
3503 1194 3625 1266 lupi
3657 1212 3747 1250 ra-

2098 1302 2267 1356 paces
2301 1286 2685 1341 inveniamur.
2706 1287 2812 1341 Pro
2835 1285 3052 1358 quibus
3073 1289 3323 1342 vestram
3349 1288 3610 1341 sanctam
3633 1284 3748 1340 fra-

2097 1373 2429 1430 ternitatem
2477 1376 2756 1447 rogando,
2791 1375 3173 1442 obsecrando,
3207 1375 3521 1444 mouendo,
3553 1378 3610 1428 et
3651 1390 3748 1428 ar—

2094 1463 2323 1535 guendo
2355 1465 2726 1531 mandamus,
2757 1468 2823 1519 ut
2853 1464 3012 1519 omni
3055 1463 3358 1520 occasione
3403 1461 3746 1534 postposita,

2094 1551 2358 1625 diligenti
2397 1552 2611 1621 studio,
2645 1558 2704 1609 et
2752 1551 3147 1610 sollicitudine
3199 1550 3474 1618 maxima,
3507 1567 3576 1606 ea
3621 1565 3748 1622 quin

2092 1641 2258 1698 vobis
2287 1643 2513 1716 agenda
2541 1640 3262 1714 transmisimus,implere
3291 1638 3748 1696 studeatis.Nam

2098 1731 2147 1788 si
2180 1730 2460 1804 quislibet
2490 1731 2983 1804 presbyterorum,
3010 1734 3112 1786 aut
3140 1729 3546 1797 diaconorum,
3567 1729 3749 1802 gratis

2097 1821 2318 1876 donum
2351 1817 2603 1892 Spiritus
2636 1819 2822 1874 sancti
2849 1819 2922 1873 ab
2955 1816 3416 1891 archiepiscopo,
3441 1815 3560 1872 sive
3579 1833 3615 1871 a
3635 1833 3752 1872 me-

2097 1907 2446 1982 tropolitano
2469 1925 2574 1964 suo
2595 1906 2855 1979 accipere
2879 1921 2994 1962 non
3016 1907 3290 1980 potuerit,
3306 1905 3542 1962 studeat
3557 1903 3752 1960 venire

2099 1999 2170 2054 ad
2202 2001 2464 2054 sanctam
2499 1999 2747 2052 matrem
2791 1995 3118 2052 Romanam
3157 1993 3476 2050 Ecclesiam
3507 1991 3751 2048 catholi-

2098 2103 2249 2154 cam,
2284 2091 2457 2158 atque
2506 2084 2910 2158 apostolicam,
2944 2089 3000 2140 et
3031 2084 3091 2140 in
3123 2083 3327 2140 eadem
3359 2080 3752 2155 episcopalem

2099 2174 2568 2232 benedictionem
2587 2173 2833 2246 accipiat
2852 2175 2977 2230 sine
2998 2174 3157 2228 omni
3183 2171 3506 2228 simoniaca
3525 2169 3752 2226 bzeresi.

2171 2265 2253 2336 (S.
2289 2265 2649 2331 Gnaeonms,
2701 2261 2802 2319 lib.
2856 2279 2928 2330 ιν,
2963 2279 3053 2334 ep.
3088 2262 3198 2333 44.)
3252 2262 3366 2317 «Is
3409 2264 3604 2316 autem
3654 2258 3754 2332 qui

2101 2354 2408 2412 ordinatus
2439 2353 2631 2420 fuerit,
2669 2353 2716 2408 si
2751 2369 2866 2408 non
2898 2370 2966 2408 ex
2997 2350 3228 2426 placito,
3278 2367 3464 2422 neque
3495 2351 3751 2416 exactus,

2103 2449 2206 2500 aut
2237 2445 2613 2516 petitus,post
2645 2445 2914 2515 acceptas
2935 2441 3168 2497 chartas
3194 2444 3250 2494 et
3281 2437 3756 2512 pallium,oﬂ‘erre

2105 2533 2324 2606 aliquid
2358 2531 2597 2588 cuilibet
2627 2547 2693 2587 ex
2727 2529 2878 2587 clero
2907 2530 3102 2602 gratia:
3135 2529 3544 2584 tantummodo
3577 2544 3757 2582 causa

2103 2621 2370 2688 voluerit,
2403 2621 2512 2676 hoc
2543 2619 2726 2693 accipi
2757 2619 2916 2676 nullo
2949 2620 3122 2674 modo
3167 2618 3588 2690 prohibemus;
3621 2615 3758 2688 quia

2108 2713 2235 2782 ejus
2265 2709 2481 2767 oblatio
2508 2709 2731 2766 nullam
2758 2707 2940 2780 culpae
2971 2705 3262 2763 maculam
3296 2705 3664 2778 ingerit,quze
3693 2721 3761 2760 ex

2109 2799 2448 2872 accipientis
2479 2799 2701 2855 ambitu
2735 2814 2850 2854 non
2882 2795 3183 2870 processit.
3222 2818 3244 2842 ι»

2180 2888 2523 2961 Quicunque
2555 2889 2626 2944 de
2675 2887 2897 2944 sanctis
2945 2883 3250 2942 ordinibus
3299 2883 3451 2939 hanc
3497 2885 3761 2939 nostram

2108 2977 2318 3036 viderit
2347 2977 2678 3052 epistolam,
2719 2979 2777 3033 et
2804 2976 2979 3032 verba
3004 2971 3092 3030 vel
3122 2970 3386 3045 exempla
3425 2975 3762 3028 sanctorum

2113 3067 2351 3125 Patrum
2383 3081 2498 3124 non
2529 3062 2936 3130 observaverit,
2962 3064 3111 3120 sciat
3141 3077 3202 3118 se
3235 3077 3349 3118 non
3380 3073 3506 3117 esse
3536 3074 3762 3116 connue

343 3131 651 3232 dignitate,
672 3154 762 3210 vel
785 3131 1200 3218 sollicitudine,
1225 3165 1403 3224 quam
1426 3147 1692 3222 pecuniis
1713 3143 1995 3220 quaesivit.

2119 3161 2404 3214 moratum
2430 3156 2581 3212 inter
2594 3151 2913 3226 discipulos
2929 3151 3160 3208 Domini
3178 3154 3235 3208 et
3249 3147 3562 3206 Salvatoris
3579 3149 3762 3204 nostri

343 3249 406 3306 Si
427 3246 561 3320 quis
580 3260 714 3300 vero
736 3242 1024 3300 mediator
1042 3245 1162 3297 tam
1187 3238 1460 3312 turpibus
1481 3243 1539 3294 et
1559 3235 1828 3294 nefandis
1849 3235 2002 3293 datis

341 3335 434 3393 vel
457 3333 716 3406 acceptis
741 3331 1065 3397 exstiterit;
1099 3329 1147 3386 si
1173 3327 1410 3402 quidem
1435 3325 1681 3383 clericus
1704 3323 2002 3394 fuerit,de-

343 3429 639 3502 ponatur;
669 3422 719 3478 si
747 3437 879 3477 vero
911 3420 1118 3487 laicus,
1155 3423 1255 3476 aut
1289 3417 1636 3486 monachus,
1671 3415 2006 3472 anathema-

343 3516 581 3572 tizetur.
606 3537 628 3564 ι

421 3604 567 3660 Item
603 3601 659 3655 in
691 3600 912 3656 eisdem
937 3598 1183 3653 decretis
1206 3599 1357 3666 (can.
1387 3598 1572 3668 apost.
1596 3595 1686 3664 30)
1711 3611 1724 3648 :
1763 3615 1784 3642 α
1821 3591 1881 3648 Si
1904 3608 2006 3664 per

344 3691 661 3768 pecuniam
703 3689 854 3744 hanc
903 3685 1165 3742 obtineat
1212 3685 1584 3758 dignitatem,
1612 3681 1923 3752 dejiciatur
1949 3683 2007 3734 et

343 3783 498 3856 ipse,
533 3783 591 3835 et
621 3777 921 3834 ordinator
941 3775 1156 3848 ejus,et
1178 3791 1213 3829 a
1233 3772 1646 3830 communione
1669 3768 1860 3825 modis
1890 3784 2010 3824 om-

343 3869 531 3928 nibus
561 3867 961 3932 abscindatur,
998 3863 1152 3920 sicut
1201 3862 1406 3918 Simon
1453 3861 1661 3933 Magus
1691 3877 1726 3916 a
1756 3859 1940 3914 Petro.
1975 3878 2004 3906 »

421 3959 640 4014 Verum
663 3955 840 4012 etiam
860 3959 1099 4027 propter
1116 3952 1278 4007 illam
1302 3950 1622 4023 pessimam
1653 3945 2009 4020 emptionem

347 4045 755 4120 Hierosolyma
777 4046 947 4116 capta
969 4047 1060 4098 est
1086 4061 1098 4108 ;
1124 4040 1262 4113 quia
1293 4040 1402 4112 ipsi
1437 4039 1767 4095 sacerdotes
1800 4033 2008 4107 iniqui,

348 4137 454 4213 qui
478 4136 806 4192 debuerant
829 4148 959 4188 esse
989 4132 1392 4188 observatores
1423 4128 1568 4200 legis
1600 4130 1657 4183 et
1677 4125 2015 4200 praedicata-

352 4243 469 4294 res,
505 4225 617 4298 ipsi
650 4223 824 4296 primi
856 4221 990 4278 facti
1033 4221 1266 4276 fuerant
1315 4217 1805 4292 praevaricatores.
1839 4213 2012 4270 Deni-

353 4332 473 4389 que
502 4315 845 4369 invenerant
876 4309 986 4366 sibi
1022 4307 1318 4382 quoddam
1368 4305 1748 4379 ingeniolum,
1783 4308 1848 4360 ut
1879 4318 2013 4376 per-

355 4403 677 4462 suaderent
705 4399 840 4456 filiis
873 4397 1050 4456 Israel
1083 4399 1154 4454 de
1187 4395 1506 4470 longinquo
1535 4393 1932 4460 venientibus,
1952 4397 2016 4448 ut

2109 3247 2249 3304 Jesu
2281 3245 2493 3304 Christi
2521 3263 2535 3313 ;
2568 3245 2666 3300 sed
2699 3244 3042 3300 damnatum
3101 3241 3254 3296 inter
3286 3237 3498 3312 impios
3528 3241 3588 3294 et
3613 3237 3766 3294 inter

2112 3353 2210 3392 eos
2241 3337 2338 3409 qui
2364 3334 2625 3392 dixerunt
2650 3333 2876 3390 Domino
2903 3332 3010 3387 Deo
3039 3350 3056 3384 :
3090 3327 3286 3385 Recede
3312 3345 3349 3384 (ι
3375 3325 3554 3392 nobis,
3583 3325 3766 3382 scien-

2113 3427 2246 3481 tiam
2275 3425 2493 3480 viarum
2518 3431 2738 3480 tuarum
2768 3422 3022 3478 nolumus
3054 3418 3168 3488 (Job
3200 3435 3314 3485 xxx,
3353 3417 3460 3488 14).

2185 3514 2288 3570 Hic
2331 3531 2464 3569 vero
2514 3512 2614 3586 qui
2665 3509 2923 3584 legitime
2954 3508 3112 3564 illam
3147 3505 3553 3574 custodierint,
3584 3509 3643 3561 et
3669 3503 3766 3578 pio

2115 3602 2333 3658 intuitu
2360 3599 3103 3671 observaverint,reeipiant
3121 3600 3346 3669 partem
3364 3611 3498 3651 cum
3528 3593 3764 3660 Abram,

2117 3693 2278 3748 Isaac
2309 3695 2366 3747 et
2394 3690 2596 3756 Jacob,
2622 3689 2680 3742 in
2704 3704 2882 3760 regno
2921 3685 3217 3752 caelorum,
3249 3700 3368 3740 una
3397 3698 3531 3738 cum
3561 3681 3768 3736 eodem

2117 3781 2364 3837 Domino
2393 3785 2451 3835 et
2479 3777 2773 3834 Salvatore
2805 3779 3003 3832 nostro
3031 3774 3174 3830 Jesu
3204 3770 3456 3837 Christo,
3486 3769 3589 3841 qui
3613 3785 3770 3825 nunc

2119 3875 2172 3926 et
2195 3886 2426 3942 semper
2451 3866 2590 3922 vivit
2621 3871 2674 3921 et
2706 3867 2912 3936 regnat
2940 3863 3094 3918 Deus
3115 3861 3175 3916 in
3208 3861 3420 3916 cuncta
3441 3856 3652 3914 saecula
3673 3873 3772 3913 sae-

2120 3957 2408 4015 culorum.

2191 4049 2351 4103 Hanc
2391 4045 2591 4116 itaque
2640 4046 2902 4098 nostram
2950 4038 3258 4112 epistolam
3287 4036 3568 4110 jubemus
3601 4038 3774 4106 atque
3811 4027 3816 4030 ’

2121 4136 2513 4211 praecipimus,
2551 4135 2614 4187 ut
2644 4147 2746 4204 per
2785 4145 3031 4185 manum
3079 4125 3410 4184 charissimi
3462 4121 3774 4182 confratris

2123 4225 2308 4283 nostri
2336 4221 2578 4280 Mironis
2607 4215 3129 4293 episcopi,cunctis
3159 4215 3290 4272 aliis
3323 4213 3778 4287 archiepiscopis

2125 4320 2180 4372 et
2200 4311 2490 4386 episcopis
2521 4310 2880 4382 deportatur,
2911 4310 2976 4362 ut
3005 4306 3160 4362 idem
3206 4304 3332 4376 ipse
3362 4321 3465 4376 per
3491 4319 3667 4359 suum
3692 4300 3777 4356 la-

2124 4405 2324 4462 borem
2356 4406 2412 4458 et
2436 4404 2750 4464 certamen,
2783 4397 3023 4470 dignam
3053 4394 3260 4450 exinde
3289 4391 3617 4448 mercedem
3642 4389 3781 4445 rcci-

351 4491 630 4564 νίοίίφδε
658 4505 858 4548 secum
882 4503 995 4544 non
1014 4487 1326 4554 deferrent:
1348 4485 1448 4541 33d
1470 4482 2016 4572 munera!i0ﬁ.cten-
2045 4505 2094 4572 D
2126 4493 2268 4567 piat,
2301 4495 2358 4547 et
2407 4491 2662 4544 fructum
2697 4486 2895 4542 aiferat
2922 4485 2980 4540 in
3015 4481 3357 4556 pmnitentia
3386 4481 3559 4553 (Forte
3585 4477 3645 4534 in
3673 4493 3780 4550 pa-

358 4581 639 4652 tibusque
659 4577 796 4648 sibi,
816 4594 929 4633 non
962 4575 1116 4632 sicut
1145 4576 1498 4647 praeceptum
1529 4575 1654 4627 erat
1683 4588 1716 4626 a
1747 4570 2014 4637 Domino,

357 4669 789 4734 immolabant;
823 4667 926 4723 sed
956 4666 1029 4721 ad
1058 4665 1169 4721 hoc
1201 4663 1314 4720 sibi
1363 4661 1756 4728 reservabant,
1793 4662 1856 4715 ut
1887 4657 2020 4714 aliis

359 4762 538 4832 atque
564 4755 696 4814 aliis
715 4755 1052 4822 venderent,
1079 4757 1136 4810 et
1153 4752 1226 4809 ad
1249 4751 1360 4809 hoc
1391 4749 1503 4806 sibi
1535 4748 1790 4822 pretium
1821 4763 2018 4803 mune-

357 4849 446 4904 ris
476 4843 960 4918 multiplicarent.

432 4937 584 4992 Nam
644 4934 801 4990 idem
859 4931 1146 4991 Dominus
1175 4935 1234 4987 et
1277 4927 1540 4986 Salvator
1597 4929 1794 4984 noster
1847 4926 2021 4982 Jesus

357 5025 662 5091 Christus,
698 5040 813 5078 non
845 5037 949 5094 per
978 5019 1316 5094 prophetas,
1351 5033 1539 5090 neque
1570 5033 1674 5089 per
1703 5013 2020 5089 apostolos,

360 5118 468 5172 aut
500 5130 605 5187 per
633 5113 898 5168 doctores
941 5109 1192 5182 aliquos,
1231 5107 1332 5164 sed
1365 5124 1468 5180 per
1498 5123 1560 5162 se
1589 5106 1807 5178 ipsum,
1837 5105 2024 5176 ﬂagel-

360 5205 484 5260 lum
539 5201 605 5258 de
660 5201 928 5274 funiculis
985 5200 1158 5271 fecit;
1188 5205 1241 5254 et
1268 5198 1424 5270 ejecit
1471 5211 1654 5251 omnes
1700 5194 1765 5249 de
1809 5195 2024 5266 templo,

365 5294 523 5350 boves
553 5307 764 5364 quoque
806 5297 858 5345 et
901 5305 1043 5353 oves,
1073 5297 1124 5344 et
1166 5286 1667 5342 nummulariorum
1709 5281 1902 5354 effudit
1927 5300 2021 5350 ws,

363 5389 419 5440 et
448 5396 666 5436 mensas
712 5379 988 5434 subvertit.
1023 5379 1088 5432 Et
1115 5377 1201 5431 his
1241 5377 1338 5448 qui
1383 5372 1657 5430 columbas
1709 5370 2022 5439 vendebant,

364 5471 517 5527 dixit
543 5487 561 5523 :
592 5470 812 5541 Auferte
850 5469 954 5523 ista
991 5465 1138 5533 hinc,
1169 5473 1223 5521 et
1267 5465 1434 5520 nolite
1462 5463 1642 5533 facere
1670 5460 1891 5517 domum
1921 5462 2029 5516 Pa-

363 5551 470 5618 ‘ris
513 5560 622 5619 ηιθί
666 5558 882 5615 domum
932 5555 1312 5630 negotia-tionis
1341 5555 1518 5624 (Joan.
1548 5569 1610 5618 ιι,
1645 5553 1733 5617 15,
1769 5549 1872 5621 16).
1917 5550 2027 5608 Do-

2127 4582 2350 4646 tientia,
2385 4579 2614 4646 Hann).

2855 4661 3051 4719 XVIII.

2128 4778 2312 4819 BULLA
2329 4773 2624 4816 BENEDICTI
2639 4769 2884 4812 PAPEVII
2897 4767 3008 4808 PRO
3030 4763 3392 4807 MONASTERIO
3410 4763 3456 4804 Β.
3472 4759 3778 4802 ῚΝΔῘΛΒῙΟΙ.

2771 4869 2957 4942 (Anno
2983 4865 3135 4937 981.)

2275 4979 2463 5054 (Apud
2495 4975 2718 5034 Mabill.
2749 4974 2950 5030 Annal.
2979 4971 3098 5028 0rd.
3130 4969 3330 5026 Bcned.
3367 4967 3460 5034 IV,
3490 4965 3646 5038 685.)

2206 5101 2566 5154 Beusmcrus
2615 5106 2816 5148 servus
2884 5101 3181 5144 servorum
3231 5083 3355 5153 Dei,
3405 5080 3789 5140 dilectissimo

2138 5191 2335 5244 nostro
2385 5182 2504 5239 filio
2553 5181 2852 5236 Rss'rocno
2915 5173 3186 5248 religioso
3235 5171 3455 5240 abbati,
3493 5169 3583 5226 vel
3631 5167 3793 5226 omni

2139 5270 2573 5348 congregationi
2596 5270 2655 5324 in
2680 5263 3033 5322 monasterio
3065 5261 3251 5319 sancti
3285 5259 3582 5326 Walarici,
3614 5275 3792 5331 quam

2139 5345 2305 5438 Ηυέο
2356 5345 2818 5435 gloriosissimus
2867 5370 3082 5421 comes,
3120 5356 3434 5422 nosterque
3470 5345 3793 5420 spiritualis

2143 5433 2320 5522 filius,
2337 5433 2396 5506 in
2421 5447 2621 5521 regula
2641 5445 2796 5501 beati
2819 5442 3114 5500 Benedicti
3148 5440 3372 5497 noviter
3400 5433 3789 5510 congregavit,

2141 5544 2467 5616 vestrisque
2501 5533 2937 5594 successoribus
2966 5531 3024 5587 in
3059 5533 3422 5606 perpetuum.
