4076 6174
303 322 419 387 339

1588 318 2002 385 BENEDICTI
2044 318 2272 381 PAPIE
2314 316 2420 381 VII

3589 311 3708 376 340

370 458 517 514 Cum
549 473 766 531 magna
796 455 964 514 nobis
998 455 1389 513 sollicitudine
1429 457 1649 511 insistit
1677 473 1817 510 cura
1846 471 1948 526 pro
1979 454 2032 521 Α
2063 451 2586 523 noreno,religioso
2607 449 2798 506 abbati
2823 454 3034 505 sanctae
3047 447 3415 505 Corbeiensis
3431 446 3708 516 ecclesiae,

302 547 593 604 universis
624 547 726 604 Dei
759 547 1033 604 Ecclesiis
1065 564 1129 600 ac
1160 546 1270 616 piis
1303 545 1463 611 locis,
1488 543 1847 615 vigilandum
1880 559 1952 598 ne

304 637 564 710 aliquam
589 635 1259 705 necessitatisjacturam
1283 634 1738 699 sustineant,sed
1766 631 1953 704 magis

305 726 550 800 propriae
563 725 836 780 utilitatis
850 723 1142 794 stipendia
1155 723 1802 794 consequanturJgitur
1817 721 1956 792 quia

305 833 408 887 per
436 815 826 868 interventum
860 813 1122 884 Hugonis
1170 812 1406 884 gloriosi
1437 812 1670 867 cornitis
1703 811 1952 866 rationa-

305 902 500 958 biliter
528 901 871 974 postulastis
902 920 935 956 a
965 903 1460 972 nobis,quatenus
1491 917 1592 972 pro
1614 917 1719 955 suo
1745 916 1955 967 magno

305 1009 502 1048 amore
534 995 710 1062 atque
743 990 1050 1045 dilectione
1095 992 1579 1045 confirmat-mnus
1625 989 1786 1043 vobis
1815 1005 1954 1058 prae-

307 1081 531 1136 dictum
562 1079 988 1135 monasterium
1018 1080 1202 1134 sancti
1227 1078 1495 1134 Walarici
1518 1095 1650 1132 cum
1683 1077 1956 1132 omnibus

306 1171 482 1226 rebus
505 1167 842 1236 mobilibus,
868 1185 1120 1239 eumque
1150 1172 1206 1222 et
1236 1166 1658 1232 immobilibus,
1694 1166 1908 1236 quibus
1927 1182 1960 1218 a

309 1258 546 1329 praefato
577 1257 817 1328 Hugoue
838 1255 1264 1326 gloriosissimo
1286 1256 1496 1310 comite
1524 1271 1801 1309 concessa
1831 1271 1959 1309 esse

311 1349 656 1413 noscuntur,
699 1344 784 1400 vel
817 1364 852 1400 a
877 1345 1098 1400 Castoris
1147 1344 1492 1400 Christianis
1522 1344 1578 1397 in
1613 1348 1957 1414 perpetuum

309 1451 588 1492 concessa
617 1437 792 1505 atque
824 1433 1033 1505 largita
1061 1451 1188 1489 esse
1208 1432 1590 1500 videntur,vel
1613 1447 1746 1486 cum
1779 1429 1958 1486 omni-

311 1525 423 1581 bus
445 1524 514 1580 ad
539 1522 735 1595 ipsum
759 1523 1181 1579 monasterium
1206 1520 1554 1594 generaliter
1574 1526 1632 1575 et
1665 1537 1817 1575 nunc
1839 1537 1961 1592 per-

309 1611 635 1669 tinentibus
665 1610 838 1668 sicuti
868 1615 976 1667 est.
999 1612 1182 1684 Igitur
1203 1609 1518 1682 privilegiis
1541 1609 1696 1665 sedis
1729 1612 1958 1680 aposto-

311 1701 434 1758 lica:
464 1699 667 1757 infulis
697 1701 1021 1766 decoretur,
1046 1704 1112 1755 ut
1159 1701 1268 1756 sub
1305 1699 1716 1772 jurisdictione
1748 1701 1962 1753 sanctae

310 1793 524 1847 nostrae
552 1787 822 1847 Ecclesiae
854 1789 1062 1846 matris
1093 1787 1805 1861 permanendum,nullius
1827 1786 1963 1841 alte-

313 1879 438 1936 rius
466 1878 734 1934 Ecclesiae
764 1877 1280 1949 jurisdictionibus
1329 1877 1816 1932 submittendum.
1857 1875 1963 1930 Pro

315 1984 433 2039 qua
463 1983 524 2022 re
555 1965 669 2038 piis
719 1964 1029 2020 desideriis
1076 1965 1356 2034 faventes,
1385 1971 1586 2021 nostra
1624 1963 1967 2020 auctoritate

315 2055 374 2112 id
415 2054 572 2127 quod
621 2051 954 2124 exposcitur
1003 2054 1233 2109 eﬂ'ectui
1279 2054 1704 2125 mancipamus.
1742 2054 1810 2108 Et
1840 2053 1968 2107 ideo

316 2159 552 2200 omnem
595 2141 915 2213 cujuslibet
944 2141 1210 2198 Ecclesiae
1243 2144 1612 2199 sacerdotum
1639 2143 1696 2197 in
1731 2142 1969 2214 praefato

318 2230 673 2288 monasterio
686 2228 990 2296 ditionem,
1007 2230 1554 2301 quamlibethabere
1566 2231 1969 2286 auctoritatem

319 2325 527 2393 praeter
569 2319 767 2376 sedem
809 2318 1188 2390 apostolicam
1221 2320 1619 2391 prohibemus,
1655 2321 1736 2375 ita
1766 2321 1830 2373 ut
1857 2317 1970 2374 nisi

319 2411 395 2466 ab
427 2409 639 2466 abbate
684 2407 872 2480 ipsius
921 2409 1260 2464 monasterii
1311 2409 1486 2464 fuerit
1533 2408 1834 2476 invitatus,
1867 2425 1972 2463 nec

319 2497 644 2554 missarum
667 2495 953 2554 solemnia
984 2497 1199 2552 ibidem
1229 2498 1522 2569 quispiam
1557 2500 1872 2569 praesumat
1890 2513 1976 2552 ce-

320 2587 548 2643 lebrare
572 2584 948 2652 omnimodo,
975 2603 1079 2641 nec
1121 2585 1354 2641 licentia
1394 2586 1491 2652 sit,
1515 2591 1578 2641 ut
1609 2587 1830 2642 dictum
1863 2589 1972 2653 est,

319 2693 388 2732 ex
409 2675 538 2746 ejus
567 2673 656 2730 vel
687 2673 964 2729 omnibus
994 2675 1184 2730 eidem
1207 2675 1560 2730 monasterio
1583 2673 1768 2729 sancti
1793 2670 1977 2729 Wala-

320 2762 428 2820 rici
460 2761 909 2835 pertinentibus,
943 2761 1122 2818 situm
1157 2764 1214 2818 in
1247 2764 1528 2818 comitatu
1558 2763 1820 2818 Witmau
1853 2761 1974 2818 cui-

318 2867 501 2925 quam
533 2869 758 2924 magnae
781 2868 1060 2923 personae,
1084 2869 1388 2924 parvasque
1407 2853 1654 2907 auferre.
1688 2851 1760 2906 Ut
1789 2851 1975 2924 profe-

320 2946 416 2998 cto
438 2942 612 3012 juxta
639 2939 698 2995 id
729 2941 884 3012 quod
926 2941 1224 3012 subjectos
1254 2941 1408 2996 idem
1441 2946 1504 2996 ut
1531 2941 1587 2995 in
1622 2939 1976 2995 monasterio

321 3029 633 3102 apostolici
684 3028 987 3085 constituti
1039 3034 1211 3100 atque
1259 3029 1542 3101 privilegii
1572 3029 1858 3095 consistit,
1891 3028 1979 3083 in-

321 3134 606 3174 concusse
636 3117 958 3172 dotandum
987 3122 1340 3188 permaneat.
1359 3119 1418 3173 Si
1443 3119 1577 3190 quis
1599 3116 1978 3188 autem,quod

2061 547 2377 614 nostroque
2397 539 2776 596 dilectissimo
2799 538 2914 593 lilio
2934 539 3173 611 suisque
3192 538 3632 594 successoribus
3653 539 3710 594 in

2063 637 2429 704 perpetuum.

2135 720 2279 774 Cum
2304 736 2549 773 summae
2573 717 2904 789 apostolica:
2935 716 3239 788 dignitatis
3259 733 3404 788 apex
3426 716 3484 770 in
3504 715 3611 771 hoc
3633 715 3714 770 di-

2063 807 2179 862 vini
2205 810 2496 878 profectus
2518 807 2704 860 nitore
2734 805 3100 878 dignoscitur
3130 805 3630 876 praefulgere,cum
3654 805 3714 860 in

2066 896 2402 951 exercendis
2425 896 2521 950 Dei
2546 895 2821 949 laudibus
2843 893 2932 948 sui
2957 893 3280 964 impensius
3312 894 3541 949 studuit
3561 894 3717 948 labo-

2068 985 2147 1039 ris
2179 984 2448 1039 exbibere
2479 989 2775 1038 certamen
2801 1000 2814 1048 ;
2845 983 2919 1036 ob
2951 982 3059 1038 hoc
3094 983 3289 1038 debita
3321 1001 3424 1038 nos
3449 983 3715 1054 ejusdem

2067 1073 2394 1145 apa'istoliean
2427 1071 2733 1143 pastoralis
2765 1070 3050 1143 compulit
3093 1071 3504 1127 sollicitudinis
3553 1090 3713 1138 cura,

2068 1162 2348 1234 quidquid
2373 1162 2439 1214 ad
2467 1159 2843 1221 stabilitatem
2867 1159 3093 1232 piorum
3126 1161 3411 1231 pertinere
3431 1162 3721 1231 dignosci-

2067 1257 2164 1305 tur
2194 1251 2448 1304 locorum
2485 1249 2735 1303 ubertim
2769 1247 3149 1320 promulgari,
3181 1254 3239 1304 et
3268 1249 3595 1320 apostolicae
3623 1251 3718 1304 in-

2069 1339 2396 1394 stitutionis
2427 1355 2674 1392 censura
2704 1337 3060 1392 conﬁrmari.
3089 1335 3270 1409 Igitur
3297 1337 3435 1409 quia
3466 1339 3722 1410 postula-

2069 1429 2142 1483 sti
2180 1447 2213 1482 a
2257 1427 2424 1482 nobis
2455 1431 2744 1496 quatenus
2778 1425 3200 1480 monasterium
3233 1427 3335 1481 SS.
3369 1432 3718 1500 martyrum,

2069 1514 2512 1589 protomartyris
2542 1513 2820 1586 Stephani
2853 1518 3028 1586 atque
3056 1515 3171 1570 Viti
3203 1517 3478 1588 martyris
3509 1517 3567 1572 in
3594 1517 3722 1573 loco

2071 1605 2170 1678 qui
2202 1605 2420 1660 dicitur
2449 1602 2711 1669 Corbeia,
2745 1602 3064 1675 privilegiis
3093 1605 3250 1660 sedis
3304 1605 3633 1678 apostolicae
3664 1612 3722 1662 et

2071 1693 2274 1749 infulis
2305 1693 2628 1757 decoretur,
2663 1696 2730 1746 ut
2779 1691 2888 1746 sub
2931 1691 3344 1760 jurisdictione
3374 1698 3587 1750 sanctas
3618 1711 3722 1751 no-

2075 1787 2207 1838 strae
2241 1781 2416 1847 sedis,
2450 1780 2542 1836 cui
2594 1779 2710 1835 Deo
2759 1785 2994 1835 auctore
3041 1780 3422 1849 deservimus,
3455 1783 3724 1840 Ecclesia:

2067 1870 2582 1944 jurisdictionibus
2612 1869 3030 1923 submittatur:
3065 1886 3167 1941 pro
3199 1887 3315 1942 qua
3345 1887 3405 1926 re
3435 1871 3549 1943 piis
3578 1873 3727 1929 desi-

2077 1959 2252 2015 deriis
2284 1961 2538 2014 faventes
2570 1957 2679 2012 hac
2711 1962 2912 2013 nostra
2951 1958 3317 2028 auctoritate,
3344 1959 3402 2014 id
3432 1961 3584 2031 quod
3619 1977 3720 2034 po-

2077 2048 2262 2104 stulas
2293 2047 2519 2103 eII'ectui
2571 2047 2997 2118 mancipamus,
3029 2050 3088 2102 et
3136 2063 3368 2104 omnem
3410 2047 3728 2119 cujuslibet

2078 2137 2332 2194 ecclesiae
2364 2137 2746 2202 sacerdotem,
2781 2135 2842 2189 in
2876 2136 3112 2206 prmfato
3162 2138 3516 2194 monasterio
3553 2131 3728 2194 ditio-

2079 2244 2211 2281 nem
2256 2225 2578 2297 quamlibet
2609 2225 2820 2279 babere
2851 2228 2909 2278 et
2939 2225 3370 2293 auctoritatem,
3403 2232 3611 2298 praeter
3639 2245 3730 2284 se-

2081 2315 2212 2369 dem
2237 2311 2615 2386 apostolicam
2649 2312 3027 2384 prohibemus
3051 2328 3064 2367 :
3094 2311 3176 2368 ita
3193 2319 3276 2381 ut,
3293 2315 3405 2369 nisi
3423 2317 3497 2372 ab
3519 2318 3733 2373 abbate

2082 2403 2417 2460 monasterii
2471 2402 2647 2457 fuerit
2697 2401 3000 2467 invitatus,
3029 2417 3132 2456 nec
3163 2403 3479 2459 missarum
3509 2404 3733 2462 ibidem

2082 2493 2365 2548 solemnia
2386 2491 2698 2562 quisquam
2723 2496 3038 2561 praesumat
3051 2490 3370 2559 celebrare,
3393 2495 3734 2577 omni‘rnodo

2082 2579 2761 2651 statuentes,aposlolica
2783 2596 3032 2635 censura
3059 2580 3172 2635 sub
3202 2581 3380 2636 divini
3405 2583 3616 2654 judicii
3638 2585 3736 2641 ob-

2083 2669 2476 2734 testatione,et
2496 2667 2703 2722 validis
2725 2671 2900 2739 atque
2925 2667 3311 2725 atrocioribus
3340 2671 3735 2728 anathematis

2084 2756 2683 2822 interdictionibus,ut
2713 2755 2912 2811 nullus
2943 2773 3204 2829 unquam
3236 2765 3734 2834 praesumat,qua-

2083 2864 2317 2918 cunque
2335 2845 2619 2918 dignitate
2640 2845 2718 2900 sit
2739 2843 3015 2916 praeditus
3033 2843 3118 2901 vel
3138 2848 3538 2918 potestate,vel
3553 2850 3735 2907 etiam

2084 2951 2446 3008 quaecunque
2479 2951 2693 3006 magna
2724 2949 3014 3006 parvaque
3038 2950 3286 3006 persona
3310 2935 3368 2991 in
3395 2939 3597 2994 eodem
3617 2957 3740 2996 mo-

2085 3024 2340 3081 nasterio
2362 3022 2448 3078 vel
2479 3024 2606 3094 ejus
2637 3023 2830 3079 causis
2864 3022 3220 3094 incumbere,
3252 3027 3354 3080 aut
3381 3026 3452 3082 de
3482 3028 3660 3085 rebus
3679 3034 3740 3086 et

2087 3111 2583 3188 possessionibus,
2615 3109 2702 3166 vel
2737 3111 2982 3184 quiquid
3015 3112 3086 3167 ad
3116 3111 3262 3168 illud
3311 3117 3736 3174 monasterium

322 3222 441 3262 non
471 3208 766 3276 optamus,
802 3204 1024 3260 nefario
1046 3221 1192 3260 ausu
1220 3205 1660 3277 praesumpserit
1689 3206 1974 3276 haec,quae
2005 3193 2049 3260 C
2086 3200 2376 3274 pertinere
2391 3201 2879 3272 videtur,quoquo
2902 3201 3075 3256 modo
3097 3201 3322 3258 auferre
3341 3202 3428 3259 vel
3449 3203 3733 3274 alienare;

325 3311 362 3350 ιι
384 3293 555 3348 nobis
574 3291 648 3348 ad
672 3291 904 3348 laudem
935 3291 1034 3347 Dei
1056 3309 1159 3363 pro
1183 3293 1499 3349 stabilitate
1524 3295 1649 3364 jam
1681 3293 1822 3349 dicti
1855 3310 1978 3348 mo—

326 3379 592 3449 nasterii,
644 3385 869 3436 statuta
917 3385 1076 3448 sunt,
1110 3381 1420 3452 refragare,
1451 3387 1554 3437 aut
1592 3383 1649 3436 in
1682 3398 1979 3454 quoquam

322 3469 651 3542 transgredi
688 3469 1014 3537 tentaverit,
1048 3486 1214 3525 reum
1251 3485 1334 3536 se,
1359 3475 1418 3525 et
1447 3470 1558 3525 atri
1590 3469 1980 3525 anathematis

317 3557 553 3614 vinculo
585 3557 934 3613 innodatum
967 3573 1116 3625 esse,
1149 3562 1208 3612 et
1235 3557 1467 3614 diabolo
1499 3563 1556 3614 et
1583 3559 1711 3628 ejus
1742 3558 1980 3612 atrocis-

319 3647 490 3706 simis
521 3645 772 3719 pompis,
809 3651 984 3718 atque
1041 3664 1175 3702 cum
1224 3647 1381 3703 Juda
1427 3647 1708 3702 traditore
1750 3644 1981 3717 Domini

319 3735 508 3793 nostri
537 3735 679 3792 Jesu
704 3734 920 3791 Christi
937 3737 1134 3790 aeterni
1158 3735 1411 3792 incendii
1435 3735 1722 3808 supplicio
1745 3751 1981 3790 concre-

321 3825 607 3882 mandum
639 3825 994 3896 deputamus
1015 3841 1048 3880 a
1071 3824 1336 3880 Domino.
1363 3824 1470 3890 Qui
1493 3841 1626 3879 vero
1649 3823 1743 3895 pio
1767 3823 1984 3878 intuitu

319 3919 520 3971 custos
535 3917 594 3969 et
613 3913 952 3969 observator
971 3911 1708 3979 exstiterit,benedictionis
1736 3911 1985 3983 gratiam

320 4020 355 4059 a
381 4000 935 4058 misericordissimo
967 4001 1084 4058 Deo
1117 4005 1316 4057 nostro
1349 4002 1627 4072 consequi
1668 4004 1980 4056 mercatur.

321 4094 379 4146 et
415 4090 546 4144 vitae
578 4094 803 4145 aeternae
837 4089 1128 4162 particeps
1161 4090 1311 4146 efﬁci
1347 4094 1656 4146 mereatur.
1691 4088 1986 4160 Scriptum

322 4194 426 4250 per
447 4193 658 4232 manus
682 4177 1025 4232 Bonizzonis
1049 4179 1258 4232 notarii
1279 4179 1588 4249 regionarii
1614 4181 1672 4233 et
1685 4175 1988 4248 scriptoris

324 4269 539 4322 sanctae
566 4264 841 4320 Romanae
865 4263 1134 4320 Ecclesiae
1157 4265 1216 4320 in
1241 4282 1442 4322 mense
1463 4264 1988 4337 Aprili,indictionc

325 4372 402 4412 ix.
437 4355 591 4410 Bene
619 4351 823 4409 valete.

395 4442 612 4500 Datum
631 4459 649 4497 ι
671 4439 916 4497 Kalend.
947 4441 1162 4514 Aprilis
1182 4459 1286 4514 per
1306 4459 1549 4498 manum
1572 4441 1852 4516 Stephani
1874 4443 1989 4515 epi-

2087 3288 2528 3362 promulgantes
2566 3281 2877 3360 neinpc,'ct
2897 3287 3006 3344 hoc
3027 3290 3374 3347 auctoritate
3393 3292 3548 3348 beati
3581 3294 3736 3351 Petri

2088 3377 2486 3452 apostolorum
2519 3377 2824 3449 principis,
2856 3395 3050 3434 coram
3094 3379 3210 3435 Deo
3247 3385 3306 3436 et
3335 3381 3582 3437 terribili
3606 3385 3737 3456 ejus

2089 3469 2284 3524 futuro
2307 3467 2573 3522 examine
2595 3461 2698 3538 per
2717 3467 2826 3522 hoc
2851 3472 3118 3524 nostrum
3153 3469 3543 3541 apostolicum
3576 3472 3751 3544 privi-

2090 3556 2308 3629 legium
2342 3560 2516 3628 atque
2548 3557 2932 3612 constitutum
2957 3557 3256 3614 sancimus
3274 3562 3453 3631 atque
3483 3560 3749 3617 decerni-

2093 3648 2320 3710 mus,ut
2351 3644 2476 3701 loca
2506 3661 2632 3716 quae
2665 3646 2738 3699 ab
2769 3646 2978 3700 abbate
3019 3645 3278 3718 quolibet
3307 3646 3364 3701 in
3385 3649 3588 3705 eodem
3621 3667 3750 3707 mo-

2093 3733 2348 3790 nasterio
2383 3738 2743 3789 commutata
2793 3733 2879 3789 vel
2930 3734 3106 3790 etiam
3141 3751 3419 3792 concessa
3447 3742 3606 3806 sunt,
3643 3757 3753 3796 nec

2093 3841 2207 3878 non
2240 3827 2297 3878 et
2329 3822 2454 3878 aliae
2486 3821 2768 3877 laicorum
2811 3823 3232 3894 possessiones,
3266 3843 3392 3896 quae
3424 3843 3458 3881 a
3489 3827 3753 3900 regibus,

2092 3911 2180 3966 vel
2213 3912 2490 3980 ducibus,
2522 3915 2580 3966 et
2619 3929 2652 3965 a
2697 3911 2920 3966 caeteris
2969 3911 3316 3968 Christianis
3362 3915 3433 3968 ad
3480 3917 3756 3972 eumdem

2095 4005 2363 4056 sanctum
2414 3999 2608 4056 locum
2660 3999 2883 4072 largita:
2915 4005 3091 4072 atque
3127 4000 3336 4056 oblatae
3367 4008 3528 4070 sunt,
3563 4009 3665 4060 aut
3696 4006 3760 4062 in

2095 4094 2393 4160 posterum
2420 4087 2499 4142 illi
2521 4105 2810 4144 concessae
2833 4089 3049 4144 fuerint
3071 4090 3240 4146 ﬁrma
3271 4091 3592 4147 stabilitate
3609 4111 3756 4165 pra:-

2095 4176 2234 4232 dicti
2265 4177 2602 4232 monasterii
2639 4177 3143 4250 existenda,atque
3175 4179 3232 4233 in
3267 4183 3610 4252 perpetuum
3633 4187 3754 4238 sta-

2095 4266 2319 4322 tuimus
2335 4267 2746 4337 permanenda.
2762 4267 3150 4322 Concedimus
3169 4266 3345 4323 etiam
3371 4273 3428 4324 et
3449 4270 3760 4326 confirma-

2096 4373 2230 4410 mus
2261 4355 2582 4426 apostolica
2629 4355 2973 4412 auctoritate
3025 4360 3091 4411 ut
3141 4357 3212 4413 de
3243 4356 3356 4413 alio
3397 4361 3754 4417 monasterio

2098 4444 2280 4499 abbas
2302 4444 2378 4498 ibi
2414 4461 2526 4499 non
2560 4443 3056 4513 constiuatur,sed
3089 4445 3201 4518 ipsi
3231 4446 3376 4502 servi
3414 4447 3509 4503 Dei
3543 4463 3752 4504 secun-

326 4529 487 4626 scOpi
533 4533 612 4626 et;
637 4529 1068 4626 bibliothecarii
1121 4531 1182 4626 S-.
1412 4549 1566 4586 anno
1594 4531 1987 4626 pontiﬁcatus
2027 4561 2072 4626 Β
2104 4533 2244 4588 dum
2269 4532 2529 4604 regulam
2555 4533 2703 4588 beati
2733 4533 3024 4588 Benedicti
3055 4534 3330 4601 viventes,
3351 4535 3526 4592 etiam
3551 4552 3619 4590 ex
3645 4553 3758 4594 sua

325 4619 552 4677 domini
575 4618 868 4695 Benedicti
895 4619 1257 4675 sanctissimi
1281 4619 1568 4691 VII,papae
1593 4619 1650 4674 in
1675 4621 1811 4676 sede
1833 4619 1987 4676 beati

326 4708 477 4766 Petri
509 4706 758 4780 apostoli
790 4725 894 4776 vn,
925 4707 1250 4780 imperante
1285 4709 1524 4764 ‘domno
1566 4708 1774 4764 Ottone
1803 4725 1839 4763 a
1871 4708 1988 4764 Deo

324 4801 602 4854 coronato
633 4812 848 4869 magno
881 4796 1257 4869 imperatore,
1281 4814 1436 4853 anno
1457 4813 1580 4864 xui,
1615 4797 1674 4851 in
1708 4813 1907 4852 mense
1932 4801 1989 4854 et

324 4885 644 4943 indictione
674 4901 830 4941 nona
859 4883 1127 4941 feliciter.
1161 4879 1367 4942 Ame’n.

1088 4993 1229 5048 XIX.

329 5097 627 5138 DBNEDIC‘I‘I
668 5096 829 5138 PAF/II
867 5099 945 5137 VII
984 5098 1252 5137 EPISTULA
1290 5098 1363 5136 AD
1404 5095 1780 5137 LIUDOLI’IIUM
1821 5095 1990 5134 ABBA-

868 5171 936 5208 ΤΕ
945 5172 985 5208 Μ
1026 5171 1226 5208 CUIIDEI
1238 5170 1420 5213 ENSEM
1431 5194 1443 5206 .

971 5243 1157 5314 (Anno
1195 5242 1346 5310 981).

331 5330 668 5388 Corbeiensis
714 5332 1035 5386 monasterii
1070 5333 1207 5402 jura
1255 5332 1538 5402 conﬁrmat
1576 5339 1625 5385 et
1653 5329 1990 5402 pontiﬁcalia

747 5409 1070 5457 ornamenta
1097 5403 1281 5457 abbati
1309 5403 1566 5458 cunmm.

523 5489 712 5561 (Apud
745 5489 954 5555 Mansi,
987 5487 1144 5545 Coac.
1187 5495 1328 5544 toni.
1363 5491 1503 5562 XIX,
1538 5488 1644 5545 col.
1677 5490 1789 5558 55.)

402 5596 760 5652 BENEDIC’I‘US
791 5596 1120 5668 episcopus,
1147 5611 1348 5650 servus
1376 5613 1676 5651 servorum
1701 5596 1821 5662 Dei,
1847 5596 1982 5652 LIU-

2106 4621 2338 4692 propria
2367 4623 2813 4694 congregatione
2834 4627 3180 4694 potestatem
3203 4623 3455 4696 eligendi
3481 4625 3756 4681 abbatem

2099 4709 2372 4766 habeant.
2391 4713 2637 4782 Insuper
2665 4711 2842 4765 etiam
2876 4711 3254 4768 concedimus
3278 4717 3344 4767 ut
3365 4712 3421 4768 in
3445 4712 3760 4790 praecipuis;

2097 4800 2532 4864 festivitatibus,
2559 4799 2615 4853 id
2638 4804 2728 4854 est
2759 4799 2817 4853 in
2839 4798 3029 4854 Natali
3064 4799 3514 4873 Domini,atque
3541 4802 3598 4855 in
3624 4801 3729 4874 Epi

2099 4887 2333 4959 phania,
2366 4893 2422 4942 et
2454 4887 2863 4959 purificatione
2910 4892 3127 4944 sanctae
3162 4888 3381 4956 Mariae,
3413 4889 3508 4944 die
3542 4890 3759 4946 Resur-

2099 4975 2396 5040 rectionis,
2430 4981 2487 5030 et
2518 4975 2914 5042 Ascensionis,
2948 4976 3304 5043 Pentecoste,
3336 4982 3395 5032 et
3442 4978 3758 5034 festivitate

2099 5067 2157 5118 S.
2191 5064 2437 5118 Joannis
2472 5064 2764 5134 Baptistae,
2799 5065 2856 5118 in
2904 5065 3188 5121 natalitiis
3235 5065 3660 5137 apostolorum,
3692 5068 3750 5121 in

2099 5152 2513 5206 festivitatibus
2545 5152 2602 5206 S.
2641 5153 2834 5207 Mariae
2865 5159 2922 5208 et
2952 5159 3314 5220 sanctorum,
3349 5172 3598 5226 quorum
3630 5171 3754 5210 mc-

2098 5241 2360 5311 ritisjam
2387 5242 2608 5295 dictum
2645 5243 3067 5298 monasterium
3091 5243 3423 5298 dedicatum
3447 5244 3750 5306 est,abba;~.

2097 5331 2284 5402 ipsius
2316 5330 2420 5384 loci
2474 5329 2628 5384 intra
2676 5331 2994 5386 missarum
3035 5331 3320 5386 solemnia
3348 5331 3664 5387 alalmatica
3692 5337 3753 5387 et

2097 5418 2378 5473 sandaliis
2410 5424 2629 5473 utatur.
2655 5419 2711 5473 Si
2737 5420 2870 5490 quis
2893 5425 3110 5486 autem,
3135 5421 3287 5492 quod
3313 5438 3424 5475 non
3449 5424 3745 5492 optamus,

2098 5508 2315 5562 nefario
2347 5525 2496 5562 ausu
2529 5508 2968 5579 prazsumpserit
3003 5507 3094 5564 his
3125 5527 3250 5581 qua:
3283 5528 3316 5564 a
3347 5509 3516 5564 nobis
3537 5509 3609 5565 ad
3625 5507 3755 5565 Ian--

2097 5596 2229 5651 deni
2258 5595 2358 5652 Dei
2382 5614 2482 5668 pro
2507 5594 2962 5667 stabilitatejam
2986 5597 3126 5654 dicti
3159 5598 3498 5656 monasterii
3525 5601 3750 5657 statuta
