4116 6176
287 320 411 409 395

1453 309 1906 374 EPISTOLIE
1951 310 2048 401 ΕΤ
2082 312 2553 403 rawIaniA.

3599 329 3716 413 3.46

283 469 466 533 sensu
497 454 555 509 et
583 448 969 509 communiori
991 447 1281 521 voluntate
1300 440 1689 533 fratrum,qu_i
1718 438 1967 533 ibidem
1996 447 2052 515 Α
2081 448 2418 507 risdictione
2452 456 2664 510 sanctae
2697 456 2930 526 nostrae,
2962 453 3053 511 cui
3077 454 3193 511 Deo
3215 459 3447 513 auctore
3476 459 3718 516 deservi-

285 544 408 600 Deo
428 530 722 609 serviunt,
754 539 839 596 vel
873 539 1108 596 inantea
1138 542 1276 599 sunt
1315 534 1599 602 servituri,
1632 530 1969 597 elegerint.

284 633 422 689 Hmc
444 630 672 699 omnia,
695 646 818 703 quae
842 628 1248 702 suprascripta
1269 631 1426 697 sunt,
1444 620 1845 683 concedimus
1866 624 1971 680 tibi

284 721 608 777 Benedicto
639 719 856 787 abbati,
891 717 1135 789 tuisque
1184 715 1617 773 successoribus
1649 711 1716 765 in
1758 725 1969 787 perpec

282 816 460 866 tuum
494 826 600 881 pro
630 805 1055 879 omnipotentis
1087 806 1186 862 Dei
1219 822 1416 862 amore
1463 808 1519 861 et
1558 794 1751 859 sancti
1789 798 1964 872 Petri,

281 903 623 971 nostraeque
654 897 861 952 anima:
902 894 1328 967 redemptione,
1368 895 1503 950 item
1536 897 1591 948 et
1620 905 1728 965 pro
1763 908 1966 949 amore

282 987 568 1060 Rodgarii
615 984 846 1042 comitis
894 984 1271 1041 Carcassonze
1319 988 1377 1041 et
1425 982 1695 1055 conjugis
1746 980 1959 1054 ipsius,

286 1093 520 1132 necnon
555 1074 884 1148 Raymundi
910 1072 1129 1129 .dilecti
1179 1071 1281 1128 filii
1331 1073 1470 1140 mei,
1505 1076 1570 1127 ut
1620 1069 1858 1126 illorum
1886 1072 1964 1128 sit

285 1182 522 1222 merces
556 1165 615 1219 in
650 1166 1023 1236 perpetuum.
1058 1164 1132 1216 At
1160 1178 1290 1216 vero
1322 1160 1421 1233 qui
1455 1163 1653 1217 custos
1683 1164 1740 1216 et
1771 1161 1965 1216 obser-

285 1259 461 1310 vator
488 1254 664 1309 fuerit
684 1251 862 1323 hujus
893 1250 1084 1306 nostri
1116 1248 1415 1322 apostolici
1449 1250 1805 1322 prmcepti,et
1833 1267 1963 1306 con-

292 1341 631 1398 ﬁrmatione
665 1338 1001 1396 Christiana
1028 1336 1496 1393 benedictionem
1530 1330 1564 1391 ά
1596 1337 1781 1406 Patre,
1802 1340 1860 1392 et
1881 1336 1965 1392 Fi-

295 1431 402 1499 lio,
439 1435 497 1486 et
529 1428 750 1502 Spiritu
781 1430 1011 1493 sancto,
1040 1425 1101 1481 in
1140 1424 1415 1481 omnibus
1462 1430 1874 1498 consequatur,
1908 1430 1965 1481 et

293 1521 435 1575 vita;
469 1522 695 1575 mternze
728 1514 1025 1589 particeps
1055 1514 1208 1571 efﬁci
1240 1518 1533 1570 mereatur
1552 1513 1612 1568 in
1633 1513 1846 1569 saecula
1866 1532 1964 1570 sa:-

292 1609 608 1675 culorum;
641 1610 699 1662 et
746 1602 849 1677 qui
895 1603 1208 1659 observare
1265 1600 1537 1671 noluerit,
1571 1601 1965 1659 anathematis

290 1697 536 1755 vinculo
568 1695 645 1752 sit
674 1694 1019 1761 innodatus,
1054 1695 1112 1749 et
1140 1708 1175 1748 a
1202 1707 1379 1765 regno
1410 1692 1510 1748 Dei
1558 1691 1784 1748 alienus
1835 1709 1961 1764 per-

294 1794 561 1857 maneat.

371 1875 672 1949 Scriptum
705 1889 808 1947 per
854 1887 1106 1928 manum
1154 1869 1453 1944 Stephani,
1489 1869 1697 1927 notarii
1727 1874 1786 1927 et
1816 1869 1963 1928 scri-

295 1964 480 2024 niarii
510 1966 727 2022 sanctae
750 1963 1031 2019 Romanae
1061 1959 1354 2019 Ecclesiae.
1393 1961 1548 2018 Bene
1571 1957 1773 2017 valete.

1046 2076 1235 2135 XXIV.

300 2187 607 2230 BENEDICT!
662 2185 825 2233 ΡΛΡλε
877 2185 959 2223 VII
1015 2183 1387 2224 PRIVILEGIUM
1447 2184 1557 2223 PRO
1610 2183 1968 2224 MONASTERIO

486 2260 539 2299 8.
580 2256 931 2315 SALVATORIS
973 2256 1041 2293 ΕΤ
1079 2256 1127 2294 S.
1171 2256 1333 2296 PETRI
1373 2254 1787 2296 GEMBLACINSI.

962 2346 1149 2418 (Anno
1177 2346 1327 2419 933.)

508 2454 697 2528 [Apud
730 2451 958 2510 Mabill.
992 2452 1115 2508 Acta
1142 2452 1235 2509 SS.
1269 2454 1410 2510 Smc.
1443 2452 1513 2521 V,
1545 2468 1600 2526 p.
1630 2451 1780 2524 300.]

390 2572 752 2627 Bessum-rus
783 2567 1118 2642 episcopus,
1149 2584 1349 2624 servus
1373 2584 1673 2624 servorum
1698 2568 1819 2637 Dei,
1846 2568 1972 2624 reli-

308 2660 478 2735 gioso
511 2660 706 2716 abbati
729 2655 1082 2714 venerabilis
1109 2656 1423 2713 monasteri
1446 2658 1632 2714 sancti
1656 2656 1969 2714 Salvatoris

320 2750 561 2807 Domini
596 2749 780 2804 nostri
811 2748 954 2804 Jesu
985 2746 1198 2802 Christi
1230 2762 1294 2802 ac
1326 2745 1514 2802 sancti
1548 2746 1697 2802 Petri
1748 2746 1972 2803 noviter

316 2836 405 2895 ibi
466 2837 794 2906 constituti,
845 2835 1091 2907 suisque
1146 2834 1585 2892 successoribus
1643 2835 1702 2891 in
1760 2852 1969 2910 perpe-

316 2933 517 2985 tuum.

388 3017 539 3073 Cum
570 3030 789 3088 magna
818 3012 989 3070 nobis
1016 3011 1409 3068 sollicitudine
1442 3012 1660 3070 insistit
1696 3031 1836 3071 cura
1866 3032 1970 3089 pro

314 3104 612 3163 universis
641 3103 744 3161 Dei
776 3101 1039 3160 ecclesiis
1072 3119 1138 3159 ac
1166 3101 1279 3175 piis
1310 3101 1454 3159 locis
1500 3102 1865 3177 invigilandi,
1899 3120 1971 3162 ne

317 3192 523 3268 aliqua
550 3192 900 3250 necessitate
923 3192 1221 3263 jacturam
1253 3191 1603 3261 sustineant,
1637 3193 1739 3249 sed
1780 3192 1969 3267 magis
2007 3196 2052 3266 C

319 3283 572 3358 propria:
602 3279 876 3338 utilitatis
897 3279 1191 3355 stipendia
1212 3285 1666 3355 consequantur.
1687 3283 1821 3339 Ideo
1846 3299 1977 3340 con-

316 3373 483 3430 venit
513 3390 620 3429 nos
649 3375 773 3428 tota
802 3368 1113 3443 pastoralis
1142 3370 1357 3427 mentis
1388 3370 1721 3444 integritate
1750 3389 1976 3430 eorum-

322 3464 462 3519 dem
492 3459 913 3519 venerabilium
942 3458 1203 3516 locorum
1225 3460 1480 3516 maxime
1500 3460 1896 3534 integritatem
1918 3467 1976 3520 et

318 3550 707 3627 stabilitatem
731 3565 1066 3622 procurare,
1091 3551 1149 3603 et
1169 3549 1266 3606 sed
1276 3546 1371 3606 ulo
1391 3565 1593 3605 eorum
1617 3548 1974 3623 utilitatibus

318 3639 593 3719 subsidia
622 3638 743 3695 illic
772 3638 1055 3704 conferre,
1088 3641 1153 3693 ut
1183 3637 1299 3693 Deo
1342 3642 1540 3693 nostro
1589 3637 1974 3712 omnipotenti

316 3730 404 3798 id,
439 3730 594 3802 quod
626 3746 731 3801 pro
761 3729 890 3800 ejus
919 3725 1101 3784 sancti
1137 3725 1392 3783 nominis
1422 3726 1660 3795 honore,
1693 3727 1868 3784 etiam
1900 3731 1971 3785 ad

313 3818 556 3876 laudem
587 3822 763 3891 atque
791 3816 1037 3890 gloriam
1068 3816 1197 3888 ejus
1227 3815 1435 3872 divinae
1458 3817 1974 3889 majestatis,vene-

315 3898 610 3983 rabilibus
641 3925 751 3963 nos
784 3910 1009 3962 certum
1039 3908 1129 3961 est
1158 3904 1473 3961 contulisse
1507 3903 1671 3972 locis,
1704 3906 1781 3961 sit
1812 3924 1971 3963 acce-

314 3984 857 4071 ptabile,nobisque
870 3995 942 4051 ab
957 3994 1086 4066 ejus
1099 3992 1974 4066 locupletissimamisericordia

314 4086 502 4160 digna
516 4084 857 4158 hujusmodi
882 4083 960 4156 pii
983 4082 1176 4155 operis
1193 4082 1251 4137 in
1271 4082 1513 4139 sidereis
1535 4083 1866 4139 conferatur
1889 4102 1974 4141 ar-

314 4176 491 4232 cibus
521 4172 934 4230 remuneratio.
972 4171 1157 4245 Igitur
1187 4172 1325 4244 quia
1353 4171 1696 4245 postulastis
1716 4190 1749 4228 a
1779 4174 1969 4242 nobis,

316 4267 613 4337 quatenus
643 4280 747 4336 pro
772 4262 874 4319 Dei
892 4260 1317 4334 omnipotentis
1340 4277 1538 4318 amore
1555 4278 1619 4318 ac
1642 4261 1863 4318 domini
1881 4263 1974 4320 Ot-

312 4353 477 4409 tonis
499 4349 1021 4425 praecellentissimi
1044 4346 1435 4422 imperatoris,
1452 4350 1753 4424 nostrique
1774 4351 1972 4409 dilecti

316 4441 453 4510 filii,
475 4442 927 4498 concederemus
951 4444 1124 4512 atque
1146 4436 1628 4496 confirmaremus
1649 4439 1813 4497 vobis
1835 4458 1974 4513 prm-

317 4531 549 4587 dictum
582 4529 1004 4587 monasterium
1036 4528 1093 4584 in
1116 4528 1333 4585 honore
1357 4529 1544 4597 sancti
1569 4527 1884 4585 Salvatoris
1904 4547 1973 4586 ac

317 4620 513 4678 sancti
546 4617 697 4676 Petri
730 4620 1155 4685 constructum,
1190 4632 1325 4679 cum
1356 4616 1630 4674 omnibus
1652 4617 1826 4674 rebus
1849 4634 1973 4674 mo-

317 4708 547 4765 bilibus
563 4711 738 4781 atque
755 4704 1178 4774 immobilibus,
1195 4721 1320 4777 qua:
1338 4705 1447 4762 sub
1465 4706 1667 4762 eodem
1685 4711 1973 4763 monaste-

319 4799 411 4855 rio
427 4797 695 4869 adjacere
717 4812 784 4852 ac
805 4793 1093 4868 pertinere
1109 4791 1399 4863 videntur,
1414 4798 1535 4851 tam
1552 4794 1777 4852 mansis
1794 4812 1970 4868 quam

316 4874 502 4944 etiam
535 4883 765 4954 castris,
796 4883 951 4940 villis
982 4886 1155 4955 atque
1186 4881 1501 4952 casalibus,
1532 4887 1655 4940 tam
1687 4901 1813 4957 quas
1836 4901 1974 4957 prae-

320 4980 526 5033 sentes
556 4977 716 5042 sunt,
750 4988 922 5045 quam
957 4989 1083 5043 qua:
1111 4969 1285 5026 etiam
1315 4989 1502 5044 usque
1536 4972 1591 5027 in
1628 4974 1804 5027 finem
1845 4988 1975 5031 esse

322 5065 647 5130 debebunt,
680 5062 883 5134 posita:
932 5061 989 5116 in
1040 5059 1185 5129 loco,
1220 5060 1319 5132 qui
1374 5064 1615 5117 vocatur
1673 5062 1971 5131 Gimblaus,

322 5151 707 5210 concedimus
738 5154 911 5222 atque
936 5148 1356 5204 confirmamus
1382 5148 1702 5220 apostolica
1731 5149 1977 5205 auctori-

323 5232 466 5311 tate,
493 5245 559 5297 ut
587 5241 659 5296 de
690 5238 802 5295 alio
835 5236 1189 5294 monasterio
1212 5236 1394 5292 abbas
1415 5236 1495 5292 ibi
1519 5254 1633 5293 non
1662 5237 1977 5293 constitua-

322 5335 443 5398 tur,
477 5329 581 5387 sed
610 5328 723 5401 ipsi
754 5326 906 5384 servi
956 5326 1056 5383 Dei
1105 5327 1428 5382 secundum
1482 5326 1743 5397 regulam
1786 5329 1974 5385 sancti

323 5418 627 5476 Benedicti
675 5416 953 5484 viventes,
982 5432 1050 5471 ex
1094 5432 1202 5471 sua
1252 5415 1483 5488 propria
1531 5415 1977 5487 congregatione

324 5511 678 5581 potestatem
704 5504 953 5579 eligendi
985 5503 1217 5560 abbatis
1238 5503 1509 5571 habeant,
1534 5504 1832 5575 abbasque
1859 5506 1975 5575 pri-

320 5596 554 5673 vilegiis
572 5596 736 5653 sedis
755 5593 1085 5671 apostolicae
1111 5592 1311 5651 infulis
1333 5594 1730 5662 decoretur-,ut
1754 5593 1863 5649 sub
1877 5593 1974 5666 ju-

2079 554 2230 605 mus,
2259 539 2527 596 Ecclesia:
2548 542 2927 610 constitutus,
2954 542 3174 599 nullius
3196 543 3434 602 alterius
3454 546 3720 605 Ecclesia:

2068 627 2583 699 jurisdictionibus
2614 631 3017 686 submittatur.
3052 632 3121 687 Et
3149 631 3276 689 ideo
3307 634 3619 708 cujuslibet
3640 653 3723 692 ec-

2076 717 2261 773 clesim
2292 720 2633 791 episcopum
2674 720 2731 775 in
2784 721 3021 791 prtefato
3079 723 3433 778 monasterio
3480 725 3722 782 ditionis

2076 806 2403 879 quamlibet
2433 810 2646 865 habere
2670 809 3077 865 auctoritatem
3100 811 3621 883 prohibemus,nisi
3644 819 3724 870 ta-

2074 914 2205 952 men
2238 898 2618 953 benedicendi
2652 898 2861 953 habeat
2884 898 3181 954 licentiam
3208 917 3220 953 :
3249 904 3570 957 statuentes
3593 921 3725 976 apo-

2074 986 2281 1041 stolica
2310 1002 2558 1042 censura
2589 991 2765 1059 atque
2788 987 3132 1043 auctoritate
3156 988 3306 1043 beati
3331 990 3479 1044 Petri
3501 994 3724 1063 aposto-

2071 1074 2259 1130 lorum
2296 1075 2578 1147 principis
2597 1075 2707 1129 sub
2725 1074 2902 1130 divini
2916 1075 3121 1145 judicii
3140 1076 3524 1134 obtestatione
3543 1096 3607 1135 ac
3626 1098 3721 1136 va-

2070 1163 2207 1220 lidis
2230 1167 2406 1236 atque
2440 1164 2738 1220 atrocibus
2769 1162 3163 1221 anathematis
3194 1165 3720 1235 interdictionibus,

2073 1256 2141 1308 ut
2168 1251 2367 1309 nullus
2400 1270 2659 1324 unquam
2694 1258 3028 1308 nostrorum
3062 1270 3467 1310 successorum
3492 1256 3725 1328 pontifi-

2073 1358 2206 1398 cum
2237 1340 2325 1397 vel
2358 1340 2471 1397 alia
2501 1359 2677 1414 parva
2716 1358 3044 1414 magnaque
3093 1359 3360 1414 persona,
3396 1344 3619 1416 aliquid
3654 1348 3727 1401 de

2073 1431 2249 1488 rebus
2276 1429 2363 1485 vel
2395 1430 2868 1501 possessionibus
2890 1431 2959 1485 ad
2986 1429 3137 1485 idem
3163 1431 3587 1502 pertinentibus
3608 1452 3730 1491 mo-

2073 1517 2418 1586 nasterium,
2454 1519 2681 1574 auferre
2711 1518 2797 1574 vel
2832 1517 3088 1575 alienare
3128 1525 3466 1591 prmsumat.
3500 1522 3558 1578 Si
3592 1524 3727 1595 quis

2073 1612 2292 1675 autem,
2327 1608 2482 1679 quod
2510 1624 2627 1663 non
2659 1607 2974 1677 credimus,
2998 1606 3217 1664 nefario
3242 1625 3388 1665 ausu
3410 1626 3586 1684 parva
3607 1628 3728 1669 ma-

2073 1713 2307 1771 gnaque
2338 1712 2609 1769 persona,
2641 1701 2843 1753 contra
2872 1697 2981 1754 hoc
3016 1700 3284 1754 nostrum
3334 1699 3721 1772 apostolicum

1990 1821 2042 1889 B
2068 1785 2449 1869 privilegium
2482 1801 2650 1858 egere
2681 1785 3003 1855 tentaverit,
3038 1787 3184 1842 sciat
3223 1802 3286 1843 se
3334 1788 3726 1845 anathematis

2068 1875 2312 1933 *vinculo
2345 1890 2473 1932 esse
2503 1872 2873 1946 innodatum,
2899 1893 2964 1931 ac
2992 1894 3026 1931 a
3048 1891 3225 1949 regno
3248 1876 3349 1932 Dei
3372 1876 3727 1945 alienum,ac

2075 1982 2210 2023 cum
2244 1964 2521 2022 omnibus
2551 1963 2749 2037 impiis
2773 1970 2986 2021 esterno
3010 1963 3263 2020 incendii
3287 1964 3572 2037 supplicio
3595 1983 3726 2023 con-

2075 2058 2419 2114 damnatum
2445 2070 2459 2109 :
2495 2057 2554 2110 at
2581 2070 2713 2111 vero
2739 2053 2840 2127 qui
2862 2054 3200 2111 observator
3218 2055 3502 2111 exstiterit
3520 2073 3730 2130 praece-

2077 2147 2183 2222 pti,
2215 2143 2467 2219 gratiam
2490 2161 2557 2199 ac
2586 2142 3047 2201 misericordiam
3069 2143 3367 2216 vitamque
3390 2147 3665 2201 {sternam
3694 2162 3729 2200 a

2078 2232 2626 2292 misericordissimo
2658 2233 2774 2291 Deo
2807 2231 3209 2307 multipliciter
3239 2239 3651 2307 consequatur.

2150 2323 2447 2395 Scriptum
2478 2340 2580 2396 per
2610 2339 2852 2380 manum
2876 2320 3155 2378 Bonifacii
3182 2321 3392 2378 notarii
3416 2320 3727 2396 regionarii

2080 2429 2146 2470 ac
2178 2410 2468 2469 scriniarii
2515 2416 2728 2468 sancta:
2779 2413 3051 2469 Romanae
3099 2410 3367 2468 Ecclesiae
3417 2413 3476 2468 in
3527 2429 3731 2470 mense

2080 2502 2309 2569 Martio,
2342 2500 2659 2558 indictione
2687 2520 2763 2557 x1.
2799 2502 2949 2557 Bene
2979 2500 3181 2556 valete.

2151 2593 2366 2649 Datum
2396 2608 2495 2645 vm
2529 2590 2650 2647 Kal.
2682 2588 2897 2662 Aprilis
2926 2607 3029 2663 per
3056 2606 3267 2646 manus
3298 2591 3577 2664 Stephani
3609 2590 3730 2663 epi-

2079 2680 2240 2753 scopi
2259 2696 2325 2735 ac
2345 2678 2771 2735 bibliothecarii
2799 2683 3011 2733 sanctae
3038 2677 3196 2734 sedis
3218 2679 3731 2751 apostolicae,anno

2080 2768 2458 2843 pontificatus
2478 2767 2695 2823 domini
2723 2768 2904 2823 nostri
2934 2764 3229 2822 Benedicti
3258 2766 3615 2823 sanctissimi
3640 2785 3730 2823 se-

2079 2858 2249 2932 ptimi
2280 2873 2443 2930 papm
2476 2874 2551 2924 1x,
2587 2856 2910 2928 imperante
2942 2855 3179 2911 domino
3211 2858 3410 2911 nostro
3458 2854 3667 2911 Ottone
3696 2875 3732 2913 a

2079 2948 2197 3005 Deo
2228 2952 2523 3015 coronato,
2554 2961 2767 3017 magno
2799 2961 2867 3000 ac
2898 2943 3140 3017 pacifico
3185 2941 3556 3017 imperatore,
3577 2961 3731 3011 anno

2078 3055 2194 3107 xvx,
2231 3034 2290 3091 in
2322 3051 2523 3092 mense
2554 3050 2621 3092 ac
2653 3032 2972 3091 indictione
3004 3030 3218 3107 quibus
3248 3050 3450 3108 supra.

2086 3285 2372 3326 PLACITUM
2412 3284 2702 3345 RQMANUM
2731 3286 2764 3324 A
2796 3282 3105 3325 BENEDIC’I‘O
3142 3284 3221 3323 VII
3261 3284 3406 3325 PAPA
3446 3285 3728 3329 HABI’I’UM.

2723 3385 2911 3454 (Anno
2940 3382 3093 3453 983.)

2085 3503 2184 3558 Leo
2213 3501 2377 3557 abbas
2407 3509 2720 3558 sanctorum
2757 3500 2961 3571 Cosme:
2986 3508 3038 3558 et
3065 3501 3325 3559 ι)αωὶαηί
3358 3504 3535 3560 multa
3574 3506 3731 3562 resti-

2350 3598 2499 3646 tuere
2527 3592 2737 3661 cogitur
2762 3590 3092 3646 monasterio
3120 3589 3460 3650 Sublacensi.

2121 3705 2309 3776 [Apud
2355 3704 2762 3771 Muratorium,
2795 3705 2918 3761 Ant.
2950 3707 3074 3761 Ital.
3108 3710 3252 3761 tom.
3286 3707 3331 3775 1,
3364 3725 3496 3780 pag.
3542 3712 3697 3782 379.]

2154 3818 2368 3874 Charta
2424 3819 2791 3875 refutationis
2841 3821 2914 3876 de
2958 3818 3185 3886 Arsule,
3217 3821 3289 3875 de
3340 3822 3628 3892 Rubiano,
3662 3826 3734 3882 de

2081 3907 2370 3976 Anticulo,
2403 3911 2460 3963 et
2488 3909 2560 3963 de
2582 3905 2711 3963 aliis
2736 3907 2953 3975 fundis,
2970 3926 3096 3980 qua:
3121 3909 3392 3965 refutavit
3413 3911 3525 3967 Leo
3550 3913 3732 3969 abbas

2080 4000 2418 4053 sanctorum
2478 3996 2700 4052 Cosmm
2749 4001 2808 4051 et
2855 3995 3121 4053 Damiani
3175 3997 3247 4052 ad
3304 4000 3729 4057 monasterium

2081 4085 2269 4141 sancti
2298 4084 2613 4141 Benedicti.

2151 4176 2316 4230 Anno
2346 4174 2721 4246 pontiﬁcatus
2751 4175 2951 4231 domni
2984 4174 3273 4232 Benedicti
3299 4178 3517 4235 summi
3550 4182 3736 4254 ponti-

2082 4262 2228 4331 ficis,
2262 4268 2319 4319 et
2348 4262 2695 4320 universalis
2725 4264 2827 4319 VII
2857 4281 3019 4337 papa:
3046 4264 3103 4319 in
3147 4266 3550 4325 sacratissima
3596 4270 3733 4327 sede

2082 4352 2233 4407 beati
2270 4350 2418 4407 Petri
2450 4350 2718 4424 apostoli,
2752 4370 2905 4408 anno
2956 4371 3012 4419 x,
3042 4354 3163 4409 sive
3186 4355 3403 4412 domno
3427 4357 3635 4413 Ottone
3655 4359 3729 4427 Il,

2082 4456 2295 4513 magno
2325 4441 2693 4512 imperatore,
2728 4458 2846 4497 suae
2877 4442 3730 4525 coronationis‘quintodecimo

2082 4546 2257 4594 anno,
2290 4528 2391 4585 sed
2422 4532 2479 4585 et
2507 4529 2690 4601 hujus
2718 4529 2934 4602 Aprilis
2967 4530 3210 4603 mensis,
3236 4531 3553 4603 indictione
3574 4532 3733 4590 χι.οι

2082 4635 2173 4685 ea,
2203 4634 2330 4690 quae
2358 4616 2622 4691 legaliter
2650 4617 2904 4674 difﬁnita
2934 4624 3075 4675 sunt
3095 4606 3569 4691 enterprmsentia
3589 4621 3733 4677 dati-

2079 4723 2283 4763 vorum
2325 4706 2617 4779 judicum,
2648 4707 2859 4763 iterum
2921 4724 3105 4762 non...
3158 4707 3228 4762 Et
3274 4706 3415 4779 quia
3470 4707 3733 4766 humana

2081 4811 2249 4853 mens
2280 4811 2512 4868 semper
2540 4795 2598 4851 in
2621 4795 2972 4869 cogitatione
3003 4798 3345 4866 praesentem
3371 4794 3532 4852 nullo
3557 4798 3729 4854 modo

2081 4884 2396 4957 perfectam
2442 4884 2630 4940 valeat
2676 4882 2893 4953 ubique
2939 4881 3153 4936 habere
3202 4882 3570 4951 memoriam,
3600 4885 3729 4942 ideo

2081 4973 2465 5029 eruditissimi
2499 4988 2764 5038 sanxere,
2794 4974 2859 5024 ut
2890 4986 2991 5040 per
3039 4968 3464 5041 scripturarum
3516 4974 3728 5030 seriem

2083 5066 2354 5118 taxantur
2385 5076 2452 5115 ea
2473 5078 2598 5132 qua:
2620 5060 2691 5114 ab
2716 5058 2859 5130 ipsis
2881 5057 3094 5112 fuerint
3115 5055 3392 5127 difﬁnita,
3414 5064 3473 5115 et
3494 5080 3729 5119 omnem

2084 5149 2264 5207 totius
2292 5148 2413 5204 litis
2444 5150 2749 5203 amoveant
2770 5144 3616 5219 qumstionemﬂancjudicati
3634 5169 3732 5223 pa-

2083 5239 2283 5311 ginam
2313 5254 2441 5292 esse
2470 5235 2786 5307 ascriptum
2811 5233 3157 5305 juvantibus
3208 5236 3727 5312 asserentibusque

2076 5325 2381 5400 judicibus
2402 5321 2811 5379 sacratissima:
2831 5320 2993 5377 urbis
3011 5323 3225 5391 Romze,
3247 5324 3570 5397 qualiterin
3593 5346 3731 5401 pra:-

2085 5413 2273 5472 sentia
2300 5409 2655 5469 sanctissimi
2688 5428 2849 5484 papae
2880 5414 2938 5467 et
2961 5412 3378 5467 venerabilium
3429 5416 3726 5489 episcopo-

2086 5520 2217 5560 rum
2249 5506 2306 5557 et
2335 5500 2543 5557 diversi
2575 5501 2793 5574 gradus
2820 5501 3161 5558 clericorum
3190 5502 3518 5574 apostolicae
3550 5506 3725 5575 sedis,

2086 5608 2310 5652 necnon
2344 5593 2399 5646 et
2428 5589 2749 5651 multorum
2792 5589 3113 5655 illustrium
3162 5590 3441 5663 virorum,
3477 5611 3727 5670 quorum
