4076 6174
369 335 486 402 347

1656 326 1808 388 BEN
1815 321 2076 386 EDIGTI
2116 319 2345 386 ΡΑΡιΕ
2386 322 2494 385 VII

3653 320 3770 384 348

369 485 612 545 nomina
641 479 884 540 inferius
915 472 1164 552 propriis
1193 468 1466 528 manibus
1511 467 1920 530 subnotantur,
1954 466 2011 520 et
2038 457 2094 525 Α
2124 457 2280 514 dices
2312 457 2615 513 dixerunt:
2637 453 2843 552 Geram
2875 455 3043 514 nobis
3071 457 3371 532 proferant
3401 454 3768 530 scriptiones,

369 579 466 636 hic
497 573 806 649 praesentia
827 569 936 626 inci
944 566 1112 640 piunt
1135 561 1370 618 nomina
1394 577 1404 614 :
1431 557 1835 626 videlicetjam
1857 555 2010 609 dicto

371 643 580 740 praesul
631 680 747 719 una
793 677 925 716 cum
987 655 1312 712 Giribertus
1369 655 1582 704 sanctae
1631 643 2012 702 Tortonensis

371 732 638 812 Bcclesim
697 751 1040 822 episcopus;
1093 744 1295 800 Petrus
1341 739 1650 812 episcopus
1713 732 2012 805 Papiensis

370 843 637 901 Ecclesia:
669 821 747 912 (is
773 839 927 893 enim
961 833 1248 890 ambobus
1283 847 1384 900 per
1404 843 1692 884 consensu
1727 821 2007 896 pontifici,

368 953 433 990 ac
458 931 725 1004 jussione
755 924 1148 998 imperatoria,
1167 938 1305 976 cura
1328 915 1604 974 audiendi
1625 912 1924 968 veritatem
1945 928 2010 965 eo

367 999 536 1080 missi
567 1020 749 1088 sunt),
784 1013 1096 1085 Gregorius
1126 1015 1336 1068 saneta).
1370 1003 1714 1062 Albanensis
1743 999 2010 1056 Ecclesia:

369 1111 678 1184 episcopus
697 1127 710 1172 ;
727 1109 838 1162 Leo
852 1107 1062 1159 sanctae
1082 1098 1347 1155 Ecclesiae
1367 1093 1650 1151 Ostiensis
1672 1092 2010 1162 cpiscopus;

368 1201 398 1256 J
407 1181 624 1256 oannes
635 1197 822 1252 virum
836 1189 1223 1248 venerabilem
1244 1188 1424 1242 abbas
1438 1181 1774 1238 monasterii
1791 1182 2010 1236 Sanch

370 1287 582 1352 Mariae,
609 1285 762 1358 quod
793 1284 974 1340 situm
1002 1285 1092 1335 est
1120 1279 1192 1333 ad
1227 1277 1425 1341 Farfa;
1451 1273 1607 1328 Boizi
1633 1267 2015 1342 prudentissi-

370 1394 504 1434 mus
535 1375 717 1430 abbas
748 1371 899 1428 beati
925 1368 1084 1425 Pauli
1107 1364 1386 1439 apostoli;
1415 1365 1614 1419 Petrus
1640 1360 1938 1431 presbyter
1957 1361 2015 1412 et

369 1466 552 1521 abbas
569 1461 906 1518 monasterii
937 1457 1123 1513 sancti
1155 1452 1506 1510 confessoris
1523 1454 1695 1522 atque
1718 1445 2012 1520 pontificis

369 1552 566 1611 Basilii
587 1571 602 1620 ;
621 1552 877 1608 Joannes
897 1543 1245 1602 venerabilis
1265 1541 1546 1598 diaconus
1570 1543 1784 1594 sancta:
1809 1537 2014 1591 Bema-

366 1661 453 1698 naa
495 1641 800 1705 Ecclesiaa;
845 1636 1181 1709 Stephanus
1229 1631 1330 1688 Dei
1380 1627 1741 1702 providentia
1795 1627 2011 1680 saneta:

365 1731 524 1788 sedis
540 1727 869 1803 apostolicae
892 1722 1290 1798 primicerius;
1310 1720 1422 1774 Leo
1439 1716 1540 1774 Dei
1564 1717 1774 1789 pietate
1795 1711 2011 1768 Areba-

2122 551 2182 602 et
2209 565 2296 616 ea,
2333 564 2460 618 quae
2511 543 2831 602 anteriores
2879 553 3184 618 apparent,
3219 545 3278 602 in
3329 547 3474 619 ipsis
3521 550 3766 602 constet.

2122 637 2286 690 Tune
2314 635 2487 690 Leoni
2523 634 2718 690 abbati
2755 636 3054 706 proferens
3085 653 3253 691 suam
3299 635 3676 707 scriptionem
3711 635 3768 689 in

2121 741 2298 779 manu
2339 725 2552 796 judici,
2584 723 2730 778 dixit
2765 739 2778 777 :
2813 722 3036 791 Videte,
3073 725 3121 779 si
3156 724 3323 780 nobis
3366 725 3600 795 justum
3643 728 3768 790 est;

2122 831 2237 868 non
2265 813 2386 868 litis
2417 813 2673 885 amplius
2707 811 2938 868 faciam.
2965 813 3130 867 Tunc
3153 813 3486 884 Stephanus
3511 811 3774 884 primice-

2123 903 2244 958 rius
2271 901 2459 974 legere
2492 902 2684 974 cwpit.
2719 901 2978 956 Joannes
3029 901 3311 956 diaconus
3360 901 3583 968 audito,
3615 901 3768 972 quod

2120 997 2380 1064 tempore
2409 989 2657 1046 Alberici
2691 989 2830 1044 olim
2865 989 3262 1044 Romanorum
3305 990 3530 1061 patricii
3565 990 3774 1045 fuisset

2123 1084 2178 1137 id
2213 1080 2521 1152 scriptum,
2544 1079 2626 1134 ait
2652 1096 2662 1132 :
2691 1078 2922 1134 Sufficit
2944 1079 3132 1134 nobis.
3155 1079 3368 1134 lterum
3391 1080 3563 1134 modo
3586 1078 3776 1134 videa-

2122 1187 2254 1225 mus
2275 1167 2609 1225 monasterii
2643 1167 2828 1222 sancti
2856 1167 3148 1222 Benedicti
3177 1167 3774 1240 scriptiones.Eadem

2122 1260 2264 1314 hora
2285 1257 2629 1314 Benedictus
2647 1256 2948 1328 presbyter
2960 1273 3026 1311 ac
3040 1255 3387 1328 pra'positus
3405 1254 3528 1312 suis
3546 1255 3776 1328 privile-

2121 1349 2234 1421 giis
2256 1349 2374 1402 hmc
2400 1350 2687 1418 prmccpta
2711 1345 3158 1400 ostendit.Tune
3176 1344 3530 1416 supradictis
3546 1345 3773 1400 Joanne

2123 1438 2366 1493 diacono
2400 1440 2458 1490 et
2480 1434 2784 1506 judieibus
2817 1432 3036 1506 pariter
3063 1431 3577 1504 apprehenderunt
3617 1433 3770 1505 ipsa,

2121 1529 2178 1582 et
2204 1525 2561 1597 incipiebant
2593 1521 2800 1594 legere.
2838 1521 3097 1576 Primum
3135 1521 3437 1577 inventum
3469 1527 3578 1590 cst,
3615 1526 3679 1578 ut
3709 1522 3772 1576 in

2123 1612 2521 1687 suprascripto
2555 1610 2908 1667 monasterio
2942 1608 3128 1666 sancti
3153 1610 3445 1666 Benedicti
3469 1611 3778 1666 confirma-

2123 1709 2250 1760 tum
2285 1703 2492 1758 fuisset
2521 1700 2686 1769 locis,
2720 1718 2848 1772 qua:
2879 1700 3083 1754 subter
3112 1699 3449 1756 neminandi
3479 1703 3638 1768 sunt,
3662 1700 3777 1756 Za-

364 1787 450 1877 rio
489 1787 702 1876 sarictze
751 1787 998 1872 summa;
1048 1809 1378 1883 apostolicae
1427 1787 1618 1872 sedis;
1650 1802 1858 1858 Aczoni
1910 1799 2007 1856 Dei
2039 1829 2090 1895 Β
2127 1793 2333 1848 cheria:
2357 1795 2570 1848 sancta:
2593 1789 2907 1846 memoriae.
2933 1787 3266 1844 Secundum
3294 1787 3653 1845 sanctissimi
3677 1805 3778 1860 pa-

1511 1893 1520 1895 _
1936 1888 1973 1895 __
2241 1881 2278 1895 η
2461 1879 2494 1892 ..
2553 1880 2598 1895 ,π
2671 1878 2707 1895 ,.
2889 1875 2901 1895 .
3023 1894 3068 1895 η
3217 1877 3228 1888 .
3329 1875 3644 1895 κνήμη

363 1909 553 1983 gratia
581 1902 1094 1979 protoscriniarius
1122 1905 1181 1955 et
1210 1893 1601 1970 apocrisarius
1624 1897 1836 1948 sanctae
1855 1888 2009 1945 sedis

364 1978 693 2072 apostolicae
720 2013 734 2063 ;
760 1995 958 2064 Rigizo
981 1995 1040 2045 et
1060 1986 1406 2044 Benedictus
1437 1983 1764 2072 dativorum
1789 1978 2012 2051 judici-

362 2068 510 2155 bus;
540 2087 796 2143 Joannes
829 2076 1175 2149 consul,pui
1199 2079 1440 2130 vocatur
1459 2068 1862 2144 primicerius;
1886 2069 2014 2124 Ser-

363 2177 496 2248 gius
525 2191 722 2232 comes
754 2167 990 2244 palatii;
1020 2168 1168 2222 Aczo
1199 2163 1299 2236 qui
1329 2167 1387 2218 et
1423 2160 1586 2216 Abho
1637 2158 2008 2248 nominatur;

361 2245 617 2321 Joannes
650 2257 1056 2334 primicerius;
1091 2254 1380 2310 Berardus
1409 2266 1606 2306 comes
1633 2245 1884 2302 civitatis
1912 2245 2008 2300 Ti-

362 2353 610 2410 burtinae
635 2333 886 2420 ;7Agino.
920 2347 1022 2402 His
1046 2343 1321 2400 omnibus
1354 2343 1412 2396 et
1440 2338 1637 2411 plures
1680 2333 2009 2391 astantibus

363 2443 426 2496 in
454 2440 701 2497 basilica
730 2437 882 2493 beati
914 2433 1066 2490 Petri
1098 2427 1497 2504 apostolorum
1541 2423 1824 2499 principis
1855 2421 2008 2477 intro

361 2529 642 2602 Ospitale,
675 2529 734 2582 in
767 2522 1062 2582 consualis
1093 2525 1181 2577 est
1207 2516 1487 2574 nominati
1523 2532 1683 2587 papae
1715 2511 2006 2602 dormien-

359 2597 534 2686 dum;
569 2616 626 2672 in
661 2631 862 2672 eorum
894 2609 1202 2684 praesentia
1231 2605 1420 2662 evenit
1454 2603 1800 2659 Benedictus
1823 2597 2008 2655 humi-

359 2706 434 2763 lis
466 2705 786 2778 presbyter,
809 2702 920 2757 hac
939 2695 1318 2772 praepositum
1341 2691 1688 2749 venerabilis
1710 2693 2002 2778 monaste-

359 2795 427 2852 rii
458 2775 612 2852 beati
646 2775 842 2849 Patris
891 2784 1186 2846 Benedicti
1237 2788 1294 2840 et
1339 2786 1550 2838 sanctae
1610 2775 2002 2842 Scholasticis,

359 2885 514 2959 quod
544 2881 784 2957 ponitur
814 2881 873 2936 in
899 2875 1174 2940 Sublaco,
1207 2890 1325 2928 una
1353 2887 1488 2927 cum
1537 2870 1794 2925 Joannes
1844 2881 2002 2937 pres-

357 2955 523 3047 byter
547 2955 608 3028 et
649 2968 958 3033 monacho,
993 2970 1168 3036 atque
1217 2963 1424 3017 Petrus
1472 2959 1612 3047 item
1666 2955 1958 3047 monacho

358 3041 564 3120 omnes
593 3059 654 3115 bi
695 3076 797 3130 pro
845 3073 914 3112 ex
961 3069 1211 3126 persona
1258 3049 1493 3104 illorum
1542 3044 1760 3111 abbati,
1792 3041 1892 3115 qui
1923 3041 2001 3095 ibi

359 3149 602 3206 minime
635 3147 838 3203 aderat
865 3146 1100 3215 propter
1117 3154 1351 3212 gravem
1375 3135 1800 3196 inﬁrmitatem,
1825 3145 2000 3203 quam

359 3194 1103 3309 Qt‘i".;;;;.;.‘i;"attica...
1117 3194 1407 3282 inalbebat.
1443 3223 1554 3280 Sed
1587 3194 1878 3294 praedictis
1908 3217 2002 3274 bis
2029 3194 2074 3262 C

357 3326 548 3384 tribus
575 3320 894 3380 nominatis
923 3315 1216 3381 monachi,
1242 3313 1342 3386 qui
1393 3309 1602 3383 majori
1638 3314 1698 3365 et
1735 3323 2000 3380 perscru-

359 3415 532 3473 tatori
557 3407 940 3485 suprascripti
964 3402 1301 3462 monasterii
1325 3404 1486 3466 sunt,
1500 3397 2006 3472 proclamaverunt

355 3505 417 3561 in
447 3504 736 3560 conventu
759 3499 886 3570 jam
915 3495 1056 3551 dicti
1089 3490 1344 3566 praesuli,
1382 3489 1642 3544 dicentes
1675 3503 1688 3541 :

430 3589 694 3656 Domine,
728 3583 1098 3642 sanctissime
1131 3597 1300 3654 papa,
1329 3582 1389 3634 et
1416 3594 1516 3632 vos
1545 3591 1750 3632 omnes
1795 3575 2003 3646 depre-

356 3656 562 3739 camus
590 3681 794 3734 vestrae
824 3671 1174 3738 clementiae,
1202 3673 1270 3725 ut
1299 3665 1552 3724 audiatis
1594 3668 1770 3736 atque
1814 3664 2000 3718 inten-

354 3771 507 3828 datis
551 3771 762 3826 nostrae
813 3759 1213 3836 postulationi,
1246 3773 1424 3830 quam
1473 3771 1627 3808 nunc
1677 3753 1850 3808 modo
1901 3769 2006 3824 per

353 3859 674 3916 triennium
706 3869 930 3911 annum
963 3851 1022 3905 in
1051 3852 1242 3904 vestro
1273 3862 1439 3902 sacro
1473 3841 1880 3899 Lateranensis
1902 3859 2000 3912 pa-

355 3948 496 4004 latio
517 3945 769 4020 egimus,
788 3939 1034 3998 etmodo
1053 3936 1230 3992 vestri
1254 3933 1414 3989 auris
1435 3935 1674 4004 pateant
1703 3929 2000 3986 audiendi.

357 4017 620 4092 Dicimus
649 4034 720 4089 de
740 4030 854 4086 isto
878 4027 1053 4084 Leoni
1077 4023 1273 4081 abbati
1295 4017 1636 4076 monasterii
1666 4023 2002 4074 sanctorum

357 4125 578 4180 Cosme:
628 4124 688 4175 et
735 4115 1026 4182 Damiani,
1068 4113 1223 4185 quod
1275 4109 1514 4182 ponitur
1559 4107 1618 4161 in
1667 4105 1836 4173 Cave,
1869 4105 2006 4178 quia

357 4215 561 4269 contra
587 4205 772 4263 nostri
802 4201 1144 4260 monasterii
1174 4199 1486 4256 insidiatus
1508 4200 1614 4264 est,
1637 4201 1695 4250 et
1713 4195 1890 4250 etiam
1911 4211 2004 4250 res

359 4316 506 4373 quas
535 4301 871 4354 sanctorum
894 4295 1130 4347 tuorum
1153 4291 1588 4343 antecessorum
1615 4283 1794 4355 hujus
1815 4283 2006 4340 cathe-

357 4371 464 4445 dra
493 4375 896 4459 apostolorum
927 4378 1078 4434 Petri
1111 4394 1213 4449 pro
1243 4371 1561 4447 privilegiis
1587 4388 1656 4428 ac
1703 4373 2005 4443 praeceptis

357 4496 426 4536 ex
456 4475 632 4532 vestri
664 4469 866 4530 scrinii
895 4473 1094 4526 nostro
1126 4463 1478 4520 monasterio
1517 4477 1877 4528 concessere,
1909 4460 2003 4516 hic

2120 1900 2204 1954 pa:
2238 1879 2516 1954 Gregorii.
2553 1878 2816 1934 Tertium
2847 1875 2952 1949 pia:
2987 1877 3280 1932 memoriae
3329 1875 3538 1933 Sicolai
3577 1877 3774 1933 Romze

2120 1969 2352 2042 pracsul.
2388 1972 2670 2036 Quartum
2705 1965 3168 2022 confirmationis
3193 1983 3352 2038 papae
3377 1965 3774 2022 BenedictiEt

2120 2058 2308 2115 caeteri
2343 2057 2590 2131 Lodoyci
2622 2058 2678 2112 ct
2699 2053 2886 2112 Caroli
2920 2054 3432 2112 sanctissimorum
3459 2055 3774 2128 imperato-

2121 2165 2251 2204 rum
2283 2149 2671 2202 constitutum
2705 2149 2814 2200 est.
2839 2144 3050 2200 Audito
3073 2144 3609 2216 suprascriptorum
3632 2161 3777 2217 prte-

2119 2236 2312 2293 sulum
2337 2236 2643 2292 nominaet
2656 2251 2858 2290 eorum
2872 2237 3084 2290 sancta:
3097 2233 3535 2304 operationis,ct
3548 2233 3770 2290 summi

2117 2326 2490 2398 imperatoris
2521 2325 2821 2391 virtutem,
2853 2323 3009 2394 quod
3043 2322 3092 2378 ei
3129 2339 3242 2377 non
3283 2321 3464 2388 aliud,
3501 2321 3612 2376 nisi
3663 2339 3771 2394 pro

2117 2415 2351 2471 illorum
2385 2412 2735 2480 sanctitatis,
2769 2416 2827 2467 et
2859 2411 3347 2467 remunerationis
3379 2411 3589 2467 anima":
3630 2429 3774 2466 con-

2117 2504 2364 2560 cessisse
2396 2504 2694 2570 dicuntur,
2727 2501 2914 2572 et'qui
2965 2498 3088 2554 haec
3139 2501 3404 2572 frangere
3451 2500 3634 2572 capit,
3668 2505 3774 2556 aut

2115 2593 2337 2665 aliquid
2369 2591 2636 2647 minuare
2668 2589 2794 2645 sine
2825 2605 3115 2644 consensu
3156 2589 3405 2642 fratrum
3453 2587 3772 2658 voluerint,

2115 2681 2363 2737 dubium
2397 2696 2512 2736 non
2543 2679 2642 2745 sit,
2677 2684 2742 2734 ut
2771 2679 2841 2734 ad
2865 2695 3109 2751 regnum
3135 2677 3234 2732 Dei
3261 2677 3447 2750 possit
3471 2679 3769 2735 accedere.

2114 2772 2279 2826 Tunc
2311 2769 2521 2842 praesul
2545 2767 2894 2824 Benedictus
2918 2764 3035 2822 dna
3055 2783 3189 2820 cum
3213 2766 3468 2839 episcopi
3487 2767 3770 2838 etjudici-

2114 2861 2226 2915 bus
2256 2858 2402 2914 dixit
2435 2875 2448 2912 :
2484 2857 2650 2912 Locis
2679 2855 2954 2912 omnibus
2987 2854 3329 2910 nominandi
3378 2860 3538 2910 sunt.
3574 2857 3646 2911 Et
3676 2857 3767 2911 in-

2111 2951 2395 3005 venerunt
2424 2963 2622 3002 massa
2641 2943 3013 3015 Juventiana,
3040 2961 3144 3000 seu
3167 2943 3662 3000 Seminario.ltem
3682 2944 3766 3001 lo-

2113 3054 2270 3105 cum,
2305 3036 2403 3108 qui
2436 3039 2676 3091 vocatur
2696 3033 2884 3089 sancti
2907 3031 3135 3088 Paulini
3157 3049 3292 3088 cum
3314 3032 3558 3090 ecclesia
3573 3035 3762 3090 sancti

2114 3127 2286 3196 Petri,
2317 3123 2630 3196 incipiente
2660 3123 2732 3179 ab
2764 3139 2919 3196 aqua
2947 3127 3004 3178 et
3033 3139 3186 3189 arco,
3217 3121 3316 3194 qui
3356 3125 3597 3178 vocatur
3625 3123 3765 3179 Fer-

2113 3218 2258 3272 rata.
2293 3215 2407 3270 Seu
2466 3217 2686 3279 monte,
2739 3211 2837 3284 qui
2891 3215 3132 3268 vocatur
3190 3210 3477 3280 Ruviano,
3528 3211 3588 3267 in
3644 3229 3766 3284 quo

2112 3301 2358 3361 ecclesia
2377 3301 2486 3358 fuit
2502 3304 2717 3358 sanctae
2736 3299 2952 3356 Μαι-ξω.
2965 3301 3154 3372 Atque
3175 3303 3392 3368 monte,
3409 3299 3507 3372 qui
3524 3305 3768 3357 vocatur

2111 3391 2338 3449 Arsule.
2372 3391 2608 3447 Necnon
2641 3390 2925 3458 Pantana,
2958 3407 3085 3462 qua:
3117 3388 3332 3446 dicitur
3372 3388 3764 3446 Rudimundi.

2113 3483 2183 3538 Et
2211 3480 2395 3548 locus,
2428 3479 2486 3534 in
2520 3496 2636 3552 quo
2666 3483 2756 3535 est
2785 3495 2940 3550 aqua
2969 3496 3096 3550 qua:
3127 3477 3347 3534 dicitur
3386 3477 3634 3534 Bullica.
3667 3479 3767 3536 Si-

2114 3570 2355 3643 mulque
2385 3571 2579 3637 Serra,
2601 3584 2729 3640 qua:
2747 3567 2963 3624 dicitur
2979 3567 3168 3622 sancti
3189 3567 3422 3636 Joanni,
3440 3567 3566 3641 pari
3587 3569 3765 3625 modo

2112 3665 2170 3716 et
2197 3658 2402 3726 alium,
2433 3657 2533 3730 qui
2580 3661 2638 3712 et
2683 3653 2948 3711 Anticolo
2997 3659 3270 3724 vocatur;
3303 3660 3363 3712 et
3410 3656 3627 3724 Monte,
3663 3657 3766 3730 qui

2110 3753 2352 3804 vocatur
2381 3746 2555 3802 Crufo
2589 3763 2602 3800 :
2638 3744 2836 3800 omnia
2865 3743 2977 3800 sibi
3013 3744 3260 3800 invicem
3293 3745 3672 3802 cohaerentes.

2183 3837 2327 3892 Cum
2359 3839 2554 3892 autem
2587 3833 2694 3890 has
2727 3833 2868 3889 locis
2901 3833 3218 3889 nominatis
3251 3851 3456 3890 omnes
3477 3851 3611 3890 cum
3635 3834 3764 3891 illo-

2113 3945 2244 3983 rum
2277 3924 2629 3980 tcrmiuibus
2660 3924 2718 3978 in
2740 3923 2867 3994 jam
2901 3922 3037 3979 fatis
3065 3921 3524 3997 privilegiorum,
3557 3941 3766 3981 omnes

2112 4017 2318 4072 dicunt
2345 4031 2380 4068 a
2401 4015 2527 4086 jam
2561 4011 2860 4068 nominato
2893 4011 3068 4067 Leoni
3099 4011 3320 4082 abbati,
3351 4017 3410 4068 et
3439 4031 3473 4068 a
3503 4031 3611 4069 sua
3631 4031 3765 4070 con-

2113 4103 2468 4179 gregatione,
2502 4101 2602 4173 qui
2633 4100 2714 4156 ibi
2747 4101 2989 4156 aderant
3021 4118 3034 4156 :
3065 4101 3144 4156 Te
3176 4099 3448 4157 audiente
3482 4107 3657 4174 atque
3679 4103 3763 4158 vi-

2113 4195 2284 4250 dente
2317 4190 2374 4246 in
2411 4191 2540 4245 istis
2570 4189 2716 4244 locis
2746 4191 2918 4246 vestri
2949 4189 3287 4245 monasterii
3322 4189 3462 4246 nihil
3488 4191 3761 4262 pertinet,

2114 4284 2166 4339 si
2195 4299 2308 4336 non
2340 4284 2429 4336 est
2449 4295 2740 4335 consensu
2763 4277 2872 4334 hoc
2897 4279 3164 4334 fratrum.
3191 4280 3447 4335 Tantum
3469 4280 3767 4348 enim,sic-

2114 4371 2198 4427 uti
2230 4369 2420 4442 lcgere
2446 4367 2720 4435 audietis,
2756 4367 3074 4423 nominatis
3107 4367 3250 4423 locis
3298 4367 3357 4422 in
3409 4369 3765 4424 monasterio

2114 4459 2302 4516 sancti
2337 4457 2654 4527 Benedicti,
2689 4456 2860 4528 cujus
2891 4473 2984 4512 res
3033 4461 3144 4523 est,
3183 4473 3438 4528 praesens
3487 4459 3764 4514 refutent.

357 4565 682 4625 distrahere
712 4579 778 4618 ac
807 4557 1174 4628 dissumpeie
1203 4553 1385 4626 cupit.
1413 4549 1560 4618 Quia
1589 4565 1823 4605 omnem
1864 4567 1996 4622 pos-
2030 4571 2076 4634 Ι)
2115 4549 2248 4606 Jam
2281 4546 2716 4618 suprascriptus
2747 4546 2859 4600 Lco
2881 4545 3062 4600 abbas
3084 4561 3220 4600 eum
3241 4545 3605 4620 cognovisset
3625 4546 3770 4602 veri-

357 4655 699 4715 sibilitatem
713 4650 804 4707 sui
818 4643 1156 4704 monasterii
1174 4641 1468 4708 alienavit,
1483 4644 1542 4694 et
1558 4640 2006 4710 nostrum,quod

355 4750 534 4818 caput
552 4749 662 4812 est,
684 4735 1107 4796 monasterium
1129 4733 1188 4788 in
1207 4731 1414 4788 eadem
1442 4727 1824 4800 dissipatione
1848 4728 2010 4800 cupit

355 4815 574 4892 videre.
609 4831 776 4886 Tunc
808 4825 1150 4883 nominatus
1183 4817 1395 4894 praesul
1429 4817 1570 4872 dum
1596 4815 1892 4888 iudicibus
1913 4817 2010 4872 ad-

355 4937 592 4981 versum
625 4920 814 4974 Leone
834 4915 1046 4971 abbate
1061 4911 1332 4966 dixerunt
1350 4923 1362 4962 :
1383 4907 1500 4962 Cur
1515 4910 1576 4960 tu
1593 4908 1758 4960 tanta
1773 4921 2007 4976 supers-

259 5033 271 5047 ·
358 5011 563 5068 titione
595 5011 800 5063 contra
829 5000 1250 5059 monasterium
1283 4995 1466 5053 sancti
1495 4992 1788 5050 Benedicti
1811 4993 2004 5064 egisti,

360 5099 460 5172 qui
492 5115 560 5154 ex
591 5098 720 5165 ejus
749 5093 1019 5148 doctrina
1057 5085 1316 5145 ewlestia
1361 5084 1536 5140 debes
1585 5081 1908 5154 consequi?
1940 5083 2010 5137 Et

361 5169 568 5245 beatus
596 5181 910 5253 Gregorius
942 5177 1216 5251 loquitur,
1245 5175 1449 5230 dicens
1473 5189 1486 5226 :
1511 5172 1568 5227 Si
1593 5175 1694 5226 tua
1717 5169 2008 5226 diu'iittere

361 5294 476 5334 non
507 5274 616 5341 vis,
650 5272 841 5328 aliena
872 5269 1000 5322 vide
1032 5279 1402 5338 nequaquam
1452 5263 1742 5332 appetere.
1772 5259 1853 5313 Ad
1885 5258 2006 5313 lnrc

362 5364 538 5422 Leoni
571 5362 754 5418 abbas
787 5359 988 5413 dicens
1022 5373 1033 5408 :
1069 5353 1222 5409 Nolit
1251 5350 1526 5406 dominus
1561 5353 1623 5402 ut
1642 5365 1747 5421 ego
1771 5347 2004 5403 illorum

363 5453 507 5510 locis
536 5451 622 5506 vel
655 5449 913 5519 aliquam
947 5440 1396 5516 possibilitatem
1445 5436 1783 5493 monasterii
1817 5435 2005 5492 sancti

363 5538 658 5598 Benedicti
689 5535 1086 5592 abstulissem.
1117 5529 1228 5585 Sed
1257 5545 1344 5594 ea,
1380 5544 1504 5599 qum
1535 5526 1644 5598 ipsi
1684 5524 2005 5598 postulant,

365 5633 519 5691 sicut
545 5627 608 5683 in
635 5628 834 5682 nostro
863 5621 1195 5679 continetur
1218 5613 1624 5690 privilegio,ita
1643 5614 2004 5671 detineo.Ju~

2119 4641 2320 4701 tatem,
2343 4652 2443 4706 per
2460 4633 2734 4690 baculum
2753 4633 2982 4690 cunctis
2999 4632 3161 4704 locis,
3183 4651 3310 4706 quae
3329 4651 3509 4706 supra
3528 4633 3764 4706 legitur,

2117 4743 2251 4781 cum
2301 4741 2412 4780 sua
2457 4722 2634 4779 simul
2685 4723 3156 4796 congregatione,
3191 4723 3524 4779 nonastcrio
3573 4725 3764 4780 sancti

2117 4813 2416 4870 Benedicti
2448 4811 2507 4866 in
2539 4811 2814 4868 omnibus
2845 4811 3132 4869 refutavit.
3169 4813 3335 4868 Tunc
3364 4811 3575 4884 pracsul
3606 4811 3772 4868 simi-

2116 4902 2248 4959 liter
2274 4919 2343 4958 ex
2373 4918 2491 4956 una
2519 4905 2684 4972 parte
2715 4900 3012 4957 investivit
3061 4901 3262 4957 dicens
3296 4918 3309 4956 :
3343 4902 3589 4957 Omnem
3640 4919 3767 4958 rem

2117 4995 2331 5047 sancta:
2361 4988 2640 5055 ecclesiae,
2673 4989 2746 5045 de
2776 4983 2894 5062 qua
2924 4987 3120 5045 ablata
3151 4991 3404 5058 fuerant,
3436 4994 3502 5046 ut
3550 4991 3726 5063 praedi
3745 5024 3766 5032 ~-

2117 5084 2276 5135 ctum
2308 5083 2398 5136 est
2429 5078 2664 5150 penitus
2697 5082 3050 5147 revertatur;
3079 5081 3136 5133 et
3166 5079 3222 5134 iu
3267 5079 3454 5152 ipsius
3503 5079 3766 5136 dominio

2116 5168 2226 5225 sub
2259 5173 2584 5224 vestrorum
2619 5185 3146 5239 successurumque
3164 5173 3490 5224 vestrorum
3516 5173 3770 5241 potesta-

2119 5263 2231 5314 tem
2279 5257 2406 5312 sine
2452 5274 2688 5312 omnem
2735 5255 3184 5329 ambiguitatem
3237 5263 3598 5328 permaneat,
3628 5274 3766 5312 cum

2116 5346 2412 5414 omnibus,
2447 5363 2574 5418 qua:
2604 5362 2638 5400 a
2669 5343 3086 5417 suprascriptis
3118 5345 3261 5401 locis
3280 5345 3597 5418 pertinent.
3619 5345 3768 5402 Tali-

2117 5443 2203 5490 ter
2233 5434 2304 5489 ab
2337 5434 2612 5490 omnibus
2637 5433 2940 5506 judicibus
2963 5433 3174 5488 dativis
3196 5435 3488 5490 sancitum
3511 5440 3568 5490 ct
3590 5435 3769 5490 invio-

2119 5523 2374 5580 labiliter
2422 5527 2511 5578 est
2557 5521 2895 5578 dil'finitum.
2939 5522 3055 5578 Iloc
3103 5522 3394 5595 siquidem
3431 5522 3765 5594 judicatum

2116 5613 2485 5688 praecipiente
2519 5611 2732 5668 domno
2778 5611 3088 5669 Benedicto
3137 5629 3369 5668 summo
3413 5611 3673 5686 pontifici
3707 5626 3767 5676 et
