4116 6176
281 295 404 360 349

284 609 600 666 sentiendo
633 615 692 666 et
721 609 1152 683 promulgando
1182 611 1432 668 scribere
1463 611 1615 666 dicta
1643 603 1870 666 verba.
1907 612 1969 670 In

290 715 448 770 quos
471 699 601 771 jam
636 697 920 754 nominati
952 698 1209 772 propriis
1231 699 1503 755 manibus
1534 715 1633 772 pro
1666 697 1973 767 ampliore

289 795 352 844 et
385 786 646 842 firmiore
668 785 986 842 stabilitate
1007 787 1488 860 subscripserunt
1517 787 1622 842 sub
1655 782 1968 858 dic,anno,

282 893 517 943 mense,
553 880 610 931 et
639 873 960 930 indictione
991 875 1334 947 supradicta
1363 893 1440 931 x1.

353 967 478 1038 Ego
512 962 865 1020 Benedictus
899 968 1124 1018 sancta:
1177 964 1476 1020 catholica:
1526 969 1584 1021 et
1627 965 1966 1036 apostolicae

269 1051 556 1108 Ecclesia:
589 1050 690 1106 VII
712 1049 927 1123 pracsul
957 1051 1312 1124 subscripsi.

351 1141 476 1213 Ego
543 1140 882 1196 Geribertus
957 1145 1182 1195 sancta:
1242 1141 1638 1223 Turtuncnsis
1695 1142 1965 1199 Ecclesia:

269 1231 600 1301 episcopus
615 1226 1012 1298 buicjudicati
1028 1226 1674 1300 perpetualiterchartte.
1700 1229 1960 1312 interfui.

357 1317 567 1372 Petrus
600 1315 904 1388 Papicnsis
922 1315 1201 1371 Ecclesia:
1221 1315 1536 1390 episcopus
1559 1317 1695 1374 huic
1709 1319 1961 1391 judicati

270 1406 570 1480 paginam
600 1403 1041 1477 perpetualiter,
1079 1404 1252 1460 sicuti
1285 1421 1468 1478 supra
1510 1405 1743 1479 legitur,
1783 1406 1960 1464 inter-

270 1495 394 1550 fui.

353 1585 478 1658 Ego
506 1583 768 1640 Joannes
799 1581 1086 1657 indignus
1119 1582 1402 1639 diaconus
1434 1587 1648 1640 sanctae
1683 1585 1958 1642 Romanis

268 1672 556 1730 Ecclesia:
590 1672 730 1729 huic
762 1669 1144 1730 refutationis
1176 1671 1388 1728 charta:
1421 1671 1666 1729 interfui
1717 1677 1776 1730 et
1821 1674 1960 1730 sub-

268 1761 520 1834 scripsi.

349 1819 678 1924 Gi‘egorius
705 1850 1024 1924 episcopus
1059 1851 1272 1904 sancta:
1302 1847 1654 1905 Albanensis
1682 1850 1948 1908 Ecclesiae
1983 1819 2027 1886 Β

267 1940 421 1997 huic
454 1937 826 1997 refutationis
857 1938 1079 1994 charta:
1109 1936 1346 1993 interfui
1378 1941 1436 1994 et
1467 1937 1812 2012 subscripsi.

351 2030 471 2084 Leo
505 2026 793 2084 Ostiensis
827 2025 1148 2100 episcopus
1169 2025 1305 2082 huic
1325 2026 1696 2084 refutationis
1720 2028 1956 2100 chartis,

274 2116 443 2174 sicut
477 2134 657 2189 supra
689 2119 1058 2172 memoratus
1092 2117 1198 2183 est,
1234 2113 1472 2170 interfui
1505 2119 1564 2170 et
1609 2117 1953 2189 subscripsi.

351 2205 694 2279 Stephanus
722 2208 873 2260 nutu
905 2201 1011 2259 Dei
1043 2202 1389 2260 Narniensis
1419 2203 1688 2261 Ecclesia:
1731 2205 1956 2278 episco-

277 2313 401 2368 pus
431 2294 572 2350 huic
599 2292 974 2349 refutationis
1000 2291 1214 2348 charta:
1240 2291 1498 2348 interfui.

352 2383 696 2456 Stephanus
728 2381 832 2438 Dei
854 2381 1224 2456 providentia
1245 2380 1618 2454 primicerius
1652 2380 1788 2439 huic
1809 2383 1956 2439 refu-

271 2472 536 2529 tationis
563 2472 778 2528 chartae
811 2469 1075 2526 interfui.

357 2563 477 2617 Leo
511 2561 744 2618 Domini
776 2561 974 2634 gratia
1003 2563 1242 2614 vocatus
1275 2558 1498 2615 arcario
1539 2567 1752 2616 sancta:
1783 2577 1949 2633 apos-

269 2649 477 2706 tolica:
511 2649 668 2706 sedis
699 2649 840 2704 huic
872 2645 1240 2704 rel'utationis
1269 2647 1481 2703 charta:
1515 2647 1770 2705 interfui.

353 2740 477 2794 Azo
507 2736 607 2794 Dei
641 2736 857 2810 pietate
891 2734 1408 2809 protoscriniarius
1437 2740 1496 2792 et
1539 2737 1952 2809 apocrisiarius

278 2827 572 2884 Romana:
602 2825 874 2883 Ecclesia:
907 2823 1150 2880 interfui
1182 2829 1241 2880 et
1269 2823 1612 2898 subscripsi.

355 2915 560 2989 Rigizo
588 2920 735 2970 nutu
771 2913 874 2970 Dei
907 2913 1146 2969 datibus
1168 2913 1351 2984 judex
1391 2912 1529 2970 huic
1580 2915 1950 2974 refutationis

270 3003 501 3060 charta:
535 3002 794 3059 interfui.

353 3091 711 3148 Benedictus
743 3089 983 3146 datibus
1006 3091 1190 3163 judex
1218 3091 1282 3148 in
1311 3091 1421 3149 hac
1451 3092 1611 3150 brevi
1661 3109 1948 3152 memora-

272 3180 438 3236 toria
467 3196 682 3236 manus
714 3178 1063 3252 subscripsi.

352 3268 601 3342 Sergius
631 3285 830 3325 comes
859 3267 1060 3341 palatii
1093 3268 1229 3326 huic
1251 3269 1586 3327 refutationi
1611 3270 1870 3330 interfui.

353 3358 652 3414 Berardus
699 3356 957 3430 inclytus
1005 3375 1200 3414 comes
1249 3359 1570 3416 Tiburtina:
1623 3359 1858 3418 interfui
1888 3365 1946 3420 et

277 3445 642 3520 subscripsi.

352 3537 618 3594 Joannes
649 3536 711 3590 in
743 3535 847 3591 Dei
878 3536 1115 3594 nomine
1146 3537 1352 3594 consul
1381 3541 1440 3595 et
1482 3538 1600 3595 dux
1628 3539 1766 3596 huic
1794 3541 1942 3598 refu-

274 3625 530 3681 tationis
561 3625 778 3680 charta:
810 3624 1070 3682 interfui.

352 3715 476 3786 Ego
528 3713 879 3770 Benedictus
927 3714 1030 3770 Dei
1085 3717 1276 3788 gratia
1324 3716 1666 3774 scriniarius
1723 3723 1938 3775 sancta:

274 3803 561 3857 Romana:
591 3802 884 3872 Ecclesiae,
916 3806 974 3858 et
1003 3803 1252 3876 scriptor
1283 3805 1481 3878 hujus,
1514 3811 1648 3879 post
1671 3807 1960 3866 omnium.

269 3889 523 3947 testium
556 3890 1051 3964 subscriptionem
1083 3897 1141 3948 et
1172 3894 1545 3952 traditionem
1577 3896 1858 3984 complevi
1881 3903 1938 3954 et

269 3978 522 4037 absolvi.

1012 4111 1204 4168 XXVI.

274 4241 586 4282 BENEDXCTI
634 4242 796 4282 ΡΛΡΕ
841 4244 920 4283 VII
971 4244 1350 4284 PRIVILEGIUM
1407 4246 1518 4286 Ριο
1573 4248 1932 4292 ΜΟΝΛΒΤΕΒῙΟ

710 4333 760 4372 8.
805 4333 1008 4372 MABIE
1055 4333 1499 4376 NIENBURGENSI.

919 4450 1110 4522 (Anno
1147 4451 1298 4523 983.)

263 4583 604 4659 Honasterio
651 4582 722 4659 S_._
760 4583 950 4659 Maria:
995 4584 1415 4659 Nienburgenai,
1447 4595 1637 4659 rogatu
1661 4658 1664 4659 ν
1684 4607 1711 4636 «ι
1743 4587 1929 4646 dilecti

340 4671 413 4732 ac
434 4655 748 4732 spiritualis
777 4656 888 4732 ﬁlii
915 4659 1027 4722 sui,
1057 4655 1257 4732 sanctis
1281 4657 1428 4714 sedie
1464 4655 1770 4731 apostolicae
1812 4660 1928 4732 dig-

341 4726 590 4802 nissimi
611 4725 876 4802 advocati,
929 4729 1129 4802 omnis
1178 4725 1522 4802 imperatori}
1567 4746 1778 4802 semper
1822 4725 1928 4788 Αἷι-

338 4798 511 4868 gusti,
547 4796 746 4871 limina
773 4801 1137 4871 apostolon
1161 4796 1328 4871 dig'na
1355 4801 1632 4858 devotione
1655 4796 1929 4860 uisitantis

337 4885 409 4924 ac
443 4884 631 4946 secum
665 4869 916 4946 plurima
950 4870 1017 4926 de
1040 4869 1451 4946 statuisanctze
1470 4875 1754 4946 religionis
1783 4884 1929 4930 trac-

343 4940 516 5016 tanti:
546 4962 575 4990 ››
607 4940 852 5016 concedit
880 4963 908 4992 ι(
938 4950 998 4997 ut
1027 4941 1170 5016 idem
1200 4943 1347 5016 locus
1376 4943 1478 5000 tali
1493 4940 1717 5016 juétitia
1760 4963 1826 5002 ac
1855 4947 1925 5002 li-

344 5012 550 5066 bertate
573 5013 896 5086 perfruatur
924 5014 1139 5084 qualem
1169 5015 1284 5070 alia
1332 5012 1661 5072 monasteria
1706 5017 1922 5086 habent,

343 5099 468 5160 qaut
494 5084 597 5137 sub
629 5084 792 5138 tutela
822 5101 1028 5160 suoqae
1055 5086 1342 5160 privilegio
1370 5088 1620 5144 roborata
1645 5088 1760 5142 illis
1788 5084 1925 5160 par?-

343 5102 468 5154 ςυστ
494 5102 597 5137 suo
629 5102 792 5138 autem
822 5102 1028 5209 squue
1055 5102 1342 5157 privilegio
1370 5102 1620 5144 roaorata
1645 5102 1760 5142 mis
1788 5105 1924 5160 par-

342 5153 492 5231 tibus
519 5162 650 5209 sunt
678 5171 744 5208 ac
771 5171 911 5231 muri
949 5155 1164 5211 iburdio
1192 5157 1405 5213 domini
1445 5159 1538 5214 sui
1581 5160 1924 5231 imperatoris

345 5225 604 5280 videatur
646 5243 762 5282 esse
789 5228 1045 5300 subjecta.
1081 5254 1103 5280 ι
1139 5231 1443 5301 l’rivilegia
1471 5225 1716 5302 quaedam
1750 5231 1920 5286 addit.

538 5350 756 5420 (Knaut
787 5349 1116 5408 Grundliche
1142 5354 1504 5424 Furslellung,
1547 5355 1610 5410 13
1639 5355 1654 5426 )

339 5489 586 5545 Credita:
618 5489 1057 5562 speculationis,
1091 5498 1200 5549 etc.
1233 5494 1462 5566 Reliqua
1490 5495 1610 5551 vide
1631 5495 1777 5568 apud
1806 5498 1919 5552 lau-

257 5578 456 5636 datum
487 5577 840 5636 collectorem.

1457 297 1909 363 EPISTOLIE
1949 302 2048 368 ET
2086 277 2554 377 parmasu.

279 430 598 489 universali
631 449 813 507 papae,
835 432 983 490 mihi
1011 433 1354 492 Benedictus
1389 429 1687 490 scriniario
1730 437 1974 517 sancta:
2001 447 2056 517 Α

277 521 561 577 Romana-
595 521 886 589 Ecclesiae,
919 524 1214 596 prwtlietis
1229 523 1529 596 judicibus
1559 515 1792 576 dativis
1831 537 1972 580 con-

3600 333 3718 398 350

2146 531 2436 574 BENEDIUI‘I
2477 536 2638 576 PAPE
2673 539 2750 576 Vll
2801 541 3084 582 BULLA'AD
3124 543 3356 586 PETRUM
3395 549 3655 592 MILITEM.

2650 609 2837 683 (Anno
2866 614 3150 687 974-983.)

2080 692 2264 776 Nobili
2289 695 2756 781 Retraboaieollo
2785 701 2944 781 dicto,
2975 705 3166 781 militi.
3200 715 3460 781 terraque
3476 711 3720 772 Madame

2152 766 2212 819 in
2239 767 2508 850 saburbio
2561 771 2900 850 Qandaaeasi
2926 766 3226 842 eomarcho,
3257 797 3355 850 per
3369 766 3719 842 'Baldaiaﬁiira

2151 858 2178 920 ξ(
2209 837 2442 920 abbatiae
2471 841 2527 896 S.
2561 843 2795 920 Rationis
2826 847 2886 899 in
2901 862 3045 920 pago
3065 837 3230 920 prope
3257 837 3522 919 'Gamlam,
3555 837 3714 912 liber;

2148 907 2296 990 hei-In
2319 909 2482 992 (ligio,
2496 913 2820 992 magalia-in
2842 907 3116 992 nuiniltitia
3147 907 3272 974 eum
3297 907 3718 992 prMmitibiclla

2147 981 2256 1063 ιζ’ἰιι
2281 983 2648 1063 ossicuquS.
2681 984 3008 1063 Marcellini,
3039 981 3328 1046 Maximini
3370 1002 3422 1049 et
3473 981 3712 1063 Quirini,

2147 1049 2212 1130 ile
2242 1053 2760 1130 quibusAdigmnere
2809 1057 2966 1112 liceat
2991 1049 3104 1130 pro
3146 1064 3406 1128 ecclesiis,
3437 1049 3720 1130 nEaisé’S'I-

2146 1121 2402 1187 Rationis,
2434 1124 2490 1179 S.
2520 1121 2766 1181 Joannis.
2797 1144 2896 1182 nec
2931 1121 3041 1184 n03:
3086 1133 3231 1187 aula!
3272 1134 3328 1188 S.
3364 1121 3716 1194 Pharaliildis

2146 1194 2202 1246 in
2235 1196 2352 1264 ipsa
2382 1197 2598 1252 civitate
2630 1197 2920 1254 Gandensi.
2942 1224 2968 1250 ››

2107 1280 2394 1352 (Messager
2421 1283 2514 1338 des
2542 1285 2787 1340 Sciences
2811 1286 2877 1342 de
2908 1289 2961 1342 la
2989 1291 3265 1362 Belgique,
3299 1292 3483 1362 Gand,
3521 1297 3675 1365 1837,

2143 1457 2259 1512 Nos
2291 1457 2521 1531 insigne
2552 1477 2656 1516 nec
2686 1391 2832 1529 110111);
2857 1377 3201 1532 ἒιῗοὶίιίίδίες,
3251 1471 3302 1524 si
3342 1471 3537 1542 placet,
3582 1491 3715 1547 opus

2069 1545 2373 1602 laudatum.

2768 1623 3012 1680 XXVIII.

2138 1723 2518 1764 Ρῑιινιιεῦιυκ
2557 1725 2858 1768 ΒΕΝΕΒΙΟΤΙ
2908 1731 3070 1770 ΡΑΡΑΞ
3116 1733 3194 1773 νη
3234 1734 3344 1774 PRO
3381 1737 3644 1780 ECCLESIA

2726 1800 3064 1843 TIBUIITINA.

2644 1871 2830 1941 (Anno
2859 1873 3136 1947 974-983.)

2263 1953 2520 2023 (Marini,
2549 1959 2747 2032 Papiri
2771 1961 3170 2034 diplomatichi,
3201 1966 3242 2032 Ι,
3277 1984 3332 2038 p.
3364 1969 3516 2038 229.)

2137 2043 2498 2100 Bsxsnicrus
2531 2047 2838 2122 episcopus
2882 2069 3084 2109 servus
3133 2071 3433 2112 servorum
3483 2059 3583 2116 Dei
3631 2061 3715 2117 di-

2066 2130 2388 2188 lectissimo
2420 2138 2594 2207 atque
2624 2141 3092 2198 reverentissimo
3123 2145 3180 2198 et
3223 2145 3712 2207 excellentissimo

2066 2221 2230 2276 fratri
2264 2225 2464 2277 nostro
2493 2223 2724 2294 JOANNI,
2758 2229 2990 2286 Domini
3019 2230 3210 2304 gratia
3239 2239 3453 2290 sancta:
3501 2237 3710 2292 Tibur-

2065 2307 2198 2364 tina:
2231 2309 2499 2367 Ecclesia:
2519 2314 2790 2390 episc0po
2803 2322 2860 2374 et
2879 2335 2982 2391 per
3011 2323 3066 2376 te
3085 2319 3142 2375 in
3177 2323 3380 2378 eodem
3396 2326 3712 2382 venerabili

2064 2397 2380 2471 episcopio,
2415 2400 2646 2474 tuisque
2679 2409 3116 2464 successoribus
3146 2409 3205 2464 in
3235 2417 3602 2485 perpetuum.

2135 2487 2283 2543 Cum
2315 2505 2529 2561 magna
2561 2493 2727 2549 nobis
2761 2493 3156 2553 sollicitudine
3186 2499 3408 2558 insistit
3437 2519 3574 2560 cura
3606 2521 3710 2576 pro

2065 2576 2358 2633 univarsis
2387 2577 2488 2634 Dei
2520 2580 2792 2639 Ecclesiis
2819 2601 2884 2639 ac
2913 2584 3027 2656 piis
3049 2585 3194 2642 locis
3221 2589 3604 2663 vigilandum,
3638 2611 3710 2652 ne

2064 2665 2326 2740 aliquam
2349 2669 2713 2726 necessitatis
2723 2671 3017 2742 jacturam
3037 2675 3338 2733 sustinean
3349 2681 3497 2748 t,sed
3521 2683 3710 2755 magis

2063 2755 2312 2828 propria:
2379 2755 2651 2815 utilitatis
2716 2759 3012 2833 stipendia
3067 2773 3522 2838 consequantur.
3580 2768 3709 2828 ldeo

2061 2845 2332 2901 convenit
2361 2863 2468 2902 nos
2497 2848 2775 2920 pastorali
2805 2854 2928 2906 tota
2957 2851 3171 2908 mentis
3199 2853 3532 2928 integritate
3549 2874 3708 2915 eam-

2062 2935 2198 2990 dem
2230 2935 2649 2993 venerabilium
2667 2938 2928 2996 locorum
2945 2940 3198 2997 maxime
3214 2945 3553 3002 stabilitatis
3568 2945 3712 3005 inte-

2060 3024 2334 3095 gritatem
2347 3041 2658 3097 procurare
2673 3031 2731 3083 et
2747 3029 2846 3084 sed
2855 3028 2950 3086 ulo
2967 3047 3169 3086 eorum
3183 3031 3423 3090 utilitati
3443 3035 3711 3095 subsidia

2061 3109 2181 3168 illic
2211 3113 2492 3182 conferre,
2527 3118 2592 3170 ut
2643 3117 2760 3174 Deo
2792 3122 2991 3176 nostro
3019 3119 3405 3192 omnipotenti
3453 3123 3511 3179 id
3552 3129 3707 3198 quod

1975 3192 2019 3259 C
2058 3217 2161 3272 pro
2209 3203 2338 3274 ejus
2385 3205 2575 3260 sancti
2621 3207 2876 3264 nominis
2922 3207 3162 3278 honore,
3207 3214 3267 3265 et
3306 3209 3498 3282 laude,
3531 3192 3708 3288 atque

2053 3288 2242 3361 gloria
2261 3291 2391 3363 ejus
2419 3294 2850 3352 venerabilibus
2882 3315 2988 3354 nos
3009 3301 3236 3354 certum
3265 3304 3357 3356 est
3386 3303 3706 3362 contulisse

2055 3377 2219 3434 locis.
2253 3379 2456 3453 Sitque
2487 3383 2842 3456 aceeptabile
2873 3387 3159 3460 nobisque
3188 3389 3256 3443 ed
3291 3391 3420 3462 ejus
3449 3390 3704 3466 locuple-

2051 3465 2284 3524 tissima
2313 3470 2776 3528 misericordiam
2808 3473 3148 3548 hujusmodi
3181 3475 3258 3549 pii
3289 3480 3480 3551 operis
3511 3465 3703 3539 confe-

2052 3561 2276 3626 rantur,
2309 3558 2543 3615 arcibus
2573 3563 3105 3620 remunerationem
3147 3565 3286 3637 (sic).
3334 3567 3519 3640 Igitur
3565 3573 3706 3644 quia

2051 3645 2234 3715 petita
2261 3646 2430 3701 nobis
2461 3651 2562 3703 tua
2592 3648 3154 3723 dilectio,quatenus
3175 3657 3552 3714 concedimus
3570 3661 3699 3728 tibi,

2049 3733 2284 3806 tuisque
2304 3737 2744 3792 successoribus
2759 3754 2862 3808 per
2874 3739 2982 3794 hoc
3014 3745 3280 3796 nostrum
3313 3745 3698 3814 apostolicum

2048 3821 2416 3894 privilegium
2447 3841 2652 3880 omnes
2684 3842 2776 3880 res
2807 3827 3068 3898 praedicti
3119 3829 3372 3903 episcopi
3424 3833 3530 3902 tui,
3563 3836 3700 3907 quia

2043 3916 2272 3981 (quam)
2302 3911 2623 3968 Tiburtina:
2655 3913 2921 3970 Ecclesia:
2956 3917 3141 3972 sancti
3174 3917 3390 3975 Christi
3424 3924 3698 3997 martyris

2045 3997 2229 4054 levita:
2263 3999 2580 4070 Laurentii,
2605 4019 2671 4058 eo
2702 4004 2856 4074 quod
2888 4021 2992 4077 per
3021 4004 3436 4079 negligentiam
3458 4013 3695 4068 tuorum

2043 4092 2482 4145 antecessorum
2497 4091 2901 4163 episcoporum
2920 4094 3250 4152 munimina
3267 4097 3455 4154 multa
3471 4101 3698 4172 perdita

2043 4175 2304 4232 fuerunt.
2340 4177 2604 4234 Inclinati
2639 4181 2912 4252 precibus
2957 4183 3076 4239 tuis
3125 4201 3228 4256 pro
3277 4187 3695 4261 omnipotentis

2041 4263 2142 4320 Dei
2200 4283 2418 4335 amore,
2488 4285 2782 4341 suumque
2840 4270 3142 4341 honorem,
3206 4277 3692 4335 restaurationem

2041 4353 2326 4424 praedictae
2353 4355 2620 4412 Ecclesia:
2659 4359 3080 4415 confirmamus
3128 4361 3234 4416 tibi
3287 4364 3520 4437 tuisque
3566 4384 3692 4424 suc-

2039 4441 2374 4498 cessoribus
2405 4459 2610 4500 omnes
2639 4445 2896 4518 episcopi
2945 4453 3004 4502 et
3046 4454 3290 4505 cunctas
3339 4450 3538 4522 plebes
3585 4470 3688 4510 seu

1963 4561 2005 4625 D
2037 4528 2315 4585 ecclesias
2354 4535 2527 4602 atque
2571 4534 2948 4603 monasteria,
2999 4541 3056 4590 et
3096 4537 3342 4594 diversis
3389 4541 3688 4598 vocabulis

2035 4631 2171 4671 cum
2217 4617 2491 4674 omnibus
2535 4635 2737 4676 eorum
2785 4623 3154 4693 pertinentiis
3201 4625 3288 4680 vel
3340 4627 3688 4696 adjacentiis

2035 4703 2182 4760 sitas
2215 4705 2273 4760 in
2305 4710 2426 4762 toto
2459 4707 2751 4763 territorio
2783 4709 3127 4780 Tybnrtino,
3157 4711 3500 4769 nominatim
3537 4717 3686 4773 vide-

2037 4791 2176 4848 licet
2205 4793 2358 4850 infra
2387 4792 2617 4850 civitate
2649 4797 2977 4870 Tyburtina
3005 4799 3147 4868 (sic).

2110 4881 2172 4936 ld
2195 4887 2283 4938 est
2295 4882 2589 4954 regionem
2603 4888 2794 4940 totum
2813 4885 2870 4938 in
2891 4885 3182 4958 integrum
3207 4905 3332 4960 qua:
3354 4887 3684 4960 appellatur

2038 4970 2196 5038 Fors,
2231 4976 2290 5026 et
2319 4971 2464 5026 Vicu
2495 4972 2746 5043 patricii,
2766 4977 2825 5028 et
2854 4973 3028 5045 Oripo
3059 4991 3191 5030 cum
3227 4977 3475 5032 ecclesia
3491 4981 3679 5036 sancti

2032 5057 2342 5113 Alexandri
2374 5065 2432 5115 et
2461 5061 2776 5133 aquimolis
2806 5079 2940 5116 cum
2991 5064 3178 5119 forma
3226 5065 3468 5136 antiqua
3508 5068 3680 5140 juxta

2033 5145 2526 5218 episcopio.lte1n
2577 5149 2823 5204 ecclesia
2870 5151 3058 5205 sancti
3105 5151 3286 5220 Pauli,
3333 5159 3391 5208 et
3442 5156 3678 5228 regione

2033 5253 2159 5306 qua:
2192 5241 2428 5291 vocatur
2458 5237 2741 5292 Forniello
2772 5255 2902 5292 cum
2923 5240 3135 5312 gradas
3167 5259 3306 5297 suas
3322 5247 3380 5296 et
3407 5261 3678 5301 euniom-

2033 5323 2207 5379 nibus
2227 5325 2299 5378 ad
2321 5341 2420 5380 eas
2432 5326 2861 5397 pertinentibus
2877 5327 2986 5382 sibi
3001 5326 3244 5384 invicem
3261 5330 3670 5401 cohzerentem,

2029 5417 2088 5468 et
2137 5413 2287 5468 inter
2333 5414 2540 5470 affines
2590 5415 2662 5469 ab
2714 5433 2829 5471 uno
2873 5416 3047 5472 latere
3097 5418 3259 5474 silice
3307 5419 3540 5491 publica
3572 5421 3671 5494 qui

2027 5501 2328 5558 descendit
2359 5504 2428 5559 ad
2461 5509 2628 5576 porta
2657 5506 2882 5577 majora
2911 5509 2967 5561 et
2999 5509 3256 5579 usquein
3290 5514 3457 5580 porta
3476 5527 3667 5580 scura,

2028 5605 2062 5646 a
2093 5593 2348 5649 secundo
2379 5591 2557 5650 latere
2591 5610 2758 5652 muro
2776 5593 3026 5653 civitatis
3043 5597 3374 5673 Tyburtina:
3408 5616 3591 5678 usque
3610 5602 3668 5661 in
