4076 6174
423 279 535 368 35.1

1709 270 2128 339 BENEDICTI
2172 271 2398 335 ΡΑΡᾹΞ
2441 273 2542 336 VlI

3709 274 3818 359 351

423 411 731 487 putrerula
744 427 878 470 cum
900 407 1143 469 ecclesia
1161 409 1344 466 sancti
1367 407 1737 466 Pantaleonis
1759 424 1892 464 cum
1912 411 2072 463 turre
2099 404 2157 473 Α
2185 405 2413 477 Tufolo,
2444 405 2692 463 fundum
2726 403 3136 475 Tortilianum,
3171 410 3228 462 et
3277 405 3526 464 fundum
3565 406 3743 464 Oriali
3774 411 3834 464 et

423 507 482 560 et
510 501 670 559 scala
700 517 1047 566 marmorea,
1083 502 1142 554 et
1161 495 1380 554 deinde
1411 497 1820 552 ascendentem
1855 513 1956 568 per
1977 495 2068 550 via

423 591 657 666 publica
687 606 874 662 usque
902 590 973 644 ad
1007 603 1240 642 murum
1261 587 1568 658 antiquum
1589 585 1787 641 sancti
1812 583 2069 653 Pauli,ex

424 684 672 752 utraque
683 695 812 735 vere
825 680 1042 750 partem
1055 675 1245 747 ipsum
1261 691 1518 742 murum,
1534 679 1590 731 et
1612 674 2068 746 pervenitusque

422 771 479 825 in
511 785 679 824 muro
699 768 955 824 civitatis.
973 763 1256 820 Similiter
1277 767 1333 819 et
1350 765 1581 837 regione
1599 781 1726 835 quas
1745 761 2069 834 appellatur

421 855 685 913 Plazzula
724 855 875 910 infra
933 853 1061 926 ipsa
1113 853 1360 909 civitate.
1395 854 1478 909 Ab
1524 869 1640 908 uno
1687 852 1868 907 latere
1899 868 2065 906 muro

419 946 608 1020 ipsius
637 944 888 1001 civitatis
921 947 978 999 et
1003 961 1036 998 a
1065 943 1323 998 secundo
1355 943 1530 998 latere
1562 941 1722 996 silice
1749 941 1846 1013 qui
1879 941 2066 1012 pergit

421 1038 492 1092 ad
527 1033 825 1108 posterula
857 1035 930 1088 de
950 1033 1144 1099 Vesta,
1179 1036 1236 1087 et
1268 1049 1302 1086 a
1331 1031 1498 1086 tertio
1530 1032 1647 1085 sive
1677 1049 1710 1086 a
1743 1034 1948 1102 quarto
1981 1029 2064 1084 la-

419 1131 541 1183 tere
571 1121 928 1180 monasterio
959 1122 1141 1177 sancti
1176 1121 1493 1188 Benedicti,
1523 1136 1746 1174 necnon
1797 1126 1853 1174 et
1894 1119 2066 1174 alium.

419 1213 715 1288 regionem
767 1219 932 1268 totum
980 1212 1039 1265 in
1090 1209 1386 1280 integrum
1439 1208 1536 1280 qui
1584 1213 1824 1264 vocatur
1864 1207 2063 1263 Castro

417 1307 777 1370 vetere,cum
810 1299 1056 1356 ecclesia
1075 1301 1287 1354 sanctaa
1321 1297 1513 1352 Mariae
1545 1301 1601 1352 et
1621 1297 1808 1352 sancti
1834 1296 2063 1368 Georgii

420 1409 544 1465 quae
601 1393 742 1447 sunt
788 1387 1064 1444 diaconize
1113 1387 1184 1442 ab
1236 1403 1353 1442 uno
1385 1385 1565 1442 latere
1597 1387 1874 1442 fossatam
1909 1387 2062 1440 unde

417 1479 606 1554 pergit
637 1495 790 1552 aqua
819 1478 876 1532 in
907 1477 1100 1542 Vesta,
1137 1493 1204 1531 ex
1227 1480 1472 1547 utraque
1501 1490 1633 1530 vero
1661 1479 1826 1546 parte
1857 1491 2064 1532 murus
2112 1524 2116 1528 .

417 1567 668 1626 civitatis
697 1566 1117 1622 circumdatur.
1149 1564 1270 1620 Imo
1303 1563 1516 1619 fundos
1545 1563 1694 1619 duos
1725 1563 1784 1619 in
1817 1563 2063 1636 integris

417 1657 529 1716 sibi
573 1656 823 1713 invicem
871 1654 1226 1711 cohaerentes
1291 1652 1390 1725 qui
1441 1651 1772 1725 appellatur
1825 1651 2062 1725 Sipiano

415 1745 538 1817 (ubi
570 1745 744 1802 modo
775 1744 990 1801 dicitur
1018 1741 1380 1815 episcopium
1411 1756 1544 1796 cum
1575 1740 1820 1798 ecclesia
1849 1745 2063 1798 sancte

416 1837 614 1895 Mariae
644 1837 844 1909 portas
875 1831 1082 1902 scurae)
1113 1831 1213 1904 (sic
1241 1831 1313 1888 ad
1342 1847 1496 1887 oram
1523 1831 1615 1887 sed
1661 1831 1845 1887 eadem
1872 1818 2064 1900 nauita)
2092 1818 2122 1854 “

415 1930 475 1983 et
493 1923 862 1991 Lambrione,
882 1922 939 1978 in
960 1921 1175 1995 quibus
1193 1923 1334 1976 sunt
1347 1918 1533 1976 vineis
1563 1934 1700 1975 cum
1719 1918 1894 1976 trullo
1914 1919 2068 1976 infra

418 2016 575 2082 se,et
605 2008 843 2068 arbores
873 2009 1180 2077 olivarum,
1197 2013 1255 2064 et
1281 2023 1416 2063 cum
1447 2008 1722 2063 omnibus
1739 2009 1810 2064 ad
1829 2008 2062 2064 eosdem

417 2085 631 2163 fundos
647 2099 706 2155 in
725 2098 982 2172 integros
1005 2097 1455 2170 pertinentibus,
1481 2095 1833 2153 constitutos
1848 2097 2068 2169 Tybur—

415 2189 539 2248 tino
581 2187 896 2257 territorio,
943 2187 1015 2244 ab
1062 2203 1178 2242 uno
1221 2185 1403 2241 latere
1447 2184 1610 2241 silice
1655 2184 1888 2257 publica
1935 2201 2062 2256 qua:

418 2260 683 2342 ascendit
709 2279 784 2336 ad
814 2280 982 2351 porta
1012 2291 1236 2344 secura,
1265 2277 1320 2330 et
1348 2291 1382 2330 a
1412 2275 1668 2330 secundo
1697 2273 1877 2330 latere
1897 2273 2064 2330 vinea

415 2354 517 2446 qui
547 2366 876 2444 appellatur
902 2366 1219 2432 Votano,et
1247 2381 1281 2420 a
1310 2363 1481 2420 tertio
1510 2362 1690 2419 latere
1720 2363 1812 2418 via
1829 2361 2063 2435 publica

417 2479 546 2534 quae
579 2457 884 2516 descendit
927 2473 961 2512 a
1007 2454 1409 2527 suprascripta
1443 2451 1668 2522 civitas,
1701 2457 1758 2510 et
1804 2452 2063 2525 pervenit

417 2565 606 2621 usque
637 2547 694 2602 in
729 2543 910 2612 silice,
945 2561 980 2600 a
1009 2540 1261 2615 (quarto)
1285 2543 1468 2614 primo
1497 2541 1674 2598 latere
1716 2542 1835 2613 juri
1883 2541 2060 2598 vestri

415 2628 726 2710 episcopii,
739 2633 910 2690 sicuti
943 2649 1046 2705 per
1074 2630 1188 2688 alia
1217 2634 1504 2704 praecepta
1535 2630 1917 2687 tenetis.ltem
1937 2631 2059 2686 l‘un-

415 2727 555 2786 dum
589 2725 648 2780 in
680 2723 976 2796 integrum
1027 2719 1125 2794 qui
1171 2718 1501 2793 appellatur
1546 2718 1822 2788 Pozzalia,
1858 2720 1958 2792 qui
2004 2723 2062 2776 et

412 2811 677 2869 Alefanto
704 2813 964 2878 vocatur,
979 2822 1114 2864 cum
1144 2806 1330 2864 vineis
1349 2810 1407 2863 et
1435 2807 1700 2876 terris,et
1716 2823 1850 2864 cum
1875 2807 2060 2864 omni-
2095 2849 2100 2856 .

413 2884 524 2958 bus
554 2899 626 2956 ad
659 2914 794 2955 eum
810 2896 1260 2970 pertinentibus,
1275 2895 1388 2953 sito
1421 2897 1818 2970 suprascripto
1835 2899 2058 2954 territo-

413 2975 519 3061 rio,
553 2988 628 3044 ab
657 3003 776 3045 uno
796 2985 976 3044 latere
1005 2985 1241 3051 ﬂuvius,
1271 2989 1330 3042 et
1358 3003 1392 3042 a
1421 2986 1676 3042 secundo
1699 2986 1880 3044 latere
1913 2987 2055 3044 Pen-

413 3076 578 3142 tonia
605 3075 918 3146 majore,et
945 3089 978 3129 a
995 3073 1167 3130 tertio
1197 3071 1376 3130 latere
1388 3073 1635 3130 fundum
1649 3075 2054 3142 Quintiliolum

2175 495 2344 551 vinea
2392 495 2583 568 posita
2625 497 2797 568 juxta
2857 500 3124 552 sanctum
3186 495 3508 551 Pastorem.
3568 496 3832 569 Itemque

2175 587 2329 639 terra
2359 588 2418 640 ot
2447 584 2614 640 vinea
2645 585 2742 640 ubi
2763 588 2850 640 est
2875 585 3120 640 ecclesia
3150 587 3364 641 sancta:
3393 585 3829 658 Agnes.Verum

2177 673 2353 730 etiam
2385 680 2444 730 et
2475 674 2714 730 clusura
2740 673 2972 729 vineata
3003 691 3135 730 cum
3171 674 3382 747 griptis
3429 679 3487 730 et
3516 675 3836 747 aquimolis

2177 764 2460 836 antiquis,
2492 770 2554 820 et
2583 769 2739 819 terra
2771 763 3084 820 rationales
3111 764 3302 837 posita
3333 763 3390 819 in
3418 765 3704 837 Griptule,
3727 783 3830 820 seu

2176 856 2230 907 et
2263 853 2508 909 fundum
2545 853 2602 906 in
2625 853 2922 925 integrum
2956 851 3055 924 qui
3076 857 3316 908 vocatur
3339 852 3828 922 Cornu;fundum

2175 941 2446 1010 Vineole;
2482 942 2732 996 fundum
2783 941 2969 1012 Caput
3016 942 3224 996 Leonis
3275 942 3543 1014 (Capito),
3575 943 3827 999 fundum

2173 1028 2565 1086 Antonianum
2601 1047 2732 1084 cum
2767 1028 3012 1085 ecclesia
3057 1033 3271 1085 sanctae
3306 1029 3500 1084 Mariae
3531 1031 3590 1086 in
3621 1031 3829 1098 Pesile,

2177 1119 2422 1174 fundum
2457 1117 2854 1185 Carinianum,
2893 1119 3142 1174 fundum
3173 1120 3348 1174 Lanie
3397 1135 3531 1174 cum
3583 1120 3834 1178 ecclesia

2175 1207 2358 1262 sancti
2391 1207 2685 1273 Januarii;
2720 1207 2968 1262 fundum
3005 1207 3231 1262 ltulieto
3263 1224 3397 1262 cum
3431 1207 3674 1265 ecclesia
3690 1228 3830 1266 san-

2173 1301 2276 1352 ctze
2310 1295 2524 1364 Mariae,
2560 1297 2806 1351 fundum
2842 1296 3001 1351 Balle
3033 1301 3284 1368 petrosa,
3310 1314 3512 1353 omnes
3543 1299 3652 1353 sibi
3688 1299 3836 1354 invi-

2171 1401 2298 1441 cem
2325 1385 2772 1453 cohmrentihus,
2802 1402 2936 1440 cum
2973 1385 3162 1454 terris,
3199 1385 3444 1457 campis,
3476 1387 3658 1458 pratis
3691 1405 3830 1458 pas-

2171 1473 2317 1544 cuis,
2353 1472 2534 1540 silvis,
2569 1477 2626 1528 ct
2656 1491 2795 1528 cum
2847 1472 3125 1530 omnibus
3167 1489 3371 1529 eorum
3425 1474 3829 1546 pertinentiis,

2170 1563 2476 1620 constituti
2526 1563 2586 1618 in
2647 1563 3052 1636 suprascripto
3113 1561 3404 1619 territorio
3462 1565 3831 1637 Tyhurtino;

2171 1651 2420 1708 fundum
2453 1652 2770 1720 Rosarum;
2795 1651 3047 1708 fundum
3064 1652 3351 1724 Rejanum
3368 1668 3500 1708 cum
3517 1652 3682 1724 plebe
3695 1671 3832 1710 san-

2170 1741 2248 1797 cti
2282 1741 2452 1810 Petri,
2487 1746 2543 1797 et
2573 1740 2830 1797 ecclesia:
2862 1741 3046 1796 sancti
3079 1738 3316 1797 Thomae
3359 1739 3832 1816 apostoli,atque

2174 1847 2306 1886 case
2337 1834 2400 1886 et
2424 1829 2652 1902 plebem
2686 1831 2874 1886 sancti
2907 1829 3187 1902 Stephani
3230 1830 3330 1902 qui
3368 1829 3698 1903 appellatur
3727 1833 3835 1890 Se-

2172 1919 2450 1984 verini,et
2479 1918 2646 1991 plebe
2677 1918 2777 1991 qui
2809 1916 3136 1990 appellatur
3164 1920 3350 1974 sancti
3380 1918 3665 1976 Vincentii
3685 1937 3830 1978 cum

2173 2008 2382 2082 griptis
2413 2012 2470 2064 et
2500 2007 2802 2081 parietinis
2835 2005 2979 2073 suis,
3013 2011 3069 2062 et
3093 2006 3274 2076 silvis,
3295 2012 3354 2064 et
3381 2025 3515 2064 cum
3547 2010 3833 2067 omnibus

2173 2114 2375 2154 eorum
2409 2095 2795 2171 pertinentiis.
2827 2096 3061 2153 Necnon
3092 2097 3152 2152 in
3183 2097 3376 2154 casale
3419 2097 3478 2154 in
3526 2097 3828 2172 integrum

2173 2185 2274 2259 qui
2319 2185 2650 2258 appellatur
2693 2186 2935 2242 Guaddo
2989 2203 3056 2242 ex
3103 2186 3285 2242 fundo
3334 2187 3644 2244 Ceserauo.
3689 2188 3826 2244 Pari

2173 2276 2345 2331 modo
2376 2279 2435 2332 ct
2464 2274 2713 2331 fundum
2745 2275 2843 2347 qui
2875 2279 3117 2331 vocatur
3149 2275 3696 2345 Paterno;fundum
3722 2279 3826 2351 qui

2171 2367 2410 2420 vocatur
2439 2363 2640 2436 Gripta
2670 2363 2968 2430 tabulicia,
3003 2367 3061 2420 et
3089 2363 3326 2421 Cameto
3357 2382 3494 2421 cum
3541 2367 3826 2422 omnibus

2170 2469 2372 2510 eorum
2404 2453 2794 2525 pertiucntiis,
2829 2453 2901 2509 ab
2934 2469 3052 2508 uno
3102 2453 3300 2522 latere,
3332 2455 3425 2510 via
3474 2454 3713 2526 publica
3742 2475 3754 2523 ;
3788 2475 3827 2512 a

2171 2541 2425 2598 secundo
2456 2541 2636 2597 latere
2666 2542 3024 2610 Paternum;
3059 2559 3091 2598 a
3135 2543 3304 2598 tertio
3353 2543 3531 2600 latere
3578 2545 3825 2615 ﬂumen,

2169 2636 2228 2708 et
2257 2649 2291 2686 a
2321 2632 2528 2702 quarto
2560 2629 2741 2686 latere
2770 2647 3055 2687 carrarca.
3090 2631 3414 2688 Praesertim
3467 2637 3524 2688 et
3569 2633 3825 2690 fundum

2167 2719 2404 2796 Silicata
2431 2719 2492 2774 in
2522 2719 3102 2794 integrum;fundum
3135 2719 3534 2792 Panicianum;
3562 2723 3822 2781 fundum

2167 2805 2488 2866 Caccabelli
2538 2824 2674 2865 cum
2721 2807 2908 2866 vineis
2955 2814 3014 2865 et
3061 2811 3254 2880 terris,
3286 2814 3509 2868 etcum
3541 2813 3828 2872 omnibus

2167 2915 2371 2956 eorum
2402 2897 2868 2970 pertinentiis,ab
2901 2915 3017 2955 uno
3048 2897 3224 2956 latere
3255 2898 3414 2956 silice
3445 2900 3546 2974 qui
3572 2902 3820 2959 descen-

2167 2991 2254 3046 dit
2283 3008 2318 3047 a
2348 2993 2524 3063 ponte
2545 2989 2777 3046 Lucano
2797 2991 2892 3060 (ad
2926 2993 3101 3062 ponte
3130 2991 3528 3062 Lucanum);a
3556 2994 3822 3050 secundo

2169 3079 2348 3136 latere
2377 3078 2494 3136 alia
2523 3077 2686 3135 silice
2715 3095 2844 3151 qua
2866 3079 3056 3153 pergit
3085 3080 3156 3136 ad
3174 3079 3461 3152 palatium
3477 3081 3821 3155 antiquum,

414 3168 473 3230 et
503 3181 538 3221 a
566 3167 774 3236 quarto
802 3161 982 3234 latere
1023 3161 1299 3218 Camerti.
1349 3161 1656 3237 Simulque
1703 3169 1762 3220 et
1808 3165 2058 3222 fundum
2089 3147 2132 3214 (ἶ
2171 3187 2206 3226 a
2234 3169 2405 3225 tertio
2435 3167 2616 3225 latere
2644 3147 2752 3223 via—
2767 3147 3002 3240 publica
3027 3185 3040 3237 ;
3073 3172 3132 3226 et
3160 3147 3194 3226 a
3223 3173 3434 3244 quarto
3463 3147 3642 3230 latere
3683 3147 3823 3228 fun;

333 3275 346 3287 κ
415 3252 514 3328 qui
545 3249 875 3326 appellatur
903 3249 1155 3307 Pluzano
1186 3249 1246 3307 in
1278 3251 1592 3325 integrum,
1624 3253 1696 3310 ab
1730 3270 1846 3311 uno
1876 3253 2059 3312 latere

415 3341 622 3420 ﬂuvio;
654 3345 714 3398 et
744 3357 778 3397 a
797 3339 1054 3397 secundo
1069 3337 1251 3397 latere
1273 3339 1557 3410 Camarti;
1581 3342 2058 3400 etatertiolatere

413 3428 833 3509 Qervinariola;
864 3433 923 3485 et
953 3445 987 3485 a
1017 3431 1223 3501 quarto
1253 3427 1433 3486 latere
1467 3429 1714 3486 fundum
1767 3431 2056 3506 Purpura-

415 3537 558 3578 num
578 3518 734 3591 juris
763 3518 1029 3590 ejusdem
1049 3517 1346 3591 opiscopii,
1363 3523 1540 3592 atque
1566 3518 1694 3592 ipso
1727 3538 1906 3593 supra
1922 3522 2059 3577 scri-

413 3615 514 3685 pto
543 3609 792 3666 fundum
815 3605 1222 3681 Purpuranum
1239 3606 1298 3662 in
1316 3607 1607 3683 integrum
1630 3627 1766 3665 cum
1783 3605 2058 3668 omnibus

413 3695 488 3764 ad
519 3703 576 3756 te
603 3697 1034 3772 pertinentibus
1059 3715 1072 3766 ;
1105 3697 1178 3754 ab
1209 3713 1326 3753 uno
1356 3696 1539 3754 latere
1572 3697 1909 3756 Africanum
1939 3705 1997 3756 et
2025 3719 2059 3758 a

411 3789 670 3848 secundo
719 3787 899 3843 latere
948 3787 1188 3858 ﬂumen,
1222 3789 1280 3842 et
1310 3804 1344 3842 a
1372 3785 1544 3842 tertio
1570 3786 1750 3844 latere
1783 3788 2057 3858 Pluzano,

411 3883 470 3938 et
518 3895 552 3935 a
599 3881 808 3951 quarto
851 3874 1031 3934 latere
1076 3877 1438 3945 Lauretum;
1490 3877 1707 3950 pariter
1748 3883 1804 3934 et
1845 3879 2056 3936 fundos

351 4025 358 4031 ,
411 3966 712 4044 pertusulo
745 3967 986 4024 Rosario
1033 3983 1168 4022 cum
1218 3965 1463 4024 ecclesia
1505 3965 1693 4022 sancti
1741 3967 2055 4024 Valentini.

411 4054 685 4114 Eundum
715 4054 1040 4123 Julianum,
1071 4055 1320 4110 fundum
1353 4055 1948 4123 Orianum,omnesin
1969 4058 2056 4114 in-

413 4143 594 4218 tegris
625 4142 735 4200 sibi
756 4143 1001 4199 invicem
1029 4143 1745 4200 cohaerentesConstituto
1768 4147 2058 4204 territorio

413 4231 739 4306 Tyburtino
770 4230 1020 4288 miliario
1051 4249 1279 4305 asupra
1309 4233 1769 4304 scriptacivitate
1800 4235 1934 4307 plus
1947 4239 2055 4292 mi-

416 4340 528 4394 nus
557 4318 762 4396 quinto
795 4321 853 4376 in
883 4337 1089 4395 campo
1120 4321 1460 4394 majore;ab
1491 4339 1606 4378 uno
1637 4322 1817 4380 latere
1833 4325 2060 4398 Staphi-

411 4412 590 4482 lianc,
603 4415 662 4468 et
678 4410 984 4466 asecundo
1001 4409 1180 4467 latere
1211 4409 1373 4467 silice
1395 4411 1453 4466 in
1477 4417 1695 4484 quaest
1719 4413 2054 4484 Ponticelle,

2166 3259 2308 3314 dum
2340 3257 2625 3314 Gostanti.
2657 3256 2962 3314 Enimvero
2994 3257 3232 3315 clusura
3261 3259 3531 3318 de-vinea
3556 3278 3736 3334 super
3755 3279 3825 3319 se

2165 3346 2226 3402 in
2258 3347 2556 3420 integrum
2587 3362 2720 3402 cum
2752 3345 3026 3404 omnibus
3057 3348 3128 3404 ad
3181 3364 3311 3404 eam
3361 3349 3818 3422 pertinentibus,

2168 3435 2281 3492 sita
2309 3435 2369 3490 in
2403 3435 2651 3491 fundum
2683 3434 2783 3506 qui
2814 3439 3055 3491 vocatur
3082 3437 3282 3492 Zetula
3301 3437 3475 3493 sicuti
3507 3455 3612 3511 per
3635 3426 3825 3495 dona-

2165 3523 2342 3580 tionis
2391 3523 2658 3580 chartula
2708 3521 2899 3580 evenit
2946 3523 3007 3579 in
3051 3525 3450 3600 suprascripto
3493 3526 3820 3600 episcopio.

2167 3613 2439 3672 Fundum
2472 3612 2682 3668 Paconi
2722 3612 2781 3668 in
2833 3613 3151 3686 integrum,
3185 3614 3436 3670 fundum
3486 3616 3822 3686 Piranello;

2169 3703 2416 3760 fundum
2446 3700 2728 3769 Turriele,
2742 3701 2992 3758 fundum
3022 3701 3482 3770 Cecili,fundum
3503 3706 3822 3762 Serianum

2167 3809 2302 3848 cum
2335 3791 2644 3848 arboribus
2693 3789 3008 3859 olivarum;
3053 3791 3302 3848 fundum
3349 3792 3722 3863 Balbinianu,
3759 3796 3822 3851 in

2167 3898 2282 3956 quo
2314 3884 2404 3936 est
2431 3877 2678 3935 ecclesia
2708 3880 2895 3935 sancti
2927 3871 3238 3950 Victorini;
3280 3882 3532 3938 fundum
3565 3883 3826 3940 Molllica

2167 3969 2278 4025 sibi
2311 3967 2557 4023 invicem
2589 3967 2944 4024 cohaerentes
2977 3985 3112 4024 cum
3144 3968 3422 4026 omnibus
3452 3988 3655 4026 eorum
3688 3989 3822 4044 per-

2166 4057 2450 4114 tinentiis.
2485 4055 2591 4112 Ubi
2623 4055 2778 4112 inter
2807 4055 3014 4112 affines
3059 4058 3134 4112 ab
3185 4075 3302 4114 uno
3348 4057 3530 4115 latere
3577 4060 3826 4131 ponitur

2167 4147 2336 4202 lucus
2362 4163 2374 4213 ;
2409 4163 2444 4201 a
2463 4145 2718 4202 secundo
2749 4143 2927 4202 latere
2973 4147 3092 4202 rivo
3123 4147 3223 4220 qui
3255 4147 3447 4220 pergit
3475 4148 3547 4204 ad
3579 4153 3822 4221 pontem

2169 4235 2416 4302 Marini;
2451 4251 2484 4290 a
2514 4234 2682 4290 tertio
2715 4233 2895 4292 latere
2921 4235 3376 4304 Lumbricata;a
3406 4242 3618 4309 quarto
3635 4237 3824 4295 latere

2169 4324 2287 4380 rivo
2320 4321 2590 4379 Puzzulo.

2240 4413 2485 4485 Insuper
2514 4412 2768 4468 concedo
2798 4417 2855 4468 et
2870 4414 3152 4470 conﬁrmo
3180 4414 3570 4471 Marsicanam
3591 4415 3746 4472 viam
3759 4417 3824 4473 in

411 4507 471 4559 et
499 4518 534 4558 a
561 4499 732 4581 tertio
765 4497 944 4556 latere
975 4499 1312 4572 crepidinis,
1347 4505 1406 4558 et
1433 4517 1468 4557 a
1497 4506 1704 4574 quarto
1754 4501 1934 4560 latere
1967 4505 2060 4560 Pi-
2094 4518 2141 4582 D
2169 4502 2488 4575 integrum,
2517 4505 2575 4556 et
2606 4500 2857 4556 fundum
2891 4517 3097 4574 campo
3129 4503 3382 4559 rotundo
3412 4503 3471 4559 in
3493 4503 3822 4578 integrum;

413 4591 598 4649 rantis
611 4589 976 4664 (Piranis);et
1004 4607 1039 4646 a
1068 4585 1273 4662 quinto
1304 4588 1485 4648 latere
1500 4589 2064 4662 colummella,simi-

411 4681 546 4738 liter
587 4679 835 4736 fundum
880 4677 1250 4748 Suberetula,
1302 4679 1554 4735 fundum
1584 4681 1901 4754 Armagna,
1928 4683 2060 4738 fun-

411 4769 556 4826 dum
587 4767 920 4824 Bissianum
936 4784 1072 4824 cum
1092 4766 1338 4825 ecclesia
1353 4768 2057 4844 sanctiAngeli.Fundum

411 4857 665 4927 Trulias,
698 4858 949 4915 fundum
979 4857 1352 4926 Castamiola,
1384 4859 1633 4915 fundum
1679 4859 2056 4934 Computum,

413 4947 660 5006 fundum
691 4945 1102 5020 Turinianum,
1135 4947 1384 5003 fundum
1415 4947 1928 5016 Jamule,l’undum
1961 4951 2056 5008 Gi-

414 5033 606 5103 melle,
621 5035 868 5090 fundum
901 5035 1136 5108 Septem
1157 5036 1286 5114 viis,
1305 5035 1551 5090 fundum
1583 5039 1771 5092 matre
1788 5038 2055 5108 Saecula,

413 5123 661 5180 fundum
696 5123 880 5179 Pracli
910 5123 1154 5198 (Procli),
1189 5125 1433 5180 fundum
1470 5124 1730 5191 Planule,
1761 5145 1966 5184 omnes
1996 5127 2057 5184 in

415 5213 658 5286 integris
687 5213 798 5268 sibi
830 5213 1075 5270 invicem
1115 5215 1543 5271 cohairentibus
1593 5233 1728 5270 cum
1775 5217 1966 5285 terris,
2000 5222 2058 5274 et

414 5300 598 5369 silvis,
631 5305 689 5356 et
717 5317 851 5356 cum
883 5303 1158 5360 omnibus
1187 5321 1222 5359 a
1253 5321 1432 5376 supra
1463 5303 1712 5376 scriptos
1753 5305 1968 5360 fundos
1997 5305 2055 5360 in

413 5391 671 5463 integros
705 5391 1152 5462 pertinentibus,
1189 5392 1395 5465 positis
1425 5392 1483 5448 in
1515 5395 1719 5450 eodem
1770 5395 2056 5451 terriiorio

415 5477 742 5536 Tiburtino.
777 5477 1153 5548 Prwtema,et
1182 5481 1429 5536 fundum
1461 5482 1558 5554 qui
1587 5487 1828 5538 vocatur
1859 5483 2060 5540 Barela

414 5567 478 5639 in
498 5565 1070 5642 integrum,fundum
1088 5568 1470 5640 Casapetrain
1483 5571 2056 5643 integrum,fundum

2171 4591 2422 4651 fundum
2455 4587 2756 4646 Pensionis
2772 4592 2832 4645 et
2862 4607 2994 4648 case
3023 4590 3559 4665 inintegrum,cum
3571 4594 3832 4652 ecclesia

2171 4685 2387 4738 sanctae
2420 4679 2635 4747 Marica,
2665 4683 2724 4736 et
2749 4679 2936 4736 sancti
2970 4680 3226 4738 Severini
3250 4682 3406 4754 juris
3437 4684 3828 4758 suprascripti

2168 4769 2470 4843 episcopii.
2501 4767 2800 4842 Quippini,
2833 4767 2952 4842 (sic)
2983 4773 3041 4826 et
3070 4770 3319 4826 fundum
3362 4773 3460 4844 qui
3493 4771 3839 4845 appellatur

2165 4857 2404 4916 Cornuti
2437 4874 2572 4913 cum
2589 4857 2756 4931 plebe
2769 4859 2954 4914 sancti
2973 4859 3251 4932 Stephani
3269 4861 3549 4929 ;fundum
3568 4861 3836 4919 Parianu

2167 4965 2304 5005 cum
2331 4947 2579 5004 ecclesia
2609 4951 2824 5004 sanctae
2855 4948 3082 5018 Maria};
3115 4951 3366 5006 fundum
3406 4950 3635 5008 Circulo
3684 4969 3836 5008 cum

2167 5036 2416 5095 ecclesia
2443 5037 2630 5092 sancti
2649 5036 2943 5092 Benedicti
2967 5042 3026 5093 et
3041 5039 3228 5094 sancti
3246 5039 3838 5112 Anastasii,fundum

2165 5131 2332 5201 Aqua
2353 5127 2594 5196 ferrata;
2621 5125 2871 5182 fundum
2892 5127 3226 5196 Paternum,
3243 5129 3490 5185 fundum
3513 5130 3840 5188 Maranum

2166 5221 2226 5273 et
2258 5234 2427 5273 mons
2459 5216 2716 5284 Paterni;
2745 5215 2994 5271 fundum
3027 5233 3165 5272 casa
3196 5218 3422 5288 Martis,
3448 5219 3700 5274 fundum
3721 5218 3845 5276 Ve-

2167 5312 2338 5381 gente
2372 5306 2525 5379 quod
2558 5309 2649 5362 est
2677 5323 2813 5362 casa
2843 5306 3431 5377 Projectici,fundum
3467 5307 3844 5366 Batilianum

2169 5413 2302 5452 cum
2335 5395 2504 5451 terris
2535 5399 2593 5450 et
2623 5394 2785 5450 silvis
2817 5395 2928 5451 sibi
2961 5396 3206 5451 invicem
3235 5396 3685 5464 cohaerentibus,
3713 5415 3832 5468 po-

2168 5485 2280 5542 sita
2309 5483 2600 5542 territorio
2651 5483 2994 5556 Tyburtino,
3046 5485 3118 5540 ab
3167 5503 3285 5542 uno
3337 5485 3514 5543 latere
3565 5487 3830 5545 Fossato

2170 5576 2422 5650 majore;
2457 5592 2490 5630 a
2521 5573 2776 5630 secundo
2804 5572 2981 5631 latere
3001 5576 3091 5632 via
3124 5576 3367 5650 antiqua
3396 5594 3522 5650 quae
3541 5575 3734 5650 pergit
3748 5579 3848 5636 ad
