4116 6176
284 350 405 409 353

1501 346 1906 410 EPISTOLAE
1951 348 2050 410 ET
2094 338 2569 410 PRIVIIJEGIA.

3620 322 3736 426 334

281 488 527 557 pontem
563 481 807 551 Marini;
843 487 957 538 eta
988 483 1163 538 tertio
1202 476 1379 539 latere
1429 483 1678 538 fundum
1709 480 1958 538 Calicia-
1989 483 2047 550 Α
2077 482 2330 539 fundum
2379 482 2711 553 Turritula;
2749 484 2999 542 fundum
3058 487 3268 546 Vicum
3317 496 3373 549 et
3415 495 3649 563 Arcum,
3681 502 3738 551 et

281 590 430 630 num
441 572 600 644 juris
623 576 842 627 sancta:
866 572 1145 628 Romana:
1168 571 1436 628 Ecclesia:
1454 589 1467 640 ;
1487 590 1520 627 a
1548 576 1756 644 quarto
1781 569 1964 627 latere

280 661 612 718 fundum...
638 665 697 717 et
727 678 765 717 a
794 661 1005 734 quinto
1039 660 1221 716 latere
1253 660 1502 716 fundam
1536 658 1763 716 Paulini
1806 659 1964 732 juris

280 749 635 808 monasterii
657 748 818 805 Cella
834 749 1013 806 Nova.
1032 750 1208 805 Porro
1226 747 1474 822 (necnon)
1499 754 1554 804 et
1576 748 1829 805 fundum
1862 749 1964 821 qui

275 845 527 912 vocatur
549 839 724 895 Prata
746 841 975 912 majore
993 854 1129 895 eum
1151 838 1540 907 vineis,terris
1559 842 1734 910 atque
1752 839 1963 910 pratis;

277 907 538 984 fundum
564 926 971 983 Baronianum
1004 927 1064 983 in
1094 926 1388 1000 integrum
1422 927 1574 982 inter
1594 926 1801 982 afﬁnes
1826 926 1968 982 inei-

274 1017 483 1092 piente
514 1034 621 1090 per
653 1018 777 1072 rivo
813 1033 1003 1089 usque
1034 1016 1094 1071 in
1118 1017 1305 1072 forma
1335 1016 1607 1088 antiqua;
1640 1032 1675 1071 a
1703 1018 1965 1071 secundo

277 1106 467 1162 latere
500 1104 838 1173 Monetula;
871 1122 906 1163 ε,
930 1106 1103 1161 tertio
1120 1106 1298 1160 latere
1325 1105 1575 1160 fundum
1600 1106 1884 1174 Romani;
1908 1110 1967 1161 et

279 1214 317 1250 a
348 1200 565 1268 quarto
610 1195 796 1250 latere
847 1195 1094 1249 ﬂuvium
1150 1194 1413 1266 Tyberis,
1449 1199 1506 1249 et
1558 1194 1965 1264 pervenientes

284 1302 479 1357 usque
510 1284 571 1339 in
604 1283 739 1339 aliis
772 1284 891 1339 arci
926 1284 1025 1338 ubi
1060 1284 1117 1338 in
1152 1282 1443 1338 l’eticella.
1470 1282 1684 1337 Verum
1706 1283 1888 1338 etiam
1909 1287 1968 1338 et

281 1374 569 1432 clausura
598 1374 839 1428 vineata
860 1390 1039 1444 super
1060 1390 1121 1427 se
1148 1372 1202 1426 in
1230 1373 1455 1443 integra
1488 1372 1678 1443 posita
1699 1372 1773 1425 ad
1798 1376 1966 1442 porta

280 1462 575 1531 Adriana;
602 1463 859 1518 fundum
880 1461 1965 1531 Ciceiani,fundumAtlorunl,l'undum

281 1552 936 1621 Ciculanum,fundum
971 1551 1291 1621 Paccionis,
1314 1566 1521 1607 omnes
1572 1549 1823 1606 invicem
1870 1566 1964 1606 co-

282 1642 657 1699 hazrentibus
706 1641 768 1696 in
820 1639 1098 1713 integris;
1131 1640 1382 1695 fundum
1430 1638 1632 1695 Zizimi
1685 1638 1765 1711 (id
1796 1638 1965 1695 vallis

283 1732 480 1800 Cotta)
510 1730 623 1800 (sic
656 1730 730 1786 ad
762 1746 929 1785 oram
975 1727 1187 1784 litteris
1237 1728 1576 1796 rubricatis)
1608 1745 1745 1783 cum
1796 1727 1964 1800 plebe

284 1826 507 1879 sancta:
536 1819 736 1875 Mariae
754 1823 813 1876 et
838 1817 1027 1875 sancti
1051 1817 1322 1886 Joannis;
1348 1818 1600 1873 fundum
1625 1815 1966 1872 Marcianel-
1994 1856 2043 1923 Β

284 1910 515 1979 lum,et
562 1907 761 1966 casale
814 1907 1002 1963 sancti
1034 1906 1236 1975 Cirici;
1274 1906 1524 1963 fundum
1574 1905 1966 1975 Columnclla,

284 2001 410 2057 sive
439 2000 661 2072 quibus
703 1997 839 2054 aliis
888 1995 1186 2053 vocabulis
1240 2000 1660 2068 nuncupantur
1695 2012 1708 2050 :
1745 1995 1820 2050 ab
1852 2011 1966 2051 uno

284 2090 472 2145 latere
504 2088 599 2143 via
628 2086 900 2160 publica;
934 2103 967 2140 a
996 2084 1251 2141 secundo
1282 2082 1461 2141 latere
1500 2085 1753 2140 fundum
1795 2083 1965 2154 Apol-

288 2179 444 2245 loni;
480 2196 515 2233 a
548 2177 723 2233 tertio
755 2176 940 2231 latere
974 2173 1249 2241 Romani;
1283 2191 1316 2229 a
1348 2178 1555 2246 quarto
1588 2174 1771 2229 latere
1812 2172 1967 2228 Balle

291 2268 494 2340 longa,
520 2273 578 2323 et
609 2285 644 2321 a
676 2264 889 2339 quinto
912 2262 1090 2319 latere
1121 2263 1307 2319 forma
1337 2263 1493 2318 unde
1516 2280 1672 2334 aqua
1713 2263 1970 2317 decurrit

293 2362 457 2413 recte
490 2356 547 2411 in
576 2356 671 2411 via
704 2352 960 2427 publica.
983 2350 1267 2407 Similiter
1297 2356 1354 2407 et
1384 2351 1636 2407 fundum
1666 2350 1966 2422 Carpinia-

298 2463 448 2501 nam
474 2451 532 2501 et
562 2445 734 2500 vinea
773 2443 930 2497 inter
962 2441 1110 2497 duos
1141 2441 1502 2509 Ludes,cum
1534 2439 1784 2496 ecclesia
1814 2439 1968 2495 beati

298 2533 722 2606 Petriapostoli
743 2532 885 2603 (vid.
900 2533 1051 2603 foras
1074 2532 1280 2598 muros)
1305 2530 1387 2602 (in
1420 2529 1656 2586 rubrica
1676 2529 1749 2585 ad
1782 2532 1969 2598 oram)

296 2630 361 2680 et
390 2625 560 2680 vinea
591 2624 649 2678 in
682 2622 858 2680 trivio
891 2637 1027 2676 cum
1057 2618 1303 2675 ecclesia
1334 2618 1522 2675 sancti
1557 2617 1875 2674 Laurentii.

377 2714 564 2769 Immo
583 2718 643 2768 et
666 2712 921 2767 fundum
943 2710 1147 2765 Castro
1166 2707 1224 2763 in
1243 2707 1539 2780 integrum
1562 2723 1699 2762 eum
1722 2706 1970 2762 ecclesia

298 2803 494 2859 sancti
516 2800 755 2875 Angeli;
791 2798 1044 2854 fundum
1066 2795 1367 2852 Balarcese
1389 2794 1500 2851 sibi
1525 2795 1773 2850 invicem
1792 2795 1972 2851 colus.

302 2892 598 2948 rentibus.
616 2890 845 2946 Pariter
866 2892 924 2943 et
949 2887 1199 2943 fundum
1221 2901 1357 2941 cum
1389 2883 1582 2940 casale
1603 2900 1710 2940 suo
1736 2888 1794 2939 et
1814 2884 1970 2941 Balle

301 2982 668 3055 longaatque
688 2979 861 3053 plebe
884 2976 1071 3033 sancti
1099 2975 1216 3049 (hic
1233 2974 1574 3031 dimisimus
1586 2973 1682 3045 (ad
1692 2976 1971 3031 oramalia

298 3074 498 3139 manu)
516 3087 649 3127 cum
668 3067 854 3125 vineis
871 3072 929 3123 et
944 3064 1117 3122 terris
1133 3068 1342 3120 etcum
1359 3064 1636 3119 omnibus
1649 3062 1773 3118 suis
1786 3063 1970 3135 perti-

302 3160 524 3219 nentiis
546 3158 819 3216 Fundam
839 3152 1150 3230 (Fullonis)
1176 3151 1479 3208 Fullonius
1497 3152 1557 3207 in
1581 3151 1971 3224 integrum,et

2074 571 2525 640 Cieilianum,et
2555 570 2940 645 Vigilianum,
2966 581 3024 632 et
3051 579 3300 650 Aspreta
3329 597 3463 637 eum
3493 581 3741 638 ecclesia

2076 660 2264 717 sancti
2319 659 2491 728 Petri,
2524 665 2583 716 et
2632 660 2691 717 in
2730 661 2861 720 vieu
2904 663 3214 723 ecclesiam
3261 670 3450 726 sancti
3482 669 3736 742 Valerii;

2075 749 2332 805 fundum
2383 749 2742 820 Graecorum,
2777 752 3027 809 fundum
3071 755 3465 815 Virdilianum
3510 758 3609 815 ubi
3650 763 3741 816 est

2073 837 2324 894 ecclesia
2358 839 2548 894 sancti
2580 839 3032 913 Magni.0mnes
3068 843 3181 900 sibi
3224 846 3472 903 invicem
3505 848 3564 903 in
3594 846 3741 905 inte-

2074 926 2198 1001 gris
2232 926 2667 984 cohterentibus
2690 946 2825 985 cum
2849 931 3002 987 casis
3023 936 3081 988 et
3110 932 3319 1003 vineis,
3340 937 3508 992 terris
3542 940 3601 993 et
3631 936 3739 993 sil-

2074 1015 2187 1086 vis,
2224 1016 2431 1088 pratis,
2464 1017 2722 1089 pascuis,
2759 1018 2985 1075 cultum
3014 1019 3102 1076 vel
3135 1022 3461 1094 incultum;
3489 1026 3736 1082 fundum

2076 1103 2462 1173 Melizanum;
2490 1106 2739 1162 fundum
2764 1106 3099 1177 Paternum,
3116 1109 3363 1167 fundum
3383 1113 3737 1172 Sambueulo
3834 1144 3843 1149 -

2075 1193 2270 1267 posito
2291 1195 2582 1250 territorio
2615 1196 2938 1268 Tyburtino
2971 1216 3005 1253 a
3035 1199 3267 1257 civitate
3294 1202 3560 1274 ejusdem
3606 1203 3736 1259 mil-

2074 1280 2244 1337 liario
2276 1287 2513 1352 octavo;
2549 1285 2620 1339 ab
2658 1303 2772 1341 uno
2806 1285 2987 1342 latere
3011 1289 3260 1344 fundum
3301 1291 3585 1361 Minianu,
3618 1298 3676 1347 et
3705 1311 3740 1348 a

2076 1373 2336 1427 secundo
2367 1371 2546 1428 latere
2576 1373 2929 1443 Bulturella;
2965 1392 3000 1429 a
3030 1377 3204 1432 tertio
3256 1377 3436 1434 latere
3484 1381 3735 1436 fundum

2076 1459 2522 1529 Maternum;ct
2548 1479 2583 1517 a
2612 1465 2820 1535 quarto
2860 1463 3042 1519 latere
3085 1465 3296 1523 fluvius
3344 1468 3444 1540 qui
3495 1475 3739 1526 vocatur

2073 1547 2442 1619 Jubenzanu,
2477 1555 2536 1605 et
2568 1556 2766 1608 monte
2790 1552 2891 1624 qui
2915 1557 3156 1610 vocatur
3174 1554 3348 1612 Crul‘o
3361 1558 3519 1629 juris
3540 1546 3740 1632 super-

2073 1637 2315 1711 ascripti
2345 1638 2646 1712 episcopii.
2680 1641 2810 1697 Pari
2845 1642 3018 1698 modo
3049 1659 3119 1699 ex
3149 1642 3268 1700 alia
3313 1632 3479 1719 parte
3509 1633 3733 1707 montis

2075 1726 2241 1782 fundi
2266 1727 2607 1800 Caparacie;
2632 1730 2751 1786 sive
2775 1747 2974 1787 massa
2994 1736 3254 1802 vocatur,
3272 1751 3407 1791 cum
3432 1720 3605 1815 mons
3635 1722 3736 1815 ubi

2073 1820 2162 1872 est
2193 1815 2250 1870 in
2283 1817 2587 1874 cacumine
2617 1819 2864 1875 ecclesia
2895 1821 3081 1876 sancti
3111 1821 3317 1896 Angeli
3368 1824 3468 1897 qui
3517 1826 3736 1883 dicitur

2077 1905 2440 1973 Faianu,nec
2473 1924 2588 1962 non
2620 1912 2678 1963 et
2709 1907 2905 1964 locum
2936 1909 3036 1981 qui
3069 1910 3399 1984 appellatur
3429 1904 3737 1972 Trellanus

2076 1994 2157 2063 (id
2189 1992 2579 2069 Giranus)‘(in
2603 1996 2860 2068 rubrica)
2893 2014 3027 2054 cum
3061 2000 3259 2057 fundis
3280 2002 3405 2059 suis
3430 2019 3444 2058 :
3468 2003 3737 2061 videlicet

2078 2083 2330 2138 fundum
2362 2083 2821 2157 Carpi,l'undum
2854 2086 3335 2154 Marre,i'undum
3368 2090 3584 2162 Plazze,
3612 2093 3738 2148 fun-

2078 2172 2221 2226 dum
2256 2171 2588 2242 llozarium,
2611 2174 2861 2229 fundum
2896 2176 3232 2249 Corianum,
3267 2178 3516 2236 fundum
3545 2168 3738 2238 Julia-

2080 2276 2244 2328 num,
2262 2260 2510 2317 fundum
2533 2279 2670 2318 casa
2691 2262 2962 2333 Martelli,
2988 2266 3240 2322 fundum
3280 2273 3497 2325 sanctae
3526 2272 3740 2325 Anato-

2080 2347 2168 2402 lia:
2190 2353 2247 2403 et
2269 2348 2415 2405 valle
2440 2351 2795 2420 Fortiniane,
2812 2358 2869 2408 et
2890 2370 3077 2426 usque
3118 2354 3177 2411 in
3220 2358 3334 2412 ﬁne
3374 2357 3579 2427 stellae,
3602 2346 3735 2414 fun-

2080 2436 2223 2492 dum
2247 2438 2538 2511 (Crapola)
2559 2456 2727 2496 mons
2748 2459 2911 2514 aqua:
2930 2442 3089 2499 vivae.
3109 2444 3327 2501 Omnes
3349 2446 3463 2502 sibi
3486 2447 3735 2504 invicem

2080 2525 2438 2583 cohaerentes
2468 2528 2527 2583 in
2552 2528 2819 2602 integris.
2835 2548 2969 2587 cum
2991 2533 3145 2589 casis
3167 2540 3225 2591 et
3244 2535 3450 2605 vineis,
3477 2536 3648 2593 terris
3678 2540 3738 2593 et

2080 2611 2262 2680 silvis,
2287 2617 2536 2688 campis,
2558 2616 2761 2689 pratis,
2786 2620 3043 2691 pascuis,
3087 2622 3282 2694 aquis,
3330 2640 3736 2698 aquarumque

2080 2701 2451 2774 decursibus,
2483 2704 2570 2761 vel
2603 2721 2737 2760 cum
2768 2708 3044 2765 omnibus
3074 2726 3277 2765 eorum
3323 2712 3733 2783 pertinentiis;

2081 2790 2402 2848 constituto
2425 2794 2552 2865 jam
2584 2794 2885 2851 nominato
2916 2798 3207 2854 territorio
3239 2798 3734 2872 Tyburtino,mil-

2079 2878 2248 2934 liario
2269 2880 2342 2935 ab
2365 2880 2495 2954 ipsa
2516 2882 2719 2940 civitas
2740 2884 2872 2957 plus
2893 2885 3091 2941 minus
3126 2887 3351 2944 decem.
3384 2889 3470 2945 Ab
3503 2906 3619 2945 uno
3649 2888 3733 2946 la—

2080 2971 2199 3023 tere
2230 2968 2484 3027 fundum
2516 2972 2877 3042 Graecorum;
2915 2991 2950 3030 a
2978 2976 3235 3032 secundo
3273 2975 3451 3034 latere
3483 2966 3734 3036 fundum

2079 3056 2280 3127 Sassa,
2310 3062 2370 3114 et
2419 3077 2454 3116 a
2500 3061 2670 3117 tertio
2721 3061 2900 3119 latere
2952 3063 3200 3120 fundum
3235 3065 3569 3137 Grunzanu,
3603 3074 3663 3125 et
3701 3088 3736 3125 a

2081 3151 2290 3217 quarto
2320 3148 2500 3206 latere
2530 3150 2781 3206 fundum
2814 3153 3516 3226 Longiaanum.Similiter
3535 3163 3593 3214 et
3610 3160 3737 3215 fun-

302 3247 757 3326 quatuorunciaa
771 3219 1968 3317 fundiquiappellaturApolloniitNecnon
2004 3219 2047 3286 (ἶ
2075 3235 2217 3291 dum
2251 3254 2389 3295 casa
2420 3239 2652 3296 Ilerculi
2676 3256 2811 3296 cum
2843 3219 2997 3298 casis
3026 3245 3084 3297 et
3112 3242 3322 3313 vineis,
3348 3250 3406 3302 et
3436 3265 3571 3303 cum
3603 3267 3733 3305 om-

294 3348 365 3399 ‘et
378 3340 627 3397 fundum
648 3334 1037 3401 Claudianus,
1054 3330 1308 3387 fundum
1326 3329 1569 3397 Juliani,
1590 3329 1837 3385 fundum
1857 3332 1979 3386 Tri-

304 3430 524 3506 pentis,
541 3428 791 3482 fundum
813 3420 1180 3490 Cisternulzn,
1201 3420 1451 3475 fundum
1493 3416 1830 3488 Pontecclo,
1854 3420 1979 3503 fun:

307 3523 453 3577 dum
485 3515 714 3585 Silveri,
738 3513 990 3569 fundum
1024 3527 1163 3568 casa
1194 3507 1780 3576 Marciana,t'undum
1815 3509 1975 3566 Parsl

306 3626 446 3666 cum
460 3605 639 3680 sylvis
649 3607 707 3661 et
717 3601 969 3669 olivetis,
982 3604 1041 3659 et
1056 3599 1229 3656 terris
1241 3614 1378 3655 cum
1404 3595 1652 3653 ecclesia
1672 3598 1859 3654 sancti
1881 3600 1979 3656 Cc"

312 3697 408 3756 cili
423 3701 647 3766 ,etcum
660 3691 937 3750 omnibus
949 3705 1155 3747 eorum
1176 3684 1578 3761 pertinentiis;
1604 3684 1780 3741 simul
1798 3688 1976 3744 etiam

311 3793 369 3845 et
391 3784 642 3841 fundum
664 3782 974 3839 Paternum
993 3794 1129 3835 cum
1148 3774 1395 3833 ecclesia
1414 3778 1630 3831 sancta:
1648 3773 1942 3832 Columba:
1959 3795 1973 3847 ;

310 3876 563 3933 fundum
578 3873 893 3938 olivarum;
918 3868 1062 3924 fund
1074 3884 1172 3923 um
1194 3866 1226 3923 J
1232 3863 1406 3921 anule
1429 3880 1562 3919 cum
1580 3862 1828 3920 ecclesia
1848 3883 1979 3927 san-

313 3968 395 4023 cti
431 3962 624 4032 Pauli;
648 3960 897 4016 fundum
913 3957 1309 4013 Anterranum
1334 3954 1393 4009 in
1415 3952 1710 4027 integrum
1734 3954 1846 4010 sibi
1880 3955 1974 4010 in-

305 4057 496 4112 vicem
530 4034 958 4109 cohmrentibus
992 4048 1138 4118 (sic),
1170 4042 1446 4099 milliario
1478 4041 1549 4097 ab
1600 4041 1743 4098 urbe
1780 4042 1974 4100 Romae

311 4145 447 4218 plus
469 4140 667 4197 minus
681 4136 962 4194 vicesimo
978 4139 1163 4192 sexto.
1184 4133 1357 4189 Porro
1380 4136 1438 4187 et
1461 4130 1710 4186 fundum
1736 4131 1948 4190 Balneo

310 4229 724 4303 lum,fundum
750 4223 1316 4294 Facundii,i‘undum
1344 4218 1550 4289 Licini,
1569 4218 1818 4276 fundum
1844 4221 1977 4279 Bas-

312 4338 547 4387 sanum,
582 4317 832 4373 fundum
868 4311 1319 4378 Barbatianum,
1343 4308 1596 4365 fundum
1627 4307 1975 4382 Corsanum,

309 4410 564 4468 fundum
615 4406 748 4463 Bico
805 4402 1081 4477 longum;
1132 4400 1387 4457 fundum
1443 4396 1678 4466 Antoni,
1722 4397 1973 4456 fundum

310 4498 525 4572 Clippi,
557 4494 805 4552 fundum
838 4490 1179 4565 Nigilionis,
1210 4487 1510 4555 Resiariu;
1544 4486 1795 4543 fundum
1827 4489 1972 4546 Buc-

2088 3326 2265 3384 nibus
2285 3329 2358 3384 ad
2391 3346 2528 3385 eum
2548 3330 3007 3403 pertinentibus;
3042 3333 3114 3388 ab
3139 3351 3254 3390 uno
3275 3333 3456 3392 latere
3486 3337 3732 3394 fundum

2088 3416 2463 3488 Licilianum,
2495 3437 2531 3475 a
2574 3420 2832 3476 secundo
2881 3419 3059 3477 latere
3110 3422 3359 3479 fundum
3411 3426 3666 3495 Foranu;
3700 3443 3735 3482 a

2089 3506 2258 3562 tertio
2280 3506 2459 3564 latere
2480 3508 2731 3563 fundum
2755 3508 2856 3579 qui
2887 3507 3219 3581 appellatur
3243 3511 3579 3581 Pasinianu,
3615 3518 3671 3571 et
3699 3500 3734 3570 a

2088 3599 2296 3667 quarto
2317 3595 2494 3653 latere
2517 3596 2767 3652 fundum
2789 3597 3124 3654 Barbaranu
3138 3599 3319 3669 juriis
3340 3600 3607 3657 Ecclesia:
3630 3604 3735 3675 Ty-

2087 3684 2356 3740 burtinaa.
2373 3684 2653 3741 Praeterea
2669 3688 2728 3740 et
2747 3690 2998 3756 quatuor
3012 3684 3213 3743 fundis
3235 3687 3293 3742 in
3311 3688 3736 3761 integris,vide-

2087 3774 2223 3831 licet
2252 3775 2438 3845 capud
2471 3774 2706 3847 (capite)
2741 3773 2947 3841 leonis,
2976 3778 3035 3830 et
3080 3774 3435 3848 Priscianus,
3466 3777 3738 3835 Caesaria-

2088 3881 2220 3933 nus,
2254 3862 2610 3935 Magianum.
2645 3861 2860 3919 Omnes
2893 3861 3007 3917 sibi
3057 3862 3306 3920 invicem
3356 3865 3730 3924 cohaerentes.

2086 3953 2271 4011 Immo
2292 3957 2350 4009 et
2376 3950 2622 4007 fundum
2650 3949 2788 4007 villa
2808 3950 3333 4021 Pertusa,f‘undum
3356 3954 3730 4027 Saturanum,

2085 4043 2335 4100 fundum
2364 4038 2708 4097 Valneolum
2741 4045 2797 4097 et
2827 4039 3019 4097 casale
3045 4056 3179 4098 cum
3228 4041 3474 4101 ecclesia
3519 4049 3733 4102 sancta:

2086 4131 2430 4191 Secundins:
2462 4144 2647 4201 usque
2676 4128 2738 4186 in
2769 4127 2887 4189 rivo
2918 4130 3018 4202 qui
3044 4130 3261 4188 dicitur
3282 4132 3353 4190 de
3374 4133 3730 4206 Trabicella;

2085 4226 2142 4281 et
2170 4220 2415 4279 ecclesia
2436 4217 2623 4275 sancti
2647 4217 2926 4290 Stephani
2951 4235 3086 4276 cum
3128 4219 3317 4279 casale
3352 4238 3478 4292 suo,
3503 4228 3562 4279 et
3600 4224 3732 4279 fun-

2085 4313 2228 4371 dum
2262 4308 2621 4367 Marcianum
2644 4306 2930 4365 amnesin
2952 4308 3195 4381 integris
3225 4310 3402 4381 positi
3416 4311 3589 4382 juxta
3608 4313 3735 4368 fun-

2085 4403 2226 4459 dum
2258 4398 2634 4466 Giranum,et
2664 4394 3301 4466 Finestelle,territorlo
3334 4397 3729 4457 Trellanense.

2086 4492 2348 4560 Itemque
2396 4485 2644 4541 fundum
2691 4483 3086 4541 Cantoranum
3135 4501 3270 4540 cum
3320 4484 3567 4542 ecclesia
3597 4505 3726 4558 sua,

310 4588 632 4646 cunianum
665 4583 819 4656 quod
849 4585 939 4639 est
988 4578 1277 4637 territorio
1329 4576 1675 4646 Savinense;
1710 4577 1959 4634 fundum
1991 4612 2037 4677 Β
2067 4581 2319 4648 fundum
2338 4573 2961 4641 Bulziniano,fundum
2979 4573 3292 4677 Maranoin
3316 4574 3644 4648 integrum;
3671 4582 3732 4634 et

310 4676 456 4736 Gelli
467 4674 746 4743 ,fandum
768 4668 1151 4727 Cartellorum
1172 4667 1270 4740 qui
1303 4670 1392 4723 est
1419 4665 1611 4739 posita
1635 4668 1767 4721 ante
1785 4671 1960 4738 ponte
1991 4662 2034 4677 ⁵’
2069 4667 2315 4727 ecclesia
2336 4668 2549 4722 sanctae
2578 4662 2895 4718 Felicitatis
2922 4678 3057 4717 cum
3080 4662 3271 4718 casale
3293 4680 3399 4718 suo
3431 4680 3619 4736 usque
3657 4667 3730 4722 ad

311 4769 642 4829 Lucanum,
673 4760 923 4818 fundum
953 4757 1197 4815 Corconi
1249 4757 1307 4810 in
1356 4755 1672 4828 integrum,
1710 4755 1958 4811 fundum

313 4854 530 4913 Maiani
562 4854 621 4907 in
653 4852 947 4924 integrum
979 4848 1237 4920 positum
1254 4846 1427 4917 juxta
1448 4844 1963 4912 silicem,fundum

311 4943 723 5009 Jemilianum;
760 4940 1010 4997 fundum
1030 4934 1408 5009 Aquilonem;
1444 4932 1693 4989 fundum
1718 4931 1967 4988 Mutilia-

314 5051 457 5091 num
484 5035 657 5105 juxta
688 5030 875 5088 sancti
908 5026 1190 5100 Stephani
1224 5024 1282 5079 in
1313 5021 1576 5090 Cornuti,
1606 5021 1857 5077 fundum
1904 5020 1963 5075 in

315 5123 476 5181 Balle
511 5121 790 5195 positum,
808 5116 908 5191 qui
929 5113 1259 5189 appellatur
1287 5113 1474 5185 Capra
1494 5109 1766 5178 molente,
1790 5114 1848 5166 et
1868 5109 1966 5166 Ca-

315 5211 623 5269 stanneola
650 5209 710 5265 in
732 5206 977 5280 integris
1001 5220 1015 5260 :
1040 5203 1112 5261 ab
1135 5219 1251 5260 uno
1273 5201 1450 5258 latere
1471 5198 1700 5256 colonia
1720 5215 1847 5270 qua:
1868 5215 1962 5255 vo-

313 5305 483 5358 catur
514 5298 807 5364 Mi‘nianu;
834 5314 867 5353 ο.
887 5294 1145 5351 secundo
1167 5290 1347 5348 latere
1368 5288 1616 5345 fundum
1638 5286 1961 5354 Veranum;

315 5407 348 5445 a
375 5389 547 5447 tertio
589 5387 766 5444 latere
809 5384 1058 5451 fundum
1092 5381 1372 5446 Ilianum;
1394 5381 1452 5435 et
1484 5394 1518 5432 a
1548 5380 1755 5447 quarto
1788 5375 1964 5433 latere

314 5485 513 5535 monte
545 5477 644 5549 qui
668 5480 907 5533 vocatur
924 5469 1248 5529 Vulturella
1262 5466 1418 5541 juris
1440 5469 1655 5524 sanctae
1692 5465 1963 5521 Romana:

311 5566 605 5624 Ecclesiae.
625 5562 815 5622 Simul
863 5562 1038 5618 etiam
1069 5558 1316 5615 fundum
1340 5555 1472 5612 Ilice
1506 5557 1563 5610 et
1592 5553 1797 5609 civitas
1837 5570 1963 5625 quae

309 5661 555 5724 vocatur
596 5655 742 5729 Noe;
777 5651 1029 5713 fundum
1076 5643 1516 5709 Petroniliolam
1565 5647 1621 5706 et
1665 5639 1958 5715 anricle;

2069 4761 2319 4824 ﬂumen;
2354 4768 2555 4812 omnes
2578 4750 2690 4807 slbi
2716 4750 2963 4806 invicem
2987 4749 3344 4807 cohaerentes
3368 4751 3425 4806 in
3461 4752 3726 4825 integris.

2147 4845 2319 4902 Porro
2342 4846 2397 4897 et
2435 4839 2601 4913 plebe
2631 4836 2820 4894 sancti
2845 4836 3142 4892 Laurentii
3175 4837 3275 4909 qui
3306 4838 3635 4910 appellatur
3664 4841 3726 4896 in

2077 4934 2346 4999 Sublaco,
2371 4945 2504 4987 eum
2536 4929 2725 4985 forma
2753 4930 2811 4982 et
2842 4924 3098 4982 ecclesiae
3129 4931 3346 4983 sancta:
3379 4927 3570 4984 Mariae
3601 4945 3729 5000 quae

2075 5030 2161 5081 est
2193 5038 2370 5094 supra
2398 5015 2737 5084 castellum;
2772 5015 3020 5071 fundum
3045 5014 3728 5085 Paternellum,fundum

2077 5110 2297 5167 Bullica
2327 5123 2461 5163 cum
2482 5102 2667 5159 vineis
2689 5105 2747 5158 et
2768 5101 3033 5172 terris,et
3055 5118 3190 5158 cum
3212 5105 3489 5162 omnibus
3525 5121 3727 5163 eorum

2077 5195 2465 5272 pertinentiis,
2481 5178 2820 5249 constitutis
2852 5190 3143 5248 territorio
3167 5190 3518 5250 Sublaciano
3542 5211 3729 5268 usque

2076 5289 2135 5343 in
2168 5286 2339 5343 ﬂuvio
2364 5281 2556 5339 medio
2590 5278 2862 5336 Ecclesiae
2896 5279 3253 5352 Tyburtinze.
3291 5282 3562 5339 Fundam
3588 5284 3730 5341 Pon-
3752 5323 3773 5339 .

2073 5394 2159 5445 za,
2174 5373 2422 5431 fundum
2436 5370 2536 5443 qui
2554 5367 2887 5441 appellatur
2901 5369 3076 5441 Casa;
3103 5370 3355 5429 fundum
3368 5371 3725 5446 Casalupuli;

2073 5465 2319 5522 fundum
2343 5459 2641 5526 Canistra;
2667 5458 2914 5515 fundum
2938 5459 3252 5532 Scapiono;
3280 5460 3527 5518 fundum
3549 5462 3727 5535 Caesa-

2073 5570 2189 5620 rea,
2214 5551 2462 5607 fundum
2497 5547 2865 5605 Cisinianum
2914 5548 3026 5604 sibi
3063 5548 3311 5605 invicem
3351 5549 3725 5639 cohaerentes,

2073 5642 2246 5723 positi
2280 5638 2573 5702 territorio
2592 5636 2769 5713 Afile;
2796 5637 2868 5695 ab
2891 5653 3007 5695 uno
3036 5636 3215 5698 latere
3234 5636 3451 5713 Aﬁle,a
3471 5636 3727 5701 secundo
