4068 6172
389 317 504 376 355

1227 304 1644 368 BENEDICTI
1687 302 1916 363 PAP/E
1958 301 2064 366 VII
2110 305 2360 368 EPIST.
2405 306 2510 368 ET
2551 304 2943 370 PRIVILEG.

3677 308 3796 370 35.3

385 449 563 504 latere
597 445 900 510 Turrita,a
923 442 1090 498 tertio
1122 441 1298 494 latere
1338 435 1727 500 Gaiancllo,et
1759 453 1792 488 a
1822 441 2030 506 quirto
2063 441 2110 506 Α
2143 440 2421 507 Severini,
2455 446 2511 494 et
2542 441 2832 507 Treleo,
2867 447 2924 496 et
2954 442 3085 495 vieu
3134 457 3269 496 eum
3310 439 3555 496 ecclesia
3603 443 3795 497 sancti

384 537 566 593 latere
603 531 1029 590 Paterelanum.
1076 526 1358 582 Similiter
1405 525 1654 579 fundum
1699 524 1938 579 Orarius
1987 529 2046 580 et

385 623 805 686 Gratinianus;
839 617 1087 672 fundum
1121 616 1542 679 Puzzorosano,
1560 612 1810 667 fundum
1836 612 2045 666 Ponza-

385 711 736 781 no,fundum
751 705 1082 771 Cetreiano;
1105 704 1355 758 fundum
1369 701 1685 758 Toriniano
1701 699 1759 754 in
1778 699 2040 774 integris,

384 800 484 858 siti
505 795 795 854 territorio
816 792 1198 861 Sublaciano;
1225 792 1298 846 ab
1340 807 1457 845 uno
1491 789 1668 844 latere
1690 787 1944 856 Cisiano,
1971 789 2044 843 ab

383 887 496 946 alio
530 886 708 942 latere
734 881 1152 950 Balneolum,a
1174 880 1345 935 tertio
1385 879 1567 933 latere
1590 877 1956 942 Glasterane,
1989 881 2046 931 et

381 995 417 1034 a
447 978 657 1048 quarto
679 973 858 1028 latere
888 970 1140 1026 fundum
1165 969 1524 1034 Nuscanum,
1561 971 1618 1022 et
1651 983 1684 1021 a
1717 965 1923 1038 quinto
1955 964 2042 1019 la-

381 1071 501 1122 tere
519 1062 767 1119 fundum
789 1057 1034 1132 Caprola
1057 1075 1070 1126 ;
1095 1075 1130 1112 a
1154 1073 1334 1128 supra
1351 1054 1569 1126 scripto
1591 1053 1770 1108 latere
1792 1054 2041 1108 fundum

381 1148 939 1210 Calcuano.Paritcr
968 1150 1026 1202 et
1073 1146 1354 1200 fundoras
1396 1143 1655 1216 quinque
1695 1141 1754 1196 in
1797 1140 2043 1214 integris

383 1242 481 1316 qui
530 1241 815 1296 vocantur
863 1234 1081 1290 Moreni
1121 1251 1136 1301 ;
1170 1234 1361 1298 Oreta,
1407 1229 1822 1286 Plumbariola.
1854 1232 2042 1302 Aqua.

381 1327 686 1396 Combula,
708 1325 1089 1397 Pagatianum
1115 1338 1248 1376 cum
1274 1320 1396 1376 laco
1418 1337 1524 1374 suo
1547 1325 1604 1374 et
1635 1319 1877 1373 introitu
1909 1331 2040 1373 suo'

382 1418 575 1493 posita
595 1413 883 1472 territorio
909 1409 1342 1484 Tyburtino,ab
1363 1409 1493 1481 ipsa
1517 1407 1750 1462 civitate
1767 1406 2040 1462 milliario

381 1507 516 1582 plus
538 1505 737 1562 minus
765 1505 1044 1575 quatuor;
1078 1499 1136 1554 in
1168 1515 1374 1570 campo
1416 1497 1662 1569 majore,
1696 1499 1950 1568 necfnon
1981 1500 2040 1552 et

387 1593 742 1654 Monticellis
771 1596 829 1647 et
859 1588 1072 1647 casalis
1101 1605 1236 1644 cum
1269 1585 1536 1642 ecclesia.

451 1684 583 1741 Haec
613 1696 792 1754 supra
819 1678 1054 1750 scriptis
1085 1675 1363 1733 omnibus
1395 1674 1594 1730 fundis
1627 1677 1684 1729 et
1714 1673 2038 1744 casalibus,

380 1778 439 1832 et
468 1772 688 1846 plebes,
715 1774 774 1826 et
803 1766 1164 1834 monasteria
1193 1769 1252 1821 et
1282 1763 1560 1821 ecclesias
1607 1779 1734 1834 quae
1766 1761 2037 1834 superius

392 1859 705 1932 adscriptis
734 1873 863 1914 esse
887 1857 1006 1927 (sic)
1035 1855 1326 1910 Videntur.
1364 1853 1484 1907 Imo
1514 1852 1691 1907 etiam
1737 1850 2032 1918 ecclesias,

385 1967 533 2023 quas
561 1949 780 2006 Bosone
801 1944 1072 2016 episcopo
1093 1946 1231 1998 tuus
1255 1945 1588 1998 antecessor
1609 1940 1722 1995 isto
1752 1943 2035 2012 praesente

383 2055 536 2095 anno
573 2033 950 2099 consecravit,
981 2030 1249 2086 videlicet
1278 2029 1462 2083 sancti
1502 2028 1746 2084 Joannis
1777 2034 1834 2082 et
1883 2027 2034 2082 beati

385 2124 704 2186 Juvenalis.
729 2121 962 2193 (Haecin
993 2118 1153 2176 bulla
1182 2119 1350 2174 Joan.
1383 2116 1522 2184 XIX,
1557 2133 1608 2172 a.
1644 2117 1829 2184 1029.)

457 2214 890 2272 Conﬁrmamus
906 2210 1080 2265 etiam
1105 2212 1168 2262 ut
1189 2223 1292 2280 per
1321 2207 1526 2261 afﬁnes
1547 2210 1604 2261 et
1634 2203 1914 2260 terminos
1935 2221 2034 2260 eos

382 2303 736 2362 deliberatis.
767 2301 922 2356 Inter
943 2297 1149 2354 afﬁnes
1169 2296 1484 2368 incipiente
1505 2311 1539 2349 a
1569 2293 1788 2349 sanctis
1810 2298 2032 2364 septem

383 2394 754 2455 fratribus,e't
774 2404 962 2460 usque
983 2388 1041 2440 in
1075 2385 1410 2440 conﬁnibus
1435 2383 1624 2438 sancti
1665 2377 2029 2454 Joannis'qui

383 2481 712 2557 appellatur
742 2479 798 2533 in
833 2473 1173 2548 argentella,
1205 2477 1262 2528 et
1282 2473 1490 2528 exinde
1533 2472 1591 2526 in
1621 2487 1828 2543 campo
1859 2469 2030 2536 sacri,

383 2572 481 2628 ubi
515 2573 658 2626 sunt
687 2564 938 2639 Staphili
969 2562 1116 2629 ﬁcti,
1142 2568 1200 2617 et
1240 2565 1392 2616 recte
1421 2561 1478 2615 in
1511 2559 1674 2616 silice
1719 2575 1935 2632 magna
1961 2559 2032 2616 de

381 2657 745 2724 Penestrina,
777 2653 1164 2711 descendente
1195 2665 1328 2705 vero
1360 2666 1462 2721 per
1492 2649 1620 2721 ipsa
1640 2649 1804 2704 silice
1833 2649 2032 2704 omnia

380 2753 542 2823 parte
571 2748 771 2802 dextra
795 2741 1085 2799 territorio
1101 2739 1426 2812 Tyburtino
1440 2738 1596 2809 juris
1623 2737 1813 2792 eidem
1834 2735 2027 2792 Eccle-

378 2840 478 2896 siae
509 2835 866 2910 Tyburtinze.
919 2832 1084 2886 Parte
1132 2845 1266 2884 vero
1313 2827 1431 2883 laba
1479 2828 1596 2900 (sic)
1643 2825 1841 2881 omnia
1872 2825 2028 2897 juris

376 2929 590 2986 sanctae
623 2921 1084 2980 Penestrinensis
1116 2917 1406 2974 Ecclesiaa.
1424 2916 1605 2971 Sicuti
1631 2920 2026 2971 antecessores

375 3015 560 3072 nostri
591 3030 696 3085 per
717 3012 1004 3084 praecepta
1035 3007 1406 3062 deﬁnierunt.
1437 3005 1722 3060 Praeterea
1759 3003 2024 3058 concedi-

375 3120 510 3159 mus
539 3105 720 3172 (atque
737 3099 1124 3169 confirmamus
1160 3095 1262 3150 tibi
1292 3099 1510 3165 tuoque
1529 3091 1845 3148 venerabili
1865 3092 2024 3163 epis-

2066 1813 2113 1880 B

2149 526 2386 592 Valerii,
2418 535 2475 582 et
2493 529 2711 584 Zizinni
2748 529 2804 582 in
2839 545 2952 601 quo
2983 534 3071 583 est
3100 528 3268 600 plebe
3285 533 3498 583 sanctae
3521 529 3802 597 Marize,et

2151 616 2336 670 sancti
2369 617 2634 686 Joannis,
2669 631 2800 671 cum
2835 615 2966 672 aliis
3014 615 3329 684 casalibus,
3381 615 3607 672 scilicet
3648 623 3706 673 et
3736 618 3799 672 in

2152 703 2488 774 herbaticis,
2530 708 2586 759 et
2615 703 2984 776 glaudatieis,
3019 705 3181 760 nulla
3209 704 3480 760 molestia
3510 705 3801 763 habeatis.

2151 790 2366 846 Caetera
2392 809 2527 847 vero
2565 793 2764 847 omnia
2792 793 3120 848 immobilia
3147 791 3294 858 loca,
3313 791 3488 848 cultis
3521 797 3580 849 et
3609 793 3800 850 incul-

2151 879 2247 946 tis,
2264 896 2398 935 eum
2429 881 2706 936 omnibus
2733 897 2936 937 eorum
2984 880 3376 953 pertinentiis,
3406 879 3494 936 vel
3524 881 3800 954 adjacen-

2150 967 2267 1034 tiis,
2295 969 2448 1024 sicut
2477 969 2748 1042 superius
2779 969 3010 1042 legitur.

2219 1059 2266 1111 A
2295 1059 2566 1128 priesenti
2599 1058 2858 1114 secunda
2885 1057 3204 1114 indictione
3232 1059 3397 1114 vobis
3443 1065 3502 1114 et
3549 1077 3652 1131 per
3695 1078 3804 1118 vos

2151 1146 2525 1202 concedimus
2541 1152 2592 1202 et
2613 1147 3025 1219 perpetualiter
3043 1146 3376 1204 stabilimus
3397 1149 3807 1222 suprascripta

2151 1233 2298 1298 loca,
2317 1252 2448 1290 cum
2481 1235 3072 1306 plebibus,,ecclesiis,
3123 1236 3296 1304 casis,
3319 1235 3472 1292 villis
3501 1241 3556 1292 et
3583 1239 3807 1294 castel-

2149 1321 2244 1392 lis,
2259 1325 2430 1378 terris
2454 1324 2630 1378 cultis
2661 1329 2719 1378 et
2746 1324 3262 1390 incultis,urbanis
3296 1329 3354 1380 et
3393 1325 3649 1394 rusticis,
3669 1343 3811 1383 nec-

2151 1427 2264 1466 non
2297 1416 2355 1467 et
2384 1413 2582 1468 omnia
2603 1413 2762 1484 jura,
2797 1418 2854 1468 et
2876 1415 3048 1484 juxta
3079 1414 3534 1470 consuetudines
3565 1431 3694 1486 quae
3737 1415 3806 1472 in

2147 1500 2350 1556 eadem
2381 1501 2627 1556 ecclesia
2649 1518 2754 1574 per
2773 1501 3064 1574 praeterita
3084 1506 3347 1574 tempora
3367 1501 3654 1560 hactenus
3673 1520 3810 1576 per-

2151 1593 2510 1656 manserunt,
2533 1589 2742 1646 amodo
2774 1589 2998 1646 illibata
3028 1605 3263 1662 semper
3287 1591 3608 1648 consistam
3629 1593 3810 1664 jube-

2147 1694 2300 1733 mus.
2325 1678 2629 1751 Simulque
2644 1678 2844 1734 omnia
2859 1678 3212 1746 munimina,
3225 1695 3329 1734 seu
3352 1684 3564 1736 cuneta
3584 1681 3808 1738 instru-

2146 1771 2343 1823 menta
2373 1767 2708 1824 chartarum
2739 1767 2811 1822 de
2842 1772 2942 1822 tuo
2972 1767 3268 1840 episcopio
3301 1784 3430 1840 qua:
3460 1786 3496 1824 a
3526 1771 3803 1842 paganis,

2143 1857 2262 1912 sive
2280 1873 2383 1928 per
2397 1856 2704 1912 hominum
2729 1855 3150 1928 negligentiam
3173 1856 3486 1914 subtractae
3503 1857 3588 1914 vel
3607 1859 3806 1915 immi-

2145 1951 2320 2013 nutae,
2339 1961 2442 2000 seu
2461 1945 2534 2001 ab
2556 1945 2688 2016 igne
2711 1950 2979 2001 crematae
3002 1945 3262 2010 fuerunt,
3277 1961 3379 2018 per
3399 1945 3508 2002 hoc
3526 1952 3800 2003 nostrum

2144 2034 2529 2106 apostolicum
2561 2033 2930 2106 privilegium
2953 2049 3158 2088 omnes
3180 2049 3272 2090 res
3295 2033 3529 2090 illorum
3551 2035 3800 2092 stabiles

2145 2139 2377 2196 semper
2404 2123 2730 2178 consistant
2751 2124 2810 2178 in
2833 2122 3110 2178 omnibus
3135 2121 3800 2197 pleniter,legaliterque

2144 2213 2510 2268 continentes
2530 2213 2807 2284 vigorem.
2832 2211 2949 2266 Rex
2977 2227 3112 2266 vero
3133 2227 3337 2267 omnes
3360 2228 3487 2284 quae
3511 2213 3583 2268 ab
3605 2213 3804 2268 ortho-

2143 2302 2307 2357 doxis
2338 2301 2686 2358 Christianis
2714 2306 2772 2356 et
2801 2300 3090 2372 piissimis
3139 2317 3242 2372 pro
3295 2299 3531 2356 illorum
3569 2301 3798 2357 anima-

2141 2390 2272 2458 bus,
2293 2406 2397 2446 seu
2429 2389 2632 2444 saluta:
2663 2394 2778 2444 tua:
2811 2388 3069 2444 ecclesiis
3100 2389 3220 2444 sive
3251 2405 3354 2461 per
3369 2389 3654 2456 chartula,
3675 2391 3800 2446 sive

2141 2483 2466 2552 spontanee
2495 2477 2794 2533 voluntate
2825 2479 3030 2533 oﬁ'erre
3061 2482 3236 2550 atque
3284 2494 3572 2534 concessa:
3614 2479 3799 2534 fuisse

2137 2568 2430 2636 videntur,
2443 2565 2530 2621 vel
2555 2565 2792 2632 fuerint,
2807 2565 3030 2638 absque
3052 2565 3173 2621 ulla
3196 2565 3466 2622 molestia
3485 2571 3542 2621 et
3571 2567 3798 2640 absque

2139 2655 2298 2712 omni
2313 2654 2551 2727 querela
2567 2653 2902 2726 aliquorum
2924 2653 3232 2710 hominum
3255 2659 3597 2726 perpetuam
3618 2656 3801 2710 stabi-

2138 2743 2362 2800 litatem
2387 2747 2444 2798 et
2463 2748 2744 2814 perpetuo
2759 2743 2895 2813 jure
2917 2743 2977 2797 in
3000 2746 3103 2798 tua
3131 2742 3376 2799 ecclesia
3411 2733 3799 2816 tibi,tuisque

2136 2832 2578 2888 successoribus
2636 2831 2958 2887 sancimus.
3018 2834 3382 2905 Quapropter
3438 2836 3794 2904 statuentes,

2135 2928 2310 2995 atque
2339 2919 2780 2995 promulgantes
2811 2937 3006 2976 coram
3036 2921 3152 2976 Deo
3182 2925 3240 2976 et
3269 2921 3514 2976 terribili
3537 2923 3664 2992 ejus
3697 2921 3787 2977 fu-

2134 3017 2266 3068 turo
2295 3011 2583 3078 examine,
2613 3027 2718 3082 per
2745 3009 2922 3082 hujus
2953 3010 3137 3065 nostri
3169 3009 3472 3082 apostolici
3497 3011 3788 3084 privilegii

2131 3101 2537 3156 auctoritatem
2570 3099 2892 3167 sancimus,
2927 3103 2986 3154 et
3023 3099 3178 3154 beati
3223 3099 3346 3154 Peri
3381 3099 3786 3172 apostolorum

375 3189 562 3262 copio)
591 3187 696 3242 tibi
729 3191 948 3256 tuoque
980 3182 1296 3256 episcopio,
1330 3186 1396 3236 ut
1441 3181 1598 3236 οῐῐιῐιί
1649 3184 1910 3252 tempore
1963 3178 2027 3234 Ῑί-
2055 3172 2098 3238 C
2129 3189 2410 3262 principis
2443 3187 2853 3244 auctoritatem
2885 3188 3276 3254 decernimus,
3295 3191 3419 3243 tam
3451 3188 3788 3260 apostolica

374 3279 625 3335 centiam
647 3279 704 3331 et
718 3276 1064 3347 potestatem
1088 3270 1352 3326 habeatis
1367 3286 1502 3324 cum
1523 3268 1731 3326 vestris
1746 3269 2022 3324 omnibus

373 3364 714 3425 hominibus
747 3359 1111 3434 ingrediendi
1140 3361 1195 3414 et
1217 3357 1548 3430 egrediendi
1570 3373 1706 3412 cum
1727 3357 1886 3412 omni
1903 3373 2024 3412 ves-

373 3461 466 3512 tra
496 3453 753 3510 utilitate
773 3465 877 3522 per
904 3451 1140 3520 pontem
1164 3447 1262 3518 qui
1285 3449 1525 3502 vocatur
1553 3446 1855 3502 Lucanum
1887 3445 2022 3502 abs-

373 3560 486 3618 que
537 3541 696 3598 omni
747 3537 1004 3606 redditu,
1054 3536 1141 3592 vel
1197 3535 1458 3608 qualibet
1512 3535 1768 3604 dationc,
1815 3534 2024 3591 exinde

371 3629 818 3708 persolvendum
884 3643 988 3700 pro
1041 3624 1460 3698 qualicumque
1518 3640 1714 3681 causa.
1777 3625 2023 3697 Insuper

371 3720 747 3779 concedimus
777 3716 938 3772 vobis
960 3730 1196 3771 omnem
1229 3712 1584 3780 districtum,
1617 3717 1675 3769 et
1706 3711 1920 3786 placita
1949 3713 2020 3769 de

369 3811 647 3868 omnibus
663 3805 1056 3879 monasteriis,
1071 3804 1190 3860 sive
1211 3801 1475 3859 ecclesiis
1497 3801 1578 3858 tui
1603 3801 1880 3876 episeopii
1898 3806 2018 3858 tam

370 3901 524 3958 infra
555 3899 683 3972 ipsa
703 3895 952 3962 civitate,
977 3909 1272 3966 quamque
1311 3892 1488 3949 etiam
1529 3897 1587 3948 et
1625 3893 1695 3948 de
1719 3891 1880 3960 foris,
1900 3891 2020 3949 sive

369 3986 686 4046 monachos
717 3990 774 4042 et
803 3983 1044 4040 ancillas
1075 3982 1176 4039 Dei
1199 3988 1374 4054 atque
1405 3981 1775 4054 presbyteros
1807 3985 1863 4036 et
1893 3981 2018 4037 dia-

371 4094 572 4144 conos,
601 4075 692 4130 vel
722 4089 956 4130 omnem
989 4071 1230 4138 clerum,
1267 4071 1366 4143 qui
1389 4070 1500 4128 sub
1538 4075 1642 4127 tua
1661 4069 2018 4142 protectione

371 4169 532 4230 sunt,
563 4161 653 4218 vel
685 4162 744 4216 in
776 4167 879 4217 tua
909 4160 1142 4216 dimcesi
1175 4159 1622 4231 permanebunt,
1655 4163 1722 4215 ut
1751 4159 1811 4214 in
1853 4163 2016 4214 tuam

369 4253 607 4325 tuisque
637 4249 1076 4306 successoribus
1107 4249 1184 4303 sit
1205 4253 1554 4320 potestatem
1595 4247 1938 4321 distrigendi
1962 4253 2020 4304 et

369 4339 700 4416 judicandi.
733 4337 995 4409 Denique
1037 4336 1456 4393 conﬁrmamus
1485 4335 1590 4392 tibi
1621 4353 1724 4410 per
1751 4337 1860 4394 hoc
1892 4353 2022 4394 nos~

373 4435 531 4488 trum
561 4425 949 4499 apostolicum
983 4423 1352 4497 privilegium
1384 4441 1618 4482 omnem
1650 4426 2022 4482 consuetudi-

373 4534 508 4574 nem
531 4533 680 4589 quos
696 4516 812 4571 tuis
827 4514 1266 4570 successoribus
1286 4513 1443 4570 soliti
1463 4519 1630 4570 erant
1650 4515 1861 4572 habere
1874 4518 2016 4585 (sic),

375 4609 442 4661 ut
469 4608 528 4660 et
553 4608 616 4659 tu
647 4603 882 4676 tuisque
903 4602 1328 4658 successoribus
1348 4603 1570 4675 absque
1594 4602 1713 4658 ulla
1735 4604 2022 4659 contradi-

374 4694 566 4750 ctione
579 4695 846 4766 perennis
860 4691 1220 4764 temporibus
1235 4691 1484 4746 retineas
1501 4709 1514 4757 ;
1531 4695 1589 4746 et
1601 4691 1743 4746 nulli
1760 4709 2020 4764 unquam

374 4781 596 4846 comiti,
613 4785 715 4837 aut
739 4779 1151 4848 castaldio,vel
1191 4779 1366 4835 alicui
1403 4779 1764 4851 homini,qui
1801 4781 2020 4836 ibidem

374 4871 642 4946 publicas
664 4870 993 4926 functiones
1031 4867 1271 4925 fecerint
1293 4867 1463 4924 liceat
1482 4871 1592 4923 tua:
1615 4868 1870 4924 ecclesiae
1901 4887 2020 4924 ser-

373 4965 606 5030 vos,aut
628 4957 1026 5026 ancillas,sive
1051 4956 1264 5013 liberos
1296 4956 1697 5029 homines,qui
1729 4957 1787 5012 in
1825 4975 2025 5033 supra-

375 5048 514 5104 dicti
539 5048 622 5102 tui
647 5046 924 5120 episcopii
947 5045 1240 5101 casalibus
1258 5046 1515 5101 resident
1535 5047 1604 5102 ad
1629 5045 1910 5119 placitum
1931 5047 2019 5104 vel

374 5137 633 5210 guadiam
662 5139 806 5205 (sic),
831 5135 948 5191 sive
980 5135 1177 5208 aliqua
1198 5135 1562 5194 districtione
1582 5152 1892 5206 provocare
1921 5140 2024 5192 aut

377 5225 712 5300 perducere,
746 5223 872 5279 sine
903 5228 1023 5288 tuo,
1055 5229 1409 5296 tuorumque
1441 5239 1848 5280 successorum
1885 5241 2020 5280 con-

377 5331 575 5371 sensu.
593 5313 723 5369 Haec
752 5328 884 5367 vero
907 5311 1342 5382 prmnominatis
1391 5328 1494 5366 seu
1523 5309 1664 5366 locis
1686 5327 1814 5383 qua:
1845 5327 2024 5384 supe-

377 5403 500 5459 rius
523 5402 676 5457 conti
686 5404 916 5468 nentur,
930 5397 1196 5454 videlicet
1217 5399 1525 5471 Lipianum
1541 5404 1598 5455 et
1614 5401 2022 5456 Lambrionem

377 5508 513 5549 cum
542 5491 727 5548 vineis
747 5494 804 5548 et
831 5489 1020 5562 cripta
1051 5487 1346 5558 tabulicia,
1379 5493 1436 5544 et
1483 5494 1750 5560 cannoto,
1783 5495 1843 5548 et
1882 5506 2022 5564 pen-

378 5581 586 5651 sionis,
617 5580 677 5638 in
713 5595 828 5658 quo
869 5583 960 5639 est
983 5577 1228 5639 ecclesia
1264 5582 1478 5636 sancta
1509 5577 1700 5637 Mariae
1739 5583 1797 5640 et
1836 5581 2024 5641 sancti

2133 3277 2290 3332 sedis
2321 3277 2552 3332 futuros
2575 3276 3095 3348 pontiﬁces,quam
3118 3275 3225 3348 qui,
3236 3275 3668 3333 ecclesiasticas
3689 3277 3792 3332 ad-

2132 3365 2594 3422 ministraverint
2624 3363 3011 3434 actiones,vel
3039 3364 3218 3420 etiam
3253 3381 3468 3437 magna
3494 3381 3788 3438 parvaque

2132 3469 2404 3527 persona,
2433 3457 2535 3510 aut
2563 3453 2858 3527 quispiam
2908 3454 3316 3526 cujuscunque
3359 3452 3438 3508 sit
3477 3453 3788 3526 dignitatis

2129 3543 2410 3615 praeditus
2441 3546 2750 3615 potestate.
2793 3541 2926 3598 Ideo
2957 3557 3086 3614 qua
3117 3558 3152 3598 a
3181 3541 3351 3598 nobis
3382 3541 3476 3614 pie
3497 3541 3788 3614 disposita

2129 3637 2290 3700 sunt,
2307 3636 2479 3704 atque
2495 3648 2530 3686 a
2545 3631 2716 3686 nobis
2737 3645 3017 3687 concessa
3035 3645 3266 3703 quoque
3287 3629 3460 3688 modo
3477 3647 3785 3704 nunquam

2127 3719 2426 3776 licentiam
2445 3719 2658 3776 habeat
2668 3719 2739 3774 de
2756 3717 3196 3792 praedominatis
3213 3719 3491 3776 omnibus
3515 3719 3786 3775 immobi-

2128 3808 2284 3866 libus
2315 3807 2458 3864 locis
2481 3808 2538 3862 in
2571 3824 2686 3864 uno
2719 3807 3014 3874 adunatis,
3039 3812 3216 3880 atque
3247 3807 3592 3880 spiritaliter
3620 3825 3788 3882 apos-

2128 3897 2304 3954 tolica
2331 3897 2663 3954 exaratione
2695 3897 3025 3968 conjunctis
3059 3896 3524 3970 disjungere,vel
3560 3915 3678 3954 uno
3709 3898 3785 3966 ab

2128 4003 2243 4042 uno
2275 3986 2456 4042 altero
2488 3984 2762 4042 alienare.
2795 3985 2856 4042 Si
2883 3985 3016 4056 quis
3047 3985 3289 4052 interea,
3323 3986 3480 4058 quod
3515 4003 3630 4042 non
3658 4002 3784 4042 cre-

2126 4075 2432 4142 dimus,de
2451 4073 2761 4130 temerario
2784 4089 2934 4129 ausu
2957 4077 3161 4130 contra
3177 4089 3245 4130 ea
3265 4089 3392 4146 quas
3414 4073 3488 4130 ab
3509 4073 3618 4132 hac
3641 4092 3783 4132 nos-

2128 4167 2216 4219 tra
2245 4163 2610 4232 auctoritate,
2639 4166 2697 4218 et
2725 4161 2957 4218 Domini
2982 4159 3168 4218 nostri
3197 4160 3338 4218 Jesu
3363 4161 3576 4220 Christi
3610 4179 3784 4236 apos-

2127 4251 2380 4308 tolorum
2433 4250 2714 4323 principis
2765 4250 2916 4306 Petri
2958 4249 3276 4322 cujuslibet
3316 4250 3631 4307 immeritis
3659 4253 3786 4309 vice

2129 4341 2382 4415 agimus,
2416 4339 2810 4396 anathematis
2857 4339 3090 4396 vinculo
3129 4338 3498 4410 innodatum,
3531 4346 3590 4396 et
3645 4357 3783 4397 cum

2130 4429 2360 4486 diabolo
2377 4433 2434 4486 et
2453 4429 2582 4501 ejus
2603 4428 2989 4485 atrocissimis
3011 4427 3262 4500 pompis,
3279 4432 3457 4500 atque
3474 4445 3610 4484 cum
3629 4429 3662 4486 J
3668 4431 3786 4486 uda

2131 4519 2411 4576 traditore
2450 4517 2682 4574 Domini
2726 4517 2908 4573 nostri
2930 4517 3068 4574 Jcsu
3093 4516 3330 4586 Christi,
3355 4517 3552 4572 aeterni
3584 4519 3784 4574 incen-

2131 4608 2211 4662 dii
2244 4606 2531 4680 supplicio
2562 4607 3054 4662 concremandum
3079 4605 3156 4661 sit
3185 4605 3553 4678 deputatum,
3580 4623 3653 4662 ne
3683 4625 3788 4663 un-

2132 4712 2310 4770 quam
2331 4713 2366 4751 a
2387 4695 2643 4767 praefatis
2665 4693 3057 4750 anathematis
3078 4692 3322 4750 nexibus
3345 4694 3423 4750 sit
3451 4694 3782 4754 absolutus.

2129 4787 2203 4840 At
2231 4799 2360 4839 vero
2393 4783 2490 4856 qui
2526 4783 2620 4855 pio
2651 4783 2871 4838 intuitu
2904 4783 3238 4839 observator
3256 4782 3533 4838 omnibus
3553 4785 3788 4840 exstite-

2133 4873 2228 4938 rit,
2253 4871 2590 4928 custodiens
2611 4871 2790 4942 hujus
2815 4871 2998 4926 nostri
3020 4869 3324 4944 apostolici
3344 4871 3785 4928 constitutionis

2133 4961 2204 5016 ad
2231 4960 2455 5016 cultum
2477 4959 2576 5016 Dei
2597 4959 3066 5032 respicientibus,
3083 4959 3508 5016 benedictionis
3529 4961 3784 5034 gratiam

2133 5067 2168 5106 a
2213 5048 2767 5105 misericordissimo
2815 5049 3062 5104 Domino
3093 5048 3210 5104 Deo
3253 5052 3453 5105 nostro
3503 5049 3784 5123 consequi

2134 5143 2446 5209 mereatur,
2471 5143 2645 5210 atque
2677 5137 2906 5194 meritis
2939 5136 3092 5193 beati
3124 5140 3404 5209 martyrts
3432 5136 3618 5194 levitas
3642 5138 3788 5195 Lau-

2133 5227 2328 5298 rentii,
2360 5231 2587 5282 interna:
2617 5225 2746 5283 vitae
2777 5225 3070 5298 particeps
3099 5224 3251 5280 efﬁci
3273 5229 3584 5282 mereatur.

2203 5314 2500 5386 Scriptum
2526 5331 2629 5387 per
2657 5329 2901 5370 manum
2929 5313 3178 5371 Joannis
3228 5312 3522 5370 scriniarii
3567 5319 3786 5372 saneta

2134 5404 2407 5460 Romanae
2435 5402 2728 5470 Ecclesiae,
2761 5403 2822 5460 in
2853 5419 3054 5462 mense
3093 5402 3436 5462 Decembrio
3480 5407 3541 5462 et
3573 5403 3784 5464 indict.

2134 5493 2410 5551 secunda.

2204 5590 2228 5638 τ
2261 5581 2411 5640 Bene
2438 5579 2625 5640 valete
2655 5584 2679 5635 t
