4116 6176
404 295 521 357 363

688 428 757 484 Et
785 427 880 486 hic
911 433 1055 502 erat,
1087 428 1180 484 hic
1213 427 1436 485 multus
1465 432 1524 484 et
1549 426 1815 496 intimus,

617 517 700 574 Ad
732 535 818 588 es,
848 518 922 575 ad
953 533 1144 588 aures,
1175 533 1275 574 cor
1303 531 1538 588 quoque
1566 515 1829 572 Caesaris.
1900 587 1906 594 .

617 606 724 663 Per
752 607 910 663 hunc
938 605 1204 680 placebat
1231 604 1332 677 qui
1363 603 1632 678 placebat
1663 621 1676 660 :

617 695 735 752 Hoc
765 695 892 751 sine
920 695 1013 750 vix
1039 693 1256 766 aliquis
1283 692 1536 750 valebat.

688 783 806 840 Hac
837 783 1281 856 prmminentem
1314 782 1753 856 magniﬁcentia

617 872 834 928 Omnes
863 871 1154 928 honorant
1185 871 1608 939 muniﬁcentia,

617 960 776 1016 Facti
809 978 912 1034 per
943 960 1108 1017 illum
1141 960 1402 1036 gratiosi,

618 1049 690 1106 Ut
722 1068 831 1107 sua
858 1055 992 1108 vota
1021 1055 1242 1123 queant
1271 1048 1499 1106 mereri.

690 1141 798 1206 Qui
829 1157 945 1196 non
978 1156 1146 1197 avare
1177 1141 1278 1196 sed
1311 1138 1562 1212 cupidus
1593 1139 1686 1212 pie

619 1229 738 1286 Hoc
771 1229 1036 1303 exigebat
1066 1231 1224 1303 quod
1254 1229 1404 1285 foret
1433 1227 1595 1296 utile,

1480 292 1955 357 THEODORIGI
1999 285 2387 356 METENSIS
2429 293 2784 357 EPISCOPI

2077 433 2136 497 A

3696 299 3822 362 364

2381 427 2640 500 Notaque
2671 427 2854 502 culpa:
2886 429 3042 500 quod
3073 435 3294 494 careret

2379 516 2538 583 Quod
2563 516 2683 572 sibi
2715 533 2882 590 spem
2912 518 3090 574 venia
3119 525 3367 593 pararet.

2448 605 2595 661 Nam
2625 609 2820 662 vestra
2849 606 3034 663 sancti
3065 624 3308 681 corpora
3338 615 3644 685 martyres,

2379 695 2682 760 Quazrebat
2709 694 2892 768 hujus
2920 699 3124 753 sancta
3149 697 3258 753 viri
3289 699 3458 770 fides,

2381 781 2694 840 Translata
2721 783 3116 857 qualicunque
3143 803 3303 856 cura,

2384 871 2454 927 Ut
2483 877 2812 930 reverenter
2842 873 3082 932 haberet
3109 875 3228 932 illa.

2453 961 2757 1018 Gaudebat
2780 961 2890 1018 hoc
2921 964 3064 1020 urbs
3095 965 3265 1022 Metis
3297 966 3588 1042 episcopo,

2382 1050 2596 1106 Fidens
2621 1050 2681 1106 in
2712 1053 2840 1124 ejus
2871 1053 3142 1126 przesidie
3168 1055 3370 1129 duplo,

2383 1138 2609 1196 Pollens
2640 1157 2744 1214 per
2772 1141 2900 1214 ejus
2925 1144 3295 1200 sanctitatem

2383 1229 2652 1302 Tutaque
2681 1246 2786 1302 per
2811 1231 3282 1304 generositatem.

1217 1559 1913 1652 EPITAPHIUM
1977 1559 2470 1648 EVRARDI
2545 1559 3018 1653 COMITIS

1649 1748 2017 1811 AUGTORE
2061 1747 2590 1810 THEODERICO.

1195 1911 1312 1992 (Ex
1343 1911 1669 1990 Sigeberto
1699 1911 1764 1970 in
1793 1907 1937 1971 Vita
1965 1906 2204 1971 Theod.
2244 1909 2415 1990 apud
2449 1911 2622 1971 Pertz
2652 1909 2762 1971 ubi
2794 1913 3038 1992 supra.)

480 2207 645 2262 Anno
669 2204 982 2262 Dominicaa
1010 2205 1430 2264 incarnationis
1446 2205 1552 2260 978
1573 2205 1924 2262 Deodericus
1955 2206 2062 2262 hu-
2092 2209 2139 2274 B
2241 2206 2358 2262 Hac
2389 2206 2589 2278 requie
2619 2205 2806 2276 laetus,
2841 2205 3107 2280 lucisque
3139 2206 3428 2264 levamine
3459 2209 3661 2274 fretus,

365 2370 369 2374 ν
412 2294 571 2354 milis
601 2295 924 2368 praesul,ab
954 2295 1100 2368 ipsis
1131 2294 1435 2369 parietinis
1457 2294 1636 2367 hujus
1667 2293 1776 2352 loci
1807 2299 2066 2351 constru-

411 2391 554 2452 ctor,
587 2384 683 2456 pie
713 2385 909 2441 studio
941 2383 1296 2442 Everardum
1339 2383 1679 2443 fratruelem
1708 2383 1842 2452 sibi,
1874 2385 2064 2458 quoad

408 2472 598 2530 vivere
627 2473 832 2533 datum
865 2477 956 2532 est
1001 2471 1242 2536 unicum
1295 2488 1576 2547 amorem,
1609 2471 1944 2535 orthodoxis
1975 2487 2063 2529 re-

409 2561 608 2636 giique
637 2561 944 2636 sanguinis
973 2561 1318 2637 parentibus
1349 2561 1886 2636 clarum,ipsdsque
1909 2578 2066 2636 egre-

407 2649 505 2724 gia
532 2649 728 2707 indole
755 2649 998 2724 puerilis
1019 2653 1218 2726 gratiae
1241 2651 1764 2724 repremittentem,
1781 2668 1848 2708 ac
1877 2655 2063 2708 semet

407 2739 566 2811 genti
590 2739 907 2812 patriaaque
938 2757 1058 2796 suae
1089 2741 1150 2796 in
1173 2758 1338 2814 spem
1370 2739 1686 2797 maximam
1709 2740 1783 2796 ab
1803 2739 1949 2813 ipsis
1969 2757 2064 2796 cu-

408 2827 501 2889 nis
531 2827 688 2883 dulci
719 2830 928 2885 affectu
959 2830 1298 2903 educatum,
1331 2829 1651 2885 immatura
1681 2829 1824 2884 falce
1858 2829 2062 2885 mortis

405 2917 645 2974 vixdum
676 2919 995 2974 decennem
1028 2917 1350 2988 abscisum,
1383 2918 1546 2974 luctu
1578 2917 1766 2990 plebis
1797 2923 2061 2991 patrum-

408 3023 521 3079 que
549 3006 866 3063 immodico
912 3007 1157 3064 charum
1205 3008 1423 3083 pignus
1469 3007 1617 3064 silici
1658 3008 1770 3064 sub
1803 3007 2064 3063 humana

409 3100 566 3153 sorte
596 3113 650 3151 IV
681 3096 830 3160 Non.
863 3096 1228 3167 Septembris
1259 3095 1578 3152 mandavit.

980 3237 1114 3294 Item
1131 3237 1491 3310 epitaphium.

484 3381 611 3438 Non
645 3385 735 3438 est
763 3381 1089 3452 dampnosa
1117 3395 1275 3436 mers
1297 3381 1470 3453 justi,
1503 3386 1593 3437 set
1622 3383 1904 3455 preciosa,

553 3471 700 3526 Ante
727 3469 830 3526 Dei
861 3468 1066 3526 faciem
1096 3485 1329 3543 semper
1357 3469 1627 3526 habendo
1659 3471 1833 3530 diem.

486 3559 616 3634 Ipse
645 3559 771 3616 dies
801 3557 1032 3633 plenus,
1064 3557 1284 3616 lucenti
1315 3557 1435 3616 sole
1465 3576 1728 3629 serenus,

554 3649 657 3706 Est
686 3647 812 3706 sine
841 3651 1010 3706 nocte
1039 3647 1164 3708 dies
1193 3653 1252 3708 et
1281 3649 1408 3708 sine
1436 3649 1550 3708 fine
1577 3649 1765 3723 quies.

2319 2295 2608 2352 Evrardus
2639 2300 2891 2364 maneat,
2929 2312 3161 2353 cernere
3193 2313 3307 2370 quo
3336 2294 3525 2352 valeat

2249 2383 2462 2458 Regem
2493 2389 2854 2460 regnantem,
2887 2389 3238 2458 regnantum
3284 2401 3462 2460 regna
3506 2391 3823 2459 regentem,

2317 2472 2638 2546 Christum,
2669 2489 2845 2548 quem
2871 2473 3070 2545 coluit,
3103 2475 3292 2532 vivere
3325 2473 3466 2533 dum
3499 2475 3710 2548 potuit.

2247 2562 2299 2616 Is
2329 2579 2474 2635 puer
2503 2562 2753 2638 insignis
2780 2562 3064 2622 viventem
3099 2564 3238 2621 ﬂore
3269 2563 3542 2640 decennis

2315 2651 2544 2708 Ornans
2569 2651 2870 2708 mundicia
2895 2668 3141 2725 quaeque
3171 2653 3264 2709 sui
3294 2651 3512 2722 studia,

2245 2739 2504 2796 Transiit
2534 2757 2565 2796 e
2591 2741 2812 2797 mundo
2842 2741 3204 2812 Septembris
3236 2741 3357 2797 sole
3388 2743 3665 2798 secundo.

2315 2829 2519 2884 Lector
2546 2829 2638 2884 dic
2671 2831 2906 2886 tandem
2933 2847 2946 2884 :
2983 2831 3126 2886 Pace
3157 2830 3460 2903 quiescat!
3494 2847 3684 2885 amen.

2338 2971 2468 3026 Item
2495 2971 2834 3045 epitaphium
2861 2973 3102 3046 ejusdem
3134 2975 3345 3030 comitis
3372 2973 3653 3029 Everartli.

2243 3113 2548 3171 Clauditur
2576 3116 2686 3172 hac
2714 3117 2919 3173 tumba
2949 3117 3175 3190 pridem
3207 3117 3332 3173 sine
3359 3117 3491 3174 felle
3527 3116 3826 3186 columba,

2317 3203 2516 3261 Infans
2546 3205 2858 3276 Evrardus,
2893 3205 3106 3262 nobilis
3136 3211 3312 3280 atque
3335 3206 3491 3280 pius,

2244 3292 2538 3366 Sanguine
2566 3295 2864 3369 magnifici
2893 3312 3212 3370 generosus
3239 3295 3540 3353 Deoderici

2316 3381 2607 3454 Prmsulis,
2640 3399 2710 3440 ex
2736 3385 2908 3458 cujus
2939 3385 3116 3442 fratre
3147 3385 3258 3441 fuit
3286 3385 3541 3459 genitus.

2243 3470 2512 3529 Crastina
2541 3473 2900 3546 Septembris
2921 3473 3022 3532 lux
3042 3474 3134 3532 his
3151 3474 3261 3530 fuit
3277 3475 3488 3531 ultima
3515 3475 3820 3532 membris.

2316 3561 2544 3620 Christe
2573 3567 2736 3621 tuam
2761 3565 3024 3638 requiem
3056 3565 3131 3622 da
3159 3563 3272 3621 sibi
3303 3567 3474 3637 teque
3505 3563 3658 3622 diem
3683 3564 3696 3619 ε

1452 3971 2003 4088 INVENTIO
2067 3970 2767 4091 SANCTOBUM

566 4179 621 4238 Α
653 4176 865 4238 domno
901 4175 1250 4239 Theoderico
1278 4179 1544 4262 episcopo
1574 4179 1827 4242 Metensi
1851 4190 2221 4262 repertarum
2249 4189 2426 4262 atque
2453 4179 2536 4243 ad
2559 4180 2859 4243 civitatem
2883 4180 3195 4243 Metensem
3231 4179 3660 4242 translatorum

1357 4339 1564 4420 (Apud
1591 4339 1928 4404 Acherium
1959 4341 2178 4422 Spicil.
2211 4347 2336 4403 vet.
2371 4341 2520 4405 edit.
2555 4347 2709 4404 tom.
2745 4341 2874 4424 IV.)

473 4638 640 4692 Anno
673 4634 1092 4694 lncarnationis
1123 4636 1436 4692 Dominirre
1463 4639 1567 4692 870
1599 4655 1808 4712 magno
1843 4643 1898 4696 et
1928 4638 2048 4714 glo-
2089 4641 2137 4707 D
2171 4639 2433 4697 Palatina
2462 4638 2784 4713 agebantur
2813 4637 3081 4712 negotia;
3107 4637 3168 4693 in
3195 4639 3396 4694 eadem
3429 4637 3627 4696 Italica
3645 4655 3815 4714 expe-

405 4724 730 4782 riosissimo
762 4724 984 4782 Caesare
1029 4727 1292 4798 Augusto
1338 4727 1564 4792 Ottone,
1597 4743 1732 4782 cum
1765 4729 2055 4800 aequivoco

405 4831 512 4870 suo
543 4813 906 4872 admirabilis
938 4814 1154 4871 indolis
1187 4814 1554 4870 adolescente
1585 4815 1704 4870 filio
1747 4833 1910 4888 eaque
1939 4821 2054 4874 Au-

403 4909 598 4977 gusto,
631 4903 928 4976 simulque
960 4918 1309 4976 magnarum
1335 4903 1615 4960 virtutum
1648 4905 1896 4978 conjuge
1914 4906 2056 4962 Ade-

402 4991 616 5062 lheide,
651 5009 768 5065 qua
796 4992 944 5048 nihil
977 5007 1240 5064 unquam
1259 4991 1503 5063 justius,
1529 4994 2055 5068 mansuetius,pru—

404 5081 659 5150 dentius,
695 5098 800 5138 nec
831 5080 1020 5155 magis
1051 5081 1214 5154 pium
1235 5081 1554 5154 quidquam
1579 5084 1767 5155 potuit
1786 5085 2052 5153 esse,lta-

401 5168 492 5226 liaa
525 5174 754 5243 sceptra
783 5171 880 5244 pio
921 5171 1206 5244 justeque
1262 5169 1662 5227 moderamine
1717 5171 1958 5243 pacifice
1987 5189 2054 5230 ac

402 5254 589 5314 solide
610 5276 796 5332 usque
817 5259 877 5315 in
899 5260 1045 5316 ﬁnes
1067 5257 1348 5316 Calabriae
1375 5259 1863 5332 gubernantibus,
1887 5261 2052 5316 dem-

401 5363 514 5402 nus
544 5347 888 5404 venerabilis
921 5352 1135 5403 sanctae
1168 5347 1339 5403 Metis
1369 5348 1679 5421 episcopus
1735 5347 2053 5406 Theoderi-

401 5453 526 5507 cus,
561 5437 672 5510 ipsi
702 5436 1014 5510 magniiico
1042 5436 1378 5507 imperatori
1410 5437 1694 5512 sanguine
1715 5454 1780 5494 ac
1803 5437 1953 5494 mira
1971 5438 2055 5495 di-

397 5524 646 5582 lectione
695 5531 870 5598 atque
913 5523 1310 5582 familiaritate
1358 5527 1731 5598 conjunctus,
1765 5528 2052 5600 cujusque

401 5615 673 5674 consultu
719 5631 822 5687 pro
870 5614 1022 5670 mira
1065 5611 1364 5686 sapientiai
1415 5616 1812 5689 praerogativa,
1841 5620 2052 5676 cuncta

2165 4727 2387 4784 ditione
2419 4725 2866 4795 constitutus,in
2887 4743 3002 4798 qua
3017 4725 3337 4783 triennium
3360 4728 3476 4784 fere
3509 4727 3810 4797 militavit;

2163 4816 2305 4872 dum
2339 4803 2532 4872 divino
2563 4815 2850 4888 prazcipue
2878 4814 3038 4870 cultu
3071 4815 3325 4886 deditus,
3350 4833 3594 4890 quaeque
3613 4818 3685 4872 ad
3709 4817 3813 4874 ho-

2165 4921 2367 4962 norem
2398 4905 2784 4978 decoremque
2831 4921 2934 4960 seu
2985 4905 3420 4961 munimentum
3451 4923 3568 4962 suae
3600 4911 3813 4962 sancta:

2163 4993 2342 5062 sedis,
2373 4993 2642 5050 certatim
2673 4993 3022 5066 exquireret,
3054 4997 3112 5049 et
3141 4994 3455 5052 efﬁcaciter
3503 4996 3655 5052 votis
3686 4997 3816 5068 ejus

2163 5086 3110 5155 cunctasuppeterent,corporum
3133 5087 3473 5139 sanctorum
3499 5084 3815 5140 maximam

2161 5171 2393 5244 cepiam
2441 5187 2511 5227 ex
2557 5171 2803 5228 diversis
2853 5170 3028 5228 Italiae
3077 5170 3242 5240 locis,
3277 5172 3474 5229 divina
3523 5189 3586 5229 se
3628 5173 3817 5247 gratia

2162 5259 2496 5332 adjuvante,
2529 5259 2858 5330 collectam,
2887 5260 3065 5333 digno
3095 5277 3157 5318 se
3187 5260 3350 5318 cultu
3383 5266 3559 5334 atque
3596 5261 3818 5317 honore

2161 5347 2300 5404 alibi
2332 5350 2705 5422 praestantius
2725 5349 3074 5418 veneranda,
3089 5348 3276 5405 eidem
3301 5368 3419 5406 sua:
3451 5354 3669 5406 sanctae
3691 5349 3814 5406 sedi

2163 5439 2404 5494 Metensi
2437 5438 2707 5496 invehere
2737 5437 2982 5496 studuit.

2711 5529 2786 5585 De
2811 5535 2994 5585 sancto
3023 5528 3258 5602 Elpidio.

2230 5617 2449 5676 Horum
2481 5618 2738 5691 primum
2769 5621 3040 5676 sanetum
3069 5621 3128 5676 et
3154 5617 3546 5676 venerabilem
3592 5616 3810 5676 Christi
