4116 6176
310 417 439 478 365

1356 417 1456 483 DE
1500 422 1975 487 INVENTIONE
2020 419 2520 509 SANCTORUM,
2565 438 2733 499 ETC.

3629 453 3747 512 366

311 551 727 606 confessorem
750 546 1140 602 ELPIDIUMOX
1167 548 1492 629 Marsorum
1513 555 1804 625 provincia
1834 575 1992 613 sum-
2026 562 2081 625 Α
2111 563 2270 618 vium
2305 565 2581 635 Tiberim,
2618 571 2716 641 qui
2748 569 2827 626 ibi
2860 574 3138 629 mediocri
3169 574 3296 631 valo
3328 578 3748 648 praeterfluens,

309 640 456 713 psit,
481 637 853 694 concedente
881 635 1144 704 Albrico,
1178 637 1364 709 ipsius
1387 642 1609 699 Marsis:
1626 645 1992 718 episcop0,cx

305 730 578 802 quadam
610 724 869 782 ecclesia
898 722 1033 780 sedi
1064 726 1379 799 episcopali
1410 733 1667 802 proxima
1699 751 1712 788 :
1748 752 1875 806 quae
1907 753 1991 791 se-

305 820 416 874 des
448 832 631 890 super
660 816 863 872 lacum
902 814 1200 870 Fucinum
1239 818 1374 882 sita,
1421 821 1560 892 quid
1605 822 1743 877 olim
1792 825 1984 894 fuerit,

305 908 498 963 ruinae
529 905 695 962 urbis
747 909 808 960 et
855 903 1260 977 plurimarum
1314 908 1467 963 circa
1510 911 1885 967 ecclesiarum
1920 931 1986 969 ac

307 995 814 1052 monasteriorum
870 993 1210 1065 frequentia
1242 999 1572 1055 attestatur.
1607 1000 1770 1056 Hunc
1814 1003 1984 1058 nobis

304 1087 439 1157 ipse
470 1084 785 1157 episcopus
813 1083 1135 1154 cmterique
1178 1082 1380 1140 incolae
1428 1088 1769 1159 retulerunt,
1799 1092 1982 1148 fuisse

303 1190 377 1230 ex
410 1173 656 1247 collegio
678 1172 1083 1244 quorumdam
1116 1189 1417 1230 servorum
1452 1177 1683 1249 Dei,qui
1718 1183 1980 1251 tempore

304 1262 643 1334 antiquiore
674 1278 744 1316 ex
775 1260 1052 1332 partibus
1075 1261 1581 1328 Greeciaa,numero
1605 1269 1981 1340 septuaginta

300 1353 365 1407 in
398 1350 669 1407 eamdem
700 1350 1037 1405 Marsorum
1077 1350 1439 1421 provinciam
1473 1355 1876 1426 adventantes,
1909 1374 1977 1412 ac

303 1439 555 1496 diversis
587 1436 1209 1509 circumquaquelocis
1229 1440 1314 1494 vel
1330 1441 1668 1497 civitatibus
1687 1444 1976 1501 universis

302 1527 672 1585 mirabilium
705 1527 1018 1599 signorum
1048 1523 1271 1582 lumine
1303 1529 1975 1605 fulgentes,ubicunque

302 1618 364 1673 in
399 1620 608 1672 sancta
634 1612 1081 1671 conversatione
1111 1614 1244 1670 ﬁnis
1272 1617 1403 1671 vitae
1438 1619 1759 1674 advenerat
1794 1638 1973 1676 vene-

298 1706 472 1763 rabili
503 1704 812 1779 sepultura
844 1702 1151 1771 reconditi,
1186 1705 1373 1761 multa
1418 1706 1751 1762 vicinorum
1801 1709 1973 1782 longe

294 1798 530 1868 lateque
560 1793 905 1859 reverentia,
922 1808 1024 1863 pro
1055 1793 1290 1849 assidua
1320 1796 1975 1869 miraculorumjueun-

296 1886 481 1941 ditata
512 1883 807 1940 coluntur.
844 1882 1064 1937 Horum
1104 1886 1240 1951 tres,
1293 1903 1558 1957 quorum
1615 1885 1712 1941 hic
1764 1890 1972 1945 tertius

294 1976 429 2042 fuit,
463 1976 524 2029 in
555 1973 762 2029 eodem
794 1959 1128 2027 ccem‘eterio
1160 1972 1571 2043 quiescebant,
1620 1974 1970 2034 CALL'STRA-
2003 1940 2050 2004 B

289 2081 417 2133 Tus,
448 2065 801 2131 EU’I‘YCBIUS,
834 2065 894 2117 et
942 2059 1036 2115 hic
1066 2060 1355 2119 Enrmius.
1389 2064 1577 2120 Porro
1612 2065 1971 2139 Eutychium

294 2156 617 2226 imperator
645 2149 996 2218 sustulerat,
1012 2154 1067 2205 et
1093 2166 1163 2205 ne
1194 2152 1378 2222 quain
1397 2152 1758 2224 accipiendo
1772 2160 1972 2228 posset

293 2243 563 2299 adhiberi
597 2236 1138 2311 fallacia,sepulcro
1167 2237 1698 2314 intacto,satisque
1717 2246 1967 2313 munito,

296 2347 403 2388 nec
434 2349 468 2386 a
498 2330 591 2387 die
625 2327 1005 2402 repositionis
1036 2325 1156 2382 ulla
1183 2327 1517 2384 violationis
1553 2328 1728 2401 signa
1767 2350 1967 2388 mons-

294 2425 506 2489 trante,
538 2419 892 2493 priusquam
922 2417 994 2472 ab
1024 2415 1218 2488 aliquo
1248 2416 1637 2474 incolentium
1670 2423 1968 2493 praescire-

295 2515 415 2579 tur,
449 2510 724 2583 episcopo
755 2509 991 2563 tantum
1017 2504 1341 2574 Albrico,et
1363 2507 1571 2579 paucis
1588 2509 1716 2579 ejus
1739 2510 1965 2567 clericis

298 2598 748 2666 assistentibus,
772 2595 1079 2668 presbyter
1109 2599 1307 2650 noster
1336 2596 1707 2665 'I‘eudo,cum
1732 2600 1966 2672 presby-

296 2692 423 2745 tero
453 2686 832 2760 imperatoris
864 2684 1427 2751 Heriwardo,arcam
1450 2686 1823 2759 sancti,quod
1847 2689 1961 2744 nisi

296 2776 469 2834 altari
503 2777 762 2848 desuper
790 2773 1028 2829 eﬂ‘racto
1062 2772 1462 2844 nequiverant,
1490 2776 1792 2847 aperiunt;
1825 2777 1962 2849 ipsi-

297 2885 413 2941 que
435 2884 537 2938 per
551 2881 722 2921 sacra
740 2880 879 2919 ossa
901 2862 1032 2915 miri
1056 2862 1345 2931 candoris,
1362 2880 1465 2919 nec
1493 2864 1691 2918 minus
1714 2865 1961 2937 ﬂagran-

295 2957 376 3013 tis
424 2954 641 3023 odoris,
694 2952 899 3008 omnia
949 2967 1194 3006 numero
1243 2969 1309 3006 ac
1343 2953 1671 3024 quantitate
1705 2953 1953 3027 integra,

293 3045 615 3118 excipiunt,
650 3040 990 3112 scrinioque
1022 3041 1369 3096 recondunt.
1408 3042 1617 3114 (Hujus
1658 3044 1812 3098 diem
1864 3062 1957 3099 xv:

293 3134 694 3192 Kalendarum
724 3130 1069 3187 Octobrium
1101 3129 1389 3185 celebrem
1422 3131 1755 3201 habemus.)

475 3224 549 3279 De
578 3221 784 3277 sanctis
814 3219 1101 3292 Eutychio,
1151 3220 1417 3275 Victorino
1445 3229 1495 3276 et
1524 3220 1764 3277 Marone.

2101 651 2194 705 sui
2218 652 2423 709 exinde
2457 673 2642 729 usque
2673 660 2745 714 ad
2780 660 2982 717 urbem
3010 663 3255 720 Romam
3287 665 3475 739 pelagi
3505 668 3750 740 profun-

2100 736 2282 793 ditate
2311 745 2577 814 augetur.
2614 745 2730 801 Hoc
2762 748 3027 819 sepulcro
3058 736 3353 820 quondam
3394 736 3565 826 opere
3596 773 3753 815 mar-

2096 842 2412 901 moreoque
2442 837 2672 901 ornatu,
2714 839 2779 890 ut
2821 837 3003 899 videri
3056 839 3330 909 dabatur,
3361 848 3750 917 exstructum,

2096 917 2199 970 sed
2230 920 2372 974 tunc
2400 925 2688 977 vetustate
2720 924 3067 998 collapsum,
3102 931 3375 1003 martyris
3405 934 3622 1007 egregii
3652 937 3755 993 As-

2093 1002 2404 1076 clepiodoti
2437 1012 2702 1067 membra
2724 1015 3136 1072 venerabiliter
3183 1018 3427 1075 humata
3444 1002 3708 1079 vteriebat
3736 1050 3751 1093 ;

2093 1095 2267 1164 cujus
2297 1098 2585 1167 tumbam,
2619 1101 2753 1155 forti
2786 1102 2961 1158 nimis
2987 1121 3271 1160 saxouum
3303 1112 3359 1161 et
3390 1112 3553 1163 terrae
3605 1128 3748 1166 con-

2090 1183 2249 1252 gerie
2280 1185 2605 1255 obclusam,
2636 1190 2777 1244 dum
2810 1208 2945 1246 cum
2979 1209 3193 1265 magna
3224 1195 3459 1251 tandem
3492 1198 3744 1255 difficul-

2089 1272 2210 1324 tate
2268 1274 2529 1343 Theudo,
2594 1278 2888 1348 Bertraus,
2948 1282 3283 1339 Rothardus
3352 1291 3739 1358 penetratam,

2089 1375 2383 1417 marmore
2415 1369 2617 1420 sancto
2655 1368 2878 1439 corpori
2928 1370 3301 1441 proximiore,
3333 1376 3740 1447 mandassent,

2086 1446 2394 1505 inveniunt
2415 1460 2882 1528 monumentum,
2919 1458 3036 1513 imo
3068 1477 3253 1531 usque
3283 1463 3637 1533 profundum
3658 1467 3740 1523 di-

2086 1536 2360 1594 missum.
2393 1542 2464 1596 Et
2494 1560 2596 1614 per
2625 1545 2885 1601 medium
2917 1563 2951 1601 a
2982 1550 3168 1619 capite
3200 1567 3388 1623 usque
3417 1554 3489 1608 ad
3533 1555 3734 1628 pedes,

2084 1628 2340 1696 quodam
2372 1628 2580 1700 limite,
2613 1649 2682 1687 ex
2712 1634 2839 1705 ipso
2870 1636 3218 1694 naturaliter
3244 1656 3382 1697 saxo
3397 1644 3563 1714 quasi
3588 1645 3732 1701 divi-

2083 1732 2239 1783 sum,
2267 1719 2418 1789 quod
2445 1722 2637 1776 tamen
2666 1720 3002 1795 diligentias
3024 1726 3579 1799 inspectum,unum
3603 1750 3734 1791 con-

2084 1803 2393 1878 tinumque
2420 1811 2747 1865 constabat.
2783 1811 2941 1866 Beati
2981 1831 3110 1870 vere
3157 1819 3416 1889 corporis
3468 1822 3730 1881 medium

2081 1890 2242 1961 hinc,
2294 1884 2553 1951 medium
2603 1898 2786 1967 illinc,
2838 1903 3119 1959 membris
3152 1905 3501 1965 altrinsecus
3543 1928 3730 1968 unum

2083 1985 2284 2037 contra
2314 1983 2564 2041 alterum
2597 1988 2899 2059 appositis,
2933 1997 3171 2065 excepto
3201 1997 3390 2069 capite
3418 1998 3542 2055 solo
3572 2003 3728 2073 quod

2079 2067 2139 2122 in
2172 2087 2349 2127 unam
2391 2074 2681 2147 integram
2730 2080 2955 2148 partem
2992 2081 3228 2153 jacebat
3275 2067 3727 2160 diligentissime

2080 2156 2580 2219 collocatum.Hoc
2613 2165 2860 2222 aedituus
2890 2172 2947 2222 et
2968 2168 3174 2242 reliqui
3205 2156 3725 2245 dixerdntﬁndicio

2078 2246 2330 2305 voluisse
2361 2251 2771 2323 antiquitatem
2803 2255 3215 2331 signare,quod
3248 2267 3305 2318 et
3334 2265 3446 2337 ipsi
3476 2284 3607 2323 vere
3637 2285 3725 2325 as-

2079 2337 2411 2407 servabant,
2444 2343 2715 2397 eumdem
2747 2349 3060 2419 martyrem
3092 2351 3311 2406 crudeli
3343 2369 3553 2426 genere
3581 2372 3721 2429 pas-

2077 2422 2280 2494 sionis,
2315 2429 2505 2484 medio
2534 2448 2769 2503 corpore
2799 2434 2991 2491 vivum
3025 2444 3341 2511 exsectum,
3375 2444 3544 2517 eique
3575 2450 3719 2503 atte-

2076 2514 2300 2570 standze
2332 2517 2411 2572 ita
2438 2518 2496 2574 in
2537 2526 2914 2579 monumento
2963 2525 3197 2585 dividuo
3240 2514 3520 2601 positum.
3555 2535 3721 2592 Hunc

2075 2603 2296 2672 pariter
2324 2606 2519 2679 digno,
2553 2613 2618 2663 ut
2647 2626 2753 2680 par
2782 2612 2989 2682 fuerat,
3023 2614 3243 2673 honore
3292 2621 3592 2678 sublatum
3641 2643 3720 2681 vn

2073 2690 2202 2745 Kal.
2236 2693 2504 2750 Octobris
2551 2700 2899 2756 venerabilis
2938 2704 3196 2774 pontifex
3241 2710 3518 2782 suscepit.
3552 2712 3717 2768 Diem

2073 2780 2289 2837 natalis
2314 2784 2441 2855 ejus
2458 2785 2530 2839 ab
2550 2785 2756 2841 incolis
2785 2796 2839 2843 rx
2860 2790 2985 2846 Kal.
3010 2792 3349 2853 Novembris
3379 2780 3716 2856 didicimus.

2072 2867 2220 2923 Nam
2251 2876 2417 2944 gesta
2444 2874 2571 2945 ejus
2613 2875 2854 2932 minime
2901 2879 2972 2934 ab
3021 2881 3293 2955 episcopo
3342 2886 3414 2941 de
3462 2887 3611 2956 Cisa,
3645 2890 3717 2944 ad

2071 2972 2245 3025 quem
2278 2958 2441 3016 locus
2471 2963 2818 3034 pertinebat,
2852 2966 3148 3038 quivimus
3179 2976 3537 3046 extorquere.

2185 3047 2260 3103 De
2287 3058 2473 3106 saneta
2501 3052 2703 3108 Serene
2730 3062 2782 3109 et
2808 3064 2990 3112 sancto
3023 3058 3276 3131 Gregorio
3304 3062 3597 3135 Spoletina.

2141 3136 2526 3196 Sanctissima
2554 3142 2715 3216 virgo
2748 3145 2974 3201 Sanam
3003 3150 3157 3220 apud
3191 3150 3493 3223 Spoletum
3516 3154 3574 3211 in
3599 3174 3718 3213 mo-

2067 3226 2321 3282 nasterio
2352 3230 2540 3285 sancti
2572 3232 2845 3305 martyris
2876 3234 3091 3305 Savini,
3126 3238 3266 3296 foris
3298 3258 3499 3300 muros
3528 3247 3711 3317 urbis,

366 3312 621 3368 Veniens
652 3307 919 3381 proxime
948 3306 1161 3362 abhinc
1196 3308 1252 3361 in
1305 3309 1661 3364 territorium
1693 3312 1947 3366 Amiter-
1982 3308 2025 3374 C
2068 3312 2161 3366 ubi
2197 3319 2255 3369 et
2289 3316 2557 3387 pluribus
2588 3321 2887 3378 miraculis
2917 3328 3713 3403 coruscabat,quieverat.Ad

291 3400 447 3457 ninaa
476 3399 660 3467 urbis,
687 3415 818 3470 quae
846 3401 905 3452 et
938 3397 1067 3469 ipsa
1096 3395 1297 3451 ruinas
1331 3401 1562 3452 tantum
1595 3400 1951 3467 ostendit,ab

288 3490 497 3548 eodem
526 3488 760 3544 Albrico
781 3486 1053 3559 episcopo
1085 3485 1156 3541 de
1176 3486 1551 3555 monasterio,
1570 3504 1690 3541 suae
1713 3487 1952 3545 ditionis

296 3581 490 3637 Reataa
530 3577 820 3649 subjecto,
870 3574 1366 3647 pretiosissimum
1420 3581 1737 3648 martyrem
1767 3577 1950 3632 Eu'rv-

296 3684 484 3726 0810M
513 3665 757 3739 accepit,
772 3665 943 3736 cujus
973 3663 1125 3719 beati
1150 3663 1291 3719 socii
1321 3663 1624 3719 VICTORINI
1648 3664 1775 3735 jam
1798 3683 1952 3722 anno

297 3756 599 3831 superiore
646 3752 926 3826 reliquias
975 3757 1217 3820 emerat,
1265 3752 1561 3825 simulque
1619 3756 1676 3807 et
1724 3759 1950 3824 partem

297 3847 485 3903 sancti
515 3844 788 3900 MARONIS
818 3842 1037 3914 pariter
1072 3841 1253 3914 passi,
1288 3857 1541 3912 quorum
1570 3846 1628 3896 et
1661 3840 1786 3897 loca
1817 3859 1948 3913 pas-

295 3935 482 3992 sionis
507 3931 865 4005 aspeximus,
892 3935 952 3987 et
983 3930 1143 4002 ipsas
1174 3946 1359 4000 aquas
1389 3929 1605 3985 Cotilas
1636 3929 1713 4001 (id
1743 3931 1951 3999 εει,ου-

296 4024 504 4092 tilias),
537 4021 689 4078 {mdo
722 4020 896 4076 odore
927 4018 1316 4091 spirantes,in
1348 4018 1564 4090 quibus
1585 4020 1950 4092 versocapite

291 4127 619 4186 suspensus
642 4110 831 4166 fuerat
849 4113 1090 4183 martyr.
1106 4107 1443 4164 Passionem
1468 4108 1720 4181 denique
1745 4126 1946 4166 eorum

290 4201 513 4273 scripta
543 4199 797 4255 retinent
824 4202 1163 4254 sanctorum
1195 4197 1361 4252 Nerei
1395 4200 1451 4253 et
1472 4196 1713 4252 Achillei
1743 4215 1754 4253 :
1789 4198 1947 4256 hunc

289 4294 418 4365 ipse
448 4288 796 4347 venerabilis
827 4288 1081 4344 domnus
1112 4287 1508 4344 Theodericus
1539 4287 1758 4343 ibidem
1798 4290 1944 4344 assi-

287 4387 475 4450 stens,
507 4396 576 4437 ex
604 4379 734 4452 ipsa
764 4394 897 4434 arca
928 4392 1221 4433 marmore
1272 4375 1493 4432 fortiter
1517 4376 1766 4445 munita,
1796 4377 1946 4435 mira

287 4488 428 4528 cum
461 4468 843 4525 exsultatione
875 4484 940 4523 ac
976 4466 1346 4522 veneratione
1392 4465 1617 4537 excepit
1662 4484 1763 4521 vm
1814 4467 1940 4523 Kal.

287 4558 580 4617 Octobris.
616 4557 731 4613 Hos
771 4556 919 4612 duos
964 4554 1331 4611 Adhelardus
1383 4553 1541 4609 filius
1590 4554 1828 4610 Gerardi
1883 4557 1941 4611 in

287 4648 543 4723 patriam
574 4645 909 4719 asportavit.

507 4737 580 4793 De
606 4743 787 4792 sancto
816 4735 1088 4792 Feliciano
1117 4734 1362 4806 episcopo
1390 4742 1443 4789 et
1463 4741 1724 4806 martyre.

368 4824 648 4893 Fulinias,
683 4828 941 4880 castrum
975 4840 1089 4879 non
1124 4822 1322 4896 procul
1356 4840 1390 4877 a
1419 4822 1942 4895 Sp010t0,FELIC‘A-

287 4932 407 4974 NUS
420 4931 632 4987 magno
644 4914 1033 4985 undecunque
1044 4927 1330 4967 concursu
1343 4911 1651 4967 hominum
1665 4913 1941 4969 affluente

286 5020 531 5078 corpore
562 5020 725 5059 sacro
754 5002 1073 5068 tutabatur,
1110 5017 1244 5055 eum
1277 4999 1628 5055 Benedictus
1673 5002 1935 5071 ejusdem

286 5092 645 5152 Fuliniensis
657 5092 833 5147 castri
848 5089 1368 5161 episeopus,multo
1384 5105 1517 5143 eum
1538 5090 1674 5144 ﬂetu
1691 5090 1942 5162 largitur

283 5201 394 5256 per
426 5183 726 5237 Bertraum
759 5180 1068 5236 diaconum
1100 5183 1158 5234 et
1195 5178 1605 5233 Heriwardum
1638 5180 1936 5250 presbyte-

283 5289 422 5329 rum
454 5290 511 5328 IV
542 5273 735 5327 Nonas
767 5269 1054 5336 Octobris,
1088 5285 1155 5323 ex
1186 5267 1393 5322 intimo
1427 5268 1551 5339 ipso
1601 5273 1770 5323 antro
1813 5286 1941 5325 sus-

283 5362 537 5418 tollitur.
574 5361 773 5415 Passio
805 5360 931 5430 ejus
962 5357 1255 5428 descripta
1278 5362 1388 5413 est.

630 5450 705 5505 De
732 5454 916 5503 sancto
948 5445 1308 5517 Asclepiodoto
1337 5453 1601 5516 martyre.

362 5540 428 5596 In
459 5538 614 5594 saltu
646 5538 747 5610 qui
780 5535 956 5592 Collis
1006 5535 1240 5603 dicitur,
1275 5534 1374 5606 qui
1415 5534 1664 5589 Perusia:
1714 5535 1943 5607 adjacet

293 5627 539 5695 civitati,
564 5626 665 5681 ubi
698 5629 836 5680 tunc
867 5625 1185 5696 imperator
1214 5621 1539 5677 autumnali
1567 5624 1944 5679 exercebatur

294 5720 531 5788 venatu,
548 5714 970 5774 monasterium
987 5715 1112 5770 erat
1142 5711 1624 5787 antiquissimum
1647 5729 1824 5789 super
1839 5712 1943 5772 flu-

2063 3415 2242 3470 quam
2276 3422 2419 3476 pene
2450 3408 2709 3479 quotidie
2750 3428 3001 3485 magnus
3050 3418 3401 3490 populorum
3445 3422 3714 3480 veniebat

2064 3504 2407 3563 concursus,
2459 3497 2542 3552 ita
2591 3503 2656 3555 ut
2699 3506 2898 3557 noctes
2937 3519 3170 3576 quoque
3202 3510 3508 3583 previgiles
3538 3514 3714 3569 turba

2063 3592 2198 3633 cum
2229 3580 2486 3640 lucernis
2518 3587 2862 3660 caeterisque
2906 3591 3166 3650 donariis
3214 3595 3293 3650 ibi
3346 3580 3709 3673 peragerent.

2063 3665 2223 3722 Hanc
2255 3686 2485 3743 quoque
2514 3689 2649 3730 cum
2700 3675 2947 3750 integris
2994 3684 3114 3735 toto
3164 3699 3406 3755 corpore
3453 3689 3709 3761 ossibus,

2062 3754 2244 3811 misso
2266 3757 2405 3813 illuc
2427 3761 2720 3818 Rothardo
2744 3764 2986 3822 diacono
3008 3785 3141 3824 cum
3160 3754 3291 3828 aliis
3314 3775 3426 3829 sibi
3440 3754 3713 3836 fidelibus

2059 3843 2219 3912 viris,
2253 3849 2602 3904 venerabilis
2635 3852 2895 3922 pontifex
2924 3860 3080 3911 esset
3109 3858 3397 3930 adeptus;
3433 3864 3714 3937 reliquias

2061 3948 2292 4005 quoque
2320 3936 2477 3992 beati
2508 3941 2783 4013 martyris
2823 3942 3105 4001 Gnssonn
3159 3947 3444 4018 Spoletini
3495 3936 3713 4014 ibidem

2059 4020 2332 4090 obtinuit,
2381 4026 2553 4096 cujus
2602 4028 2797 4099 passio
2847 4031 3066 4104 scripta
3115 4039 3226 4090 est.
3262 4036 3448 4096 Beatae
3489 4043 3713 4102 Serenze

2058 4114 2266 4180 praeter
2295 4113 2451 4184 quod
2482 4114 2541 4170 in
2575 4116 2848 4187 passione
2880 4121 3065 4177 sancti
3114 4123 3310 4182 Savini
3359 4131 3706 4208 reperimus,

2056 4214 2185 4253 eam
2215 4198 2410 4271 ipsum
2444 4203 2681 4259 beatum
2711 4212 3028 4281 martyrem
3059 4198 3710 4297 tumulasse,nihilplus

2055 4292 2355 4359 gestorum
2403 4292 2735 4364 perquirere
2783 4298 3088 4367 potuimus
3122 4319 3135 4357 ε
3184 4319 3315 4375 quae
3352 4292 3705 4370 tamentam

2056 4377 2313 4434 assiduis
2346 4396 2408 4435 se
2436 4380 2722 4437 virtutum
2746 4388 3117 4444 commendat
3137 4390 3563 4467 insignibus,ut
3577 4400 3705 4458 viva

2055 4464 2264 4520 harum
2297 4467 2545 4524 lectione
2574 4470 2759 4528 oculis
2790 4474 3017 4545 objecta
3045 4464 3345 4549 gestorum
3378 4464 3699 4545 attestatio-

2054 4570 2145 4623 ne,
2181 4556 2323 4626 quid
2355 4558 2530 4613 fuerit
2562 4559 2623 4614 in
2651 4560 2772 4616 vita
2803 4579 2917 4620 non
2950 4571 3137 4637 egeat.
3171 4567 3305 4626 Dies
3352 4571 3480 4643 ejus
3518 4592 3554 4630 x
3581 4580 3695 4635 Ka-

1974 4676 2021 4740 D
2053 4641 2357 4700 lendarum
2390 4645 2820 4719 Decembrium,
2838 4651 3040 4708 eodem
3062 4670 3177 4724 quo
3208 4661 3266 4712 et
3297 4641 3482 4715 sancti
3498 4662 3694 4721 Savini

2051 4733 2345 4805 martyris,
2379 4732 2724 4792 celebratur.

2457 4825 2532 4880 De
2559 4833 2746 4882 catena
2772 4827 2829 4881 S.
2864 4830 3013 4884 Petri
3039 4834 3287 4901 apostoli.

2123 4913 2281 4967 Inter
2310 4913 2431 4968 haec
2463 4914 2708 4969 Romam
2742 4915 2922 4971 misso
2962 4919 3236 4988 prmdicto
3285 4923 3529 4983 diacono
3579 4928 3695 4985 Ro-

2053 5000 2282 5067 tbardo,
2313 5003 2465 5057 dono
2496 5003 2694 5057 domni
2730 5021 2891 5075 papae
2921 5005 3188 5077 Joannis,
3223 5014 3323 5082 qui
3357 5017 3566 5073 tertius
3597 5020 3696 5075 de-

2050 5088 2239 5144 cimus
2271 5091 2328 5144 in
2360 5108 2426 5146 eo
2456 5092 2692 5146 nomine
2722 5098 2863 5161 erat,
2882 5099 3107 5165 partem
3140 5116 3255 5154 non
3288 5104 3578 5161 modicam
3603 5124 3697 5164 ca-

2048 5182 2193 5233 tenm
2215 5179 2365 5233 beati
2400 5179 2561 5233 Petri
2583 5179 2641 5233 in
2674 5180 2916 5237 basilica
2949 5199 3075 5254 qua:
3093 5186 3309 5244 dicitur
3325 5193 3396 5247 ad
3430 5193 3696 5266 Vincula,

2054 5268 2318 5323 eamdem
2352 5267 2674 5338 portionem
2709 5276 3033 5340 exsecante,
3064 5280 3387 5346 promeruit
3421 5299 3433 5337 :
3467 5300 3602 5340 cum
3633 5302 3703 5342 ea

2053 5373 2283 5429 quoque
2334 5355 2701 5429 privilegium
2752 5364 3094 5418 monasterii
3153 5369 3341 5425 sancti
3387 5371 3697 5444 Vincentii,

2053 5462 2187 5499 cum
2238 5442 2553 5499 dalmatiea
2603 5449 2660 5499 et
2712 5447 2996 5503 sanda'liis
3046 5453 3241 5510 abbati
3292 5459 3557 5529 ejusdem
3590 5442 3702 5518 loci

2052 5534 2367 5607 apostolica
2431 5535 2816 5607 praerogativa
2864 5543 3180 5614 concessis,
3231 5547 3386 5605 idem
3445 5553 3701 5609 domnus

2049 5640 2201 5695 papa
2231 5623 2457 5680 direxit.
2496 5624 2625 5680 Hzec
2657 5628 2855 5683 omnia
2882 5631 3227 5694 Adelbertus
3279 5637 3527 5701 clericus
3564 5657 3701 5702 cum

2053 5715 2281 5773 Conone
2306 5714 2537 5789 comite,
2570 5716 2893 5776 transtulit.
