  <div class='ocr_page' id='page_1' title='image "/cluster/home/n/w/nwhite01/storage/ocr_20150623/137/hvd.32044054759972/193.png"; bbox 0 0 4116 6176; ppageno 0'>
   <div class='ocr_carea' id='block_1_1' title="bbox 363 399 478 462">
    <p class='ocr_par' dir='ltr' id='par_1_1' title="bbox 363 399 478 462">
     <span class='ocr_line' id='line_1_1' title="bbox 363 399 478 462; baseline 0.017 -2"><span class='ocrx_word' id='word_1_1' title='bbox 363 399 478 462; x_wconf 78' lang='lat'>367</span> 
     </span>
    </p>
   </div>
   <div class='ocr_carea' id='block_1_2' title="bbox 788 533 1577 593">
    <p class='ocr_par' dir='ltr' id='par_1_2' title="bbox 788 533 1577 593">
     <span class='ocr_line' id='line_1_2' title="bbox 788 533 1577 593; baseline -0.005 -3"><span class='ocrx_word' id='word_1_2' title='bbox 788 534 863 593; x_wconf 82' lang='lat' dir='ltr'>De</span> <span class='ocrx_word' id='word_1_3' title='bbox 891 541 1074 591; x_wconf 74' lang='lat' dir='ltr'>sancto</span> <span class='ocrx_word' id='word_1_4' title='bbox 1097 533 1368 590; x_wconf 78' lang='lat' dir='ltr'><strong><em>Vincentio</em></strong></span> <span class='ocrx_word' id='word_1_5' title='bbox 1398 534 1577 590; x_wconf 83' lang='lat' dir='ltr'>levita.</span> 
     </span>
    </p>
   </div>
   <div class='ocr_carea' id='block_1_3' title="bbox 435 619 2008 696">
    <p class='ocr_par' dir='ltr' id='par_1_3' title="bbox 435 619 2008 696">
     <span class='ocr_line' id='line_1_3' title="bbox 435 619 2008 696; baseline 0 -20"><span class='ocrx_word' id='word_1_6' title='bbox 435 619 679 678; x_wconf 84' lang='lat' dir='ltr'>Beatum</span> <span class='ocrx_word' id='word_1_7' title='bbox 701 627 1017 696; x_wconf 75' lang='lat' dir='ltr'>martyrem</span> <span class='ocrx_word' id='word_1_8' title='bbox 1035 639 1316 696; x_wconf 89' lang='lat' dir='ltr'>magnum</span> <span class='ocrx_word' id='word_1_9' title='bbox 1329 626 1386 678; x_wconf 92' lang='lat' dir='ltr'>et</span> <span class='ocrx_word' id='word_1_10' title='bbox 1397 622 1629 679; x_wconf 87' lang='lat' dir='ltr'>levitam</span> <span class='ocrx_word' id='word_1_11' title='bbox 1642 621 2008 677; x_wconf 74' lang='lat' dir='ltr'>VINCENTIUM</span> 
     </span>
    </p>
   </div>
   <div class='ocr_carea' id='block_1_4' title="bbox 362 709 2008 785">
    <p class='ocr_par' dir='ltr' id='par_1_4' title="bbox 362 709 2008 785">
     <span class='ocr_line' id='line_1_4' title="bbox 362 709 2008 785; baseline -0.001 -19"><span class='ocrx_word' id='word_1_12' title='bbox 362 711 425 766; x_wconf 90' lang='lat' dir='ltr'>in</span> <span class='ocrx_word' id='word_1_13' title='bbox 469 709 700 766; x_wconf 77' lang='lat' dir='ltr'>civitate</span> <span class='ocrx_word' id='word_1_14' title='bbox 752 712 1006 784; x_wconf 90' lang='lat' dir='ltr'>quadam</span> <span class='ocrx_word' id='word_1_15' title='bbox 1054 712 1488 784; x_wconf 89' lang='lat' dir='ltr'>antiquissima,</span> <span class='ocrx_word' id='word_1_16' title='bbox 1521 729 1649 785; x_wconf 75' lang='lat' dir='ltr'>quae</span> <span class='ocrx_word' id='word_1_17' title='bbox 1697 711 1770 766; x_wconf 90' lang='lat' dir='ltr'>ad</span> <span class='ocrx_word' id='word_1_18' title='bbox 1818 709 2008 766; x_wconf 88' lang='lat' dir='ltr'>solum</span> 
     </span>
    </p>
   </div>
   <div class='ocr_carea' id='block_1_5' title="bbox 363 797 2010 874">
    <p class='ocr_par' dir='ltr' id='par_1_5' title="bbox 363 797 2010 874">
     <span class='ocr_line' id='line_1_5' title="bbox 363 797 2010 874; baseline -0.001 -20"><span class='ocrx_word' id='word_1_19' title='bbox 363 814 551 870; x_wconf 89' lang='lat' dir='ltr'>usque</span> <span class='ocrx_word' id='word_1_20' title='bbox 569 798 698 870; x_wconf 87' lang='lat' dir='ltr'>jam</span> <span class='ocrx_word' id='word_1_21' title='bbox 731 797 905 873; x_wconf 88' lang='lat' dir='ltr'>longe</span> <span class='ocrx_word' id='word_1_22' title='bbox 956 805 1219 874; x_wconf 87' lang='lat' dir='ltr'>tempore</span> <span class='ocrx_word' id='word_1_23' title='bbox 1272 801 1468 857; x_wconf 90' lang='lat' dir='ltr'>diruta</span> <span class='ocrx_word' id='word_1_24' title='bbox 1513 801 1724 868; x_wconf 81' lang='lat' dir='ltr'>fuerat,</span> <span class='ocrx_word' id='word_1_25' title='bbox 1775 798 2010 853; x_wconf 80' lang='lat' dir='ltr'>nomine</span> 
     </span>
    </p>
   </div>
   <div class='ocr_carea' id='block_1_6' title="bbox 359 886 2012 960">
    <p class='ocr_par' dir='ltr' id='par_1_6' title="bbox 359 886 2012 960">
     <span class='ocr_line' id='line_1_6' title="bbox 359 886 2012 960; baseline -0.001 -18"><span class='ocrx_word' id='word_1_26' title='bbox 359 886 796 960; x_wconf 74' lang='lat' dir='ltr'>Corduno,quaz</span> <span class='ocrx_word' id='word_1_27' title='bbox 829 891 900 946; x_wconf 87' lang='lat' dir='ltr'>ab</span> <span class='ocrx_word' id='word_1_28' title='bbox 930 891 1155 946; x_wconf 81' lang='lat' dir='ltr'>Arretio</span> <span class='ocrx_word' id='word_1_29' title='bbox 1185 907 1262 946; x_wconf 82' lang='lat' dir='ltr'>xu</span> <span class='ocrx_word' id='word_1_30' title='bbox 1296 890 1560 946; x_wconf 84' lang='lat' dir='ltr'>millibus</span> <span class='ocrx_word' id='word_1_31' title='bbox 1591 891 1872 958; x_wconf 79' lang='lat' dir='ltr'>distat,ex</span> <span class='ocrx_word' id='word_1_32' title='bbox 1898 907 2012 942; x_wconf 84' lang='lat' dir='ltr'>mo-</span> 
     </span>
    </p>
   </div>
   <div class='ocr_carea' id='block_1_7' title="bbox 361 975 2011 1051">
    <p class='ocr_par' dir='ltr' id='par_1_7' title="bbox 361 975 2011 1051">
     <span class='ocr_line' id='line_1_7' title="bbox 361 975 2011 1051; baseline -0.001 -19"><span class='ocrx_word' id='word_1_33' title='bbox 361 975 622 1032; x_wconf 86' lang='lat' dir='ltr'>nasterio</span> <span class='ocrx_word' id='word_1_34' title='bbox 654 978 918 1050; x_wconf 85' lang='lat' dir='ltr'>proximo</span> <span class='ocrx_word' id='word_1_35' title='bbox 952 981 1097 1035; x_wconf 80' lang='lat' dir='ltr'>satis</span> <span class='ocrx_word' id='word_1_36' title='bbox 1128 979 1372 1051; x_wconf 86' lang='lat' dir='ltr'>pulchro</span> <span class='ocrx_word' id='word_1_37' title='bbox 1403 979 1793 1050; x_wconf 89' lang='lat' dir='ltr'>ornatu,quod</span> <span class='ocrx_word' id='word_1_38' title='bbox 1829 977 2011 1031; x_wconf 79' lang='lat' dir='ltr'>multa</span> 
     </span>
    </p>
   </div>
   <div class='ocr_carea' id='block_1_8' title="bbox 361 1064 2006 1139">
    <p class='ocr_par' dir='ltr' id='par_1_8' title="bbox 361 1064 2006 1139">
     <span class='ocr_line' id='line_1_8' title="bbox 361 1064 2006 1139; baseline -0.001 -19"><span class='ocrx_word' id='word_1_39' title='bbox 361 1064 564 1122; x_wconf 78' lang='lat' dir='ltr'>itidem</span> <span class='ocrx_word' id='word_1_40' title='bbox 602 1065 933 1139; x_wconf 80' lang='lat' dir='ltr'>frequentia</span> <span class='ocrx_word' id='word_1_41' title='bbox 963 1071 1366 1124; x_wconf 76' lang='lat' dir='ltr'>venerabatur.</span> <span class='ocrx_word' id='word_1_42' title='bbox 1402 1070 1675 1124; x_wconf 89' lang='lat' dir='ltr'>Bertraus</span> <span class='ocrx_word' id='word_1_43' title='bbox 1705 1067 2006 1130; x_wconf 78' lang='lat' dir='ltr'>diaconus,</span> 
     </span>
    </p>
   </div>
   <div class='ocr_carea' id='block_1_9' title="bbox 361 1153 2008 1228">
    <p class='ocr_par' dir='ltr' id='par_1_9' title="bbox 361 1153 2008 1228">
     <span class='ocr_line' id='line_1_9' title="bbox 361 1153 2008 1228; baseline -0.001 -19"><span class='ocrx_word' id='word_1_44' title='bbox 361 1154 678 1210; x_wconf 81' lang='lat' dir='ltr'>comitante</span> <span class='ocrx_word' id='word_1_45' title='bbox 704 1172 904 1210; x_wconf 89' lang='lat' dir='ltr'>secum</span> <span class='ocrx_word' id='word_1_46' title='bbox 939 1157 1196 1228; x_wconf 89' lang='lat' dir='ltr'>quodam</span> <span class='ocrx_word' id='word_1_47' title='bbox 1231 1156 1439 1212; x_wconf 88' lang='lat' dir='ltr'>clerico</span> <span class='ocrx_word' id='word_1_48' title='bbox 1472 1155 1724 1228; x_wconf 83' lang='lat' dir='ltr'>episcopi</span> <span class='ocrx_word' id='word_1_49' title='bbox 1757 1153 2008 1210; x_wconf 63' lang='lat' dir='ltr'>Arretini</span> 
     </span>
    </p>
   </div>
   <div class='ocr_carea' id='block_1_10' title="bbox 361 1241 2012 1315">
    <p class='ocr_par' dir='ltr' id='par_1_10' title="bbox 361 1241 2012 1315">
     <span class='ocr_line' id='line_1_10' title="bbox 361 1241 2012 1315; baseline 0.001 -19"><span class='ocrx_word' id='word_1_50' title='bbox 361 1241 434 1313; x_wconf 90' lang='lat' dir='ltr'>(ei</span> <span class='ocrx_word' id='word_1_51' title='bbox 491 1258 705 1298; x_wconf 85' lang='lat' dir='ltr'>nomen</span> <span class='ocrx_word' id='word_1_52' title='bbox 755 1243 1094 1313; x_wconf 88' lang='lat' dir='ltr'>Crisulfus),</span> <span class='ocrx_word' id='word_1_53' title='bbox 1157 1243 1347 1299; x_wconf 86' lang='lat' dir='ltr'>indice</span> <span class='ocrx_word' id='word_1_54' title='bbox 1405 1243 1536 1312; x_wconf 87' lang='lat' dir='ltr'>loci,</span> <span class='ocrx_word' id='word_1_55' title='bbox 1597 1260 1731 1298; x_wconf 90' lang='lat' dir='ltr'>cum</span> <span class='ocrx_word' id='word_1_56' title='bbox 1798 1259 2012 1315; x_wconf 84' lang='lat' dir='ltr'>magna</span> 
     </span>
    </p>
   </div>
   <div class='ocr_carea' id='block_1_11' title="bbox 360 1328 2010 1405">
    <p class='ocr_par' dir='ltr' id='par_1_11' title="bbox 360 1328 2010 1405">
     <span class='ocr_line' id='line_1_11' title="bbox 360 1328 2010 1405; baseline -0.001 -19"><span class='ocrx_word' id='word_1_57' title='bbox 360 1329 499 1387; x_wconf 90' lang='lat' dir='ltr'>licet</span> <span class='ocrx_word' id='word_1_58' title='bbox 525 1331 1034 1402; x_wconf 72' lang='lat' dir='ltr'>difﬁcultate,vitzn</span> <span class='ocrx_word' id='word_1_59' title='bbox 1066 1349 1298 1405; x_wconf 83' lang='lat' dir='ltr'>quoque.</span> <span class='ocrx_word' id='word_1_60' title='bbox 1329 1351 1442 1388; x_wconf 92' lang='lat' dir='ltr'>non</span> <span class='ocrx_word' id='word_1_61' title='bbox 1478 1333 1721 1387; x_wconf 91' lang='lat' dir='ltr'>minimo</span> <span class='ocrx_word' id='word_1_62' title='bbox 1753 1328 2010 1404; x_wconf 90' lang='lat' dir='ltr'>periculo</span> 
     </span>
    </p>
   </div>
   <div class='ocr_carea' id='block_1_12' title="bbox 361 1416 2009 1493">
    <p class='ocr_par' dir='ltr' id='par_1_12' title="bbox 361 1416 2009 1493">
     <span class='ocr_line' id='line_1_12' title="bbox 361 1416 2009 1493; baseline -0.002 -18"><span class='ocrx_word' id='word_1_63' title='bbox 361 1416 622 1475; x_wconf 87' lang='lat' dir='ltr'>sustulit.</span> <span class='ocrx_word' id='word_1_64' title='bbox 657 1419 823 1476; x_wconf 83' lang='lat' dir='ltr'>Hunc</span> <span class='ocrx_word' id='word_1_65' title='bbox 855 1437 922 1476; x_wconf 88' lang='lat' dir='ltr'>ex</span> <span class='ocrx_word' id='word_1_66' title='bbox 953 1420 1232 1492; x_wconf 82' lang='lat' dir='ltr'>Hispania</span> <span class='ocrx_word' id='word_1_67' title='bbox 1259 1419 1319 1475; x_wconf 89' lang='lat' dir='ltr'>in</span> <span class='ocrx_word' id='word_1_68' title='bbox 1359 1419 1588 1476; x_wconf 81' lang='lat' dir='ltr'>Italiam</span> <span class='ocrx_word' id='word_1_69' title='bbox 1635 1422 2009 1493; x_wconf 84' lang='lat' dir='ltr'>deportatum</span> 
     </span>
    </p>
   </div>
   <div class='ocr_carea' id='block_1_13' title="bbox 360 1506 2010 1582">
    <p class='ocr_par' dir='ltr' id='par_1_13' title="bbox 360 1506 2010 1582">
     <span class='ocr_line' id='line_1_13' title="bbox 360 1506 2010 1582; baseline -0.001 -19"><span class='ocrx_word' id='word_1_70' title='bbox 360 1507 608 1564; x_wconf 84' lang='lat' dir='ltr'>firmiter</span> <span class='ocrx_word' id='word_1_71' title='bbox 653 1515 1055 1566; x_wconf 88' lang='lat' dir='ltr'>asserucrunt.</span> <span class='ocrx_word' id='word_1_72' title='bbox 1087 1510 1269 1582; x_wconf 87' lang='lat' dir='ltr'>Cujus</span> <span class='ocrx_word' id='word_1_73' title='bbox 1319 1511 1558 1565; x_wconf 87' lang='lat' dir='ltr'>modum</span> <span class='ocrx_word' id='word_1_74' title='bbox 1608 1506 2010 1565; x_wconf 86' lang='lat' dir='ltr'>translationis</span> 
     </span>
    </p>
   </div>
   <div class='ocr_carea' id='block_1_14' title="bbox 360 1596 2006 1671">
    <p class='ocr_par' dir='ltr' id='par_1_14' title="bbox 360 1596 2006 1671">
     <span class='ocr_line' id='line_1_14' title="bbox 360 1596 2006 1671; baseline -0.001 -19"><span class='ocrx_word' id='word_1_75' title='bbox 360 1597 563 1667; x_wconf 88' lang='lat' dir='ltr'>postea</span> <span class='ocrx_word' id='word_1_76' title='bbox 593 1596 807 1652; x_wconf 91' lang='lat' dir='ltr'>domno</span> <span class='ocrx_word' id='word_1_77' title='bbox 837 1596 1086 1671; x_wconf 68' lang='lat' dir='ltr'>praesule</span> <span class='ocrx_word' id='word_1_78' title='bbox 1119 1599 1510 1655; x_wconf 88' lang='lat' dir='ltr'>Beneventum</span> <span class='ocrx_word' id='word_1_79' title='bbox 1549 1597 1833 1664; x_wconf 85' lang='lat' dir='ltr'>veniente,</span> <span class='ocrx_word' id='word_1_80' title='bbox 1867 1597 2006 1652; x_wconf 92' lang='lat' dir='ltr'>dum</span> 
     </span>
    </p>
   </div>
   <div class='ocr_carea' id='block_1_15' title="bbox 359 1683 2008 1759">
    <p class='ocr_par' dir='ltr' id='par_1_15' title="bbox 359 1683 2008 1759">
     <span class='ocr_line' id='line_1_15' title="bbox 359 1683 2008 1759; baseline 0.001 -19"><span class='ocrx_word' id='word_1_81' title='bbox 359 1683 537 1740; x_wconf 89' lang='lat' dir='ltr'>nurui</span> <span class='ocrx_word' id='word_1_82' title='bbox 597 1684 986 1759; x_wconf 68' lang='lat' dir='ltr'>imperatoria:</span> <span class='ocrx_word' id='word_1_83' title='bbox 1060 1703 1095 1743; x_wconf 91' lang='lat' dir='ltr'>a</span> <span class='ocrx_word' id='word_1_84' title='bbox 1169 1687 1389 1744; x_wconf 64' lang='lat' dir='ltr'>Graecia</span> <span class='ocrx_word' id='word_1_85' title='bbox 1459 1686 1712 1743; x_wconf 89' lang='lat' dir='ltr'>venienti</span> <span class='ocrx_word' id='word_1_86' title='bbox 1779 1685 2008 1742; x_wconf 87' lang='lat' dir='ltr'>obviam</span> 
     </span>
    </p>
   </div>
   <div class='ocr_carea' id='block_1_16' title="bbox 361 1773 2005 1849">
    <p class='ocr_par' dir='ltr' id='par_1_16' title="bbox 361 1773 2005 1849">
     <span class='ocr_line' id='line_1_16' title="bbox 361 1773 2005 1849; baseline -0.001 -19"><span class='ocrx_word' id='word_1_87' title='bbox 361 1773 582 1831; x_wconf 88' lang='lat' dir='ltr'>missus</span> <span class='ocrx_word' id='word_1_88' title='bbox 611 1779 784 1844; x_wconf 88' lang='lat' dir='ltr'>esset,</span> <span class='ocrx_word' id='word_1_89' title='bbox 812 1775 1043 1848; x_wconf 88' lang='lat' dir='ltr'>plenius</span> <span class='ocrx_word' id='word_1_90' title='bbox 1073 1776 1452 1849; x_wconf 86' lang='lat' dir='ltr'>cognovimus</span> <span class='ocrx_word' id='word_1_91' title='bbox 1487 1793 1500 1831; x_wconf 89' lang='lat'>:</span> <span class='ocrx_word' id='word_1_92' title='bbox 1529 1777 1698 1848; x_wconf 84' lang='lat' dir='ltr'>juxta</span> <span class='ocrx_word' id='word_1_93' title='bbox 1725 1774 2005 1848; x_wconf 89' lang='lat' dir='ltr'>Capuam,</span> 
     </span>
    </p>
   </div>
   <div class='ocr_carea' id='block_1_17' title="bbox 361 1861 2010 1938">
    <p class='ocr_par' dir='ltr' id='par_1_17' title="bbox 361 1861 2010 1938">
     <span class='ocr_line' id='line_1_17' title="bbox 361 1861 2010 1938; baseline 0 -21"><span class='ocrx_word' id='word_1_94' title='bbox 361 1861 656 1935; x_wconf 82' lang='lat' dir='ltr'>siquidem</span> <span class='ocrx_word' id='word_1_95' title='bbox 686 1864 1112 1922; x_wconf 85' lang='lat' dir='ltr'>monasterium</span> <span class='ocrx_word' id='word_1_96' title='bbox 1135 1865 1262 1938; x_wconf 88' lang='lat' dir='ltr'>jam</span> <span class='ocrx_word' id='word_1_97' title='bbox 1295 1882 1439 1938; x_wconf 90' lang='lat' dir='ltr'>pene</span> <span class='ocrx_word' id='word_1_98' title='bbox 1471 1864 1750 1933; x_wconf 88' lang='lat' dir='ltr'>dirutum,</span> <span class='ocrx_word' id='word_1_99' title='bbox 1775 1863 2010 1918; x_wconf 86' lang='lat' dir='ltr'>nomine</span> 
     </span>
    </p>
   </div>
   <div class='ocr_carea' id='block_1_18' title="bbox 361 1949 2006 2028">
    <p class='ocr_par' dir='ltr' id='par_1_18' title="bbox 361 1949 2006 2028">
     <span class='ocr_line' id='line_1_18' title="bbox 361 1949 2006 2028; baseline -0.001 -22"><span class='ocrx_word' id='word_1_100' title='bbox 361 1950 551 2008; x_wconf 86' lang='lat' dir='ltr'>sancti</span> <span class='ocrx_word' id='word_1_101' title='bbox 578 1949 870 2008; x_wconf 86' lang='lat' dir='ltr'>Vincentii</span> <span class='ocrx_word' id='word_1_102' title='bbox 904 1953 1250 2026; x_wconf 82' lang='lat' dir='ltr'>reperimus,</span> <span class='ocrx_word' id='word_1_103' title='bbox 1285 1955 1440 2028; x_wconf 86' lang='lat' dir='ltr'>quod</span> <span class='ocrx_word' id='word_1_104' title='bbox 1487 1953 1694 2026; x_wconf 81' lang='lat' dir='ltr'>grandi</span> <span class='ocrx_word' id='word_1_105' title='bbox 1745 1957 1801 2008; x_wconf 88' lang='lat' dir='ltr'>et</span> <span class='ocrx_word' id='word_1_106' title='bbox 1861 1951 2006 2006; x_wconf 90' lang='lat' dir='ltr'>miro</span> 
     </span>
    </p>
   </div>
   <div class='ocr_carea' id='block_1_19' title="bbox 363 2040 2007 2113">
    <p class='ocr_par' dir='ltr' id='par_1_19' title="bbox 363 2040 2007 2113">
     <span class='ocr_line' id='line_1_19' title="bbox 363 2040 2007 2113; baseline 0.001 -19"><span class='ocrx_word' id='word_1_107' title='bbox 363 2053 536 2112; x_wconf 86' lang='lat' dir='ltr'>opere</span> <span class='ocrx_word' id='word_1_108' title='bbox 564 2041 862 2113; x_wconf 90' lang='lat' dir='ltr'>quondam</span> <span class='ocrx_word' id='word_1_109' title='bbox 896 2059 930 2098; x_wconf 90' lang='lat' dir='ltr'>a</span> <span class='ocrx_word' id='word_1_110' title='bbox 959 2040 1150 2099; x_wconf 89' lang='lat' dir='ltr'>tribus</span> <span class='ocrx_word' id='word_1_111' title='bbox 1181 2043 1461 2099; x_wconf 82' lang='lat' dir='ltr'>fratribus</span> <span class='ocrx_word' id='word_1_112' title='bbox 1491 2041 1787 2098; x_wconf 83' lang='lat' dir='ltr'>nobilibus</span> <span class='ocrx_word' id='word_1_113' title='bbox 1837 2058 2007 2096; x_wconf 87' lang='lat' dir='ltr'>cons-</span> 
     </span>
    </p>
   </div>
   <div class='ocr_carea' id='block_1_20' title="bbox 362 2129 2006 2204">
    <p class='ocr_par' dir='ltr' id='par_1_20' title="bbox 362 2129 2006 2204">
     <span class='ocr_line' id='line_1_20' title="bbox 362 2129 2006 2204; baseline 0.001 -21"><span class='ocrx_word' id='word_1_114' title='bbox 362 2130 644 2199; x_wconf 88' lang='lat' dir='ltr'>tructum,</span> <span class='ocrx_word' id='word_1_115' title='bbox 707 2131 964 2186; x_wconf 89' lang='lat' dir='ltr'>veterani</span> <span class='ocrx_word' id='word_1_116' title='bbox 1021 2129 1121 2203; x_wconf 88' lang='lat' dir='ltr'>qui</span> <span class='ocrx_word' id='word_1_117' title='bbox 1177 2130 1256 2186; x_wconf 89' lang='lat' dir='ltr'>ibi</span> <span class='ocrx_word' id='word_1_118' title='bbox 1316 2135 1457 2187; x_wconf 88' lang='lat' dir='ltr'>tunc</span> <span class='ocrx_word' id='word_1_119' title='bbox 1515 2130 1685 2204; x_wconf 88' lang='lat' dir='ltr'>pauci</span> <span class='ocrx_word' id='word_1_120' title='bbox 1736 2129 2006 2185; x_wconf 88' lang='lat' dir='ltr'>monachi</span> 
     </span>
    </p>
   </div>
   <div class='ocr_carea' id='block_1_21' title="bbox 360 2217 2007 2292">
    <p class='ocr_par' dir='ltr' id='par_1_21' title="bbox 360 2217 2007 2292">
     <span class='ocr_line' id='line_1_21' title="bbox 360 2217 2007 2292; baseline -0.001 -19"><span class='ocrx_word' id='word_1_121' title='bbox 360 2217 717 2286; x_wconf 88' lang='lat' dir='ltr'>visebantur,</span> <span class='ocrx_word' id='word_1_122' title='bbox 771 2218 1062 2276; x_wconf 81' lang='lat' dir='ltr'>dixerunt.</span> <span class='ocrx_word' id='word_1_123' title='bbox 1109 2220 1179 2277; x_wconf 89' lang='lat' dir='ltr'>Et</span> <span class='ocrx_word' id='word_1_124' title='bbox 1228 2236 1440 2292; x_wconf 91' lang='lat' dir='ltr'>corpus</span> <span class='ocrx_word' id='word_1_125' title='bbox 1487 2219 1673 2276; x_wconf 83' lang='lat' dir='ltr'>sancti</span> <span class='ocrx_word' id='word_1_126' title='bbox 1719 2218 2007 2274; x_wconf 86' lang='lat' dir='ltr'>Vincentii</span> 
     </span>
    </p>
   </div>
   <div class='ocr_carea' id='block_1_22' title="bbox 363 2307 2010 2382">
    <p class='ocr_par' dir='ltr' id='par_1_22' title="bbox 363 2307 2010 2382">
     <span class='ocr_line' id='line_1_22' title="bbox 363 2307 2010 2382; baseline 0 -20"><span class='ocrx_word' id='word_1_127' title='bbox 363 2309 566 2379; x_wconf 89' lang='lat' dir='ltr'>postea</span> <span class='ocrx_word' id='word_1_128' title='bbox 595 2323 631 2364; x_wconf 92' lang='lat' dir='ltr'>a</span> <span class='ocrx_word' id='word_1_129' title='bbox 659 2307 891 2364; x_wconf 90' lang='lat' dir='ltr'>duobus</span> <span class='ocrx_word' id='word_1_130' title='bbox 905 2308 1214 2365; x_wconf 88' lang='lat' dir='ltr'>monachis</span> <span class='ocrx_word' id='word_1_131' title='bbox 1245 2325 1312 2364; x_wconf 82' lang='lat' dir='ltr'>ex</span> <span class='ocrx_word' id='word_1_132' title='bbox 1327 2308 1609 2382; x_wconf 87' lang='lat' dir='ltr'>Hispania</span> <span class='ocrx_word' id='word_1_133' title='bbox 1634 2307 1713 2363; x_wconf 91' lang='lat' dir='ltr'>ibi</span> <span class='ocrx_word' id='word_1_134' title='bbox 1746 2307 1897 2364; x_wconf 89' lang='lat' dir='ltr'>clam</span> <span class='ocrx_word' id='word_1_135' title='bbox 1917 2308 2010 2363; x_wconf 88' lang='lat' dir='ltr'>de-</span> 
     </span>
    </p>
   </div>
   <div class='ocr_carea' id='block_1_23' title="bbox 362 2395 2011 2471">
    <p class='ocr_par' dir='ltr' id='par_1_23' title="bbox 362 2395 2011 2471">
     <span class='ocr_line' id='line_1_23' title="bbox 362 2395 2011 2471; baseline 0 -19"><span class='ocrx_word' id='word_1_136' title='bbox 362 2398 863 2468; x_wconf 89' lang='lat' dir='ltr'>portatum,atque</span> <span class='ocrx_word' id='word_1_137' title='bbox 875 2395 1080 2453; x_wconf 90' lang='lat' dir='ltr'>multis</span> <span class='ocrx_word' id='word_1_138' title='bbox 1094 2397 1367 2470; x_wconf 85' lang='lat' dir='ltr'>deinceps</span> <span class='ocrx_word' id='word_1_139' title='bbox 1377 2397 1742 2471; x_wconf 84' lang='lat' dir='ltr'>temporibus</span> <span class='ocrx_word' id='word_1_140' title='bbox 1756 2396 2011 2452; x_wconf 82' lang='lat' dir='ltr'>maxima</span> 
     </span>
    </p>
   </div>
   <div class='ocr_carea' id='block_1_24' title="bbox 363 2484 2007 2560">
    <p class='ocr_par' dir='ltr' id='par_1_24' title="bbox 363 2484 2007 2560">
     <span class='ocr_line' id='line_1_24' title="bbox 363 2484 2007 2560; baseline 0.002 -21"><span class='ocrx_word' id='word_1_141' title='bbox 363 2484 734 2542; x_wconf 87' lang='lat' dir='ltr'>veneratione</span> <span class='ocrx_word' id='word_1_142' title='bbox 764 2485 1054 2556; x_wconf 89' lang='lat' dir='ltr'>habitum,</span> <span class='ocrx_word' id='word_1_143' title='bbox 1087 2487 1270 2543; x_wconf 89' lang='lat' dir='ltr'>donec</span> <span class='ocrx_word' id='word_1_144' title='bbox 1313 2503 1346 2543; x_wconf 90' lang='lat' dir='ltr'>a</span> <span class='ocrx_word' id='word_1_145' title='bbox 1376 2487 1620 2560; x_wconf 84' lang='lat' dir='ltr'>paganis</span> <span class='ocrx_word' id='word_1_146' title='bbox 1649 2487 1853 2542; x_wconf 87' lang='lat' dir='ltr'>eodem</span> <span class='ocrx_word' id='word_1_147' title='bbox 1885 2501 2007 2542; x_wconf 89' lang='lat' dir='ltr'>mo-</span> 
     </span>
    </p>
   </div>
   <div class='ocr_carea' id='block_1_25' title="bbox 363 2574 2009 2648">
    <p class='ocr_par' dir='ltr' id='par_1_25' title="bbox 363 2574 2009 2648">
     <span class='ocr_line' id='line_1_25' title="bbox 363 2574 2009 2648; baseline 0.001 -20"><span class='ocrx_word' id='word_1_148' title='bbox 363 2574 617 2631; x_wconf 89' lang='lat' dir='ltr'>nasterio</span> <span class='ocrx_word' id='word_1_149' title='bbox 645 2578 892 2643; x_wconf 88' lang='lat' dir='ltr'>vastato,</span> <span class='ocrx_word' id='word_1_150' title='bbox 925 2592 1136 2648; x_wconf 91' lang='lat' dir='ltr'>corpus</span> <span class='ocrx_word' id='word_1_151' title='bbox 1169 2581 1440 2633; x_wconf 89' lang='lat' dir='ltr'>sanctum</span> <span class='ocrx_word' id='word_1_152' title='bbox 1475 2576 1609 2631; x_wconf 90' lang='lat' dir='ltr'>inde</span> <span class='ocrx_word' id='word_1_153' title='bbox 1641 2574 1938 2630; x_wconf 89' lang='lat' dir='ltr'>sublatum</span> <span class='ocrx_word' id='word_1_154' title='bbox 1951 2579 2009 2630; x_wconf 91' lang='lat' dir='ltr'>et</span> 
     </span>
    </p>
   </div>
   <div class='ocr_carea' id='block_1_26' title="bbox 361 2659 2007 2736">
    <p class='ocr_par' dir='ltr' id='par_1_26' title="bbox 361 2659 2007 2736">
     <span class='ocr_line' id='line_1_26' title="bbox 361 2659 2007 2736; baseline 0 -18"><span class='ocrx_word' id='word_1_155' title='bbox 361 2660 434 2718; x_wconf 89' lang='lat' dir='ltr'>ad</span> <span class='ocrx_word' id='word_1_156' title='bbox 464 2659 804 2736; x_wconf 61' lang='lat' dir='ltr'>praedictam</span> <span class='ocrx_word' id='word_1_157' title='bbox 835 2663 1271 2720; x_wconf 90' lang='lat' dir='ltr'>Cordunensem</span> <span class='ocrx_word' id='word_1_158' title='bbox 1303 2663 1594 2720; x_wconf 89' lang='lat' dir='ltr'>civitatem</span> <span class='ocrx_word' id='word_1_159' title='bbox 1634 2666 1788 2719; x_wconf 85' lang='lat' dir='ltr'>esset</span> <span class='ocrx_word' id='word_1_160' title='bbox 1818 2667 2007 2718; x_wconf 86' lang='lat' dir='ltr'>trans-</span> 
     </span>
    </p>
   </div>
   <div class='ocr_carea' id='block_1_27' title="bbox 358 2749 2007 2826">
    <p class='ocr_par' dir='ltr' id='par_1_27' title="bbox 358 2749 2007 2826">
     <span class='ocr_line' id='line_1_27' title="bbox 358 2749 2007 2826; baseline 0 -20"><span class='ocrx_word' id='word_1_161' title='bbox 358 2749 567 2806; x_wconf 90' lang='lat' dir='ltr'>latum.</span> <span class='ocrx_word' id='word_1_162' title='bbox 600 2752 764 2808; x_wconf 91' lang='lat' dir='ltr'>Tunc</span> <span class='ocrx_word' id='word_1_163' title='bbox 795 2751 972 2808; x_wconf 90' lang='lat' dir='ltr'>etiam</span> <span class='ocrx_word' id='word_1_164' title='bbox 1001 2751 1311 2826; x_wconf 91' lang='lat' dir='ltr'>episcopus</span> <span class='ocrx_word' id='word_1_165' title='bbox 1338 2751 1641 2809; x_wconf 85' lang='lat' dir='ltr'>Arretinus</span> <span class='ocrx_word' id='word_1_166' title='bbox 1673 2768 1788 2806; x_wconf 91' lang='lat' dir='ltr'>non</span> <span class='ocrx_word' id='word_1_167' title='bbox 1821 2751 2007 2807; x_wconf 85' lang='lat' dir='ltr'>modi-</span> 
     </span>
    </p>
   </div>
   <div class='ocr_carea' id='block_1_28' title="bbox 359 2839 2008 2915">
    <p class='ocr_par' dir='ltr' id='par_1_28' title="bbox 359 2839 2008 2915">
     <span class='ocr_line' id='line_1_28' title="bbox 359 2839 2008 2915; baseline 0.001 -20"><span class='ocrx_word' id='word_1_168' title='bbox 359 2855 488 2896; x_wconf 90' lang='lat' dir='ltr'>cam</span> <span class='ocrx_word' id='word_1_169' title='bbox 513 2841 839 2914; x_wconf 89' lang='lat' dir='ltr'>portionem</span> <span class='ocrx_word' id='word_1_170' title='bbox 871 2841 1178 2915; x_wconf 83' lang='lat' dir='ltr'>sanguinis</span> <span class='ocrx_word' id='word_1_171' title='bbox 1207 2841 1530 2899; x_wconf 89' lang='lat' dir='ltr'>beatissimi</span> <span class='ocrx_word' id='word_1_172' title='bbox 1562 2839 2008 2915; x_wconf 82' lang='lat' dir='ltr'>protomartyris</span> 
     </span>
    </p>
   </div>
   <div class='ocr_carea' id='block_1_29' title="bbox 360 2928 2006 3004">
    <p class='ocr_par' dir='ltr' id='par_1_29' title="bbox 360 2928 2006 3004">
     <span class='ocr_line' id='line_1_29' title="bbox 360 2928 2006 3004; baseline 0 -20"><span class='ocrx_word' id='word_1_173' title='bbox 360 2928 648 2986; x_wconf 70' lang='lat' dir='ltr'>STEPHANI</span> <span class='ocrx_word' id='word_1_174' title='bbox 681 2929 740 2985; x_wconf 91' lang='lat' dir='ltr'>in</span> <span class='ocrx_word' id='word_1_175' title='bbox 770 2933 898 2986; x_wconf 88' lang='lat' dir='ltr'>vate</span> <span class='ocrx_word' id='word_1_176' title='bbox 927 2929 1284 3003; x_wconf 88' lang='lat' dir='ltr'>crystallino,</span> <span class='ocrx_word' id='word_1_177' title='bbox 1308 2931 1528 3004; x_wconf 90' lang='lat' dir='ltr'>optime</span> <span class='ocrx_word' id='word_1_178' title='bbox 1560 2947 1701 2986; x_wconf 88' lang='lat' dir='ltr'>auro</span> <span class='ocrx_word' id='word_1_179' title='bbox 1727 2929 2006 3003; x_wconf 85' lang='lat' dir='ltr'>gemmis-</span> 
     </span>
    </p>
   </div>
   <div class='ocr_carea' id='block_1_30' title="bbox 359 3018 2008 3092">
    <p class='ocr_par' dir='ltr' id='par_1_30' title="bbox 359 3018 2008 3092">
     <span class='ocr_line' id='line_1_30' title="bbox 359 3018 2008 3092; baseline -0.001 -18"><span class='ocrx_word' id='word_1_180' title='bbox 359 3032 473 3090; x_wconf 90' lang='lat' dir='ltr'>que</span> <span class='ocrx_word' id='word_1_181' title='bbox 501 3018 848 3090; x_wconf 86' lang='lat' dir='ltr'>composito,</span> <span class='ocrx_word' id='word_1_182' title='bbox 882 3021 940 3073; x_wconf 87' lang='lat' dir='ltr'>et</span> <span class='ocrx_word' id='word_1_183' title='bbox 971 3018 1044 3074; x_wconf 89' lang='lat' dir='ltr'>de</span> <span class='ocrx_word' id='word_1_184' title='bbox 1072 3019 1358 3092; x_wconf 84' lang='lat' dir='ltr'>sanguine</span> <span class='ocrx_word' id='word_1_185' title='bbox 1388 3019 1772 3074; x_wconf 89' lang='lat' dir='ltr'>Innocentum</span> <span class='ocrx_word' id='word_1_186' title='bbox 1799 3018 1856 3073; x_wconf 92' lang='lat' dir='ltr'>in</span> <span class='ocrx_word' id='word_1_187' title='bbox 1893 3018 2008 3073; x_wconf 87' lang='lat' dir='ltr'>alia</span> 
     </span>
    </p>
   </div>
   <div class='ocr_carea' id='block_1_31' title="bbox 359 3105 2008 3178">
    <p class='ocr_par' dir='ltr' id='par_1_31' title="bbox 359 3105 2008 3178">
     <span class='ocr_line' id='line_1_31' title="bbox 359 3105 2008 3178; baseline 0.001 -18"><span class='ocrx_word' id='word_1_188' title='bbox 359 3105 572 3178; x_wconf 78' lang='lat' dir='ltr'>pixide,</span> <span class='ocrx_word' id='word_1_189' title='bbox 585 3110 644 3162; x_wconf 90' lang='lat' dir='ltr'>et</span> <span class='ocrx_word' id='word_1_190' title='bbox 672 3107 744 3162; x_wconf 90' lang='lat' dir='ltr'>de</span> <span class='ocrx_word' id='word_1_191' title='bbox 775 3105 1003 3178; x_wconf 85' lang='lat' dir='ltr'>capillis</span> <span class='ocrx_word' id='word_1_192' title='bbox 1025 3108 1210 3164; x_wconf 89' lang='lat' dir='ltr'>sancti</span> <span class='ocrx_word' id='word_1_193' title='bbox 1244 3106 1739 3177; x_wconf 89' lang='lat' dir='ltr'>Petri,breviculis</span> <span class='ocrx_word' id='word_1_194' title='bbox 1770 3123 1874 3178; x_wconf 87' lang='lat' dir='ltr'>per</span> <span class='ocrx_word' id='word_1_195' title='bbox 1893 3107 2008 3162; x_wconf 88' lang='lat' dir='ltr'>sin-</span> 
     </span>
    </p>
   </div>
   <div class='ocr_carea' id='block_1_32' title="bbox 357 3192 2005 3266">
    <p class='ocr_par' dir='ltr' id='par_1_32' title="bbox 357 3192 2005 3266">
     <span class='ocr_line' id='line_1_32' title="bbox 357 3192 2005 3266; baseline 0.002 -18"><span class='ocrx_word' id='word_1_196' title='bbox 357 3192 498 3264; x_wconf 87' lang='lat' dir='ltr'>gula</span> <span class='ocrx_word' id='word_1_197' title='bbox 523 3194 830 3266; x_wconf 86' lang='lat' dir='ltr'>appositis,</span> <span class='ocrx_word' id='word_1_198' title='bbox 864 3195 1132 3266; x_wconf 88' lang='lat' dir='ltr'>quamvis</span> <span class='ocrx_word' id='word_1_199' title='bbox 1163 3195 1400 3264; x_wconf 90' lang='lat' dir='ltr'>invitus,</span> <span class='ocrx_word' id='word_1_200' title='bbox 1432 3199 1489 3251; x_wconf 90' lang='lat' dir='ltr'>et</span> <span class='ocrx_word' id='word_1_201' title='bbox 1517 3212 1751 3251; x_wconf 90' lang='lat' dir='ltr'>summo</span> <span class='ocrx_word' id='word_1_202' title='bbox 1796 3195 1854 3250; x_wconf 90' lang='lat' dir='ltr'>in</span> <span class='ocrx_word' id='word_1_203' title='bbox 1887 3195 2005 3251; x_wconf 88' lang='lat' dir='ltr'>dis-</span> 
     </span>
    </p>
   </div>
   <div class='ocr_carea' id='block_1_33' title="bbox 699 399 3427 471">
    <p class='ocr_par' dir='ltr' id='par_1_33' title="bbox 699 399 3427 471">
     <span class='ocr_line' id='line_1_33' title="bbox 699 399 3427 471; baseline -0.001 -7"><span class='ocrx_word' id='word_1_204' title='bbox 699 401 1176 465; x_wconf 80' lang='lat' dir='ltr'>THEODORICI</span> <span class='ocrx_word' id='word_1_205' title='bbox 1219 401 1604 465; x_wconf 81' lang='lat' dir='ltr'>METENSIS</span> <span class='ocrx_word' id='word_1_206' title='bbox 1647 401 1996 462; x_wconf 79' lang='lat' dir='ltr'>EI’ISCOPI</span> <span class='ocrx_word' id='word_1_207' title='bbox 2039 401 2141 460; x_wconf 61' lang='lat' dir='ltr'>Dl“.</span> <span class='ocrx_word' id='word_1_208' title='bbox 2187 399 2663 462; x_wconf 87' lang='lat' dir='ltr'>lNVENTlONE</span> <span class='ocrx_word' id='word_1_209' title='bbox 2709 399 3212 471; x_wconf 84' lang='lat' dir='ltr'>SANCTORUM,</span> <span class='ocrx_word' id='word_1_210' title='bbox 3259 400 3427 462; x_wconf 86' lang='lat' dir='ltr'>ETC.</span> 
     </span>
    </p>
   </div>
   <div class='ocr_carea' id='block_1_34' title="bbox 2041 531 3764 600">
    <p class='ocr_par' dir='ltr' id='par_1_34' title="bbox 2041 531 3764 600">
     <span class='ocr_line' id='line_1_34' title="bbox 2041 531 3764 600; baseline 0.002 -15"><span class='ocrx_word' id='word_1_211' title='bbox 2041 532 2098 598; x_wconf 81' lang='grc' dir='ltr'><strong>Α</strong></span> <span class='ocrx_word' id='word_1_212' title='bbox 2126 536 2505 600; x_wconf 86' lang='lat' dir='ltr'>verteremur,</span> <span class='ocrx_word' id='word_1_213' title='bbox 2538 533 2596 587; x_wconf 91' lang='lat' dir='ltr'>in</span> <span class='ocrx_word' id='word_1_214' title='bbox 2624 532 2838 587; x_wconf 88' lang='lat' dir='ltr'>vicinie</span> <span class='ocrx_word' id='word_1_215' title='bbox 2877 532 3062 588; x_wconf 71' lang='lat' dir='ltr'>Hortte</span> <span class='ocrx_word' id='word_1_216' title='bbox 3111 531 3360 588; x_wconf 85' lang='lat' dir='ltr'>civitatis</span> <span class='ocrx_word' id='word_1_217' title='bbox 3407 536 3494 588; x_wconf 85' lang='lat' dir='ltr'>est</span> <span class='ocrx_word' id='word_1_218' title='bbox 3542 538 3764 589; x_wconf 90' lang='lat' dir='ltr'>actum.</span> 
     </span>
    </p>
   </div>
   <div class='ocr_carea' id='block_1_35' title="bbox 3647 399 3770 462">
    <p class='ocr_par' dir='ltr' id='par_1_35' title="bbox 3647 399 3770 462">
     <span class='ocr_line' id='line_1_35' title="bbox 3647 399 3770 462; baseline -0.016 0"><span class='ocrx_word' id='word_1_219' title='bbox 3647 399 3770 462; x_wconf 87' lang='lat'>368</span> 
     </span>
    </p>
   </div>
   <div class='ocr_carea' id='block_1_36' title="bbox 2509 621 3373 694">
    <p class='ocr_par' dir='ltr' id='par_1_36' title="bbox 2509 621 3373 694">
     <span class='ocr_line' id='line_1_36' title="bbox 2509 621 3373 694; baseline 0 -18"><span class='ocrx_word' id='word_1_220' title='bbox 2509 621 2584 678; x_wconf 89' lang='lat' dir='ltr'>De</span> <span class='ocrx_word' id='word_1_221' title='bbox 2609 623 2811 678; x_wconf 74' lang='lat' dir='ltr'>sanctis</span> <span class='ocrx_word' id='word_1_222' title='bbox 2841 622 3015 694; x_wconf 87' lang='lat' dir='ltr'>Digna</span> <span class='ocrx_word' id='word_1_223' title='bbox 3043 629 3093 677; x_wconf 89' lang='lat' dir='ltr'>et</span> <span class='ocrx_word' id='word_1_224' title='bbox 3116 622 3373 677; x_wconf 80' lang='lat' dir='ltr'>Emerita.</span> 
     </span>
    </p>
   </div>
   <div class='ocr_carea' id='block_1_37' title="bbox 2189 709 3766 778">
    <p class='ocr_par' dir='ltr' id='par_1_37' title="bbox 2189 709 3766 778">
     <span class='ocr_line' id='line_1_37' title="bbox 2189 709 3766 778; baseline 0.002 -13"><span class='ocrx_word' id='word_1_225' title='bbox 2189 709 2300 766; x_wconf 89' lang='lat' dir='ltr'>Sed</span> <span class='ocrx_word' id='word_1_226' title='bbox 2333 709 2528 765; x_wconf 71' lang='lat' dir='ltr'>Roma:</span> <span class='ocrx_word' id='word_1_227' title='bbox 2559 714 2700 766; x_wconf 89' lang='lat' dir='ltr'>tunc</span> <span class='ocrx_word' id='word_1_228' title='bbox 2731 711 2900 766; x_wconf 88' lang='lat' dir='ltr'>nobis</span> <span class='ocrx_word' id='word_1_229' title='bbox 2931 711 3545 778; x_wconf 88' lang='lat' dir='ltr'>constitutis,munere</span> <span class='ocrx_word' id='word_1_230' title='bbox 3566 713 3766 768; x_wconf 90' lang='lat' dir='ltr'>domni</span> 
     </span>
    </p>
   </div>
   <div class='ocr_carea' id='block_1_38' title="bbox 2121 798 3767 870">
    <p class='ocr_par' dir='ltr' id='par_1_38' title="bbox 2121 798 3767 870">
     <span class='ocr_line' id='line_1_38' title="bbox 2121 798 3767 870; baseline 0.002 -18"><span class='ocrx_word' id='word_1_231' title='bbox 2121 814 2282 870; x_wconf 70' lang='lat' dir='ltr'>papae</span> <span class='ocrx_word' id='word_1_232' title='bbox 2307 798 2570 867; x_wconf 87' lang='lat' dir='ltr'>Joannis,</span> <span class='ocrx_word' id='word_1_233' title='bbox 2604 799 2851 870; x_wconf 84' lang='lat' dir='ltr'>pignora</span> <span class='ocrx_word' id='word_1_234' title='bbox 2881 803 3214 854; x_wconf 88' lang='lat' dir='ltr'>sanctarum</span> <span class='ocrx_word' id='word_1_235' title='bbox 3246 800 3450 855; x_wconf 65' lang='lat' dir='ltr'>DIGNE</span> <span class='ocrx_word' id='word_1_236' title='bbox 3476 805 3534 855; x_wconf 88' lang='lat' dir='ltr'>et</span> <span class='ocrx_word' id='word_1_237' title='bbox 3551 804 3767 856; x_wconf 65' lang='lat' dir='ltr'>Emam-</span> 
     </span>
    </p>
   </div>
   <div class='ocr_carea' id='block_1_39' title="bbox 2116 887 3768 960">
    <p class='ocr_par' dir='ltr' id='par_1_39' title="bbox 2116 887 3768 960">
     <span class='ocr_line' id='line_1_39' title="bbox 2116 887 3768 960; baseline 0.003 -19"><span class='ocrx_word' id='word_1_238' title='bbox 2116 904 2222 954; x_wconf 66' lang='grc' dir='ltr'>τιε,</span> <span class='ocrx_word' id='word_1_239' title='bbox 2251 904 2500 959; x_wconf 85' lang='lat' dir='ltr'>quarum</span> <span class='ocrx_word' id='word_1_240' title='bbox 2534 905 2775 960; x_wconf 86' lang='lat' dir='ltr'>corpora</span> <span class='ocrx_word' id='word_1_241' title='bbox 2806 887 2864 943; x_wconf 88' lang='lat' dir='ltr'>in</span> <span class='ocrx_word' id='word_1_242' title='bbox 2895 887 3116 960; x_wconf 86' lang='lat' dir='ltr'>porticu</span> <span class='ocrx_word' id='word_1_243' title='bbox 3150 888 3405 944; x_wconf 72' lang='lat' dir='ltr'>ecclesia:</span> <span class='ocrx_word' id='word_1_244' title='bbox 3439 889 3588 945; x_wconf 89' lang='lat' dir='ltr'>beati</span> <span class='ocrx_word' id='word_1_245' title='bbox 3623 889 3768 946; x_wconf 80' lang='lat' dir='ltr'>Mar-</span> 
     </span>
    </p>
   </div>
   <div class='ocr_carea' id='block_1_40' title="bbox 2121 975 3764 1049">
    <p class='ocr_par' dir='ltr' id='par_1_40' title="bbox 2121 975 3764 1049">
     <span class='ocr_line' id='line_1_40' title="bbox 2121 975 3764 1049; baseline 0.003 -19"><span class='ocrx_word' id='word_1_246' title='bbox 2121 975 2248 1030; x_wconf 91' lang='lat' dir='ltr'>celli</span> <span class='ocrx_word' id='word_1_247' title='bbox 2280 977 2552 1048; x_wconf 79' lang='lat' dir='ltr'>martyris</span> <span class='ocrx_word' id='word_1_248' title='bbox 2584 982 2722 1032; x_wconf 88' lang='lat' dir='ltr'>sunt</span> <span class='ocrx_word' id='word_1_249' title='bbox 2753 978 3066 1043; x_wconf 84' lang='lat' dir='ltr'>recondita,</span> <span class='ocrx_word' id='word_1_250' title='bbox 3092 996 3217 1049; x_wconf 75' lang='lat' dir='ltr'>qua:</span> <span class='ocrx_word' id='word_1_251' title='bbox 3248 985 3338 1033; x_wconf 88' lang='lat' dir='ltr'>est</span> <span class='ocrx_word' id='word_1_252' title='bbox 3370 983 3504 1033; x_wconf 87' lang='lat' dir='ltr'>ante</span> <span class='ocrx_word' id='word_1_253' title='bbox 3531 985 3764 1036; x_wconf 89' lang='lat' dir='ltr'>sanctos</span> 
     </span>
    </p>
   </div>
   <div class='ocr_carea' id='block_1_41' title="bbox 2121 1064 3763 1139">
    <p class='ocr_par' dir='ltr' id='par_1_41' title="bbox 2121 1064 3763 1139">
     <span class='ocr_line' id='line_1_41' title="bbox 2121 1064 3763 1139; baseline 0.005 -22"><span class='ocrx_word' id='word_1_254' title='bbox 2121 1064 2441 1137; x_wconf 81' lang='lat' dir='ltr'>apostolos;</span> <span class='ocrx_word' id='word_1_255' title='bbox 2468 1065 2642 1120; x_wconf 85' lang='lat' dir='ltr'>simul</span> <span class='ocrx_word' id='word_1_256' title='bbox 2676 1071 2733 1121; x_wconf 89' lang='lat' dir='ltr'>et</span> <span class='ocrx_word' id='word_1_257' title='bbox 2763 1065 2906 1122; x_wconf 88' lang='lat' dir='ltr'>alias</span> <span class='ocrx_word' id='word_1_258' title='bbox 2941 1066 3280 1137; x_wconf 75' lang='lat' dir='ltr'>singillatim</span> <span class='ocrx_word' id='word_1_259' title='bbox 3318 1069 3763 1139; x_wconf 70' lang='lat' dir='ltr'>repositas,cum</span> 
     </span>
    </p>
   </div>
   <div class='ocr_carea' id='block_1_42' title="bbox 2121 1155 3763 1226">
    <p class='ocr_par' dir='ltr' id='par_1_42' title="bbox 2121 1155 3763 1226">
     <span class='ocr_line' id='line_1_42' title="bbox 2121 1155 3763 1226; baseline 0.004 -18"><span class='ocrx_word' id='word_1_260' title='bbox 2121 1155 2370 1226; x_wconf 83' lang='lat' dir='ltr'>propriis</span> <span class='ocrx_word' id='word_1_261' title='bbox 2441 1156 2944 1220; x_wconf 83' lang='lat' dir='ltr'>adnotationibus,</span> <span class='ocrx_word' id='word_1_262' title='bbox 2999 1156 3361 1212; x_wconf 86' lang='lat' dir='ltr'>diversorum</span> <span class='ocrx_word' id='word_1_263' title='bbox 3423 1163 3763 1215; x_wconf 87' lang='lat' dir='ltr'>sanctorum</span> 
     </span>
    </p>
   </div>
   <div class='ocr_carea' id='block_1_43' title="bbox 2121 1241 3762 1315">
    <p class='ocr_par' dir='ltr' id='par_1_43' title="bbox 2121 1241 3762 1315">
     <span class='ocr_line' id='line_1_43' title="bbox 2121 1241 3762 1315; baseline 0.002 -19"><span class='ocrx_word' id='word_1_264' title='bbox 2121 1241 2396 1313; x_wconf 85' lang='lat' dir='ltr'>reliquias</span> <span class='ocrx_word' id='word_1_265' title='bbox 2446 1244 2687 1314; x_wconf 86' lang='lat' dir='ltr'>accepit,</span> <span class='ocrx_word' id='word_1_266' title='bbox 2742 1243 2800 1298; x_wconf 91' lang='lat' dir='ltr'>in</span> <span class='ocrx_word' id='word_1_267' title='bbox 2850 1244 3069 1315; x_wconf 86' lang='lat' dir='ltr'>quibus</span> <span class='ocrx_word' id='word_1_268' title='bbox 3099 1249 3156 1298; x_wconf 91' lang='lat' dir='ltr'>et</span> <span class='ocrx_word' id='word_1_269' title='bbox 3201 1243 3532 1300; x_wconf 87' lang='lat' dir='ltr'>sandalium</span> <span class='ocrx_word' id='word_1_270' title='bbox 3571 1246 3762 1302; x_wconf 89' lang='lat' dir='ltr'>sancti</span> 
     </span>
    </p>
   </div>
   <div class='ocr_carea' id='block_1_44' title="bbox 2120 1329 3763 1404">
    <p class='ocr_par' dir='ltr' id='par_1_44' title="bbox 2120 1329 3763 1404">
     <span class='ocr_line' id='line_1_44' title="bbox 2120 1329 3763 1404; baseline 0.004 -20"><span class='ocrx_word' id='word_1_271' title='bbox 2120 1329 2396 1402; x_wconf 88' lang='lat' dir='ltr'>Stephani</span> <span class='ocrx_word' id='word_1_272' title='bbox 2436 1347 2448 1386; x_wconf 91' lang='lat'>:</span> <span class='ocrx_word' id='word_1_273' title='bbox 2485 1331 2604 1387; x_wconf 66' lang='lat' dir='ltr'>haec</span> <span class='ocrx_word' id='word_1_274' title='bbox 2636 1331 2834 1388; x_wconf 90' lang='lat' dir='ltr'>omnia</span> <span class='ocrx_word' id='word_1_275' title='bbox 2863 1349 2967 1404; x_wconf 87' lang='lat' dir='ltr'>per</span> <span class='ocrx_word' id='word_1_276' title='bbox 3001 1331 3353 1388; x_wconf 85' lang='lat' dir='ltr'>Willardum</span> <span class='ocrx_word' id='word_1_277' title='bbox 3405 1333 3763 1391; x_wconf 87' lang='lat' dir='ltr'>monachum</span> 
     </span>
    </p>
   </div>
   <div class='ocr_carea' id='block_1_45' title="bbox 2121 1418 3077 1477">
    <p class='ocr_par' dir='ltr' id='par_1_45' title="bbox 2121 1418 3077 1477">
     <span class='ocr_line' id='line_1_45' title="bbox 2121 1418 3077 1477; baseline 0.003 -4"><span class='ocrx_word' id='word_1_278' title='bbox 2121 1418 2305 1475; x_wconf 86' lang='lat' dir='ltr'>Mauri</span> <span class='ocrx_word' id='word_1_279' title='bbox 2336 1422 2672 1476; x_wconf 90' lang='lat' dir='ltr'>monasterii</span> <span class='ocrx_word' id='word_1_280' title='bbox 2707 1421 2888 1476; x_wconf 89' lang='lat' dir='ltr'>missa</span> <span class='ocrx_word' id='word_1_281' title='bbox 2919 1424 3077 1477; x_wconf 89' lang='lat' dir='ltr'>sunt.</span> 
     </span>
    </p>
   </div>
   <div class='ocr_carea' id='block_1_46' title="bbox 2508 1511 3371 1582">
    <p class='ocr_par' dir='ltr' id='par_1_46' title="bbox 2508 1511 3371 1582">
     <span class='ocr_line' id='line_1_46' title="bbox 2508 1511 3371 1582; baseline 0.001 -18"><span class='ocrx_word' id='word_1_282' title='bbox 2508 1511 2583 1566; x_wconf 87' lang='lat' dir='ltr'>De</span> <span class='ocrx_word' id='word_1_283' title='bbox 2603 1518 2785 1566; x_wconf 79' lang='lat' dir='ltr'>sancto</span> <span class='ocrx_word' id='word_1_284' title='bbox 2818 1511 3090 1566; x_wconf 80' lang='lat' dir='ltr'>Vincentio</span> <span class='ocrx_word' id='word_1_285' title='bbox 3108 1513 3371 1582; x_wconf 78' lang='lat' dir='ltr'>episcopo.</span> 
     </span>
    </p>
   </div>
   <div class='ocr_carea' id='block_1_47' title="bbox 2189 1595 3766 1672">
    <p class='ocr_par' dir='ltr' id='par_1_47' title="bbox 2189 1595 3766 1672">
     <span class='ocr_line' id='line_1_47' title="bbox 2189 1595 3766 1672; baseline 0.004 -21"><span class='ocrx_word' id='word_1_286' title='bbox 2189 1595 2448 1652; x_wconf 81' lang='lat' dir='ltr'>Alterum</span> <span class='ocrx_word' id='word_1_287' title='bbox 2479 1602 2751 1654; x_wconf 88' lang='lat' dir='ltr'>sanctum</span> <span class='ocrx_word' id='word_1_288' title='bbox 2781 1598 3152 1655; x_wconf 88' lang='lat' dir='ltr'>Vincentium</span> <span class='ocrx_word' id='word_1_289' title='bbox 3186 1599 3524 1672; x_wconf 82' lang='lat' dir='ltr'>episcopum</span> <span class='ocrx_word' id='word_1_290' title='bbox 3555 1617 3623 1657; x_wconf 88' lang='lat' dir='ltr'>ex</span> <span class='ocrx_word' id='word_1_291' title='bbox 3645 1618 3766 1658; x_wconf 89' lang='lat' dir='ltr'>mo-</span> 
     </span>
    </p>
   </div>
   <div class='ocr_carea' id='block_1_48' title="bbox 2120 1687 3762 1759">
    <p class='ocr_par' dir='ltr' id='par_1_48' title="bbox 2120 1687 3762 1759">
     <span class='ocr_line' id='line_1_48' title="bbox 2120 1687 3762 1759; baseline 0.004 -19"><span class='ocrx_word' id='word_1_292' title='bbox 2120 1687 2372 1742; x_wconf 86' lang='lat' dir='ltr'>nasterio</span> <span class='ocrx_word' id='word_1_293' title='bbox 2418 1688 2671 1759; x_wconf 90' lang='lat' dir='ltr'>quodam</span> <span class='ocrx_word' id='word_1_294' title='bbox 2722 1688 2780 1743; x_wconf 91' lang='lat' dir='ltr'>in</span> <span class='ocrx_word' id='word_1_295' title='bbox 2832 1687 3093 1744; x_wconf 89' lang='lat' dir='ltr'>comitati</span> <span class='ocrx_word' id='word_1_296' title='bbox 3143 1689 3370 1755; x_wconf 89' lang='lat' dir='ltr'>Urbini,</span> <span class='ocrx_word' id='word_1_297' title='bbox 3403 1707 3437 1745; x_wconf 93' lang='lat' dir='ltr'>a</span> <span class='ocrx_word' id='word_1_298' title='bbox 3486 1691 3762 1748; x_wconf 79' lang='lat' dir='ltr'>Ravenna</span> 
     </span>
    </p>
   </div>
   <div class='ocr_carea' id='block_1_49' title="bbox 2121 1772 3766 1850">
    <p class='ocr_par' dir='ltr' id='par_1_49' title="bbox 2121 1772 3766 1850">
     <span class='ocr_line' id='line_1_49' title="bbox 2121 1772 3766 1850; baseline 0.005 -22"><span class='ocrx_word' id='word_1_299' title='bbox 2121 1772 2394 1829; x_wconf 92' lang='lat' dir='ltr'>milliario</span> <span class='ocrx_word' id='word_1_300' title='bbox 2416 1775 2534 1830; x_wconf 86' lang='lat' dir='ltr'>fere</span> <span class='ocrx_word' id='word_1_301' title='bbox 2565 1793 2603 1845; x_wconf 87' lang='lat'>1,</span> <span class='ocrx_word' id='word_1_302' title='bbox 2630 1777 2801 1848; x_wconf 80' lang='lat' dir='ltr'>juxta</span> <span class='ocrx_word' id='word_1_303' title='bbox 2830 1777 3058 1832; x_wconf 87' lang='lat' dir='ltr'>Petram</span> <span class='ocrx_word' id='word_1_304' title='bbox 3093 1777 3418 1850; x_wconf 90' lang='lat' dir='ltr'>Pertusam,</span> <span class='ocrx_word' id='word_1_305' title='bbox 3452 1779 3522 1834; x_wconf 89' lang='lat' dir='ltr'>ab</span> <span class='ocrx_word' id='word_1_306' title='bbox 3554 1779 3766 1838; x_wconf 85' lang='lat' dir='ltr'>abbate</span> 
     </span>
    </p>
   </div>
   <div class='ocr_carea' id='block_1_50' title="bbox 2119 1863 3766 1940">
    <p class='ocr_par' dir='ltr' id='par_1_50' title="bbox 2119 1863 3766 1940">
     <span class='ocr_line' id='line_1_50' title="bbox 2119 1863 3766 1940; baseline 0.006 -24"><span class='ocrx_word' id='word_1_307' title='bbox 2119 1863 2295 1918; x_wconf 88' lang='lat' dir='ltr'>rebus</span> <span class='ocrx_word' id='word_1_308' title='bbox 2327 1865 2670 1922; x_wconf 85' lang='lat' dir='ltr'>necessariis</span> <span class='ocrx_word' id='word_1_309' title='bbox 2694 1865 2872 1922; x_wconf 89' lang='lat' dir='ltr'>nimis</span> <span class='ocrx_word' id='word_1_310' title='bbox 2895 1866 3264 1938; x_wconf 89' lang='lat' dir='ltr'>attrito,quia</span> <span class='ocrx_word' id='word_1_311' title='bbox 3297 1867 3459 1924; x_wconf 88' lang='lat' dir='ltr'>aliud</span> <span class='ocrx_word' id='word_1_312' title='bbox 3489 1869 3644 1940; x_wconf 89' lang='lat' dir='ltr'>quod</span> <span class='ocrx_word' id='word_1_313' title='bbox 3667 1869 3766 1926; x_wconf 86' lang='lat' dir='ltr'>da-</span> 
     </span>
    </p>
   </div>
   <div class='ocr_carea' id='block_1_51' title="bbox 2121 1954 3763 2030">
    <p class='ocr_par' dir='ltr' id='par_1_51' title="bbox 2121 1954 3763 2030">
     <span class='ocr_line' id='line_1_51' title="bbox 2121 1954 3763 2030; baseline 0.003 -22"><span class='ocrx_word' id='word_1_314' title='bbox 2121 1957 2204 2008; x_wconf 90' lang='lat' dir='ltr'>ret</span> <span class='ocrx_word' id='word_1_315' title='bbox 2234 1970 2336 2026; x_wconf 91' lang='lat' dir='ltr'>pro</span> <span class='ocrx_word' id='word_1_316' title='bbox 2364 1954 2708 2010; x_wconf 88' lang='lat' dir='ltr'>relcvatione</span> <span class='ocrx_word' id='word_1_317' title='bbox 2740 1954 2848 2010; x_wconf 91' lang='lat' dir='ltr'>loci</span> <span class='ocrx_word' id='word_1_318' title='bbox 2872 1971 2984 2010; x_wconf 91' lang='lat' dir='ltr'>non</span> <span class='ocrx_word' id='word_1_319' title='bbox 3017 1955 3554 2028; x_wconf 82' lang='lat' dir='ltr'>habuerat,partem</span> <span class='ocrx_word' id='word_1_320' title='bbox 3573 1956 3763 2030; x_wconf 90' lang='lat' dir='ltr'>primo</span> 
     </span>
    </p>
   </div>
   <div class='ocr_carea' id='block_1_52' title="bbox 2119 2042 3764 2118">
    <p class='ocr_par' dir='ltr' id='par_1_52' title="bbox 2119 2042 3764 2118">
     <span class='ocr_line' id='line_1_52' title="bbox 2119 2042 3764 2118; baseline 0.003 -21"><span class='ocrx_word' id='word_1_321' title='bbox 2119 2042 2416 2110; x_wconf 74' lang='lat' dir='ltr'>offerente,</span> <span class='ocrx_word' id='word_1_322' title='bbox 2445 2044 2544 2099; x_wconf 90' lang='lat' dir='ltr'>sed</span> <span class='ocrx_word' id='word_1_323' title='bbox 2589 2043 2824 2099; x_wconf 89' lang='lat' dir='ltr'>Bertrao</span> <span class='ocrx_word' id='word_1_324' title='bbox 2862 2043 3000 2099; x_wconf 91' lang='lat' dir='ltr'>illuc</span> <span class='ocrx_word' id='word_1_325' title='bbox 3051 2043 3254 2112; x_wconf 88' lang='lat' dir='ltr'>misso,</span> <span class='ocrx_word' id='word_1_326' title='bbox 3289 2045 3591 2118; x_wconf 87' lang='lat' dir='ltr'>multaque</span> <span class='ocrx_word' id='word_1_327' title='bbox 3637 2051 3764 2103; x_wconf 87' lang='lat' dir='ltr'>arte</span> 
     </span>
    </p>
   </div>
   <div class='ocr_carea' id='block_1_53' title="bbox 2119 2132 3764 2208">
    <p class='ocr_par' dir='ltr' id='par_1_53' title="bbox 2119 2132 3764 2208">
     <span class='ocr_line' id='line_1_53' title="bbox 2119 2132 3764 2208; baseline 0.004 -22"><span class='ocrx_word' id='word_1_328' title='bbox 2119 2135 2354 2186; x_wconf 86' lang='lat' dir='ltr'>strenue</span> <span class='ocrx_word' id='word_1_329' title='bbox 2401 2135 2631 2205; x_wconf 84' lang='lat' dir='ltr'>agente,</span> <span class='ocrx_word' id='word_1_330' title='bbox 2683 2133 2744 2203; x_wconf 81' lang='lat' dir='ltr'>(f.</span> <span class='ocrx_word' id='word_1_331' title='bbox 2797 2132 2942 2188; x_wconf 78' lang='lat' dir='ltr'>deest</span> <span class='ocrx_word' id='word_1_332' title='bbox 2985 2135 3194 2204; x_wconf 86' lang='lat' dir='ltr'>totum)</span> <span class='ocrx_word' id='word_1_333' title='bbox 3244 2135 3523 2207; x_wconf 83' lang='lat' dir='ltr'>percepit.</span> <span class='ocrx_word' id='word_1_334' title='bbox 3573 2136 3764 2208; x_wconf 81' lang='lat' dir='ltr'>Hujus</span> 
     </span>
    </p>
   </div>
   <div class='ocr_carea' id='block_1_54' title="bbox 2119 2220 3764 2295">
    <p class='ocr_par' dir='ltr' id='par_1_54' title="bbox 2119 2220 3764 2295">
     <span class='ocr_line' id='line_1_54' title="bbox 2119 2220 3764 2295; baseline 0.003 -18"><span class='ocrx_word' id='word_1_335' title='bbox 2119 2220 2450 2294; x_wconf 86' lang='lat' dir='ltr'>passionem</span> <span class='ocrx_word' id='word_1_336' title='bbox 2483 2221 2923 2295; x_wconf 86' lang='lat' dir='ltr'>descripsimus.</span> <span class='ocrx_word' id='word_1_337' title='bbox 2959 2221 3060 2278; x_wconf 86' lang='lat' dir='ltr'>Hic</span> <span class='ocrx_word' id='word_1_338' title='bbox 3091 2239 3192 2295; x_wconf 90' lang='lat' dir='ltr'>per</span> <span class='ocrx_word' id='word_1_339' title='bbox 3223 2223 3548 2281; x_wconf 88' lang='lat' dir='ltr'>Immonem</span> <span class='ocrx_word' id='word_1_340' title='bbox 3582 2226 3764 2282; x_wconf 85' lang='lat' dir='ltr'>cemi-</span> 
     </span>
    </p>
   </div>
   <div class='ocr_carea' id='block_1_55' title="bbox 2118 2310 2630 2366">
    <p class='ocr_par' dir='ltr' id='par_1_55' title="bbox 2118 2310 2630 2366">
     <span class='ocr_line' id='line_1_55' title="bbox 2118 2310 2630 2366; baseline 0.004 -2"><span class='ocrx_word' id='word_1_341' title='bbox 2118 2314 2236 2366; x_wconf 90' lang='lat' dir='ltr'>tem</span> <span class='ocrx_word' id='word_1_342' title='bbox 2271 2310 2490 2366; x_wconf 88' lang='lat' dir='ltr'>missus</span> <span class='ocrx_word' id='word_1_343' title='bbox 2522 2315 2630 2366; x_wconf 87' lang='lat' dir='ltr'>est.</span> 
     </span>
    </p>
   </div>
   <div class='ocr_carea' id='block_1_56' title="bbox 2417 2398 3460 2470">
    <p class='ocr_par' dir='ltr' id='par_1_56' title="bbox 2417 2398 3460 2470">
     <span class='ocr_line' id='line_1_56' title="bbox 2417 2398 3460 2470; baseline 0.002 -18"><span class='ocrx_word' id='word_1_344' title='bbox 2417 2399 2492 2454; x_wconf 86' lang='lat' dir='ltr'>De</span> <span class='ocrx_word' id='word_1_345' title='bbox 2520 2400 2722 2455; x_wconf 74' lang='lat' dir='ltr'>sanctis</span> <span class='ocrx_word' id='word_1_346' title='bbox 2752 2398 3038 2455; x_wconf 84' lang='lat' dir='ltr'>Vincentio</span> <span class='ocrx_word' id='word_1_347' title='bbox 3065 2407 3116 2455; x_wconf 85' lang='lat' dir='ltr'>et</span> <span class='ocrx_word' id='word_1_348' title='bbox 3146 2398 3460 2470; x_wconf 83' lang='lat' dir='ltr'>Carpoforo.</span> 
     </span>
    </p>
   </div>
   <div class='ocr_carea' id='block_1_57' title="bbox 2189 2484 3767 2561">
    <p class='ocr_par' dir='ltr' id='par_1_57' title="bbox 2189 2484 3767 2561">
     <span class='ocr_line' id='line_1_57' title="bbox 2189 2484 3767 2561; baseline 0.003 -21"><span class='ocrx_word' id='word_1_349' title='bbox 2189 2484 2404 2540; x_wconf 79' lang='lat' dir='ltr'>Civitas</span> <span class='ocrx_word' id='word_1_350' title='bbox 2431 2484 2739 2541; x_wconf 89' lang='lat' dir='ltr'>Vincentia</span> <span class='ocrx_word' id='word_1_351' title='bbox 2754 2490 2842 2542; x_wconf 89' lang='lat' dir='ltr'>est</span> <span class='ocrx_word' id='word_1_352' title='bbox 2859 2503 2973 2542; x_wconf 90' lang='lat' dir='ltr'>non</span> <span class='ocrx_word' id='word_1_353' title='bbox 2991 2485 3160 2558; x_wconf 87' lang='lat' dir='ltr'>longe</span> <span class='ocrx_word' id='word_1_354' title='bbox 3177 2504 3208 2542; x_wconf 90' lang='lat' dir='ltr'>a</span> <span class='ocrx_word' id='word_1_355' title='bbox 3225 2486 3561 2554; x_wconf 87' lang='lat' dir='ltr'>Venetia,ad</span> <span class='ocrx_word' id='word_1_356' title='bbox 3587 2505 3767 2561; x_wconf 90' lang='lat' dir='ltr'>quam</span> 
     </span>
    </p>
   </div>
   <div class='ocr_carea' id='block_1_58' title="bbox 2119 2571 3768 2649">
    <p class='ocr_par' dir='ltr' id='par_1_58' title="bbox 2119 2571 3768 2649">
     <span class='ocr_line' id='line_1_58' title="bbox 2119 2571 3768 2649; baseline 0.005 -23"><span class='ocrx_word' id='word_1_357' title='bbox 2119 2571 2258 2628; x_wconf 93' lang='lat' dir='ltr'>olim</span> <span class='ocrx_word' id='word_1_358' title='bbox 2289 2573 2678 2645; x_wconf 85' lang='lat' dir='ltr'>Longobardi,</span> <span class='ocrx_word' id='word_1_359' title='bbox 2711 2575 2852 2629; x_wconf 91' lang='lat' dir='ltr'>dum</span> <span class='ocrx_word' id='word_1_360' title='bbox 2886 2573 3114 2631; x_wconf 89' lang='lat' dir='ltr'>Italiam</span> <span class='ocrx_word' id='word_1_361' title='bbox 3147 2575 3768 2649; x_wconf 88' lang='lat' dir='ltr'>invaderent,primam</span> 
     </span>
    </p>
   </div>
   <div class='ocr_carea' id='block_1_59' title="bbox 2120 2661 3766 2736">
    <p class='ocr_par' dir='ltr' id='par_1_59' title="bbox 2120 2661 3766 2736">
     <span class='ocr_line' id='line_1_59' title="bbox 2120 2661 3766 2736; baseline 0.004 -20"><span class='ocrx_word' id='word_1_362' title='bbox 2120 2661 2355 2717; x_wconf 91' lang='lat' dir='ltr'>urbium</span> <span class='ocrx_word' id='word_1_363' title='bbox 2387 2661 2615 2716; x_wconf 83' lang='lat' dir='ltr'>venisse</span> <span class='ocrx_word' id='word_1_364' title='bbox 2645 2661 2941 2718; x_wconf 90' lang='lat' dir='ltr'>dicuntur.</span> <span class='ocrx_word' id='word_1_365' title='bbox 2979 2663 3038 2718; x_wconf 93' lang='lat' dir='ltr'>In</span> <span class='ocrx_word' id='word_1_366' title='bbox 3087 2681 3158 2718; x_wconf 88' lang='lat' dir='ltr'>ea</span> <span class='ocrx_word' id='word_1_367' title='bbox 3203 2668 3426 2736; x_wconf 86' lang='lat' dir='ltr'>martyr</span> <span class='ocrx_word' id='word_1_368' title='bbox 3476 2665 3666 2722; x_wconf 74' lang='lat' dir='ltr'>Lsorrr</span> <span class='ocrx_word' id='word_1_369' title='bbox 3693 2683 3766 2723; x_wconf 85' lang='lat' dir='ltr'>us</span> 
     </span>
    </p>
   </div>
   <div class='ocr_carea' id='block_1_60' title="bbox 2117 2749 3766 2827">
    <p class='ocr_par' dir='ltr' id='par_1_60' title="bbox 2117 2749 3766 2827">
     <span class='ocr_line' id='line_1_60' title="bbox 2117 2749 3766 2827; baseline 0.003 -22"><span class='ocrx_word' id='word_1_370' title='bbox 2117 2749 2474 2806; x_wconf 82' lang='lat' dir='ltr'>monasterio</span> <span class='ocrx_word' id='word_1_371' title='bbox 2519 2749 2730 2806; x_wconf 90' lang='lat' dir='ltr'>celebri</span> <span class='ocrx_word' id='word_1_372' title='bbox 2779 2753 3182 2808; x_wconf 87' lang='lat' dir='ltr'>venerabatur.</span> <span class='ocrx_word' id='word_1_373' title='bbox 3219 2752 3407 2824; x_wconf 81' lang='lat' dir='ltr'>Hujus</span> <span class='ocrx_word' id='word_1_374' title='bbox 3453 2753 3766 2827; x_wconf 90' lang='lat' dir='ltr'>episcopus</span> 
     </span>
    </p>
   </div>
   <div class='ocr_carea' id='block_1_61' title="bbox 2117 2837 3765 2913">
    <p class='ocr_par' dir='ltr' id='par_1_61' title="bbox 2117 2837 3765 2913">
     <span class='ocr_line' id='line_1_61' title="bbox 2117 2837 3765 2913; baseline 0.002 -20"><span class='ocrx_word' id='word_1_375' title='bbox 2117 2837 2228 2894; x_wconf 92' lang='lat' dir='ltr'>loci</span> <span class='ocrx_word' id='word_1_376' title='bbox 2259 2838 2537 2910; x_wconf 87' lang='lat' dir='ltr'>reliquias</span> <span class='ocrx_word' id='word_1_377' title='bbox 2570 2844 2768 2894; x_wconf 86' lang='lat' dir='ltr'>nostro</span> <span class='ocrx_word' id='word_1_378' title='bbox 2798 2839 3268 2895; x_wconf 87' lang='lat' dir='ltr'>reverentissimo</span> <span class='ocrx_word' id='word_1_379' title='bbox 3299 2839 3554 2911; x_wconf 72' lang='lat' dir='ltr'>praesuli,</span> <span class='ocrx_word' id='word_1_380' title='bbox 3578 2840 3625 2896; x_wconf 90' lang='lat' dir='ltr'>si</span> <span class='ocrx_word' id='word_1_381' title='bbox 3658 2859 3765 2913; x_wconf 89' lang='lat' dir='ltr'>pro</span> 
     </span>
    </p>
   </div>
   <div class='ocr_carea' id='block_1_62' title="bbox 2116 2927 3764 3001">
    <p class='ocr_par' dir='ltr' id='par_1_62' title="bbox 2116 2927 3764 3001">
     <span class='ocr_line' id='line_1_62' title="bbox 2116 2927 3764 3001; baseline 0.002 -19"><span class='ocrx_word' id='word_1_382' title='bbox 2116 2944 2294 2984; x_wconf 90' lang='lat' dir='ltr'>causa</span> <span class='ocrx_word' id='word_1_383' title='bbox 2324 2945 2433 2983; x_wconf 89' lang='lat' dir='ltr'>sua</span> <span class='ocrx_word' id='word_1_384' title='bbox 2462 2927 2892 2998; x_wconf 89' lang='lat' dir='ltr'>imperatoriam</span> <span class='ocrx_word' id='word_1_385' title='bbox 2916 2928 3348 3001; x_wconf 88' lang='lat' dir='ltr'>interpellasset</span> <span class='ocrx_word' id='word_1_386' title='bbox 3374 2930 3764 3001; x_wconf 88' lang='lat' dir='ltr'>majestatem.</span> 
     </span>
    </p>
   </div>
   <div class='ocr_carea' id='block_1_63' title="bbox 2117 3015 3763 3090">
    <p class='ocr_par' dir='ltr' id='par_1_63' title="bbox 2117 3015 3763 3090">
     <span class='ocr_line' id='line_1_63' title="bbox 2117 3015 3763 3090; baseline 0.001 -18"><span class='ocrx_word' id='word_1_387' title='bbox 2117 3015 2610 3090; x_wconf 61' lang='lat' dir='ltr'>repromisitltlox</span> <span class='ocrx_word' id='word_1_388' title='bbox 2639 3015 2821 3071; x_wconf 91' lang='lat' dir='ltr'>misso</span> <span class='ocrx_word' id='word_1_389' title='bbox 2853 3015 2990 3072; x_wconf 89' lang='lat' dir='ltr'>illuc</span> <span class='ocrx_word' id='word_1_390' title='bbox 3023 3015 3319 3072; x_wconf 84' lang='lat' dir='ltr'>Rothardo</span> <span class='ocrx_word' id='word_1_391' title='bbox 3347 3015 3763 3085; x_wconf 89' lang='lat' dir='ltr'>diacono,cum</span> 
     </span>
    </p>
   </div>
   <div class='ocr_carea' id='block_1_64' title="bbox 2115 3104 3760 3178">
    <p class='ocr_par' dir='ltr' id='par_1_64' title="bbox 2115 3104 3760 3178">
     <span class='ocr_line' id='line_1_64' title="bbox 2115 3104 3760 3178; baseline -0.001 -16"><span class='ocrx_word' id='word_1_392' title='bbox 2115 3105 2423 3178; x_wconf 74' lang='lat' dir='ltr'>episcoPus</span> <span class='ocrx_word' id='word_1_393' title='bbox 2455 3104 2702 3160; x_wconf 90' lang='lat' dir='ltr'>nimium</span> <span class='ocrx_word' id='word_1_394' title='bbox 2736 3121 2798 3161; x_wconf 93' lang='lat' dir='ltr'>se</span> <span class='ocrx_word' id='word_1_395' title='bbox 2828 3104 3058 3161; x_wconf 82' lang='lat' dir='ltr'>fecisset</span> <span class='ocrx_word' id='word_1_396' title='bbox 3085 3105 3384 3161; x_wconf 78' lang='lat' dir='ltr'>difficilem</span> <span class='ocrx_word' id='word_1_397' title='bbox 3437 3105 3496 3160; x_wconf 92' lang='lat' dir='ltr'>in</span> <span class='ocrx_word' id='word_1_398' title='bbox 3543 3106 3760 3172; x_wconf 89' lang='lat' dir='ltr'>dando,</span> 
     </span>
    </p>
   </div>
   <div class='ocr_carea' id='block_1_65' title="bbox 2116 3193 3767 3268">
    <p class='ocr_par' dir='ltr' id='par_1_65' title="bbox 2116 3193 3767 3268">
     <span class='ocr_line' id='line_1_65' title="bbox 2116 3193 3767 3268; baseline 0.001 -20"><span class='ocrx_word' id='word_1_399' title='bbox 2116 3199 2323 3268; x_wconf 64' lang='lat' dir='ltr'>praeter</span> <span class='ocrx_word' id='word_1_400' title='bbox 2350 3194 2505 3265; x_wconf 91' lang='lat' dir='ltr'>quod</span> <span class='ocrx_word' id='word_1_401' title='bbox 2538 3194 2821 3249; x_wconf 82' lang='lat' dir='ltr'>duntaxat</span> <span class='ocrx_word' id='word_1_402' title='bbox 2840 3193 3453 3266; x_wconf 85' lang='lat' dir='ltr'>promiscrat,tandem</span> <span class='ocrx_word' id='word_1_403' title='bbox 3483 3195 3767 3250; x_wconf 89' lang='lat' dir='ltr'>continua</span> 
     </span>
    </p>
   </div>
   <div class='ocr_carea' id='block_1_66' title="bbox 357 3281 3767 3356">
    <p class='ocr_par' dir='ltr' id='par_1_66' title="bbox 357 3281 3767 3356">
     <span class='ocr_line' id='line_1_66' title="bbox 357 3281 3767 3356; baseline 0.001 -18"><span class='ocrx_word' id='word_1_404' title='bbox 357 3281 602 3338; x_wconf 88' lang='lat' dir='ltr'>crimine</span> <span class='ocrx_word' id='word_1_405' title='bbox 633 3283 787 3356; x_wconf 92' lang='lat' dir='ltr'>apud</span> <span class='ocrx_word' id='word_1_406' title='bbox 819 3283 1230 3356; x_wconf 90' lang='lat' dir='ltr'>imperatorem</span> <span class='ocrx_word' id='word_1_407' title='bbox 1263 3285 1354 3340; x_wconf 90' lang='lat' dir='ltr'>sui</span> <span class='ocrx_word' id='word_1_408' title='bbox 1407 3299 1718 3356; x_wconf 89' lang='lat' dir='ltr'>rerumque</span> <span class='ocrx_word' id='word_1_409' title='bbox 1763 3301 2003 3340; x_wconf 89' lang='lat' dir='ltr'>suarum</span> <span class='ocrx_word' id='word_1_410' title='bbox 2040 3288 2083 3355; x_wconf 85' lang='lat' dir='ltr'>C</span> <span class='ocrx_word' id='word_1_411' title='bbox 2111 3282 2393 3356; x_wconf 82' lang='lat' dir='ltr'>exigentis</span> <span class='ocrx_word' id='word_1_412' title='bbox 2423 3281 2611 3338; x_wconf 86' lang='lat' dir='ltr'>victus</span> <span class='ocrx_word' id='word_1_413' title='bbox 2632 3281 3158 3355; x_wconf 70' lang='lat' dir='ltr'>instantia,przeter</span> <span class='ocrx_word' id='word_1_414' title='bbox 3176 3299 3365 3355; x_wconf 90' lang='lat' dir='ltr'>pauca</span> <span class='ocrx_word' id='word_1_415' title='bbox 3383 3281 3497 3338; x_wconf 91' lang='lat' dir='ltr'>sibi</span> <span class='ocrx_word' id='word_1_416' title='bbox 3519 3283 3767 3356; x_wconf 86' lang='lat' dir='ltr'>pignora</span> 
     </span>
    </p>
   </div>
   <div class='ocr_carea' id='block_1_67' title="bbox 357 3370 2006 3446">
    <p class='ocr_par' dir='ltr' id='par_1_67' title="bbox 357 3370 2006 3446">
     <span class='ocr_line' id='line_1_67' title="bbox 357 3370 2006 3446; baseline 0.001 -18"><span class='ocrx_word' id='word_1_417' title='bbox 357 3370 585 3444; x_wconf 87' lang='lat' dir='ltr'>positus</span> <span class='ocrx_word' id='word_1_418' title='bbox 617 3371 795 3428; x_wconf 91' lang='lat' dir='ltr'>dedit.</span> <span class='ocrx_word' id='word_1_419' title='bbox 831 3372 900 3428; x_wconf 89' lang='lat' dir='ltr'>Et</span> <span class='ocrx_word' id='word_1_420' title='bbox 939 3373 1078 3446; x_wconf 91' lang='lat' dir='ltr'>quia</span> <span class='ocrx_word' id='word_1_421' title='bbox 1125 3373 1542 3446; x_wconf 87' lang='lat' dir='ltr'>redemptionis</span> <span class='ocrx_word' id='word_1_422' title='bbox 1592 3389 1710 3428; x_wconf 66' lang='lat' dir='ltr'>suas</span> <span class='ocrx_word' id='word_1_423' title='bbox 1758 3373 2006 3429; x_wconf 82' lang='lat' dir='ltr'>facultas</span> 
     </span>
    </p>
   </div>
   <div class='ocr_carea' id='block_1_68' title="bbox 254 3461 2004 3536">
    <p class='ocr_par' dir='ltr' id='par_1_68' title="bbox 254 3461 2004 3536">
     <span class='ocr_line' id='line_1_68' title="bbox 254 3461 2004 3536; baseline 0.001 -19"><span class='ocrx_word' id='word_1_424' title='bbox 254 3477 265 3482; x_wconf 92' lang='grc'>·</span> <span class='ocrx_word' id='word_1_425' title='bbox 355 3477 492 3519; x_wconf 91' lang='lat' dir='ltr'>cum</span> <span class='ocrx_word' id='word_1_426' title='bbox 522 3461 920 3536; x_wconf 85' lang='lat' dir='ltr'>angustiabat,</span> <span class='ocrx_word' id='word_1_427' title='bbox 955 3467 1319 3536; x_wconf 89' lang='lat' dir='ltr'>peccatorem</span> <span class='ocrx_word' id='word_1_428' title='bbox 1353 3463 1444 3518; x_wconf 90' lang='lat' dir='ltr'>sui</span> <span class='ocrx_word' id='word_1_429' title='bbox 1467 3467 1745 3536; x_wconf 84' lang='lat' dir='ltr'>_nostrum</span> <span class='ocrx_word' id='word_1_430' title='bbox 1767 3479 2004 3518; x_wconf 83' lang='lat' dir='ltr'>venera-</span> 
     </span>
    </p>
   </div>
   <div class='ocr_carea' id='block_1_69' title="bbox 357 3548 2002 3624">
    <p class='ocr_par' dir='ltr' id='par_1_69' title="bbox 357 3548 2002 3624">
     <span class='ocr_line' id='line_1_69' title="bbox 357 3548 2002 3624; baseline 0.001 -19"><span class='ocrx_word' id='word_1_431' title='bbox 357 3548 536 3606; x_wconf 90' lang='lat' dir='ltr'>bilem</span> <span class='ocrx_word' id='word_1_432' title='bbox 568 3548 878 3624; x_wconf 70' lang='lat' dir='ltr'>praasulem</span> <span class='ocrx_word' id='word_1_433' title='bbox 908 3566 1012 3623; x_wconf 88' lang='lat' dir='ltr'>per</span> <span class='ocrx_word' id='word_1_434' title='bbox 1037 3551 1146 3607; x_wconf 92' lang='lat' dir='ltr'>hoc</span> <span class='ocrx_word' id='word_1_435' title='bbox 1166 3556 1224 3608; x_wconf 92' lang='lat' dir='ltr'>et</span> <span class='ocrx_word' id='word_1_436' title='bbox 1254 3568 1356 3624; x_wconf 90' lang='lat' dir='ltr'>per</span> <span class='ocrx_word' id='word_1_437' title='bbox 1385 3568 1595 3624; x_wconf 91' lang='lat' dir='ltr'>corpus</span> <span class='ocrx_word' id='word_1_438' title='bbox 1626 3551 2002 3620; x_wconf 87' lang='lat' dir='ltr'>S.Vincentii,</span> 
     </span>
    </p>
   </div>
   <div class='ocr_carea' id='block_1_70' title="bbox 355 3637 2002 3715">
    <p class='ocr_par' dir='ltr' id='par_1_70' title="bbox 355 3637 2002 3715">
     <span class='ocr_line' id='line_1_70' title="bbox 355 3637 2002 3715; baseline 0.001 -20"><span class='ocrx_word' id='word_1_439' title='bbox 355 3637 618 3711; x_wconf 85' lang='lat' dir='ltr'>paravit;</span> <span class='ocrx_word' id='word_1_440' title='bbox 649 3642 823 3712; x_wconf 86' lang='lat' dir='ltr'>atque</span> <span class='ocrx_word' id='word_1_441' title='bbox 853 3639 937 3697; x_wconf 91' lang='lat' dir='ltr'>sic</span> <span class='ocrx_word' id='word_1_442' title='bbox 969 3640 1026 3696; x_wconf 90' lang='lat' dir='ltr'>in</span> <span class='ocrx_word' id='word_1_443' title='bbox 1057 3639 1307 3715; x_wconf 86' lang='lat' dir='ltr'>gratiam</span> <span class='ocrx_word' id='word_1_444' title='bbox 1339 3641 1803 3714; x_wconf 86' lang='lat' dir='ltr'>imperatoris,eo</span> <span class='ocrx_word' id='word_1_445' title='bbox 1826 3641 2002 3697; x_wconf 85' lang='lat' dir='ltr'>inter-</span> 
     </span>
    </p>
   </div>
   <div class='ocr_carea' id='block_1_71' title="bbox 353 3727 2001 3804">
    <p class='ocr_par' dir='ltr' id='par_1_71' title="bbox 353 3727 2001 3804">
     <span class='ocr_line' id='line_1_71' title="bbox 353 3727 2001 3804; baseline 0.002 -22"><span class='ocrx_word' id='word_1_446' title='bbox 353 3727 641 3797; x_wconf 88' lang='lat' dir='ltr'>veniente,</span> <span class='ocrx_word' id='word_1_447' title='bbox 672 3729 769 3785; x_wconf 84' lang='lat' dir='ltr'>vix</span> <span class='ocrx_word' id='word_1_448' title='bbox 799 3729 1088 3788; x_wconf 90' lang='lat' dir='ltr'>rediit.De</span> <span class='ocrx_word' id='word_1_449' title='bbox 1118 3729 1227 3787; x_wconf 89' lang='lat' dir='ltr'>hoc</span> <span class='ocrx_word' id='word_1_450' title='bbox 1258 3729 1382 3803; x_wconf 89' lang='lat' dir='ltr'>ipso</span> <span class='ocrx_word' id='word_1_451' title='bbox 1417 3731 1584 3786; x_wconf 89' lang='lat' dir='ltr'>beato</span> <span class='ocrx_word' id='word_1_452' title='bbox 1601 3735 1855 3804; x_wconf 85' lang='lat' dir='ltr'>martyre</span> <span class='ocrx_word' id='word_1_453' title='bbox 1871 3731 2001 3804; x_wconf 83' lang='lat' dir='ltr'>plu-</span> 
     </span>
    </p>
   </div>
   <div class='ocr_carea' id='block_1_72' title="bbox 353 3814 2004 3892">
    <p class='ocr_par' dir='ltr' id='par_1_72' title="bbox 353 3814 2004 3892">
     <span class='ocr_line' id='line_1_72' title="bbox 353 3814 2004 3892; baseline 0.001 -20"><span class='ocrx_word' id='word_1_454' title='bbox 353 3831 448 3873; x_wconf 89' lang='lat' dir='ltr'>res</span> <span class='ocrx_word' id='word_1_455' title='bbox 477 3814 756 3873; x_wconf 87' lang='lat' dir='ltr'>Italorum</span> <span class='ocrx_word' id='word_1_456' title='bbox 787 3817 1181 3892; x_wconf 87' lang='lat' dir='ltr'>episcopijam</span> <span class='ocrx_word' id='word_1_457' title='bbox 1213 3823 1350 3875; x_wconf 89' lang='lat' dir='ltr'>ante</span> <span class='ocrx_word' id='word_1_458' title='bbox 1382 3834 1532 3890; x_wconf 73' lang='lat' dir='ltr'>sepe</span> <span class='ocrx_word' id='word_1_459' title='bbox 1551 3823 1914 3876; x_wconf 85' lang='lat' dir='ltr'>tentavcrant</span> <span class='ocrx_word' id='word_1_460' title='bbox 1939 3823 2004 3874; x_wconf 89' lang='lat' dir='ltr'>ut</span> 
     </span>
    </p>
   </div>
   <div class='ocr_carea' id='block_1_73' title="bbox 351 3904 2004 3982">
    <p class='ocr_par' dir='ltr' id='par_1_73' title="bbox 351 3904 2004 3982">
     <span class='ocr_line' id='line_1_73' title="bbox 351 3904 2004 3982; baseline 0.002 -22"><span class='ocrx_word' id='word_1_461' title='bbox 351 3904 411 3962; x_wconf 89' lang='lat' dir='ltr'>id</span> <span class='ocrx_word' id='word_1_462' title='bbox 442 3905 744 3981; x_wconf 84' lang='lat' dir='ltr'>acquirere</span> <span class='ocrx_word' id='word_1_463' title='bbox 773 3912 1052 3980; x_wconf 89' lang='lat' dir='ltr'>possent;</span> <span class='ocrx_word' id='word_1_464' title='bbox 1087 3907 1147 3964; x_wconf 90' lang='lat' dir='ltr'>in</span> <span class='ocrx_word' id='word_1_465' title='bbox 1179 3909 1396 3982; x_wconf 87' lang='lat' dir='ltr'>quibus</span> <span class='ocrx_word' id='word_1_466' title='bbox 1421 3908 1765 3964; x_wconf 81' lang='lat' dir='ltr'>Ambrosius</span> <span class='ocrx_word' id='word_1_467' title='bbox 1799 3909 2004 3982; x_wconf 87' lang='lat' dir='ltr'>Berga-</span> 
     </span>
    </p>
   </div>
   <div class='ocr_carea' id='block_1_74' title="bbox 352 3994 2003 4071">
    <p class='ocr_par' dir='ltr' id='par_1_74' title="bbox 352 3994 2003 4071">
     <span class='ocr_line' id='line_1_74' title="bbox 352 3994 2003 4071; baseline 0.003 -21"><span class='ocrx_word' id='word_1_468' title='bbox 352 3994 597 4062; x_wconf 87' lang='lat' dir='ltr'>mensis,</span> <span class='ocrx_word' id='word_1_469' title='bbox 613 4011 718 4066; x_wconf 88' lang='lat' dir='ltr'>pro</span> <span class='ocrx_word' id='word_1_470' title='bbox 735 4012 802 4052; x_wconf 92' lang='lat' dir='ltr'>eo</span> <span class='ocrx_word' id='word_1_471' title='bbox 825 3997 979 4068; x_wconf 91' lang='lat' dir='ltr'>quod</span> <span class='ocrx_word' id='word_1_472' title='bbox 1001 3997 1172 4054; x_wconf 87' lang='lat' dir='ltr'>sedes</span> <span class='ocrx_word' id='word_1_473' title='bbox 1191 3997 1567 4071; x_wconf 88' lang='lat' dir='ltr'>episcopatus</span> <span class='ocrx_word' id='word_1_474' title='bbox 1590 3997 1682 4053; x_wconf 90' lang='lat' dir='ltr'>sui</span> <span class='ocrx_word' id='word_1_475' title='bbox 1701 3998 1760 4053; x_wconf 92' lang='lat' dir='ltr'>in</span> <span class='ocrx_word' id='word_1_476' title='bbox 1782 3997 2003 4056; x_wconf 90' lang='lat' dir='ltr'>honore</span> 
     </span>
    </p>
   </div>
   <div class='ocr_carea' id='block_1_75' title="bbox 350 4081 1998 4159">
    <p class='ocr_par' dir='ltr' id='par_1_75' title="bbox 350 4081 1998 4159">
     <span class='ocr_line' id='line_1_75' title="bbox 350 4081 1998 4159; baseline 0.005 -23"><span class='ocrx_word' id='word_1_477' title='bbox 350 4081 541 4137; x_wconf 89' lang='lat' dir='ltr'>sancti</span> <span class='ocrx_word' id='word_1_478' title='bbox 567 4081 860 4138; x_wconf 80' lang='lat' dir='ltr'>Vincentii</span> <span class='ocrx_word' id='word_1_479' title='bbox 890 4089 1067 4152; x_wconf 89' lang='lat' dir='ltr'>esset,</span> <span class='ocrx_word' id='word_1_480' title='bbox 1096 4089 1156 4141; x_wconf 90' lang='lat' dir='ltr'>et</span> <span class='ocrx_word' id='word_1_481' title='bbox 1186 4089 1322 4142; x_wconf 89' lang='lat' dir='ltr'>ante</span> <span class='ocrx_word' id='word_1_482' title='bbox 1369 4086 1538 4142; x_wconf 80' lang='lat' dir='ltr'>breve</span> <span class='ocrx_word' id='word_1_483' title='bbox 1579 4091 1813 4159; x_wconf 89' lang='lat' dir='ltr'>tempus</span> <span class='ocrx_word' id='word_1_484' title='bbox 1864 4105 1998 4144; x_wconf 88' lang='lat' dir='ltr'>cum</span> 
     </span>
    </p>
   </div>
   <div class='ocr_carea' id='block_1_76' title="bbox 352 4168 1995 4247">
    <p class='ocr_par' dir='ltr' id='par_1_76' title="bbox 352 4168 1995 4247">
     <span class='ocr_line' id='line_1_76' title="bbox 352 4168 1995 4247; baseline 0.005 -23"><span class='ocrx_word' id='word_1_485' title='bbox 352 4168 568 4240; x_wconf 89' lang='lat' dir='ltr'>quibus</span> <span class='ocrx_word' id='word_1_486' title='bbox 581 4172 1034 4242; x_wconf 90' lang='lat' dir='ltr'>potuerat,diem</span> <span class='ocrx_word' id='word_1_487' title='bbox 1047 4191 1160 4246; x_wconf 90' lang='lat' dir='ltr'>quo</span> <span class='ocrx_word' id='word_1_488' title='bbox 1174 4191 1308 4230; x_wconf 89' lang='lat' dir='ltr'>eum</span> <span class='ocrx_word' id='word_1_489' title='bbox 1331 4179 1677 4247; x_wconf 70' lang='lat' dir='ltr'>excepturus</span> <span class='ocrx_word' id='word_1_490' title='bbox 1692 4179 1995 4232; x_wconf 84' lang='lat' dir='ltr'>statuerat:</span> 
     </span>
    </p>
   </div>
   <div class='ocr_carea' id='block_1_77' title="bbox 348 4257 1998 4330">
    <p class='ocr_par' dir='ltr' id='par_1_77' title="bbox 348 4257 1998 4330">
     <span class='ocr_line' id='line_1_77' title="bbox 348 4257 1998 4330; baseline 0.004 -16"><span class='ocrx_word' id='word_1_491' title='bbox 348 4258 454 4314; x_wconf 88' lang='lat' dir='ltr'>sed</span> <span class='ocrx_word' id='word_1_492' title='bbox 483 4257 732 4314; x_wconf 91' lang='lat' dir='ltr'>Domino</span> <span class='ocrx_word' id='word_1_493' title='bbox 756 4259 1157 4330; x_wconf 90' lang='lat' dir='ltr'>ordinante,ut</span> <span class='ocrx_word' id='word_1_494' title='bbox 1183 4263 1240 4318; x_wconf 92' lang='lat' dir='ltr'>in</span> <span class='ocrx_word' id='word_1_495' title='bbox 1264 4263 1587 4319; x_wconf 89' lang='lat' dir='ltr'>crastinum</span> <span class='ocrx_word' id='word_1_496' title='bbox 1621 4264 1998 4320; x_wconf 86' lang='lat' dir='ltr'>illecondixe-</span> 
     </span>
    </p>
   </div>
   <div class='ocr_carea' id='block_1_78' title="bbox 350 4343 1994 4426">
    <p class='ocr_par' dir='ltr' id='par_1_78' title="bbox 350 4343 1994 4426">
     <span class='ocr_line' id='line_1_78' title="bbox 350 4343 1994 4426; baseline 0.004 -23"><span class='ocrx_word' id='word_1_497' title='bbox 350 4350 462 4418; x_wconf 82' lang='lat' dir='ltr'>rat,</span> <span class='ocrx_word' id='word_1_498' title='bbox 497 4343 665 4405; x_wconf 72' lang='lat' dir='ltr'>nocte</span> <span class='ocrx_word' id='word_1_499' title='bbox 691 4349 1040 4420; x_wconf 72' lang='lat' dir='ltr'>prmeedenti</span> <span class='ocrx_word' id='word_1_500' title='bbox 1071 4368 1105 4408; x_wconf 90' lang='lat' dir='ltr'>a</span> <span class='ocrx_word' id='word_1_501' title='bbox 1136 4351 1354 4407; x_wconf 86' lang='lat' dir='ltr'>nostris</span> <span class='ocrx_word' id='word_1_502' title='bbox 1393 4357 1852 4426; x_wconf 69' lang='lat' dir='ltr'>prmoccopatum</span> <span class='ocrx_word' id='word_1_503' title='bbox 1885 4359 1994 4411; x_wconf 89' lang='lat' dir='ltr'>est.</span> 
     </span>
    </p>
   </div>
   <div class='ocr_carea' id='block_1_79' title="bbox 351 4433 1993 4515">
    <p class='ocr_par' dir='ltr' id='par_1_79' title="bbox 351 4433 1993 4515">
     <span class='ocr_line' id='line_1_79' title="bbox 351 4433 1993 4515; baseline 0.004 -24"><span class='ocrx_word' id='word_1_504' title='bbox 351 4433 468 4493; x_wconf 84' lang='lat' dir='ltr'>Hoc</span> <span class='ocrx_word' id='word_1_505' title='bbox 491 4435 686 4494; x_wconf 88' lang='lat' dir='ltr'>clerici</span> <span class='ocrx_word' id='word_1_506' title='bbox 705 4436 776 4493; x_wconf 91' lang='lat' dir='ltr'>de</span> <span class='ocrx_word' id='word_1_507' title='bbox 797 4436 992 4494; x_wconf 90' lang='lat' dir='ltr'>Monte</span> <span class='ocrx_word' id='word_1_508' title='bbox 1007 4438 1277 4495; x_wconf 79' lang='lat' dir='ltr'>Roman&#39;c</span> <span class='ocrx_word' id='word_1_509' title='bbox 1291 4440 1693 4515; x_wconf 82' lang='lat' dir='ltr'>(Remiremont)</span> <span class='ocrx_word' id='word_1_510' title='bbox 1716 4441 1993 4500; x_wconf 88' lang='lat' dir='ltr'>tulerunt.</span> 
     </span>
    </p>
   </div>
   <div class='ocr_carea' id='block_1_80' title="bbox 703 4527 1639 4604">
    <p class='ocr_par' dir='ltr' id='par_1_80' title="bbox 703 4527 1639 4604">
     <span class='ocr_line' id='line_1_80' title="bbox 703 4527 1639 4604; baseline 0.006 -22"><span class='ocrx_word' id='word_1_511' title='bbox 703 4527 778 4584; x_wconf 88' lang='lat' dir='ltr'>De</span> <span class='ocrx_word' id='word_1_512' title='bbox 804 4531 1006 4585; x_wconf 68' lang='lat' dir='ltr'>sanctis</span> <span class='ocrx_word' id='word_1_513' title='bbox 1043 4530 1205 4586; x_wconf 85' lang='lat' dir='ltr'>Proto</span> <span class='ocrx_word' id='word_1_514' title='bbox 1242 4537 1294 4585; x_wconf 83' lang='lat' dir='ltr'>et</span> <span class='ocrx_word' id='word_1_515' title='bbox 1321 4531 1639 4604; x_wconf 81' lang='lat' dir='ltr'>Hyacinthe.</span> 
     </span>
    </p>
   </div>
   <div class='ocr_carea' id='block_1_81' title="bbox 421 4614 1992 4698">
    <p class='ocr_par' dir='ltr' id='par_1_81' title="bbox 421 4614 1992 4698">
     <span class='ocr_line' id='line_1_81' title="bbox 421 4614 1992 4698; baseline 0.006 -26"><span class='ocrx_word' id='word_1_516' title='bbox 421 4614 485 4672; x_wconf 87' lang='lat' dir='ltr'>In</span> <span class='ocrx_word' id='word_1_517' title='bbox 515 4615 752 4698; x_wconf 82' lang='lat' dir='ltr'>Sabinis</span> <span class='ocrx_word' id='word_1_518' title='bbox 784 4618 1038 4692; x_wconf 89' lang='lat' dir='ltr'>regione,</span> <span class='ocrx_word' id='word_1_519' title='bbox 1073 4636 1190 4676; x_wconf 92' lang='lat' dir='ltr'>non</span> <span class='ocrx_word' id='word_1_520' title='bbox 1221 4620 1420 4692; x_wconf 91' lang='lat' dir='ltr'>procul</span> <span class='ocrx_word' id='word_1_521' title='bbox 1471 4622 1542 4677; x_wconf 89' lang='lat' dir='ltr'>ab</span> <span class='ocrx_word' id='word_1_522' title='bbox 1593 4622 1736 4679; x_wconf 90' lang='lat' dir='ltr'>urbe</span> <span class='ocrx_word' id='word_1_523' title='bbox 1789 4623 1992 4694; x_wconf 83' lang='lat' dir='ltr'>Roma,</span> 
     </span>
    </p>
   </div>
   <div class='ocr_carea' id='block_1_82' title="bbox 346 4702 1996 4782">
    <p class='ocr_par' dir='ltr' id='par_1_82' title="bbox 346 4702 1996 4782">
     <span class='ocr_line' id='line_1_82' title="bbox 346 4702 1996 4782; baseline 0.005 -21"><span class='ocrx_word' id='word_1_524' title='bbox 346 4702 620 4762; x_wconf 88' lang='lat' dir='ltr'>milliario</span> <span class='ocrx_word' id='word_1_525' title='bbox 649 4705 770 4762; x_wconf 86' lang='lat' dir='ltr'>fere</span> <span class='ocrx_word' id='word_1_526' title='bbox 801 4708 1084 4776; x_wconf 67' lang='lat' dir='ltr'>xr,sancti</span> <span class='ocrx_word' id='word_1_527' title='bbox 1119 4712 1402 4782; x_wconf 77' lang='lat' dir='ltr'>martyres</span> <span class='ocrx_word' id='word_1_528' title='bbox 1425 4713 1651 4766; x_wconf 78' lang='lat' dir='ltr'>Pno&#39;rus</span> <span class='ocrx_word' id='word_1_529' title='bbox 1682 4715 1740 4766; x_wconf 91' lang='lat' dir='ltr'>et</span> <span class='ocrx_word' id='word_1_530' title='bbox 1755 4713 1996 4769; x_wconf 68' lang='lat' dir='ltr'>Bracm-</span> 
     </span>
    </p>
   </div>
   <div class='ocr_carea' id='block_1_83' title="bbox 342 4796 1997 4871">
    <p class='ocr_par' dir='ltr' id='par_1_83' title="bbox 342 4796 1997 4871">
     <span class='ocr_line' id='line_1_83' title="bbox 342 4796 1997 4871; baseline 0.005 -22"><span class='ocrx_word' id='word_1_531' title='bbox 342 4809 496 4851; x_wconf 74' lang='lat' dir='ltr'>rnus</span> <span class='ocrx_word' id='word_1_532' title='bbox 523 4798 688 4851; x_wconf 88' lang='lat' dir='ltr'>erant</span> <span class='ocrx_word' id='word_1_533' title='bbox 718 4797 1021 4866; x_wconf 84' lang='lat' dir='ltr'>reconditi,</span> <span class='ocrx_word' id='word_1_534' title='bbox 1039 4796 1341 4870; x_wconf 86' lang='lat' dir='ltr'>aliquanto</span> <span class='ocrx_word' id='word_1_535' title='bbox 1374 4797 1791 4871; x_wconf 81' lang='lat' dir='ltr'>negligentiore</span> <span class='ocrx_word' id='word_1_536' title='bbox 1809 4807 1997 4858; x_wconf 87' lang='lat' dir='ltr'>custo-</span> 
     </span>
    </p>
   </div>
   <div class='ocr_carea' id='block_1_84' title="bbox 342 4883 1992 4958">
    <p class='ocr_par' dir='ltr' id='par_1_84' title="bbox 342 4883 1992 4958">
     <span class='ocr_line' id='line_1_84' title="bbox 342 4883 1992 4958; baseline 0.004 -18"><span class='ocrx_word' id='word_1_537' title='bbox 342 4883 459 4941; x_wconf 89' lang='lat' dir='ltr'>dia.</span> <span class='ocrx_word' id='word_1_538' title='bbox 491 4883 608 4940; x_wconf 88' lang='lat' dir='ltr'>Hos</span> <span class='ocrx_word' id='word_1_539' title='bbox 638 4884 820 4941; x_wconf 90' lang='lat' dir='ltr'>abbas</span> <span class='ocrx_word' id='word_1_540' title='bbox 853 4886 1096 4958; x_wconf 89' lang='lat' dir='ltr'>quidam</span> <span class='ocrx_word' id='word_1_541' title='bbox 1127 4887 1199 4942; x_wconf 91' lang='lat' dir='ltr'>de</span> <span class='ocrx_word' id='word_1_542' title='bbox 1231 4888 1586 4943; x_wconf 89' lang='lat' dir='ltr'>monasterio</span> <span class='ocrx_word' id='word_1_543' title='bbox 1627 4893 1838 4944; x_wconf 70' lang='lat' dir='ltr'>sanctze</span> <span class='ocrx_word' id='word_1_544' title='bbox 1873 4890 1992 4946; x_wconf 88' lang='lat' dir='ltr'>Ma-</span> 
     </span>
    </p>
   </div>
   <div class='ocr_carea' id='block_1_85' title="bbox 343 4973 1990 5048">
    <p class='ocr_par' dir='ltr' id='par_1_85' title="bbox 343 4973 1990 5048">
     <span class='ocr_line' id='line_1_85' title="bbox 343 4973 1990 5048; baseline 0.004 -19"><span class='ocrx_word' id='word_1_545' title='bbox 343 4973 462 5044; x_wconf 65' lang='grc' dir='ltr'>τίω,</span> <span class='ocrx_word' id='word_1_546' title='bbox 495 4974 652 5046; x_wconf 90' lang='lat' dir='ltr'>quod</span> <span class='ocrx_word' id='word_1_547' title='bbox 685 4975 902 5030; x_wconf 87' lang='lat' dir='ltr'>dicitur</span> <span class='ocrx_word' id='word_1_548' title='bbox 933 4977 1190 5045; x_wconf 84' lang='lat' dir='ltr'>Farfara,</span> <span class='ocrx_word' id='word_1_549' title='bbox 1221 4976 1534 5034; x_wconf 84' lang='lat' dir='ltr'>venerabili</span> <span class='ocrx_word' id='word_1_550' title='bbox 1566 4978 1823 5048; x_wconf 77' lang='lat' dir='ltr'>pontifici</span> <span class='ocrx_word' id='word_1_551' title='bbox 1860 4997 1990 5035; x_wconf 90' lang='lat' dir='ltr'>uos-</span> 
     </span>
    </p>
   </div>
   <div class='ocr_carea' id='block_1_86' title="bbox 343 5059 1989 5136">
    <p class='ocr_par' dir='ltr' id='par_1_86' title="bbox 343 5059 1989 5136">
     <span class='ocr_line' id='line_1_86' title="bbox 343 5059 1989 5136; baseline 0.004 -21"><span class='ocrx_word' id='word_1_552' title='bbox 343 5062 454 5129; x_wconf 85' lang='lat' dir='ltr'>tro,</span> <span class='ocrx_word' id='word_1_553' title='bbox 474 5059 618 5118; x_wconf 90' lang='lat' dir='ltr'>dum</span> <span class='ocrx_word' id='word_1_554' title='bbox 649 5061 719 5118; x_wconf 91' lang='lat' dir='ltr'>de</span> <span class='ocrx_word' id='word_1_555' title='bbox 743 5080 921 5119; x_wconf 90' lang='lat' dir='ltr'>causa</span> <span class='ocrx_word' id='word_1_556' title='bbox 945 5081 1055 5122; x_wconf 88' lang='lat' dir='ltr'>sua</span> <span class='ocrx_word' id='word_1_557' title='bbox 1082 5081 1218 5120; x_wconf 90' lang='lat' dir='ltr'>eum</span> <span class='ocrx_word' id='word_1_558' title='bbox 1251 5066 1404 5136; x_wconf 89' lang='lat' dir='ltr'>apud</span> <span class='ocrx_word' id='word_1_559' title='bbox 1439 5065 1853 5136; x_wconf 84' lang='lat' dir='ltr'>imperatorem</span> <span class='ocrx_word' id='word_1_560' title='bbox 1879 5069 1989 5122; x_wconf 84' lang='lat' dir='ltr'>sibi</span> 
     </span>
    </p>
   </div>
   <div class='ocr_carea' id='block_1_87' title="bbox 343 5148 1992 5226">
    <p class='ocr_par' dir='ltr' id='par_1_87' title="bbox 343 5148 1992 5226">
     <span class='ocr_line' id='line_1_87' title="bbox 343 5148 1992 5226; baseline 0.005 -22"><span class='ocrx_word' id='word_1_561' title='bbox 343 5148 468 5206; x_wconf 83' lang='lat' dir='ltr'>ﬁeri</span> <span class='ocrx_word' id='word_1_562' title='bbox 498 5149 944 5210; x_wconf 86' lang='lat' dir='ltr'>intercessorem</span> <span class='ocrx_word' id='word_1_563' title='bbox 977 5153 1382 5226; x_wconf 88' lang='lat' dir='ltr'>rogaret,quia</span> <span class='ocrx_word' id='word_1_564' title='bbox 1414 5153 1574 5209; x_wconf 90' lang='lat' dir='ltr'>nullo</span> <span class='ocrx_word' id='word_1_565' title='bbox 1605 5159 1834 5210; x_wconf 88' lang='lat' dir='ltr'>tantum</span> <span class='ocrx_word' id='word_1_566' title='bbox 1869 5174 1992 5212; x_wconf 84' lang='lat' dir='ltr'>mu-</span> 
     </span>
    </p>
   </div>
   <div class='ocr_carea' id='block_1_88' title="bbox 341 5241 1990 5316">
    <p class='ocr_par' dir='ltr' id='par_1_88' title="bbox 341 5241 1990 5316">
     <span class='ocr_line' id='line_1_88' title="bbox 341 5241 1990 5316; baseline 0.004 -23"><span class='ocrx_word' id='word_1_567' title='bbox 341 5253 479 5294; x_wconf 87' lang='lat' dir='ltr'>nere</span> <span class='ocrx_word' id='word_1_568' title='bbox 507 5253 643 5297; x_wconf 87' lang='lat' dir='ltr'>eum</span> <span class='ocrx_word' id='word_1_569' title='bbox 675 5246 1022 5314; x_wconf 89' lang='lat' dir='ltr'>cognoverat</span> <span class='ocrx_word' id='word_1_570' title='bbox 1049 5241 1587 5315; x_wconf 86' lang='lat' dir='ltr'>delectari,partem</span> <span class='ocrx_word' id='word_1_571' title='bbox 1618 5244 1806 5316; x_wconf 90' lang='lat' dir='ltr'>primo</span> <span class='ocrx_word' id='word_1_572' title='bbox 1827 5246 1990 5300; x_wconf 88' lang='lat' dir='ltr'>obtu-</span> 
     </span>
    </p>
   </div>
   <div class='ocr_carea' id='block_1_89' title="bbox 339 5325 1984 5405">
    <p class='ocr_par' dir='ltr' id='par_1_89' title="bbox 339 5325 1984 5405">
     <span class='ocr_line' id='line_1_89' title="bbox 339 5325 1984 5405; baseline 0.005 -23"><span class='ocrx_word' id='word_1_573' title='bbox 339 5325 429 5397; x_wconf 91' lang='lat' dir='ltr'>lit,</span> <span class='ocrx_word' id='word_1_574' title='bbox 461 5328 562 5386; x_wconf 89' lang='lat' dir='ltr'>seb</span> <span class='ocrx_word' id='word_1_575' title='bbox 607 5333 811 5402; x_wconf 87' lang='lat' dir='ltr'>postea</span> <span class='ocrx_word' id='word_1_576' title='bbox 857 5331 1008 5386; x_wconf 88' lang='lat' dir='ltr'>mira</span> <span class='ocrx_word' id='word_1_577' title='bbox 1057 5332 1395 5403; x_wconf 64' lang='lat' dir='ltr'>praestantia</span> <span class='ocrx_word' id='word_1_578' title='bbox 1447 5333 1646 5388; x_wconf 90' lang='lat' dir='ltr'>domni</span> <span class='ocrx_word' id='word_1_579' title='bbox 1696 5333 1984 5405; x_wconf 64' lang='lat' dir='ltr'>praesulis,</span> 
     </span>
    </p>
   </div>
   <div class='ocr_carea' id='block_1_90' title="bbox 339 5415 1988 5494">
    <p class='ocr_par' dir='ltr' id='par_1_90' title="bbox 339 5415 1988 5494">
     <span class='ocr_line' id='line_1_90' title="bbox 339 5415 1988 5494; baseline 0.004 -23"><span class='ocrx_word' id='word_1_580' title='bbox 339 5415 628 5489; x_wconf 89' lang='lat' dir='ltr'>quidquid</span> <span class='ocrx_word' id='word_1_581' title='bbox 662 5417 796 5474; x_wconf 89' lang='lat' dir='ltr'>inde</span> <span class='ocrx_word' id='word_1_582' title='bbox 815 5419 1065 5492; x_wconf 89' lang='lat' dir='ltr'>reperire</span> <span class='ocrx_word' id='word_1_583' title='bbox 1081 5419 1292 5491; x_wconf 89' lang='lat' dir='ltr'>potuit,</span> <span class='ocrx_word' id='word_1_584' title='bbox 1309 5421 1541 5492; x_wconf 88' lang='lat' dir='ltr'>adjecit.</span> <span class='ocrx_word' id='word_1_585' title='bbox 1559 5421 1688 5494; x_wconf 90' lang='lat' dir='ltr'>Ipse</span> <span class='ocrx_word' id='word_1_586' title='bbox 1711 5439 1844 5478; x_wconf 90' lang='lat' dir='ltr'>cum</span> <span class='ocrx_word' id='word_1_587' title='bbox 1861 5424 1988 5480; x_wconf 87' lang='lat' dir='ltr'>suis</span> 
     </span>
    </p>
   </div>
   <div class='ocr_carea' id='block_1_91' title="bbox 339 5505 1985 5584">
    <p class='ocr_par' dir='ltr' id='par_1_91' title="bbox 339 5505 1985 5584">
     <span class='ocr_line' id='line_1_91' title="bbox 339 5505 1985 5584; baseline 0.005 -24"><span class='ocrx_word' id='word_1_588' title='bbox 339 5505 645 5562; x_wconf 84' lang='lat' dir='ltr'>monachis</span> <span class='ocrx_word' id='word_1_589' title='bbox 675 5507 823 5564; x_wconf 91' lang='lat' dir='ltr'>dans</span> <span class='ocrx_word' id='word_1_590' title='bbox 852 5525 1032 5582; x_wconf 91' lang='lat' dir='ltr'>super</span> <span class='ocrx_word' id='word_1_591' title='bbox 1061 5513 1267 5565; x_wconf 86' lang='lat' dir='ltr'>sancta</span> <span class='ocrx_word' id='word_1_592' title='bbox 1311 5509 1626 5584; x_wconf 85' lang='lat' dir='ltr'>Evangelia</span> <span class='ocrx_word' id='word_1_593' title='bbox 1654 5528 1985 5569; x_wconf 88' lang='lat' dir='ltr'>sacramen-</span> 
     </span>
    </p>
   </div>
   <div class='ocr_carea' id='block_1_92' title="bbox 340 5595 1982 5676">
    <p class='ocr_par' dir='ltr' id='par_1_92' title="bbox 340 5595 1982 5676">
     <span class='ocr_line' id='line_1_92' title="bbox 340 5595 1982 5676; baseline 0.005 -28"><span class='ocrx_word' id='word_1_594' title='bbox 340 5595 493 5665; x_wconf 85' lang='lat' dir='ltr'>tum,</span> <span class='ocrx_word' id='word_1_595' title='bbox 537 5608 670 5652; x_wconf 84' lang='lat' dir='ltr'>vere</span> <span class='ocrx_word' id='word_1_596' title='bbox 715 5611 784 5653; x_wconf 88' lang='lat' dir='ltr'>ea</span> <span class='ocrx_word' id='word_1_597' title='bbox 833 5613 967 5654; x_wconf 89' lang='lat' dir='ltr'>ossa</span> <span class='ocrx_word' id='word_1_598' title='bbox 1009 5599 1349 5654; x_wconf 90' lang='lat' dir='ltr'>sanctorum</span> <span class='ocrx_word' id='word_1_599' title='bbox 1400 5598 1556 5656; x_wconf 88' lang='lat' dir='ltr'>Preti</span> <span class='ocrx_word' id='word_1_600' title='bbox 1589 5604 1644 5656; x_wconf 91' lang='lat' dir='ltr'>et</span> <span class='ocrx_word' id='word_1_601' title='bbox 1674 5601 1982 5676; x_wconf 84' lang='lat' dir='ltr'>Hyacinthi</span> 
     </span>
    </p>
   </div>
   <div class='ocr_carea' id='block_1_93' title="bbox 339 5679 1981 5762">
    <p class='ocr_par' dir='ltr' id='par_1_93' title="bbox 339 5679 1981 5762">
     <span class='ocr_line' id='line_1_93' title="bbox 339 5679 1981 5762; baseline 0.005 -22"><span class='ocrx_word' id='word_1_602' title='bbox 339 5679 608 5762; x_wconf 64' lang='lat' dir='ltr'>existere.</span> <span class='ocrx_word' id='word_1_603' title='bbox 642 5682 760 5742; x_wconf 89' lang='lat' dir='ltr'>Hoc</span> <span class='ocrx_word' id='word_1_604' title='bbox 792 5690 923 5756; x_wconf 87' lang='lat' dir='ltr'>post</span> <span class='ocrx_word' id='word_1_605' title='bbox 951 5683 1155 5744; x_wconf 84' lang='lat' dir='ltr'>Natale</span> <span class='ocrx_word' id='word_1_606' title='bbox 1186 5685 1439 5757; x_wconf 87' lang='lat' dir='ltr'>Domini,</span> <span class='ocrx_word' id='word_1_607' title='bbox 1474 5689 1616 5746; x_wconf 90' lang='lat' dir='ltr'>dum</span> <span class='ocrx_word' id='word_1_608' title='bbox 1660 5690 1846 5748; x_wconf 83' lang='lat' dir='ltr'>Roma</span> <span class='ocrx_word' id='word_1_609' title='bbox 1893 5707 1981 5748; x_wconf 89' lang='lat' dir='ltr'>re-</span> 
     </span>
    </p>
   </div>
   <div class='ocr_carea' id='block_1_94' title="bbox 2117 3371 3766 3444">
    <p class='ocr_par' dir='ltr' id='par_1_94' title="bbox 2117 3371 3766 3444">
     <span class='ocr_line' id='line_1_94' title="bbox 2117 3371 3766 3444; baseline 0.001 -17"><span class='ocrx_word' id='word_1_610' title='bbox 2117 3371 2666 3443; x_wconf 89' lang='lat' dir='ltr'>retenta,reliquum</span> <span class='ocrx_word' id='word_1_611' title='bbox 2691 3371 2950 3444; x_wconf 87' lang='lat' dir='ltr'>corporis</span> <span class='ocrx_word' id='word_1_612' title='bbox 2977 3376 3164 3428; x_wconf 90' lang='lat' dir='ltr'>totum</span> <span class='ocrx_word' id='word_1_613' title='bbox 3186 3371 3435 3444; x_wconf 83' lang='lat' dir='ltr'>largitus</span> <span class='ocrx_word' id='word_1_614' title='bbox 3463 3377 3575 3428; x_wconf 90' lang='lat' dir='ltr'>est.</span> <span class='ocrx_word' id='word_1_615' title='bbox 3599 3372 3766 3429; x_wconf 88' lang='lat' dir='ltr'>Hunc</span> 
     </span>
    </p>
   </div>
   <div class='ocr_carea' id='block_1_95' title="bbox 2114 3459 3770 3534">
    <p class='ocr_par' dir='ltr' id='par_1_95' title="bbox 2114 3459 3770 3534">
     <span class='ocr_line' id='line_1_95' title="bbox 2114 3459 3770 3534; baseline 0.001 -17"><span class='ocrx_word' id='word_1_616' title='bbox 2114 3467 2174 3518; x_wconf 92' lang='lat' dir='ltr'>et</span> <span class='ocrx_word' id='word_1_617' title='bbox 2201 3461 2440 3517; x_wconf 88' lang='lat' dir='ltr'>beatum</span> <span class='ocrx_word' id='word_1_618' title='bbox 2463 3459 2859 3517; x_wconf 56' lang='lat' dir='ltr'>Csaroronum</span> <span class='ocrx_word' id='word_1_619' title='bbox 2893 3463 3086 3517; x_wconf 67' lang='lat' dir='ltr'>Romae</span> <span class='ocrx_word' id='word_1_620' title='bbox 3105 3479 3331 3534; x_wconf 87' lang='lat' dir='ltr'>passos,</span> <span class='ocrx_word' id='word_1_621' title='bbox 3364 3464 3436 3518; x_wconf 87' lang='lat' dir='ltr'>ab</span> <span class='ocrx_word' id='word_1_622' title='bbox 3469 3463 3674 3519; x_wconf 89' lang='lat' dir='ltr'>eadem</span> <span class='ocrx_word' id='word_1_623' title='bbox 3691 3463 3770 3520; x_wconf 88' lang='lat' dir='ltr'>ci-</span> 
     </span>
    </p>
   </div>
   <div class='ocr_carea' id='block_1_96' title="bbox 2112 3549 3766 3624">
    <p class='ocr_par' dir='ltr' id='par_1_96' title="bbox 2112 3549 3766 3624">
     <span class='ocr_line' id='line_1_96' title="bbox 2112 3549 3766 3624; baseline 0.002 -18"><span class='ocrx_word' id='word_1_624' title='bbox 2112 3551 2290 3608; x_wconf 89' lang='lat' dir='ltr'>vitate</span> <span class='ocrx_word' id='word_1_625' title='bbox 2317 3568 2430 3606; x_wconf 91' lang='lat' dir='ltr'>non</span> <span class='ocrx_word' id='word_1_626' title='bbox 2453 3549 2627 3624; x_wconf 88' lang='lat' dir='ltr'>longa</span> <span class='ocrx_word' id='word_1_627' title='bbox 2649 3554 2781 3606; x_wconf 91' lang='lat' dir='ltr'>ante</span> <span class='ocrx_word' id='word_1_628' title='bbox 2812 3556 3072 3624; x_wconf 89' lang='lat' dir='ltr'>tempore</span> <span class='ocrx_word' id='word_1_629' title='bbox 3096 3551 3644 3620; x_wconf 73' lang='lat' dir='ltr'>translatos,incola:</span> <span class='ocrx_word' id='word_1_630' title='bbox 3675 3571 3766 3610; x_wconf 84' lang='lat' dir='ltr'>as-</span> 
     </span>
    </p>
   </div>
   <div class='ocr_carea' id='block_1_97' title="bbox 2114 3639 3766 3713">
    <p class='ocr_par' dir='ltr' id='par_1_97' title="bbox 2114 3639 3766 3713">
     <span class='ocr_line' id='line_1_97' title="bbox 2114 3639 3766 3713; baseline 0.001 -16"><span class='ocrx_word' id='word_1_631' title='bbox 2114 3641 2496 3698; x_wconf 86' lang='lat' dir='ltr'>severabant:</span> <span class='ocrx_word' id='word_1_632' title='bbox 2527 3639 2627 3696; x_wconf 89' lang='lat' dir='ltr'>ubi</span> <span class='ocrx_word' id='word_1_633' title='bbox 2658 3644 2716 3696; x_wconf 89' lang='lat' dir='ltr'>et</span> <span class='ocrx_word' id='word_1_634' title='bbox 2765 3639 2960 3696; x_wconf 91' lang='lat' dir='ltr'>nobile</span> <span class='ocrx_word' id='word_1_635' title='bbox 3007 3641 3305 3713; x_wconf 91' lang='lat' dir='ltr'>quondam</span> <span class='ocrx_word' id='word_1_636' title='bbox 3339 3642 3766 3700; x_wconf 87' lang='lat' dir='ltr'>monasterium</span> 
     </span>
    </p>
   </div>
   <div class='ocr_carea' id='block_1_98' title="bbox 2113 3730 3769 3804">
    <p class='ocr_par' dir='ltr' id='par_1_98' title="bbox 2113 3730 3769 3804">
     <span class='ocr_line' id='line_1_98' title="bbox 2113 3730 3769 3804; baseline 0.002 -17"><span class='ocrx_word' id='word_1_637' title='bbox 2113 3731 2300 3788; x_wconf 88' lang='lat' dir='ltr'>sancti</span> <span class='ocrx_word' id='word_1_638' title='bbox 2334 3730 2539 3787; x_wconf 87' lang='lat' dir='ltr'>Felicis</span> <span class='ocrx_word' id='word_1_639' title='bbox 2557 3731 2992 3798; x_wconf 87' lang='lat' dir='ltr'>visebatur,ubi</span> <span class='ocrx_word' id='word_1_640' title='bbox 3015 3736 3070 3788; x_wconf 88' lang='lat' dir='ltr'>et</span> <span class='ocrx_word' id='word_1_641' title='bbox 3093 3731 3282 3804; x_wconf 87' lang='lat' dir='ltr'>primo</span> <span class='ocrx_word' id='word_1_642' title='bbox 3314 3733 3596 3789; x_wconf 90' lang='lat' dir='ltr'>reconditi</span> <span class='ocrx_word' id='word_1_643' title='bbox 3619 3733 3769 3790; x_wconf 85' lang='lat' dir='ltr'>fcre-</span> 
     </span>
    </p>
   </div>
   <div class='ocr_carea' id='block_1_99' title="bbox 2111 3819 3762 3896">
    <p class='ocr_par' dir='ltr' id='par_1_99' title="bbox 2111 3819 3762 3896">
     <span class='ocr_line' id='line_1_99' title="bbox 2111 3819 3762 3896; baseline 0.002 -19"><span class='ocrx_word' id='word_1_644' title='bbox 2111 3823 2347 3887; x_wconf 90' lang='lat' dir='ltr'>bantur,</span> <span class='ocrx_word' id='word_1_645' title='bbox 2381 3821 2484 3876; x_wconf 91' lang='lat' dir='ltr'>sed</span> <span class='ocrx_word' id='word_1_646' title='bbox 2515 3836 2580 3875; x_wconf 90' lang='lat' dir='ltr'>eo</span> <span class='ocrx_word' id='word_1_647' title='bbox 2614 3820 2686 3876; x_wconf 93' lang='lat' dir='ltr'>ab</span> <span class='ocrx_word' id='word_1_648' title='bbox 2721 3819 2954 3892; x_wconf 87' lang='lat' dir='ltr'>Ungris,</span> <span class='ocrx_word' id='word_1_649' title='bbox 2989 3820 3090 3892; x_wconf 90' lang='lat' dir='ltr'>qui</span> <span class='ocrx_word' id='word_1_650' title='bbox 3122 3837 3268 3892; x_wconf 87' lang='lat' dir='ltr'>pene</span> <span class='ocrx_word' id='word_1_651' title='bbox 3309 3821 3570 3878; x_wconf 89' lang='lat' dir='ltr'>locorum</span> <span class='ocrx_word' id='word_1_652' title='bbox 3603 3823 3762 3896; x_wconf 85' lang='lat' dir='ltr'>ipso-</span> 
     </span>
    </p>
   </div>
   <div class='ocr_carea' id='block_1_100' title="bbox 2112 3909 3761 3982">
    <p class='ocr_par' dir='ltr' id='par_1_100' title="bbox 2112 3909 3761 3982">
     <span class='ocr_line' id='line_1_100' title="bbox 2112 3909 3761 3982; baseline 0.001 -16"><span class='ocrx_word' id='word_1_653' title='bbox 2112 3927 2241 3966; x_wconf 90' lang='lat' dir='ltr'>rum</span> <span class='ocrx_word' id='word_1_654' title='bbox 2273 3910 2444 3966; x_wconf 89' lang='lat' dir='ltr'>vicini</span> <span class='ocrx_word' id='word_1_655' title='bbox 2477 3914 2637 3974; x_wconf 91' lang='lat' dir='ltr'>sunt,</span> <span class='ocrx_word' id='word_1_656' title='bbox 2669 3913 2891 3978; x_wconf 84' lang='lat' dir='ltr'>exusto,</span> <span class='ocrx_word' id='word_1_657' title='bbox 2931 3915 3106 3982; x_wconf 87' lang='lat' dir='ltr'>atque</span> <span class='ocrx_word' id='word_1_658' title='bbox 3138 3909 3378 3966; x_wconf 88' lang='lat' dir='ltr'>assidua</span> <span class='ocrx_word' id='word_1_659' title='bbox 3425 3910 3761 3968; x_wconf 88' lang='lat' dir='ltr'>incursione</span> 
     </span>
    </p>
   </div>
   <div class='ocr_carea' id='block_1_101' title="bbox 2109 3997 3760 4072">
    <p class='ocr_par' dir='ltr' id='par_1_101' title="bbox 2109 3997 3760 4072">
     <span class='ocr_line' id='line_1_101' title="bbox 2109 3997 3760 4072; baseline 0.001 -17"><span class='ocrx_word' id='word_1_660' title='bbox 2109 4015 2312 4056; x_wconf 90' lang='lat' dir='ltr'>eorum</span> <span class='ocrx_word' id='word_1_661' title='bbox 2345 3997 2773 4069; x_wconf 85' lang='lat' dir='ltr'>reparationem</span> <span class='ocrx_word' id='word_1_662' title='bbox 2805 3997 3172 4070; x_wconf 85' lang='lat' dir='ltr'>prohibente,</span> <span class='ocrx_word' id='word_1_663' title='bbox 3207 3999 3277 4054; x_wconf 93' lang='lat' dir='ltr'>ad</span> <span class='ocrx_word' id='word_1_664' title='bbox 3306 4000 3506 4056; x_wconf 88' lang='lat' dir='ltr'>sedem</span> <span class='ocrx_word' id='word_1_665' title='bbox 3536 3999 3760 4072; x_wconf 83' lang='lat' dir='ltr'>episco-</span> 
     </span>
    </p>
   </div>
   <div class='ocr_carea' id='block_1_102' title="bbox 2109 4087 3763 4162">
    <p class='ocr_par' dir='ltr' id='par_1_102' title="bbox 2109 4087 3763 4162">
     <span class='ocr_line' id='line_1_102' title="bbox 2109 4087 3763 4162; baseline 0.002 -19"><span class='ocrx_word' id='word_1_666' title='bbox 2109 4087 2299 4160; x_wconf 87' lang='lat' dir='ltr'>palem</span> <span class='ocrx_word' id='word_1_667' title='bbox 2332 4087 2484 4142; x_wconf 85' lang='lat' dir='ltr'>infra</span> <span class='ocrx_word' id='word_1_668' title='bbox 2511 4087 2716 4141; x_wconf 91' lang='lat' dir='ltr'>urbem</span> <span class='ocrx_word' id='word_1_669' title='bbox 2749 4087 2860 4142; x_wconf 89' lang='lat' dir='ltr'>sub</span> <span class='ocrx_word' id='word_1_670' title='bbox 2892 4087 3071 4144; x_wconf 89' lang='lat' dir='ltr'>altare</span> <span class='ocrx_word' id='word_1_671' title='bbox 3093 4088 3763 4162; x_wconf 77' lang='lat' dir='ltr'>depositi,undcetprte-</span> 
     </span>
    </p>
   </div>
   <div class='ocr_carea' id='block_1_103' title="bbox 2110 4175 3764 4249">
    <p class='ocr_par' dir='ltr' id='par_1_103' title="bbox 2110 4175 3764 4249">
     <span class='ocr_line' id='line_1_103' title="bbox 2110 4175 3764 4249; baseline 0.003 -20"><span class='ocrx_word' id='word_1_672' title='bbox 2110 4176 2266 4231; x_wconf 88' lang='lat' dir='ltr'>fatus</span> <span class='ocrx_word' id='word_1_673' title='bbox 2299 4175 2672 4230; x_wconf 82' lang='lat' dir='ltr'>Rhothardus</span> <span class='ocrx_word' id='word_1_674' title='bbox 2703 4175 3292 4240; x_wconf 85' lang='lat' dir='ltr'>diaconus,sanctum</span> <span class='ocrx_word' id='word_1_675' title='bbox 3328 4177 3564 4249; x_wconf 89' lang='lat' dir='ltr'>quidem</span> <span class='ocrx_word' id='word_1_676' title='bbox 3583 4179 3764 4234; x_wconf 87' lang='lat' dir='ltr'>Leon-</span> 
     </span>
    </p>
   </div>
   <div class='ocr_carea' id='block_1_104' title="bbox 2107 4265 3759 4338">
    <p class='ocr_par' dir='ltr' id='par_1_104' title="bbox 2107 4265 3759 4338">
     <span class='ocr_line' id='line_1_104' title="bbox 2107 4265 3759 4338; baseline 0.002 -19"><span class='ocrx_word' id='word_1_677' title='bbox 2107 4266 2257 4321; x_wconf 91' lang='lat' dir='ltr'>tium</span> <span class='ocrx_word' id='word_1_678' title='bbox 2306 4269 2514 4331; x_wconf 88' lang='lat' dir='ltr'>totum,</span> <span class='ocrx_word' id='word_1_679' title='bbox 2558 4265 2746 4319; x_wconf 88' lang='lat' dir='ltr'>sancti</span> <span class='ocrx_word' id='word_1_680' title='bbox 2796 4281 2928 4320; x_wconf 91' lang='lat' dir='ltr'>vero</span> <span class='ocrx_word' id='word_1_681' title='bbox 2975 4265 3272 4336; x_wconf 77' lang='lat' dir='ltr'>Carpofori</span> <span class='ocrx_word' id='word_1_682' title='bbox 3317 4265 3594 4338; x_wconf 85' lang='lat' dir='ltr'>reliquias</span> <span class='ocrx_word' id='word_1_683' title='bbox 3641 4284 3759 4323; x_wconf 88' lang='lat' dir='ltr'>non</span> 
     </span>
    </p>
   </div>
   <div class='ocr_carea' id='block_1_105' title="bbox 2107 4352 3754 4428">
    <p class='ocr_par' dir='ltr' id='par_1_105' title="bbox 2107 4352 3754 4428">
     <span class='ocr_line' id='line_1_105' title="bbox 2107 4352 3754 4428; baseline 0.001 -18"><span class='ocrx_word' id='word_1_684' title='bbox 2107 4355 2370 4411; x_wconf 89' lang='lat' dir='ltr'>modicas</span> <span class='ocrx_word' id='word_1_685' title='bbox 2397 4355 2468 4410; x_wconf 90' lang='lat' dir='ltr'>ab</span> <span class='ocrx_word' id='word_1_686' title='bbox 2505 4354 2628 4426; x_wconf 91' lang='lat' dir='ltr'>ipso</span> <span class='ocrx_word' id='word_1_687' title='bbox 2663 4369 2778 4425; x_wconf 90' lang='lat' dir='ltr'>quo</span> <span class='ocrx_word' id='word_1_688' title='bbox 2809 4352 3236 4410; x_wconf 89' lang='lat' dir='ltr'>claudebantur</span> <span class='ocrx_word' id='word_1_689' title='bbox 3277 4355 3533 4428; x_wconf 87' lang='lat' dir='ltr'>sumpsit</span> <span class='ocrx_word' id='word_1_690' title='bbox 3563 4355 3754 4425; x_wconf 89' lang='lat' dir='ltr'>altari,</span> 
     </span>
    </p>
   </div>
   <div class='ocr_carea' id='block_1_106' title="bbox 2107 4442 3760 4517">
    <p class='ocr_par' dir='ltr' id='par_1_106' title="bbox 2107 4442 3760 4517">
     <span class='ocr_line' id='line_1_106' title="bbox 2107 4442 3760 4517; baseline 0.001 -19"><span class='ocrx_word' id='word_1_691' title='bbox 2107 4444 2342 4500; x_wconf 70' lang='lat' dir='ltr'>effracto</span> <span class='ocrx_word' id='word_1_692' title='bbox 2375 4442 2661 4515; x_wconf 88' lang='lat' dir='ltr'>sepulcro.</span> <span class='ocrx_word' id='word_1_693' title='bbox 2685 4443 3022 4499; x_wconf 89' lang='lat' dir='ltr'>Passionem</span> <span class='ocrx_word' id='word_1_694' title='bbox 3052 4458 3256 4498; x_wconf 90' lang='lat' dir='ltr'>eorum</span> <span class='ocrx_word' id='word_1_695' title='bbox 3289 4444 3559 4501; x_wconf 90' lang='lat' dir='ltr'>incendio</span> <span class='ocrx_word' id='word_1_696' title='bbox 3591 4445 3760 4517; x_wconf 89' lang='lat' dir='ltr'>depe-</span> 
     </span>
    </p>
   </div>
   <div class='ocr_carea' id='block_1_107' title="bbox 2107 4531 3754 4608">
    <p class='ocr_par' dir='ltr' id='par_1_107' title="bbox 2107 4531 3754 4608">
     <span class='ocr_line' id='line_1_107' title="bbox 2107 4531 3754 4608; baseline 0.002 -20"><span class='ocrx_word' id='word_1_697' title='bbox 2107 4534 2251 4589; x_wconf 86' lang='lat' dir='ltr'>risse</span> <span class='ocrx_word' id='word_1_698' title='bbox 2278 4532 2568 4589; x_wconf 87' lang='lat' dir='ltr'>dixerunt.</span> <span class='ocrx_word' id='word_1_699' title='bbox 2603 4531 2825 4588; x_wconf 84' lang='lat' dir='ltr'>Natalis</span> <span class='ocrx_word' id='word_1_700' title='bbox 2855 4549 3057 4589; x_wconf 91' lang='lat' dir='ltr'>eorum</span> <span class='ocrx_word' id='word_1_701' title='bbox 3089 4550 3186 4589; x_wconf 85' lang='lat' dir='ltr'>xm</span> <span class='ocrx_word' id='word_1_702' title='bbox 3219 4533 3346 4591; x_wconf 85' lang='lat' dir='ltr'>Kal.</span> <span class='ocrx_word' id='word_1_703' title='bbox 3378 4535 3627 4608; x_wconf 81' lang='lat' dir='ltr'>Augusti</span> <span class='ocrx_word' id='word_1_704' title='bbox 3661 4551 3754 4592; x_wconf 91' lang='lat' dir='ltr'>ce-</span> 
     </span>
    </p>
   </div>
   <div class='ocr_carea' id='block_1_108' title="bbox 2107 4621 3004 4678">
    <p class='ocr_par' dir='ltr' id='par_1_108' title="bbox 2107 4621 3004 4678">
     <span class='ocr_line' id='line_1_108' title="bbox 2107 4621 3004 4678; baseline -0.001 -1"><span class='ocrx_word' id='word_1_705' title='bbox 2107 4621 2387 4678; x_wconf 89' lang='lat' dir='ltr'>lebratur.</span> <span class='ocrx_word' id='word_1_706' title='bbox 2411 4621 2611 4678; x_wconf 91' lang='lat' dir='ltr'>Teudo</span> <span class='ocrx_word' id='word_1_707' title='bbox 2643 4637 2743 4677; x_wconf 89' lang='lat' dir='ltr'>eos</span> <span class='ocrx_word' id='word_1_708' title='bbox 2775 4622 3004 4678; x_wconf 89' lang='lat' dir='ltr'>detulit.</span> 
     </span>
    </p>
   </div>
   <div class='ocr_carea' id='block_1_109' title="bbox 2383 4711 3467 4785">
    <p class='ocr_par' dir='ltr' id='par_1_109' title="bbox 2383 4711 3467 4785">
     <span class='ocr_line' id='line_1_109' title="bbox 2383 4711 3467 4785; baseline 0.002 -18"><span class='ocrx_word' id='word_1_709' title='bbox 2383 4712 2458 4767; x_wconf 86' lang='lat' dir='ltr'>De</span> <span class='ocrx_word' id='word_1_710' title='bbox 2482 4718 2670 4767; x_wconf 78' lang='lat' dir='ltr'>sancta</span> <span class='ocrx_word' id='word_1_711' title='bbox 2697 4711 2867 4766; x_wconf 85' lang='lat' dir='ltr'>Lucia</span> <span class='ocrx_word' id='word_1_712' title='bbox 2889 4713 3100 4782; x_wconf 85' lang='lat' dir='ltr'>virgine</span> <span class='ocrx_word' id='word_1_713' title='bbox 3127 4721 3178 4768; x_wconf 92' lang='lat' dir='ltr'>et</span> <span class='ocrx_word' id='word_1_714' title='bbox 3207 4723 3467 4785; x_wconf 77' lang='lat' dir='ltr'>martyre.</span> 
     </span>
    </p>
   </div>
   <div class='ocr_carea' id='block_1_110' title="bbox 2175 4799 3759 4874">
    <p class='ocr_par' dir='ltr' id='par_1_110' title="bbox 2175 4799 3759 4874">
     <span class='ocr_line' id='line_1_110' title="bbox 2175 4799 3759 4874; baseline -0.001 -16"><span class='ocrx_word' id='word_1_715' title='bbox 2175 4802 2387 4874; x_wconf 85' lang='lat' dir='ltr'>Magna</span> <span class='ocrx_word' id='word_1_716' title='bbox 2415 4805 2472 4856; x_wconf 92' lang='lat' dir='ltr'>et</span> <span class='ocrx_word' id='word_1_717' title='bbox 2503 4799 2850 4856; x_wconf 88' lang='lat' dir='ltr'>universalis</span> <span class='ocrx_word' id='word_1_718' title='bbox 2880 4799 3149 4856; x_wconf 64' lang='lat' dir='ltr'>Ecclesia:</span> <span class='ocrx_word' id='word_1_719' title='bbox 3181 4801 3517 4858; x_wconf 87' lang='lat' dir='ltr'>celebritate</span> <span class='ocrx_word' id='word_1_720' title='bbox 3539 4817 3759 4857; x_wconf 87' lang='lat' dir='ltr'>memo-</span> 
     </span>
    </p>
   </div>
   <div class='ocr_carea' id='block_1_111' title="bbox 2104 4889 3756 4961">
    <p class='ocr_par' dir='ltr' id='par_1_111' title="bbox 2104 4889 3756 4961">
     <span class='ocr_line' id='line_1_111' title="bbox 2104 4889 3756 4961; baseline 0.001 -16"><span class='ocrx_word' id='word_1_721' title='bbox 2104 4891 2305 4948; x_wconf 87' lang='lat' dir='ltr'>rabilis</span> <span class='ocrx_word' id='word_1_722' title='bbox 2335 4890 2384 4945; x_wconf 88' lang='lat' dir='ltr'>vi</span> <span class='ocrx_word' id='word_1_723' title='bbox 2395 4905 2495 4961; x_wconf 87' lang='lat' dir='ltr'>rgo</span> <span class='ocrx_word' id='word_1_724' title='bbox 2513 4894 2569 4943; x_wconf 91' lang='lat' dir='ltr'>et</span> <span class='ocrx_word' id='word_1_725' title='bbox 2587 4896 2806 4960; x_wconf 86' lang='lat' dir='ltr'>martyr</span> <span class='ocrx_word' id='word_1_726' title='bbox 2831 4889 3006 4945; x_wconf 68' lang='lat' dir='ltr'>Luem</span> <span class='ocrx_word' id='word_1_727' title='bbox 3023 4889 3533 4961; x_wconf 85' lang='lat' dir='ltr'>Syracusana,quo</span> <span class='ocrx_word' id='word_1_728' title='bbox 3551 4890 3756 4946; x_wconf 88' lang='lat' dir='ltr'>ordine</span> 
     </span>
    </p>
   </div>
   <div class='ocr_carea' id='block_1_112' title="bbox 2103 4977 3754 5050">
    <p class='ocr_par' dir='ltr' id='par_1_112' title="bbox 2103 4977 3754 5050">
     <span class='ocr_line' id='line_1_112' title="bbox 2103 4977 3754 5050; baseline 0 -16"><span class='ocrx_word' id='word_1_729' title='bbox 2103 4980 2173 5034; x_wconf 89' lang='lat' dir='ltr'>ad</span> <span class='ocrx_word' id='word_1_730' title='bbox 2209 4977 2631 5050; x_wconf 79' lang='lat' dir='ltr'>religiosissimi</span> <span class='ocrx_word' id='word_1_731' title='bbox 2664 4977 2931 5047; x_wconf 80' lang='lat' dir='ltr'>praesulis</span> <span class='ocrx_word' id='word_1_732' title='bbox 2961 4977 3142 5033; x_wconf 89' lang='lat' dir='ltr'>nostri</span> <span class='ocrx_word' id='word_1_733' title='bbox 3165 4977 3565 5034; x_wconf 88' lang='lat' dir='ltr'>avidissimam</span> <span class='ocrx_word' id='word_1_734' title='bbox 3585 4978 3754 5034; x_wconf 85' lang='lat' dir='ltr'>devo-</span> 
     </span>
    </p>
   </div>
   <div class='ocr_carea' id='block_1_113' title="bbox 2099 5065 3753 5140">
    <p class='ocr_par' dir='ltr' id='par_1_113' title="bbox 2099 5065 3753 5140">
     <span class='ocr_line' id='line_1_113' title="bbox 2099 5065 3753 5140; baseline 0.001 -18"><span class='ocrx_word' id='word_1_735' title='bbox 2099 5069 2318 5125; x_wconf 89' lang='lat' dir='ltr'>tionem</span> <span class='ocrx_word' id='word_1_736' title='bbox 2350 5065 2694 5140; x_wconf 88' lang='lat' dir='ltr'>pervenerit,</span> <span class='ocrx_word' id='word_1_737' title='bbox 2717 5067 3042 5139; x_wconf 73' lang='lat' dir='ltr'>Wigericus</span> <span class='ocrx_word' id='word_1_738' title='bbox 3073 5068 3373 5139; x_wconf 84' lang='lat' dir='ltr'>presbyter</span> <span class='ocrx_word' id='word_1_739' title='bbox 3395 5074 3594 5123; x_wconf 89' lang='lat' dir='ltr'>noster</span> <span class='ocrx_word' id='word_1_740' title='bbox 3611 5072 3753 5124; x_wconf 87' lang='lat' dir='ltr'>tunc</span> 
     </span>
    </p>
   </div>
   <div class='ocr_carea' id='block_1_114' title="bbox 2099 5155 3756 5228">
    <p class='ocr_par' dir='ltr' id='par_1_114' title="bbox 2099 5155 3756 5228">
     <span class='ocr_line' id='line_1_114' title="bbox 2099 5155 3756 5228; baseline -0.002 -14"><span class='ocrx_word' id='word_1_741' title='bbox 2099 5158 2372 5223; x_wconf 85' lang='lat' dir='ltr'>cantoris,</span> <span class='ocrx_word' id='word_1_742' title='bbox 2400 5172 2554 5211; x_wconf 91' lang='lat' dir='ltr'>nunc</span> <span class='ocrx_word' id='word_1_743' title='bbox 2585 5156 2847 5211; x_wconf 89' lang='lat' dir='ltr'>custodis</span> <span class='ocrx_word' id='word_1_744' title='bbox 2879 5157 3031 5212; x_wconf 89' lang='lat' dir='ltr'>beati</span> <span class='ocrx_word' id='word_1_745' title='bbox 3065 5155 3344 5228; x_wconf 82' lang='lat' dir='ltr'>Stephani</span> <span class='ocrx_word' id='word_1_746' title='bbox 3376 5155 3638 5212; x_wconf 79' lang='lat' dir='ltr'>officium</span> <span class='ocrx_word' id='word_1_747' title='bbox 3659 5172 3756 5228; x_wconf 88' lang='lat' dir='ltr'>ge-</span> 
     </span>
    </p>
   </div>
   <div class='ocr_carea' id='block_1_115' title="bbox 2101 5245 3752 5318">
    <p class='ocr_par' dir='ltr' id='par_1_115' title="bbox 2101 5245 3752 5318">
     <span class='ocr_line' id='line_1_115' title="bbox 2101 5245 3752 5318; baseline 0 -18"><span class='ocrx_word' id='word_1_748' title='bbox 2101 5263 2254 5316; x_wconf 85' lang='lat' dir='ltr'>rens,</span> <span class='ocrx_word' id='word_1_749' title='bbox 2289 5245 2390 5318; x_wconf 91' lang='lat' dir='ltr'>qui</span> <span class='ocrx_word' id='word_1_750' title='bbox 2421 5263 2488 5301; x_wconf 89' lang='lat' dir='ltr'>ea</span> <span class='ocrx_word' id='word_1_751' title='bbox 2518 5261 2684 5301; x_wconf 88' lang='lat' dir='ltr'>sacra</span> <span class='ocrx_word' id='word_1_752' title='bbox 2715 5262 2850 5301; x_wconf 89' lang='lat' dir='ltr'>ossa</span> <span class='ocrx_word' id='word_1_753' title='bbox 2881 5245 3179 5314; x_wconf 87' lang='lat' dir='ltr'>manibus,</span> <span class='ocrx_word' id='word_1_754' title='bbox 3210 5246 3283 5300; x_wconf 89' lang='lat' dir='ltr'>ab</span> <span class='ocrx_word' id='word_1_755' title='bbox 3315 5245 3446 5318; x_wconf 88' lang='lat' dir='ltr'>ipsa</span> <span class='ocrx_word' id='word_1_756' title='bbox 3479 5262 3597 5318; x_wconf 89' lang='lat' dir='ltr'>qua</span> <span class='ocrx_word' id='word_1_757' title='bbox 3634 5262 3752 5301; x_wconf 91' lang='lat' dir='ltr'>non</span> 
     </span>
    </p>
   </div>
   <div class='ocr_carea' id='block_1_116' title="bbox 2099 5332 3752 5406">
    <p class='ocr_par' dir='ltr' id='par_1_116' title="bbox 2099 5332 3752 5406">
     <span class='ocr_line' id='line_1_116' title="bbox 2099 5332 3752 5406; baseline -0.001 -17"><span class='ocrx_word' id='word_1_758' title='bbox 2099 5334 2206 5390; x_wconf 89' lang='lat' dir='ltr'>levi</span> <span class='ocrx_word' id='word_1_759' title='bbox 2240 5332 2564 5390; x_wconf 88' lang='lat' dir='ltr'>munimine</span> <span class='ocrx_word' id='word_1_760' title='bbox 2594 5334 2930 5390; x_wconf 87' lang='lat' dir='ltr'>arctabatur</span> <span class='ocrx_word' id='word_1_761' title='bbox 2959 5332 3163 5390; x_wconf 87' lang='lat' dir='ltr'>extulit</span> <span class='ocrx_word' id='word_1_762' title='bbox 3192 5350 3362 5400; x_wconf 89' lang='lat' dir='ltr'>urna,</span> <span class='ocrx_word' id='word_1_763' title='bbox 3397 5350 3572 5406; x_wconf 89' lang='lat' dir='ltr'>quem</span> <span class='ocrx_word' id='word_1_764' title='bbox 3605 5333 3752 5389; x_wconf 88' lang='lat' dir='ltr'>satis</span> 
     </span>
    </p>
   </div>
   <div class='ocr_carea' id='block_1_117' title="bbox 2095 5420 3746 5496">
    <p class='ocr_par' dir='ltr' id='par_1_117' title="bbox 2095 5420 3746 5496">
     <span class='ocr_line' id='line_1_117' title="bbox 2095 5420 3746 5496; baseline -0.002 -18"><span class='ocrx_word' id='word_1_765' title='bbox 2095 5428 2235 5480; x_wconf 84' lang='lat' dir='ltr'>tutae</span> <span class='ocrx_word' id='word_1_766' title='bbox 2265 5423 2397 5480; x_wconf 80' lang='lat' dir='ltr'>fidei</span> <span class='ocrx_word' id='word_1_767' title='bbox 2427 5426 2657 5479; x_wconf 87' lang='lat' dir='ltr'>constat</span> <span class='ocrx_word' id='word_1_768' title='bbox 2686 5422 2880 5493; x_wconf 91' lang='lat' dir='ltr'>quibit</span> <span class='ocrx_word' id='word_1_769' title='bbox 2921 5438 3226 5496; x_wconf 87' lang='lat' dir='ltr'>exponere.</span> <span class='ocrx_word' id='word_1_770' title='bbox 3260 5423 3342 5478; x_wconf 89' lang='lat' dir='ltr'>Ea</span> <span class='ocrx_word' id='word_1_771' title='bbox 3391 5423 3451 5478; x_wconf 92' lang='lat' dir='ltr'>in</span> <span class='ocrx_word' id='word_1_772' title='bbox 3491 5420 3746 5477; x_wconf 79' lang='lat' dir='ltr'>Corfinio</span> 
     </span>
    </p>
   </div>
   <div class='ocr_carea' id='block_1_118' title="bbox 2095 5508 3744 5585">
    <p class='ocr_par' dir='ltr' id='par_1_118' title="bbox 2095 5508 3744 5585">
     <span class='ocr_line' id='line_1_118' title="bbox 2095 5508 3744 5585; baseline -0.002 -17"><span class='ocrx_word' id='word_1_773' title='bbox 2095 5529 2222 5585; x_wconf 66' lang='lat' dir='ltr'>quae</span> <span class='ocrx_word' id='word_1_774' title='bbox 2268 5515 2436 5568; x_wconf 90' lang='lat' dir='ltr'>vetus</span> <span class='ocrx_word' id='word_1_775' title='bbox 2482 5509 2623 5566; x_wconf 89' lang='lat' dir='ltr'>olim</span> <span class='ocrx_word' id='word_1_776' title='bbox 2673 5509 2879 5566; x_wconf 89' lang='lat' dir='ltr'>civitas</span> <span class='ocrx_word' id='word_1_777' title='bbox 2927 5511 3134 5578; x_wconf 83' lang='lat' dir='ltr'>fuerat,</span> <span class='ocrx_word' id='word_1_778' title='bbox 3166 5526 3326 5565; x_wconf 89' lang='lat' dir='ltr'>nunc</span> <span class='ocrx_word' id='word_1_779' title='bbox 3365 5515 3492 5566; x_wconf 91' lang='lat' dir='ltr'>tota</span> <span class='ocrx_word' id='word_1_780' title='bbox 3523 5508 3744 5576; x_wconf 89' lang='lat' dir='ltr'>diruta,</span> 
     </span>
    </p>
   </div>
   <div class='ocr_carea' id='block_1_119' title="bbox 2095 5595 3750 5673">
    <p class='ocr_par' dir='ltr' id='par_1_119' title="bbox 2095 5595 3750 5673">
     <span class='ocr_line' id='line_1_119' title="bbox 2095 5595 3750 5673; baseline -0.003 -15"><span class='ocrx_word' id='word_1_781' title='bbox 2095 5599 2468 5673; x_wconf 84' lang='lat' dir='ltr'>quiescebat;</span> <span class='ocrx_word' id='word_1_782' title='bbox 2503 5598 2574 5653; x_wconf 88' lang='lat' dir='ltr'>ad</span> <span class='ocrx_word' id='word_1_783' title='bbox 2606 5613 2782 5669; x_wconf 89' lang='lat' dir='ltr'>quem</span> <span class='ocrx_word' id='word_1_784' title='bbox 2812 5595 3006 5654; x_wconf 88' lang='lat' dir='ltr'>locum</span> <span class='ocrx_word' id='word_1_785' title='bbox 3039 5598 3110 5654; x_wconf 91' lang='lat' dir='ltr'>de</span> <span class='ocrx_word' id='word_1_786' title='bbox 3141 5596 3340 5654; x_wconf 90' lang='lat' dir='ltr'>Sicilia</span> <span class='ocrx_word' id='word_1_787' title='bbox 3389 5613 3518 5654; x_wconf 90' lang='lat' dir='ltr'>eam</span> <span class='ocrx_word' id='word_1_788' title='bbox 3559 5595 3750 5653; x_wconf 82' lang='lat' dir='ltr'>fuisse</span> 
     </span>
    </p>
   </div>
   <div class='ocr_carea' id='block_1_120' title="bbox 2093 5685 3746 5762">
    <p class='ocr_par' dir='ltr' id='par_1_120' title="bbox 2093 5685 3746 5762">
     <span class='ocr_line' id='line_1_120' title="bbox 2093 5685 3746 5762; baseline -0.001 -16"><span class='ocrx_word' id='word_1_789' title='bbox 2093 5687 2438 5747; x_wconf 87' lang='lat' dir='ltr'>translatam</span> <span class='ocrx_word' id='word_1_790' title='bbox 2455 5703 2490 5744; x_wconf 87' lang='lat' dir='ltr'>a</span> <span class='ocrx_word' id='word_1_791' title='bbox 2517 5685 2798 5762; x_wconf 71' lang='lat' dir='ltr'>Faroaldo</span> <span class='ocrx_word' id='word_1_792' title='bbox 2819 5686 3074 5761; x_wconf 89' lang='lat' dir='ltr'>quodam</span> <span class='ocrx_word' id='word_1_793' title='bbox 3106 5685 3252 5743; x_wconf 90' lang='lat' dir='ltr'>duce</span> <span class='ocrx_word' id='word_1_794' title='bbox 3283 5685 3746 5759; x_wconf 81' lang='lat' dir='ltr'>Spoletino,vere</span> 
     </span>
    </p>
   </div>
  </div>
