4068 6172
238 394 357 457 373

1064 400 1298 464 LIBER
1339 403 1442 466 DE
1486 401 1847 466 CORPORE
1892 401 1995 464 ET
2041 403 2438 475 SANGUINE
2481 414 2814 482 CHRISTI.

3525 430 3644 491 374

237 530 458 595 ceat,et
474 543 542 585 ex
564 527 652 585 sui
676 530 958 604 parvitate
981 533 1358 607 complaceat.
1375 536 1649 595 Imitatus
1688 538 1746 593 in
1778 536 1887 593 hoc
1913 533 1971 604 Α
2002 554 2178 620 nunc,
2213 544 2270 600 et
2301 562 2547 620 semper,
2581 554 2637 607 et
2670 551 2729 608 in
2762 552 2963 611 omnia
3013 555 3224 614 saecula
3273 558 3645 617 saeculorum.

236 618 524 689 opusculo
546 620 925 676 Paschasium
949 622 1317 693 Ratbertum,
1335 626 1433 699 qui
1462 627 1533 682 de
1553 627 1663 683 hac
1684 628 1887 684 eadem
1996 610 2200 668 Αωθῐὶο

236 723 298 761 re
328 706 585 763 Placidio
607 709 839 764 cuidam
864 728 970 766 suo
992 712 1280 785 discipulo
1300 714 1565 771 libellum
1596 715 1887 772 loculento

232 812 505 851 sermone
524 799 875 870 composuit,
892 801 1125 862 eosdem
1145 802 1267 874 ipse
1285 820 1432 874 quos
1454 808 1509 859 et
1529 820 1634 877 ego
1647 808 1885 862 secutus
1998 824 2049 878 ί,
2092 828 2214 891 Quo

229 886 902 954 auctores,beatissimos
925 888 1150 945 scilicet
1169 891 1400 946 Domini
1419 895 1769 961 sacerdotes,
1785 894 1885 968 Cy-

227 973 531 1045 prianum,
554 973 860 1043 Hilarium,
878 977 1276 1049 Ambrosium,
1292 981 1710 1054 Augustinum,
1744 982 1879 1039 Gre-

223 1063 482 1136 gorium,
511 1064 817 1131 Joannem,
850 1065 1162 1135 Isidorum,
1182 1068 1434 1136 Isitium,
1460 1071 1878 1144 Hieronymum

222 1156 287 1206 et
298 1152 412 1206 Bed
419 1167 535 1207 am.
552 1152 631 1207 De
644 1169 893 1225 quorum
908 1154 1171 1211 omnium
1187 1157 1422 1229 scriptis
1435 1160 1720 1232 quosdam
1754 1177 1880 1217 sen-

219 1240 545 1295 tentiarum
588 1241 988 1314 decerpsimus
1032 1243 1426 1312 ﬂores,causae
1476 1247 1642 1305 valde
1686 1266 1879 1306 neces-

220 1328 435 1395 sarios,
454 1328 512 1383 id
542 1335 632 1385 est
652 1329 939 1386 Dominici
963 1333 1220 1405 corporis
1242 1339 1298 1390 et
1327 1337 1634 1410 sanguinis
1657 1339 1877 1396 suavis-

220 1417 447 1472 simum
493 1418 730 1474 odorem
781 1419 1136 1477 exhalantes.
1172 1422 1365 1495 Ipsius
1402 1442 1535 1481 vero
1578 1426 1871 1483 Paschasii

219 1504 490 1561 libellum
510 1511 697 1562 totum
710 1522 878 1580 pene,
894 1508 1408 1579 sicutinvenimus,
1427 1513 1507 1569 ita
1528 1513 1585 1569 in
1605 1519 1871 1571 nostrum

219 1594 661 1665 transtulimus,
685 1612 927 1652 sensum
956 1599 1084 1670 ejus
1105 1600 1300 1671 potius
1332 1600 1389 1656 in
1413 1601 1710 1675 aliquibus
1728 1603 1872 1661 locis

217 1701 401 1757 quam
417 1684 593 1740 verba
608 1690 1003 1757 sequentes,et
1023 1703 1091 1743 su
1100 1688 1319 1759 perﬂua
1339 1706 1580 1763 quaeque
1596 1692 1868 1749 vitantes.

217 1772 296 1829 Ut
324 1776 523 1828 autem
556 1772 702 1827 tanti
750 1773 1012 1846 mysterii
1043 1775 1236 1847 gratia
1264 1775 1550 1849 liquidius
1579 1784 1637 1835 et
1664 1780 1870 1851 purius

210 1860 429 1917 vestris
445 1859 744 1916 mentibus
775 1860 966 1916 favore
1001 1860 1259 1935 Spiritus
1289 1865 1475 1920 sancti
1499 1868 1867 1924 commende-
1899 1902 1949 1969 Β

212 1953 331 2017 tur,
347 1949 767 2006 miraculorum
799 1949 1026 2023 copiam
1056 1951 1346 2026 congessi,
1378 1971 1505 2027 quae
1538 1956 1757 2012 sanctis
1798 1974 1863 2014 ac

209 2038 596 2113 diligentibus
626 2055 689 2095 se
721 2038 862 2095 olim
888 2039 1175 2096 Dominus
1206 2041 1457 2099 revelare
1478 2044 1753 2118 dignatus
1775 2053 1865 2104 est

203 2127 284 2185 ad
313 2127 552 2184 laudem
581 2132 639 2184 et
667 2126 913 2201 gloriam
945 2133 1220 2196 suam,ut
1250 2132 1580 2189 ostenderet
1607 2135 1745 2207 quid
1779 2136 1863 2194 eis

204 2216 618 2289 praeparaverit
648 2216 705 2272 in
738 2216 920 2286 ccelis,
956 2219 1172 2290 quibus
1198 2224 1432 2276 tantum
1475 2238 1692 2280 munus
1722 2225 1863 2281 reli-

201 2306 337 2380 quit
369 2306 427 2360 in
460 2306 652 2361 terris.
687 2304 875 2362 Simul
924 2306 1101 2363 etiam
1153 2306 1296 2364 illud
1347 2311 1680 2379 attendens,
1714 2318 1779 2370 ut
1812 2317 1861 2372 si

203 2395 339 2468 quit
370 2395 431 2449 in
462 2394 654 2451 terris.
679 2394 867 2451 Simul
909 2395 1086 2451 etiam
1136 2396 1279 2453 illud
1331 2400 1661 2469 attendens,
1697 2408 1763 2458 ut
1810 2404 1858 2460 si

204 2483 426 2557 quibus
450 2483 596 2539 forte
620 2483 704 2538 vel
730 2486 967 2556 propter
986 2484 1323 2543 tarditatem
1350 2504 1580 2556 sensus,
1604 2490 1691 2545 vel
1722 2509 1860 2563 pro-

204 2578 340 2646 pter
366 2572 697 2628 litterarum
720 2573 1078 2645 imperitiam
1109 2575 1527 2649 redemptionis
1558 2577 1736 2651 hujus
1768 2598 1859 2638 sa-

203 2667 579 2718 cramentum
628 2678 696 2718 ex
744 2663 982 2719 Patrum
1033 2664 1269 2737 scriptis
1321 2684 1436 2722 non
1488 2669 1701 2740 poterit
1732 2686 1859 2727 esse

202 2751 612 2824 perspicuum,
628 2750 931 2823 signorum
964 2752 1067 2807 fiat
1087 2752 1435 2811 revelatione
1456 2757 1855 2814 manifestum.

202 2841 335 2907 Qua
363 2856 498 2895 vero
522 2841 843 2896 reverentia
864 2856 1048 2913 quove
1087 2841 1297 2898 timore
1347 2859 1511 2900 sacro
1555 2844 1723 2901 altari
1755 2848 1859 2903 de-

204 2929 399 2985 beatis
428 2927 1243 3002 assistere,participationem
1264 2934 1439 2988 tantae
1469 2933 1668 3007 gratiae
1690 2951 1861 3007 praes-

199 3018 482 3086 tolantes,
535 3033 608 3073 ne
642 3017 809 3084 forte,
842 3020 997 3093 quod
1057 3018 1231 3089 absit,
1282 3022 1858 3081 communicantibus

194 3112 466 3163 vertatur
487 3106 545 3162 in
573 3106 891 3179 perniciem
924 3109 1078 3181 quod
1101 3124 1332 3166 sumere
1362 3111 1575 3185 cupitis
1606 3113 1679 3169 ad
1702 3113 1856 3170 salu-

198 3202 357 3264 tem;
390 3194 587 3250 libello
611 3195 747 3251 huic
779 3200 1067 3267 quantum
1098 3198 1261 3271 potui
1293 3199 1554 3258 studiose
1585 3202 1853 3273 adnexui,

199 3288 265 3340 ut
292 3285 355 3339 in
388 3284 670 3339 omnibus
705 3284 822 3340 Deo
853 3270 1246 3358 placentes,et
1270 3304 1375 3362 ego
1406 3305 1475 3345 ex
1499 3294 1689 3347 vestro
1722 3270 1855 3365 pro;
1893 3270 1938 3337 (ἶ

196 3377 391 3439 vectu,
425 3376 486 3428 et
535 3387 605 3428 ex
651 3388 781 3429 meo
828 3389 932 3429 vos
982 3373 1179 3431 labore
1235 3380 1410 3450 atque
1458 3378 1857 3438 sollicitudine

200 3460 671 3519 misericordiam
703 3461 964 3518 invenire
1011 3462 1312 3521 valeamus
1358 3465 1417 3521 in
1469 3467 1561 3524 die
1600 3468 1853 3525 Domini.

198 3550 461 3622 Accipite
490 3548 691 3622 igitur,
726 3550 936 3608 fratres
962 3551 1315 3623 cbarissimi,
1351 3570 1417 3611 eo
1448 3572 1564 3629 quo
1600 3558 1858 3615 defertur

202 3639 414 3695 affectu
447 3636 852 3712 qualecunque
883 3640 1190 3711 parvitatis
1220 3659 1362 3699 mea:
1410 3646 1854 3715 munusculum,

204 3745 307 3784 nec
335 3744 407 3783 ex
438 3742 570 3782 mea
597 3727 764 3784 vobis
792 3728 1127 3786 humilitate
1156 3729 1416 3800 vilescat,
1449 3735 1604 3804 quod
1655 3751 1723 3790 ex
1762 3737 1853 3791 sui

201 3833 417 3873 sensus
449 3815 814 3872 continentia
832 3816 1154 3891 gloriosum
1175 3823 1264 3875 est
1283 3824 1459 3893 atque
1479 3821 1852 3894 praclarum;

204 3923 315 3961 non
340 3904 504 3960 enim
535 3903 662 3959 sine
693 3905 951 3977 periculo
983 3907 1197 3978 poterit
1228 3925 1264 3963 a
1288 3908 1515 3983 legente
1535 3900 1854 3982 contemni,

200 3994 343 4067 quia
360 3993 471 4049 etsi
495 3993 693 4048 minus
713 3994 889 4050 habet
909 3994 1132 4067 aliquid
1150 3997 1209 4051 in
1226 3996 1477 4071 eloquio,
1494 4000 1642 4056 nihil
1658 4004 1853 4058 tamen

200 4082 577 4154 praestantius
598 4098 729 4138 esse
758 4087 953 4155 potest
987 4083 1044 4137 in
1077 4086 1348 4154 materia,
1383 4104 1499 4160 qua
1528 4089 1709 4162 digne
1740 4108 1857 4148 cre-

201 4172 479 4227 dentibus
509 4171 631 4226 vita
660 4176 972 4243 praastatur
999 4172 1468 4249 incorruptibilis
1516 4183 1575 4235 et
1618 4185 1850 4238 aeterna.

202 4260 317 4315 Nec
359 4260 821 4332 parvipendatis,
853 4261 1115 4331 obsecro,
1159 4264 1410 4337 gratiam
1459 4267 1714 4340 Domini,
1751 4271 1853 4327 sed

203 4349 273 4404 de
303 4349 436 4419 ejus
463 4347 709 4406 lectione
741 4349 1051 4423 intelligite
1077 4356 1302 4423 quanta
1331 4354 1411 4410 sit
1439 4355 1625 4413 virtus
1671 4361 1852 4416 vitam

204 4441 482 4492 aeternam
532 4435 592 4491 in
640 4438 810 4493 terris
854 4438 1115 4511 accipere
1164 4441 1563 4516 angelicisque
1602 4447 1852 4520 dapibus

205 4524 468 4597 quotidie
516 4525 797 4598 saginari;
832 4527 1144 4596 Quoniam,
1175 4530 1286 4584 etsi
1336 4530 1452 4588 Deo
1499 4534 1672 4605 plena
1715 4544 1855 4594 sunt

2561 695 2795 767 Explicit
2818 698 3092 770 prologue.

2226 776 2520 832 mererum
2547 781 2822 825 camena
2854 786 3166 832 SEQUENTIS
3195 789 3417 829 OPERIS.

2218 830 2254 884 d
2279 831 2537 889 humana
2558 836 2870 895 infirmitas
2893 830 3006 895 non
3028 842 3196 898 facile
3216 844 3427 900 debeat
3445 846 3643 903 divina

2066 896 2376 987 (discutere,
2402 921 2479 987 ei
2497 904 2648 987 libro
2669 909 2829 987 beati
2865 896 3081 968 Hilarii
3100 896 3399 987 episcopiw
3415 920 3471 973 et
3502 934 3639 974 con-

2063 966 2299 1026 fessoris
2330 966 2401 1029 de
2434 977 2739 1035 Trinitate.

1992 1037 2071 1125 Il;
2106 1039 2186 1125 D'e
2217 1042 2503 1125 Dominici
2534 1051 3069 1125 corporisorigipe.

1990 1108 2091 1180 ru.
2134 1111 2214 1167 De
2242 1116 2544 1174 nativitate
2574 1108 2676 1175 Déi
2708 1122 2837 1178 Filii
2868 1108 2947 1178 ei”
2967 1123 3155 1180 Patre.

1989 1178 2082 1236 IV.
2112 1184 2523 1266 Quodnformis
2555 1208 2706 1266 saepe
2755 1178 3250 1266 comparabilibus
3297 1200 3638 1257 erudiamur

2057 1253 2127 1307 ad
2160 1253 2538 1319 intelligenda
2567 1253 2780 1319 divina.

1984 1321 2052 1376 V.
2094 1324 2175 1380 De
2204 1327 2305 1383 Dei
2340 1321 2527 1386 Patris
2557 1334 2911 1391 substantia.

1983 1392 2079 1464 VI.
2121 1396 2202 1451 De
2234 1400 2534 1459 nativitate
2567 1404 2693 1460 Filii
2725 1406 2824 1461 Dei
2858 1423 2927 1462 ex
2956 1408 3140 1464 Patre.

1982 1463 2111 1546 VII:
2153 1467 2232 1546 De
2264 1470 2391 1546 Filii
2422 1473 2523 1529 Dei
2555 1478 2927 1546 generatione
2955 1494 3024 1533 ex
3054 1463 3260 1536 matre.

1982 1535 2325 1631 VllluDoAmi‘
2330 1560 2471 1631 num
2487 1535 2752 1629 nostrum
2765 1548 2797 1604 J
2902 1565 3005 1631 per
3015 1558 3381 1631 assumptam
3394 1572 3629 1631 carnem

2055 1609 2399 1669 naturaliter
2426 1632 2662 1699 manere
2691 1619 2749 1674 in
2783 1609 3045 1699 nobis,et
3064 1639 3171 1678 nos
3193 1609 3295 1695 p‘er
3316 1609 3632 1699 perceptio:

2053 1696 2185 1736 nem
2219 1686 2496 1767 corporis,
2525 1692 2582 1743 et
2611 1690 2918 1762 sanguinis
2949 1686 3077 1764 ejus
3109 1686 3345 1751 manere
3378 1697 3435 1751 in
3467 1686 3553 1755 co.

1981 1749 2071 1806 IX.
2112 1752 2382 1811 Ecclesiae
2405 1758 2550 1814 fides
2582 1760 2890 1816 catholica.
3202 1808 3207 1813 .
3260 1810 3263 1816 .

2058 1792 2071 1805 .
2112 1772 2382 1811 mocresue
2405 1772 2550 1814 11088
2582 1772 2890 1818 catnOIica.

1976 1820 2048 1907 ἆ
2084 1821 2199 1907 lico
2223 1808 3025 1907 gaudendum-inhumana
3045 1808 3375 1907 prudéitia.

1976 1891 2069 1948 Xl.
2111 1893 2192 1950 De
2222 1896 2323 1953 Dei
2351 1899 2555 1957 Verbo.

1973 1962 2094 2039 XII:
2136 1966 2404 2039 Cypriani
2435 1973 2681 2028 assertio
2710 1990 2847 2030 vera
2874 1975 2947 2031 de
2976 1976 3114 2033 Deo.

2152 2033 2465 2112 ﬂugustini
2500 2043 2570 2098 de
2602 2043 2702 2099 Dei
2730 2045 2939 2102 Verbo.

1971 2105 2114 2162 XIV.
2155 2105 2367 2193 Christi
2398 2115 3113 2196 communionemgverum
3146 2136 3356 2193 corpus
3405 2126 3531 2196 ejus
3571 2131 3626 2182 et

2044 2180 2391 2251 sanguinem
2424 2201 2539 2241 non
2570 2202 2699 2243 esse
2732 2188 3147 2247 dubitandum.

1970 2248 2313 2380 Χξὲῃςξυὲῗϐ
2342 2254 2450 2312 hoc
2497 2258 2843 2331 mysterium
2893 2260 3107 2318 Christi
3159 2264 3357 2321 nullus
3420 2268 3626 2325 debeat

2020 2348 2027 2361 ι
2183 2341 2211 2377 r
2317 2367 2330 2380 .

2156 2395 2304 2477 Quid
2338 2396 2457 2452 sint
2480 2406 2853 2477 sacramenta
2881 2401 3179 2477 velquare
3211 2408 3502 2464 dicantur.

2172 2464 2381 2553 Dtrpm
2406 2469 2514 2525 sub
2546 2470 2755 2553 figura,
2774 2490 2847 2528 an
2869 2461 3133 2544 veritate,
3160 2477 3266 2533 hoc
3285 2461 3621 2553 mysticum

2041 2533 2241 2592 calicis
2273 2537 2376 2593 fiat
2405 2533 2861 2598 sacramentum.

1968 2602 2164 2662 XVIII.
2208 2607 2356 2673 Quid
2396 2610 2628 2668 intersit
2659 2614 3267 2674 interimmolationes
3311 2626 3535 2679 veteres
3554 2625 3621 2679 ﬁ-

2040 2679 2714 2767 gurasquelegalium,et
2753 2685 2904 2767 inter
2944 2694 3376 2747 sacramentum
3418 2693 3619 2749 Domi-

2042 2758 2157 2803 nici
2188 2765 2288 2804 cor
2330 2758 2447 2807 oris
2478 2758 2535 2808 et
2565 2770 2669 2809 san
2756 2758 2890 2811 inis.

1968 2816 2108 2875 XIX.
2150 2767 2326 2902 Quidp
2331 2822 2416 2878 sit
2424 2771 2914 2910 digpeaguvitam
2958 2828 3253 2910 percipere
3301 2848 3514 2905 corpus
3561 2841 3621 2892 et

2040 2893 2388 2963 sanguinem
2420 2893 2657 2951 Christi.

2119 2960 2349 3041 Quibus
2375 2965 2568 3041 modis
2588 2966 2805 3024 dicitur
2835 2984 3048 3041 corpus
3081 2970 3316 3030 Christi.

2136 3033 2303 3121 Quod
2334 3032 2398 3121 in
2425 3035 2533 3094 hac
2577 3031 2989 3121 communione
3020 3045 3123 3099 aut
3159 3043 3454 3117 judicium
3487 3063 3617 3120 per-

2039 3107 2279 3232 cipitur,
2305 3109 2407 3163 aut
2435 3108 2761 3180 praemium.
3159 3107 3182 3117 ⁷
3322 3165 3326 3168 .
3487 3107 3506 3120 ⁸

1965 3174 2085 3231 XXI
2157 3177 2589 3268 ‘qui‘d’riecesss
2618 3181 2814 3263 fuerit,
2839 3185 2995 3268 quod
3028 3185 3472 3268 semelgestum
3505 3195 3614 3268 est,

2038 3247 2298 3329 quotidie
2328 3249 2623 3329 Christum
2658 3247 2971 3329 immolari,
2996 3254 3092 3329 _ve_l
3141 3247 3282 3329 quid
3336 3259 3474 3316 boni
3512 3247 3617 3318 tri;

2039 3318 2237 3406 lauant.
2255 3319 2376 3402 haec
2408 3322 2859 3406 myteria‘digne
2890 3318 3330 3406 accipientibus.

1963 3388 2164 3515 XXIIIi
2199 3390 2313 3446 Cur
2341 3391 2399 3447 in
2430 3388 2579 3465 pane
2626 3398 2685 3450 et
2728 3388 2862 3452 vino
2911 3388 3034 3453 hoc‘
3068 3400 3412 3472 mysterium
3464 3402 3617 3460 cele-

2080 3476 2139 3515 re
2166 3477 2257 3515 ur.

2080 3476 2257 3516 retur.

1964 3530 2153 3608 XXIV.
2172 3534 2309 3608 _Cur
2338 3532 2398 3587 in
2422 3533 2786 3608 calicegaqua
2818 3538 3153 3595 misceatur.

1966 3601 2127 3657 XXV.
2161 3602 2380 3686 .Dtrum
2411 3604 2545 3676 plus
2575 3601 2796 3686 aliquid
2847 3608 3067 3686 habeat
3103 3611 3211 3667 hoc
3245 3615 3617 3686 mysterium,

2036 3673 2335 3763 quotiesa
2348 3673 2623 3763 _bono,an
2647 3673 2844 3763 minus
2866 3679 3170 3763 quidpiam
3191 3673 3370 3763 quain
3385 3673 3616 3743 Veritas

2036 3743 2408 3811 repromittit,
2443 3746 2491 3801 si
2524 3765 2557 3802 a
2589 3746 2743 3803 malo
2774 3743 3117 3806 conﬁciatur
3145 3743 3437 3809 ministro.

1963 3813 2152 3869 XXVI.
2182 3813 2268 3895 ‘Ut
2297 3816 2436 3895 q_ui_d
2468 3816 2589 3872 haec
2620 3819 2872 3895 colorem
2899 3824 3003 3876 aut
3032 3838 3298 3895 saporem
3332 3823 3391 3879 in
3425 3842 3619 3884 sacra-

2037 3888 2252 3961 mento;
2268 3885 2511 3961 minime
2543 3894 2900 3961 permutant.

2220 3957 2382 4042 Quod
2418 3954 2960 4042 haee'saepe‘visibili
2992 3962 3185 4042 specie
3215 3967 3612 4042 apparuerint.

1963 4025 2476 4105 XXVIII:_Quibus
2503 4025 2696 4089 verbis
2726 4031 2837 4088 hoc
2868 4025 3217 4105 mysterium
3247 4025 3612 4095 conﬁciatur.

1961 4096 2401 4181 XXIX..Utrum
2432 4100 2539 4186 hoc
2569 4118 2780 4186 corpus
2820 4096 2953 4177 post
2992 4106 3490 4165 consecrationem
3512 4127 3614 4182 pa-

2036 4175 2130 4224 nis
2152 4175 2287 4296 {pre
2316 4175 2495 4242 queat
2520 4175 2734 4230 vocari.
2821 4175 2839 4177 ἡ
3091 4246 3101 4257 _
3260 4250 3272 4260 .
3512 4175 3533 4182 ’
3601 4253 3613 4265 .

1961 4239 2123 4321 XXX,
2216 4245 2373 4297 trum
2404 4242 2542 4326 plus
2568 4260 2636 4301 ex
2666 4260 2733 4301 eo
2762 4245 2974 4302 habeat
3005 4261 3105 4318 qui
3155 4263 3350 4321 majus
3407 4267 3479 4307 an
3516 4270 3616 4325 qui

2036 4320 2235 4386 minus
2264 4320 2571 4386 acceperit.

2191 4381 2432 4510 hoc
2465 4385 2806 4457 mysterium
2830 4392 2965 4444 ante
2998 4389 3333 4461 passionem
3364 4391 3618 4465 discipu-

2059 4470 2109 4508 IS
2163 4470 2227 4510 ra
2270 4471 2405 4509 iur.

2059 4453 2109 4508 is
2135 4453 2405 4510 traditur.

1961 4522 2176 4579 XXXII.
2218 4524 2291 4604 [It
2333 4525 2477 4604 quid
2519 4527 2596 4604 in
2629 4529 2916 4601 sanguine
2965 4529 3178 4586 Christi
3210 4531 3614 4604 fragmentum

203 4615 423 4682 omnia,
443 4630 551 4670 nos
580 4596 813 4687 quoque
837 4632 1032 4720 coram
1066 4617 1252 4674 oculis
1284 4619 1488 4678 divina:
1522 4625 1848 4697 majestatis
1878 4636 1926 4702 1)
1963 4596 2700 4720 Χίἓξθῗηδυξξέωὲἓξᾚὲ

203 4718 439 4775 semper
464 4719 772 4759 versamur
802 4721 815 4758 :
850 4703 1171 4776 plurimum
1195 4711 1392 4764 tamen
1414 4726 1609 4768 coram
1633 4719 1854 4779 sanctis

202 4791 514 4859 altaribus,
547 4796 607 4848 et
636 4792 737 4850 Dei
768 4792 995 4849 vultum
1026 4799 1085 4850 et
1117 4796 1459 4869 angelorum
1490 4808 1861 4873 praesentiam

202 4878 514 4935 observare
541 4883 792 4951 oportet,
824 4884 1001 4952 atque
1030 4883 1233 4951 vereri,
1274 4885 1374 4940 ubi
1408 4891 1576 4944 tanta
1623 4894 1863 4968 tamque

197 4966 547 5024 excellentia
575 4968 747 5024 nobis
777 4969 936 5024 verbi
969 4969 1071 5025 Dei
1120 4971 1336 5029 virtute
1384 4978 1562 5048 atque
1612 4966 1861 5041 misera-

197 5055 355 5112 tione
388 5060 769 5127 praestantur,
805 5062 1028 5130 quanta
1058 5058 1260 5115 nullus
1307 5061 1616 5122 hominum
1666 5070 1859 5145 eloqui

195 5147 410 5214 potest.
426 5144 560 5215 Ipse
582 5148 778 5200 autem
801 5146 954 5201 Deus
977 5150 1036 5201 et
1057 5146 1343 5204 Dominus
1362 5155 1561 5207 noster
1579 5144 1856 5214 Verbum.

192 5230 396 5286 Virtus
426 5236 487 5286 et
518 5232 823 5303 Sapientia
852 5233 1042 5291 Patris
1073 5236 1224 5291 hanc
1265 5240 1534 5295 eamdem
1585 5245 1857 5318 gratiam,

198 5336 379 5391 quam
409 5320 707 5392 praestitit,
722 5328 1024 5380 conservet
1054 5324 1233 5380 simul
1256 5331 1312 5381 et
1328 5330 1564 5383 tueatur
1584 5332 1641 5386 in
1667 5335 1856 5403 nobis,

201 5414 260 5463 et
300 5407 533 5475 oculos,
564 5422 715 5480 quos
761 5410 925 5467 vobis
981 5412 1205 5485 aperire
1226 5415 1356 5485 jam
1402 5416 1598 5489 cmpit,
1628 5421 1859 5493 plenius

194 5496 540 5553 illuminare
571 5498 865 5572 dignetur.
898 5501 1005 5558 Per
1034 5520 1208 5576 quem
1241 5508 1299 5560 et
1332 5521 1466 5561 cum
1499 5524 1614 5580 quo
1645 5515 1858 5570 interno

196 5584 391 5645 Patris
412 5590 509 5643 est
532 5587 659 5644 laus
681 5589 873 5646 omnis
895 5596 953 5648 et
972 5592 1178 5665 gloria,
1192 5593 1379 5650 honor
1399 5600 1576 5670 atque
1597 5602 1862 5674 magnifi-

196 5675 395 5732 centia
426 5678 486 5732 et
513 5679 772 5749 potestas
793 5695 927 5737 cum
961 5685 1162 5738 sancto
1194 5682 1416 5756 Spiritu
1453 5702 1486 5742 a
1519 5688 1769 5759 saeculis,
1804 5697 1859 5748 et

2008 4665 2200 4747 XXIII.
2242 4668 2430 4733 Quare
2477 4669 2823 4747 generaliter
2864 4687 3025 4747 nunc
3063 4689 3098 4728 a
3135 4672 3361 4745 jejunis
3399 4678 3615 4747 myste-

2042 4736 2195 4793 rium
2218 4754 2394 4795 saerae
2424 4736 2857 4812 co'mmunionis
2889 4736 3385 4812 celebraturmum
3424 4736 3616 4801 D'omi-

2044 4824 2162 4884 gius
2170 4814 2316 4884 post
2343 4826 2570 4884 egenam
2604 4811 2882 4884 apostolis
2911 4812 3021 4884 hoc
3050 4811 3311 4870 tradidit.

1969 4876 2208 4954 XXXIV.
2248 4880 2397 4954 Quid
2442 4883 2540 4949 sit,
2593 4876 2750 4954 quod
2798 4882 3084 4954 Dominus
3131 4884 3214 4940 ait
3245 4885 3410 4954 :_Non
3436 4886 3617 4942 bibam

2039 4950 2232 5008 amodo
2259 4952 2325 5009 de
2353 4951 2453 5009 hoc
2478 4950 2755 5020 geniinine
2781 4954 2929 5020 vitis,
2959 4953 3125 5011 donec
3146 4952 3288 5011 illud
3317 4956 3499 5013 bibam
3523 4973 3618 5015 no-

2040 5037 2169 5077 vum
2200 5024 2260 5078 in
2286 5040 2451 5079 τεσηο
2479 5024 2662 5079 Patris
2688 5025 2816 5079 mei.

1968 5090 2178 5171 XXXV.
2222 5090 2441 5171 Siqulla
2464 5094 2801 5171 differentia
2821 5093 2899 5149 sit
2930 5092 2990 5148 in
3020 5094 3129 5151 hoc
3160 5098 3614 5171 mysteriojusto

2040 5168 2099 5218 et
2127 5164 2445 5221 ncenitendi
2476 5164 2867 5221 reconciliato.

2040 5182 2099 5218 et
2167 5182 2445 5220 manendi
2476 5182 2867 5221 reconcmato.

1968 5182 2205 5315 XXXVI.
2247 5234 2592 5322 Quid_digne
2620 5235 2707 5290 vel
2740 5235 2979 5318 indigne
3010 5238 3397 5322 sumentibus
3425 5240 3618 5322 Domi-

2041 5304 2537 5379 nicicorporisiét
2568 5304 3139 5379 sanguinis’prazstet
3166 5310 3538 5367 eucharistia.

1968 5375 2236 5430 XXXVII.
2274 5375 2424 5453 Quid
2456 5378 2661 5453 beatus
2682 5375 2921 5453 ξηαπ-ιγῐῖ
2939 5380 3259 5453 Cyprianus
3280 5383 3536 5439 affirmat
3555 5401 3618 5440 se

2082 5451 2321 5529 restante
2352 5448 2667 5532 contigisse
2695 5449 2788 5506 his
2819 5448 2917 5532 qui
2940 5448 3145 5532 polluti
3176 5453 3249 5507 de
3278 5452 3616 5532 idolothytis

2089 5516 2324 5573 ominici
2342 5516 2601 5595 corporis
2618 5526 2675 5577 et
2690 5516 2996 5595 sanguinis
3018 5530 3387 5581 sacramenta
3402 5516 3616 5583 tenierc

2040 5593 2443 5645 susceperunt.

1966 5658 2258 5715 XXXVIII.
2301 5663 2490 5733 Quare
2521 5663 2774 5733 peccatis
2804 5664 3209 5722 criminalibus
3232 5665 3436 5723 irretiti
3469 5686 3503 5725 a
3529 5686 3615 5726 sa-

2038 5733 2355 5789 cramentis
2385 5732 2704 5791 Dominicis
2736 5739 3058 5794 arceantur.

1964 5800 2198 5864 XXXIX.
2240 5803 2474 5865 Jadaeos
2507 5806 2578 5865 ab
2610 5807 2769 5865 omni
2801 5811 3087 5870 conventu
3115 5809 3381 5871 ﬁdelium
3411 5827 3611 5871 arcen-
