4068 6172
337 358 458 423 375

1395 358 1724 423 GEZONIS
1769 357 2100 418 ABBATIS
2147 357 2690 420 DERTONENSIS

3630 361 3753 428 376

411 489 842 567 dos,prazcipue
867 488 968 547 ubi
999 488 1459 548 Christianorum
1493 489 1992 546 eelebraturohla-
2020 490 2076 557 Α
2106 489 2247 553 Tam
2284 490 2580 546 modicum
2614 495 2876 564 sumptu,
2910 496 3026 550 tam
3058 491 3334 566 perfacile
3363 496 3538 566 atque
3581 511 3750 567 para-

412 563 518 621 tio.

341 635 456 690 XL.
499 633 757 701 Qualiter
785 634 1178 690 accedendum
1213 633 1289 687 sit
1319 634 1389 687 ad
1413 633 1701 688 Dominici
1731 631 1989 704 corporis

415 709 474 778 et
505 704 810 778 sanguinis
843 704 1109 778 mirabile
1140 708 1596 778 sacramentum.

343 776 482 832 XLI.
521 776 604 832 De
617 772 1080 832 'revelationibus
1113 776 1328 847 quibus
1360 774 1644 847 Dominus
1665 774 1734 828 de
1749 772 1991 847 veritate

411 847 670 920 corporis
697 850 754 903 et
782 847 1090 920 sanguinis
1119 845 1211 901 sui
1243 845 1641 900 btesitantium
1674 845 1850 899 corda
1893 847 1990 898 lir-

413 917 614 974 mavit.

340 989 508 1060 XLII.
549 987 898 1060 Miraculum
929 989 998 1044 de
1029 989 1284 1060 quodam
1315 988 1537 1060 Judzeo.

340 1059 537 1115 XLIII.
580 1059 727 1114 Item
757 1061 829 1112 de
857 1056 1114 1129 quodam
1149 1075 1284 1114 sene
1315 1059 1579 1123 cremita,
1612 1059 1791 1129 cujus
1833 1056 1995 1111 dubi-

411 1129 694 1185 tationem
745 1128 1027 1186 Dominus
1084 1131 1288 1185 eadem
1336 1129 1596 1184 veritatis
1648 1128 1994 1182 revelatione

418 1200 690 1256 ﬁrmavit.

343 1270 536 1343 XLIV.
579 1272 723 1326 Item
754 1271 1103 1343 miraculum
1137 1271 1289 1343 quod
1323 1271 1516 1326 Romae
1549 1275 1742 1326 actum
1777 1274 1884 1325 est.

347 1341 512 1397 XLV.
556 1343 700 1398 Item
733 1341 916 1396 aliud.

346 1411 540 1484 XLVI.
577 1412 681 1484 De‘
707 1417 1074 1468 sacramento
1123 1411 1323 1468 ealicis
1374 1412 1527 1484 quod
1570 1411 1886 1467 revelatum
1917 1411 1995 1466 sit

418 1481 822 1556 BLQYPPiaRO-
897 1553 908 1556 _
933 1548 935 1551 .

345 1552 578 1626 XLVIII
597 1552 865 1626 Qualiter
891 1553 952 1626 in
985 1553 1051 1608 D.
1083 1555 1152 1610 N.
1185 1553 1238 1626 J.
1271 1555 1330 1609 C.
1365 1553 1659 1626 passione
1681 1553 1994 1626 mysticum

418 1623 497 1681 sit
520 1624 750 1696 Pascha
778 1623 1082 1693 abolitum,
1106 1629 1164 1680 et
1195 1625 1253 1679 in
1285 1623 1413 1696 ejus
1461 1623 1862 1680 immolatione
1913 1623 1996 1680 rei

414 1693 632 1752 veritas
662 1695 740 1752 sit
769 1700 1023 1751 ostensa.

345 1766 590 1839 XLVIII.
630 1765 836 1839 Utrum
870 1767 1091 1839 Pascha
1117 1766 1283 1839 istud
1308 1765 1810 1839 legitimamqpost
1858 1765 1996 1820 anni

419 1837 700 1906 spatium,
731 1837 819 1894 vel
867 1842 1001 1906 post
1044 1838 1219 1906 longa
1269 1836 1573 1893 intervalla
1619 1836 1871 1906 dierum,
1922 1854 1995 1892 an

452 1854 700 1920 patrum,
731 1854 819 1894 V81
867 1854 1001 1920 poet
1044 1854 1219 1919 longa
1269 1854 1573 1893 intervalla
1619 1854 1871 1906 olerum,
1922 1854 1995 1892 an
2028 1858 2078 1923 B
2276 1854 2287 1868 ι
2690 1866 2695 1870 ι

452 1909 1808 2017 gomgfﬁ,fﬂ‘kﬂﬂﬂfﬁ‘ﬁfﬁﬁ?§gfﬁmmth
1852 1995 2000 2017 mn“
2071 1966 2076 1970 -
2176 1941 2345 1996 Vetat
2366 1941 2570 1995 beatus
2589 1939 2900 2012 Apostolus
2923 1939 3232 1996 Timotheo
3252 1940 3766 2017 discipulogenea-

421 1909 683 2035 ᾳᾶοῐὶάίθ
713 1925 747 1964 a
770 1909 1042 1964 ﬁdelibus
1073 1909 1497 1990 sit’edendum.’
1757 1978 1768 1989 ο

349 1979 444 2062 XL
525 2023 538 2035 .
579 1981 1083 2062 Quantumsacrze
1131 1979 1442 2062 oblatlonls
1483 1977 1808 2034 immolatlo
1851 1995 2000 2034 mor-

423 2054 660 2123 tuorum
691 2051 999 2122 spiritibus
1030 2051 1235 2123 prosit.

353 2122 418 2177 L.
461 2121 542 2176 De
570 2120 823 2204 quodam
853 2120 1139 2204 monacho
1162 2121 1261 2193 qui
1285 2137 1388 2194 per
1407 2120 1723 2176 salutarem
1745 2120 2000 2176 hostiam

425 2196 781 2319 squlicium
811 2196 1013 2276 evasit.
1120 2263 1132 2275 ι
1341 2263 1352 2274 _
1569 2263 1578 2274 .
1626 2263 1636 2273 .

354 2263 448 2320 LI.
537 2280 569 2318 e
599 2264 853 2345 quodam
883 2280 1052 2345 quus
1081 2262 1316 2345 vincula
1339 2281 1398 2318 1n
1430 2266 1782 2335 captmtate,
1808 2262 2000 2318 oblato

467 2351 529 2389 ro
561 2334 636 2390 eo
657 2335 942 2390 sacriﬁcio
957 2334 1360 2390 solvebantur.

355 2403 598 2478 LII._De
648 2406 902 2478 quodam
933 2405 1238 2478 nautarqui
1272 2408 1404 2478 post
1432 2403 1607 2476 longa
1654 2405 1832 2478 maris
1881 2404 1999 2459 dis-

423 2475 684 2559 crimina
730 2477 1019 2532 Dominici
1077 2475 1292 2533 virtute
1348 2475 1698 2532 sacramenti
1753 2480 2002 2531 mortem

358 2551 768 2700 LIIImetiiibus
796 2617 1121 2674 immolatio
1152 2617 1436 2675 Dominici
1467 2619 1726 2691 corporis
1757 2617 2005 2674 mortuis

357 2693 666 2826 LIB/togata
705 2759 1186 2832 disciplina,qua
1231 2759 1519 2816 modestia
1566 2761 1852 2832 orandum
1902 2759 2000 2826 sit,

427 2846 564 2914 cum
595 2831 873 2888 sacerdos
907 2831 1218 2898 sacriﬁcat,
1251 2836 1308 2887 et
1339 2831 1750 2914 unusquisque
1789 2831 1848 2914 in
1897 2847 2004 2886 suo

425 2903 630 2958 ordine
657 2918 820 2958 oram
855 2919 1030 2957 sacrae
1055 2903 1488 2958 communionis
1518 2903 1830 2975 exspectat.

357 2972 470 3030 LV.
513 2972 661 3039 Quid
691 2975 1013 3028 cavendum
1045 2973 1106 3027 in
1135 2974 1395 3028 oratione
1426 2973 1524 3029 sit.

541 3043 864 3125 Cyprianus
893 3045 964 3100 ad
987 3043 1214 3125 elerum
1236 3045 1608 3125 deprecando
1640 3045 1844 3100 Deum.

359 3061 500 3100 LVI.
541 3061 580 3100 υ
621 3061 864 3125 prlanus
893 3061 964 3100 au
993 3061 1214 3099 elerum
1236 3061 1608 3125 .aeprecanao
1641 3061 1844 3100 ueum.

358 3114 528 3170 LVII.
571 3061 732 3179 Quod
775 3119 950 3170 etiam
983 3115 1043 3168 in
1073 3119 1339 3170 exteriori
1371 3113 1533 3169 cultu
1565 3119 2002 3170 sacrosanctum

427 3184 661 3240 Domini
681 3183 862 3240 altare
889 3187 1218 3241 ornandum
1251 3185 1348 3240 sit.

358 3255 552 3312 LVIII.
594 3256 755 3321 Quod
784 3255 930 3312 nihil
963 3271 1140 3328 super
1167 3255 1350 3311 altare
1379 3256 1713 3328 ponendum
1744 3255 1837 3323 sit,
1863 3273 1998 3328 pree-

427 3330 518 3382 ter
537 3331 910 3383 sacrosancta
938 3325 1174 3382 oblatio.

357 3397 504 3470 LIX.
530 3398 697 3470 Quod
725 3415 829 3470 pro
857 3398 1171 3456 homicidis
1199 3401 1258 3454 et
1286 3396 1612 3454 latronibus
1644 3415 1758 3453 non
1792 3399 1870 3454 sit
1909 3415 2001 3454 sa-

427 3468 831 3524 criﬁcandum.

357 3539 469 3596 LX.
510 3538 1306 3622 Dehislqui‘eleemosynam
1347 3538 1618 3596 tribuunt
1662 3543 1720 3595 et
1767 3543 2005 3612 peccata

428 3627 544 3665 non
576 3611 901 3666 dimittunt.
1139 3611 1145 3612 ⁷

537 3682 910 3762 stupendum
937 3679 1116 3736 nimis
1147 3681 1219 3736 de
1251 3681 1504 3762 quodam
1535 3681 1896 3760 presbytero.

354 3750 520 3824 LXII.
561 3750 730 3824 Quod
755 3751 1180 3824 qualiscunque
1199 3750 1519 3808 sacerdotis
1535 3750 2004 3808 excommunica-

423 3822 507 3879 tio
525 3822 692 3896 valde
707 3822 1200 3896 formidanda‘sit,
1227 3838 1331 3896 nec
1371 3824 1792 3896 attendendum
1833 3825 2004 3896 cujus

426 3893 618 3976 meriti
641 3891 865 3976 sit_,_sed
889 3895 1060 3964 cujus
1078 3893 1424 3976 auctoritate
1441 3895 1548 3961 hoc
1587 3894 1743 3976 facit,
1767 3891 2001 3976 etiamsi

425 3965 648 4089 ingusta
673 3965 926 4046 videtur,
957 3965 1112 4046 quod
1133 3965 1307 4031 absit,
1340 3965 1884 4047 excommunicatio.

358 4034 550 4116 LXI}.
594 4035 911 4118 Laudabile
931 4052 1110 4090 nimis
1135 4035 1465 4107 exemplum
1485 4035 1721 4109 gloriosi
1746 4036 2005 4092 Theodo-

360 4110 927 4258 Ἐξ]εά
959 4176 1302 4258 exemplum.
1323 4177 1503 4258 nimis
1515 4163 1879 4258 pavendum.

361 4243 523 4320 LXV:
563 4245 793 4320 Quanta
843 4243 1192 4320 reverentia
1214 4243 1549 4320 episcopali
1589 4249 1898 4320 cathedrae,
1927 4249 2004 4304 sit

426 4313 718 4441 gggenda,
740 4321 798 4372 et
825 4317 898 4372 de
927 4317 1142 4374 domno
1166 4313 1330 4374 Petro
1350 4313 1738 4376 Alexandrino
1755 4319 2000 4392 patriar—

357 4401 563 4514 Llfllv’lf.
585 4457 774 4532 Quam
784 4473 972 4532 grave
1003 4464 1306 4532 peccatum
1339 4461 1435 4528 sit,
1469 4478 1635 4517 sacra
1673 4461 1800 4517 loca
1828 4467 2004 4518 teme-

426 4543 574 4603 rare,
605 4527 694 4603 vel
723 4527 920 4603 aliqua
947 4527 1118 4603 sorde
1143 4531 1422 4603 polluere.

3577 585 3752 656 [tum,

2099 668 2242 722 Tam
2278 667 2532 722 sublime
2558 671 2753 724 tamen
2785 671 2937 742 quod
2973 675 3156 726 totam
3189 670 3402 726 habeat
3424 671 3740 732 Deitatem.

2101 757 2331 812 Sufﬁcit
2361 757 2468 812 hoc
2500 757 2690 813 solum
2724 759 2926 814 mundi
2961 775 3210 831 purgare
3240 758 3516 831 piaclum.

2101 845 2246 900 Hinc
2275 845 2465 916 placet
2486 846 2594 901 hoc
2617 863 2835 902 munus
2868 848 3022 919 quod
3055 848 3120 902 ﬁt
3153 849 3223 904 de
3243 847 3516 920 pluribus
3545 868 3752 922 unum,

2101 935 2322 1005 Corpus
2354 933 2488 989 huic
2520 935 2719 1008 capiti,
2753 941 2929 1008 caput
2964 935 3097 992 inde
3119 937 3366 993 cohaeret
3394 944 3452 995 et
3479 937 3594 1008 illi;

2103 1023 2218 1078 Hoc
2243 1040 2449 1095 genus,
2480 1024 2586 1078 hoc
2601 1043 2785 1080 unum
2809 1025 3015 1096 placet,
3036 1025 3145 1081 hoc
3170 1027 3404 1083 durabit
3427 1028 3485 1082 in
3511 1047 3718 1084 aevum.

2103 1112 2219 1167 lIoe
2250 1112 2414 1167 facile
2436 1113 3468 1189 est,nitidum,simplex,Deitateque
3491 1117 3774 1189 plenum..

2103 1323 2398 1362 INCIPIUNT
2427 1325 2644 1363 VERSUS
2685 1323 2976 1364 PASCHASII
3015 1325 3298 1364 RADBRE’I‘I
3333 1325 3406 1364 AD
3447 1327 3758 1368 PLACIDIUM

2741 1412 3114 1453 DISCIPULUM.

2346 1539 2495 1608 (Vide
2529 1541 2671 1595 inter
2701 1539 2873 1611 Opera
2901 1538 3186 1596 Paschasii
3216 1539 3516 1610 Radberti.)

2105 1656 2240 1728 CAP.
2278 1655 2317 1710 Ι.
2348 1686 2426 1728 -ί
2447 1654 2606 1726 Quod
2631 1653 2876 1728 humano.
2903 1655 3204 1728 inﬁrmitas,
3219 1672 3335 1728 non
3363 1657 3527 1728 facile
3573 1657 3763 1716 debeat

2177 1727 2366 1804 divina
2393 1727 2679 1804 discutere,
2710 1741 2788 1804 es
2811 1726 2950 1783 libro
3002 1726 3142 1782 beati
3186 1726 3392 1784 Hilarii
3437 1731 3678 1804 episcopi
3711 1739 3766 1788 et

2176 1799 2498 1868 confessoris
2525 1798 2599 1854 De
2633 1799 2912 1870 Trinitate.

2108 2029 2272 2101 logia:
2299 2029 2531 2100 eloquia
2550 2027 2880 2096 traetari,et
2901 2027 3161 2084 fabulam
3188 2029 3580 2087 interminata;
3602 2049 3765 2104 qum-

2109 2117 2319 2173 stionis
2348 2117 2576 2190 attingi.
2600 2117 3064 2174 zEdiﬁcationem
3080 2135 3212 2174 vero
3233 2119 3337 2176 Dei
3377 2119 3438 2175 in
3468 2121 3582 2177 ﬁde
3611 2137 3764 2191 esse,

2111 2213 2176 2264 ut
2195 2209 2271 2264 hu
2283 2208 2845 2264 manaswerecundiaa
2868 2209 3111 2264 modum
3145 2208 3302 2266 ﬁdeli
3325 2211 3768 2283 omnipotentiae

2111 2297 2208 2354 Dei
2241 2297 2516 2370 religione
2537 2296 2864 2352 concludat.
2900 2297 3097 2369 Neque
3123 2313 3185 2354 se
3215 2298 3534 2356 inﬁrmitas
3565 2305 3771 2358 nostra

2111 2388 2183 2442 ad
2214 2385 2615 2459 perspicienda
2646 2401 2714 2441 ea
2743 2402 2869 2457 qua:
2899 2385 3288 2458 perspiciendi
3335 2390 3605 2444 naturam
3647 2405 3766 2446 non

2111 2475 2328 2530 habent
2349 2475 2640 2530 extendat.
2665 2475 2828 2540 Quod
2859 2473 2908 2528 si
2940 2473 3359 2530 contuentibus
3376 2475 3516 2532 solis
3536 2475 3772 2536 clarita-

2111 2567 2231 2618 tem
2249 2563 2436 2618 virtus
2461 2562 2670 2617 intenti
2697 2561 2941 2618 luminis
2963 2561 3432 2633 obstupescit,ut
3455 2564 3504 2621 si
3529 2567 3768 2638 quando

2111 2667 2350 2707 causam
2372 2649 2656 2706 radiantis
2687 2650 2836 2706 lucis
2867 2649 3144 2706 solertius
3176 2649 3331 2707 acies
3363 2653 3603 2709 curiosae
3633 2671 3772 2711 con-

2113 2738 2514 2812 templationis
2541 2738 2822 2811 inquirat,
2857 2755 3045 2812 usque
3075 2739 3146 2795 ad
3175 2743 3510 2797 emortuum
3530 2743 3771 2802 videndi

2113 2845 2352 2884 sensum
2383 2827 2686 2884 oculorum
2720 2831 2932 2883 natura
2961 2831 3284 2895 revocetur,
3303 2829 3648 2903 accidatque
3678 2832 3771 2888 ni-

2110 2918 2284 2973 tendo
2316 2917 2504 2989 magis
2535 2916 2750 2984 videre,
2784 2931 2857 2972 ne
2885 2914 3106 2972 videas.
3140 2915 3288 2984 Quid
3339 2917 3508 2975 nobis
3557 2919 3619 2976 in
3663 2919 3769 2977 Dei

2114 3007 2288 3061 rebus
2318 3009 2376 3060 et
2407 3003 2527 3060 sole
2549 3003 2794 3076 justitiaa
2816 3004 3274 3078 exspectandum
3296 3006 3425 3062 est?
3453 3007 3655 3065 Nonne
3677 3009 3767 3066 in-

2112 3095 2348 3152 cumbet
2373 3093 2704 3150 volentibus
2745 3109 3128 3166 supersapere
3177 3093 3533 3152 stultitiam?
3561 3097 3771 3155 Nonne

2039 3222 2082 3288 Ο
2109 3184 2305 3256 ipsum
2327 3183 2473 3288 illund
2495 3200 2638 3282 aerea
2663 3181 3061 3256 intelligentia
3081 3184 3432 3284 occupabit?
3460 3185 3585 3244 Non
3607 3187 3769 3256 enim

2112 3277 2324 3328 natura
2353 3271 2592 3326 inferior
2623 3288 2865 3328 causam
2896 3275 3115 3327 naturae
3165 3271 3408 3344 potioris
3457 3274 3770 3350 intelliget,

2111 3377 2215 3416 nec
2234 3359 2499 3432 subjacet
2510 3360 2780 3416 humanae
2793 3359 3156 3432 conceptioni
3171 3360 3318 3417 ratio
3335 3361 3768 3422 ccelestis.Nam

2111 3449 2266 3504 intra
2285 3449 2681 3504 conditionem
2702 3448 3068 3505 inﬁrmitatis
3092 3448 3222 3518 erit,
3237 3449 3524 3524 quidquid
3546 3451 3768 3510 inﬁrmi

2112 3537 2478 3594 conscientiae
2493 3539 2796 3594 subdetur.
2813 3537 3052 3594 Excedit
3063 3537 3260 3610 itaque
3272 3538 3597 3598 humanam
3609 3559 3771 3600 men-

2111 3631 2230 3683 tem
2263 3626 2361 3682 Dei
2395 3630 2672 3698 potestas,
2703 3627 2774 3681 ad
2807 3643 2984 3698 quam
3013 3625 3064 3681 si
3086 3625 3400 3685 inﬁrmitas
3430 3632 3764 3702 protendet,

2111 3714 2300 3789 magis
2329 3715 2564 3770 inﬁrma
2593 3715 2888 3784 reddetur,
2911 3715 3053 3770 dum
3085 3715 3194 3771 hoc
3214 3715 3412 3789 ipsum
3444 3719 3600 3790 quod
3619 3719 3772 3776 obti-

2111 3810 2229 3874 net,
2243 3803 2462 3860 amittit
2481 3803 2702 3876 potiore
2723 3804 2795 3858 ad
2817 3804 3263 3860 obtundendum
3285 3821 3413 3861 eam
3437 3823 3632 3862 rerum
3649 3825 3765 3864 ece-

2110 3892 2346 3948 lestium
2379 3897 2609 3960 natura,
2644 3909 2770 3964 quae
2810 3907 3046 3948 omnem
3087 3893 3216 3964 ejus
3261 3895 3652 3952 consectantis
3701 3915 3769 3954 se

2109 3981 2492 4053 pervicaciam
2525 3981 2654 4051 ipsa
2681 3979 2986 4052 complexu
3009 3981 3346 4054 ejus'major
3383 3983 3666 4040 inﬁrmat.
3690 3983 3768 4042 Ut

2110 4069 2291 4142 igitur
2309 4068 2394 4124 sol
2427 4068 2510 4124 ita
2539 4067 2823 4124 videndus
2841 4073 2930 4124 est
2947 4073 3012 4124 ut
3027 4073 3220 4142 potest
3235 4070 3412 4126 videri
3422 4077 3767 4146 ,tantusque

2110 4157 2485 4230 excipiendus
2515 4161 2604 4212 est
2632 4156 2878 4230 lumine,
2909 4162 3170 4230 quantus
3199 4159 3559 4228 admittitur,
3591 4179 3661 4220 ne
3711 4162 3765 4220 si

2110 4245 2243 4318 plus
2258 4245 2506 4302 velimus
2528 4245 2874 4318 inspectare,
2893 4247 3090 4302 minus
3111 4265 3346 4320 quoque
3362 4265 3538 4322 quam
3560 4267 3762 4324 possu-

2111 4348 2245 4387 mus
2274 4348 2726 4404 consequamur.
2745 4333 2829 4388 ita
2859 4337 2916 4388 et
2945 4333 3092 4390 ratio
3116 4334 3368 4392 cmlestis
3391 4337 3450 4392 in
3473 4341 3762 4410 quantum

2111 4437 2172 4476 se
2201 4420 2487 4492 permittit
2518 4419 2764 4494 intelligi
2799 4421 2859 4476 in
2891 4425 3123 4478 tantum
3155 4426 3541 4496 exspectanda
3569 4431 3680 4496 est,
3701 4428 3764 4484 in

2111 4514 2400 4582 quantum
2431 4509 2981 4582 apprehendendam
3013 4527 3078 4568 se
3111 4511 3290 4568 dedit.
3310 4513 3392 4581 Ne
3421 4513 3472 4570 si
3502 4518 3764 4576 contenti

356 4591 588 4672 LXVIIJ_
611 4598 693 4655 De
721 4591 979 4672 quodam
1011 4591 1235 4658 latrone
1255 4603 1314 4658 in
1337 4605 1664 4660 ccemeterio
1685 4603 2005 4660 B.Joannis
2035 4591 2082 4656 D
2111 4597 2488 4672 indulgentia:
2521 4597 2918 4655 moderatione
2948 4615 3064 4654 non
3084 4600 3650 4670 simus,amittamus
3673 4605 3764 4662 in-

357 4667 854 4822 LXVI’IIF‘Incipit
882 4741 1129 4826 epistola
1247 4744 1554 4828 Augustini
1590 4745 1662 4800 ad
1705 4745 2002 4828 Auailiu'm

424 4817 764 4938 eﬂscopum
785 4829 890 4884 pro
911 4829 1090 4870 causa
1107 4817 1341 4886 injustas
1362 4817 1999 4872 exeommunicationis.

356 4880 491 4955 LX__
527 4883 728 4955 ._Item
757 4883 1016 4955 capitula
1045 4885 1120 4940 ad
1152 4885 1416 4942 eamdem
1457 4903 1580 4940 rem
1627 4886 1998 4955 pertinentia.

356 4903 541 4938 unus.
585 4903 728 4940 item
757 4903 1016 4955 capltllla
1045 4903 1120 4940 an
1152 4903 1416 4942 eamaem
1457 4903 1580 4940 rem
1627 4903 1998 4958 pertinentia.

355 4952 516 5010 LXX.
553 4953 637 5010 De
665 4959 1034 5012 sacramento
1064 4956 1437 5028 baptismatis
1469 4957 1530 5012 B.
1562 4957 1928 5013 Ambrosius.

875 5043 1195 5116 Expliciunt
1221 5045 1480 5116 capitula.

441 5227 659 5269 VERSUS
691 5229 874 5268 DOMNI
905 5230 1112 5272 ODONIS
1142 5233 1210 5272 DE
1239 5232 1610 5272 SACRAMENTO
1639 5233 1916 5272 CORPORIS

840 5301 909 5340 ΕΠ*
945 5303 1250 5344 SANOUINIS
1290 5305 1515 5344 DOMINI.

352 5389 630 5446 Convivas
654 5388 812 5461 epuli
847 5393 1100 5448 mundos
1129 5393 1281 5448 Deus
1312 5411 1439 5449 esse
1469 5393 1705 5465 superni

351 5476 425 5533 Ut
445 5477 667 5544 doceat,
701 5479 882 5534 servis
913 5479 1196 5536 Dominus
1225 5483 1470 5555 vesxigia
1500 5482 1657 5546 lavit,

352 5564 698 5622 Muneribus
726 5568 922 5636 variis,
957 5573 1014 5624 et
1042 5568 1310 5642 pluribus
1341 5571 1475 5626 inde
1507 5571 1756 5640 rejectis,

351 5652 735 5709 Frumentum
770 5659 828 5709 et
853 5657 1056 5712 vinum
1089 5657 1316 5712 cunctis
1347 5658 1455 5713 hoc
1485 5658 1741 5728 prmtulit
1789 5676 1993 5714 unum.

349 5739 469 5798 Hoe
499 5739 832 5806 sacrat,l10c
864 5743 1137 5814 nimium,
1156 5746 1310 5816 quod
1342 5746 1408 5800 ﬁt
1436 5746 1604 5800 breve
1635 5748 1786 5817 quod
1821 5749 1998 5804 nimis

1763 5834 1992 5902 [altum,

109 6067 382 6140 Δ

2112 4685 2296 4742 dulta.
2315 4687 2418 4742 Est
2439 4703 2575 4759 ergo
2593 4686 2651 4740 in
2675 4687 2790 4744 Deo
2813 4687 2967 4760 quod
2984 4687 3202 4761 percipi
3223 4693 3539 4761 potest,est
3565 4691 3762 4765 plane,

2111 4776 2162 4831 si
2194 4775 2367 4830 modo
2397 4775 2551 4846 quod
2583 4779 2776 4846 potest
2804 4775 2964 4832 velis.
3001 4775 3166 4832 Sicut
3213 4777 3369 4834 enim
3419 4783 3510 4835 est
3539 4780 3607 4851 ,in
3638 4780 3765 4848 sole

2112 4864 2266 4936 quod
2283 4862 2504 4930 videas,
2518 4862 2567 4919 si
2597 4858 2706 4920 hoc
2720 4863 2863 4920 velis
2883 4862 3078 4922 videre
3099 4865 3254 4938 quod
3291 4866 3505 4938 possis,
3521 4867 3766 4926 amittas

2111 4956 2308 5008 autem
2340 4953 2493 5024 quod
2525 4957 2718 5024 potest
2745 4952 3104 5022 videri,dum
3127 4954 3282 5027 quod
3303 4971 3421 5011 non
3451 4959 3644 5028 potest
3672 4957 3764 5014 ni-

2110 5039 2278 5108 teris;
2311 5039 2394 5096 ita
2423 5045 2480 5096 et
2509 5041 2570 5096 in
2591 5042 2769 5098 rebus
2799 5042 2900 5098 Dei
2932 5041 3116 5102 habes
3164 5044 3318 5116 quod
3366 5043 3685 5118 intelliges,
3708 5047 3764 5104 si

2109 5129 2431 5203 intelligere
2457 5129 2612 5202 quod
2644 5134 2806 5202 potes
2825 5129 3286 5188 velis.Ca:terum
3317 5133 3367 5188 si
3397 5133 3552 5190 ultra
3580 5152 3765 5208 quam

2110 5222 2276 5290 potes
2305 5235 2522 5290 speres,
2555 5219 2612 5273 id
2660 5235 2891 5292 quoque
2943 5221 3098 5292 quod
3151 5222 3414 5292 potuisti,
3437 5240 3612 5296 posse
3642 5243 3764 5284 non

2111 5307 2346 5378 poteris.
2371 5307 2504 5362 Illos
2539 5324 2695 5362 nunc
2728 5325 3075 5364 arcanorum
3107 5308 3430 5366 cmlestium
3465 5317 3764 5372 scrutares

2109 5395 2450 5461 consulo,ut
2467 5396 2788 5450 secundum
2812 5401 3082 5452 naturam
3107 5415 3276 5453 suam
3301 5399 3420 5454 nati
3444 5417 3514 5456 ex
3525 5400 3765 5475 Virgine

2107 5483 2318 5537 Christi
2343 5489 2774 5539 sacramentum
2795 5483 3128 5556 loquantur.
3145 5487 3307 5542 Unde
3323 5488 3519 5545 dicent
3534 5489 3766 5564 Virgini

2107 5571 2490 5644 conceptum?
2522 5573 2675 5627 unde
2706 5572 2928 5646 Virgini
2963 5575 3238 5646 partum?
3269 5579 3394 5644 Qua
3441 5576 3593 5634 hanc
3632 5595 3767 5638 esse

2107 5660 2400 5732 originum
2433 5677 2671 5717 causam
2702 5661 3128 5734 disputabunt?
3157 5670 3217 5720 ct
3236 5665 3377 5738 quid
3399 5665 3558 5724 intra
3576 5683 3768 5726 seces-

2107 5767 2208 5803 sus
2241 5755 2638 5805 maternorum
2662 5751 2902 5806 sinuum
2924 5752 3211 5810 coaluisse
3233 5755 3486 5826 corpus?
3517 5751 3683 5814 Unde
3701 5763 3764 5816 et

2106 5835 2282 5892 homo
2299 5837 2428 5894 est?
2449 5839 2602 5895 unde
2629 5842 2752 5896 tam
2771 5857 2962 5899 verus.
2978 5841 3114 5899 Post
3133 5841 3252 5899 haec
3276 5843 3416 5914 quid
3433 5842 3512 5902 sit
3522 5843 3763 5903 descen-
