4068 6172
257 373 375 436 377

1106 374 1339 437 LIBER
1381 346 1484 439 DE
1527 376 1888 441 conpone
1932 377 2032 440 ET
2078 377 2471 443 SANGUINE
2512 375 2826 443 CHRISTI

3550 374 3673 439 378

257 508 412 571 disse
432 507 505 563 de
536 504 697 563 cmlis
721 504 932 562 Filium
954 505 1261 564 hominum
1284 507 1343 563 in
1367 508 1509 565 ccelo
1534 511 1907 567 manentem?
1934 511 1990 578 Α
2017 513 2219 566 secuta
2249 514 2357 566 est.
2377 511 2449 567 Et
2478 528 2613 567 cum
2645 511 2727 567 ait
2756 512 3081 568 secundum
3103 508 3404 567 hominem
3424 508 3493 565 de
3509 508 3674 573 ccelo,

256 598 380 653 Non
407 595 565 652 enim
587 596 853 668 ejusdem
875 600 965 650 est
994 597 1318 651 secundum
1353 598 1680 670 corporales
1701 616 1911 655 causas

257 686 609 741 descendere
631 689 687 739 et
708 700 943 739 manere
966 700 1217 755 quorum
1240 683 1490 740 alterum
1513 687 1911 743 descensionis

259 773 673 830 transmutatio
702 778 810 839 est,
845 772 1097 827 alterum
1139 774 1415 829 manendi
1465 777 1910 847 imperturbatio

257 868 363 919 est.
397 862 570 934 Vagit
603 861 933 929 infans,sed
968 860 1026 915 in
1058 860 1202 916 ccelo
1245 862 1519 917 est.Pucr
1556 864 1785 931 crescit,
1810 866 1911 920 sed

258 949 642 1025 plenitudinis
674 952 827 1006 Deus
850 954 1170 1021 permanet.
1189 949 1319 1005 Jam
1345 967 1475 1005 vero
1493 968 1626 1006 cum
1649 954 1915 1008 ascendit

260 1042 355 1096 ubi
393 1044 565 1095 antea
597 1039 725 1106 fuit,
760 1043 816 1093 et
846 1038 1149 1094 descendit
1179 1037 1277 1109 qui
1312 1045 1660 1112 manet,quo
1694 1040 1913 1096 intelli-

259 1130 474 1203 gentiae
498 1129 768 1183 humana:
787 1144 965 1182 sensu
986 1126 1379 1181 continebitur
1395 1128 1421 1181 ’ἶ
1455 1128 1736 1184 Dominus
1756 1129 1913 1184 enim

260 1219 341 1274 ait
376 1236 389 1273 :
424 1217 574 1284 Quid
601 1217 651 1272 si
673 1214 938 1270 videritis
979 1214 1190 1270 Filium
1220 1216 1479 1272 hominis
1501 1218 1914 1272 ascendentem

260 1308 355 1363 ubi
377 1310 553 1362 antea
577 1304 723 1359 fuit?
742 1303 1017 1359 Ascendit
1039 1302 1220 1358 Filius
1240 1305 1339 1359 ubi
1363 1309 1534 1360 antea
1555 1305 1685 1370 fuit,
1707 1310 1762 1361 et
1783 1306 1917 1378 quis

258 1396 369 1453 hoc
396 1411 607 1451 sensus
629 1392 956 1465 concipiet?
987 1392 1297 1448 Descendit
1326 1393 1396 1448 de
1422 1393 1565 1450 ccelo
1598 1394 1780 1450 Filius
1808 1394 1916 1450 ho-

260 1484 467 1554 minis,
503 1483 602 1556 qui
635 1482 695 1537 in
725 1480 887 1537 ecnlis
910 1484 1017 1549 est,
1032 1484 1090 1536 et
1130 1498 1257 1553 quae
1278 1481 1385 1537 hoc
1408 1483 1555 1538 ratio
1579 1482 1918 1554 praestabit?

258 1574 523 1630 Verbum
549 1588 680 1627 caro
703 1573 921 1626 factum
954 1574 1061 1637 est,
1082 1586 1208 1641 quae
1240 1570 1348 1626 hoc
1373 1571 1547 1627 verba
1566 1571 1919 1644 loquentur?

262 1663 354 1718 l-‘it
385 1679 522 1718 caro
550 1661 827 1728 Verbum,
863 1659 920 1714 id
952 1662 1042 1714 est
1070 1657 1245 1714 homo
1278 1659 1452 1727 Deus,
1487 1665 1544 1715 et
1593 1661 1694 1733 qui
1744 1661 1919 1717 homo

261 1757 374 1820 cst,
394 1752 453 1806 in
476 1749 637 1807 ccelis
657 1753 840 1817 cst,et
879 1748 978 1821 qui
1019 1748 1195 1819 Deus,
1211 1748 1281 1804 de
1320 1748 1481 1804 cwlis
1512 1751 1921 1806 est.Ascendit

262 1834 651 1906 descendens,
674 1838 775 1894 sed
806 1836 1110 1893 descendit
1141 1853 1255 1892 non
1288 1838 1670 1894 descendens.
1697 1839 1797 1895 Est
1819 1839 1918 1912 qui

263 1933 415 1996 erat,
445 1932 506 1984 et
536 1928 691 2000 quod
722 1931 813 1983 est
843 1942 958 1980 non
991 1929 1134 1981 erat.

464 2020 598 2072 CAP.
632 2016 702 2071 Il.
731 2046 799 2055 —
828 2016 903 2071 De
929 2016 1205 2071 Dominici
1232 2018 1471 2087 corporis
1501 2018 1730 2087 origine.

336 2109 564 2177 Corpus
593 2102 706 2160 sibi
736 2103 1022 2159 Dominus
1052 2102 1136 2160 ita
1167 2104 1510 2177 assumpsit,
1537 2109 1603 2161 ut
1624 2105 1681 2161 id
1714 2121 1782 2162 ex
1798 2105 1921 2162 Vir-

266 2195 403 2268 gine
434 2197 781 2265 conceptum
818 2193 1063 2247 formam
1116 2209 1250 2248 cum
1282 2193 1430 2248 servi
1472 2210 1600 2250 esse
1645 2196 1918 2251 effecerit.

266 2284 447 2354 Virgo
477 2281 634 2337 enim
666 2281 899 2336 nonnisi
931 2297 1000 2335 ex
1027 2280 1245 2352 Spiritu
1273 2286 1476 2337 sancto
1521 2283 1726 2355 genuit
1767 2285 1922 2356 quod

269 2372 498 2445 genuit.
518 2371 589 2425 Et
609 2369 878 2442 quamvis
903 2373 1135 2424 tantum
1169 2371 1241 2425 ad
1284 2370 1599 2427 navitatem
1630 2372 1823 2428 carnis
1854 2388 1924 2428 ex

272 2478 334 2518 se
365 2461 854 2532 daret,quantum
877 2476 946 2514 ex
965 2476 1027 2515 se
1066 2459 1295 2515 femine
1328 2461 1689 2516 edendorum
1720 2478 1921 2533 corpo-

268 2568 401 2606 rum
415 2548 706 2621 susceptis
719 2547 1043 2620 originibus
1060 2548 1141 2604 im
1147 2550 1611 2621 penderent,non
1624 2554 1822 2606 tamen
1835 2551 1925 2607 Je-

266 2656 371 2694 sus
392 2638 661 2692 Christus
680 2653 784 2708 per
803 2636 1071 2691 humanm
1094 2637 1492 2708 conceptionis
1509 2636 1725 2693 coaluit
1750 2642 1921 2693 natu-

267 2745 416 2783 ram.
431 2727 543 2782 Sed
567 2725 766 2780 omnia
784 2741 963 2780 causa
979 2725 1257 2781 nascendi
1279 2725 1505 2781 invecta
1523 2743 1626 2799 per
1636 2726 1921 2799 Spiritum

263 2813 459 2869 tenuit
489 2812 549 2866 in
582 2811 839 2867 hominis
869 2810 1172 2867 nativitate
1221 2814 1375 2884 quod
1415 2814 1622 2870 matris
1652 2818 1763 2883 est,
1786 2832 1921 2871 cum

264 2908 467 2959 tamen
496 2902 735 2957 haberet
765 2901 824 2955 in
855 2900 1099 2972 originis
1130 2901 1434 2960 nativitate
1462 2904 1619 2975 quod
1651 2903 1752 2960 Dei
1808 2909 1919 2961 est.

267 2991 414 3047 Hinc
426 2989 769 3063 igiturmaxi
779 3005 942 3043 mum
956 2988 1101 3044 illud
1114 3005 1180 3043 ac
1192 2990 1653 3062 pulcherrimum
1664 2978 1922 3065 suscepti

267 3079 529 3134 hominis
540 3082 973 3133 sacramentum
986 3079 1271 3135 Dominus
1282 3079 1407 3152 ipse
1422 3081 1680 3137 ostendit
1690 3082 1919 3138 dicens:

266 3169 433 3224 Nemo
463 3166 707 3225 ascendit
736 3168 794 3220 in
824 3167 1038 3233 malum,
1068 3170 1184 3224 nisi
1214 3171 1309 3240 qui
1349 3168 1621 3226 descendit
1665 3169 1731 3226 de
1770 3170 1920 3239 calo,

1952 1881 2001 1947 B

2023 598 2307 671 originem
2339 600 2466 670 ejus
2489 616 2557 654 ex
2588 600 3052 671 supervenientis
3084 601 3140 655 in
3172 599 3472 672 Virginem
3502 597 3681 669 Spiri-

2018 689 2115 741 tus
2133 687 2318 741 sancti
2339 688 2541 742 additu
2561 692 2808 744 testatus
2831 693 2941 743 est.
2957 691 3145 761 Atque
3168 689 3250 744 ita
3271 705 3405 743 cum
3427 692 3484 743 et
3503 686 3679 741 homo

2021 779 2128 841 est,
2149 779 2205 829 et
2236 774 2293 829 in
2326 775 2468 831 cmlo
2491 781 2598 843 est,
2618 776 2877 832 hominis
2899 777 3079 848 huius
3092 782 3148 832 et
3171 782 3373 849 partus
3396 775 3682 848 aVirgine

2021 868 2131 929 est,
2148 868 2203 917 et
2233 868 2514 935 conceptu
2538 882 2606 919 ex
2627 865 2880 936 Spiritus
2899 872 3007 920 est.
3028 866 3198 920 Novit
3219 864 3477 920 Ecclesia
3495 880 3680 919 unum

2022 951 2314 1018 Deum,ex
2343 969 2457 1023 quo
2489 953 2705 1021 omnia,
2724 954 2882 1007 novit
2911 959 2967 1008 et
2999 972 3182 1008 unum
3206 954 3521 1009 Dominum
3553 968 3683 1007 nos-

2023 1044 2180 1093 trum
2193 1039 2394 1094 Jesum
2410 1040 2707 1094 Christum
2730 1058 2831 1111 per
2847 1058 3021 1112 quem
3035 1040 3442 1107 omnia,unum
3459 1058 3524 1096 ex
3539 1057 3676 1112 quo,

2023 1131 2081 1182 et
2095 1145 2274 1182 unum
2292 1145 2393 1199 per
2404 1145 2577 1199 quem
2589 1129 2691 1183 .Ab
2711 1146 2824 1183 uno
2839 1129 3242 1184 universorum
3257 1128 3562 1201 originem,
3579 1144 3681 1199 per

2024 1233 2209 1272 unum
2228 1220 2570 1271 cunctorum
2593 1217 2969 1272 creationem.
2988 1218 3049 1272 In
3076 1235 3190 1272 uno
3222 1233 3288 1271 ex
3310 1234 3447 1289 quo,
3480 1221 3681 1271 aucto-

2025 1303 2255 1359 ritatem
2272 1304 2746 1361 innascibilitatis
2759 1304 3122 1377 intelligit.ln
3140 1322 3255 1360 uno
3271 1322 3374 1376 per
3385 1320 3684 1376 quem,po-

2027 1396 2299 1448 testatcm
2318 1392 2463 1448 nihil
2477 1392 2835 1449 diﬁ‘erentem
2853 1394 2925 1448 ab
2944 1398 3178 1449 auctor-3
3199 1395 3679 1449 veneratur.Cum

2026 1498 2097 1536 ex
2117 1499 2253 1553 quo,
2277 1486 2334 1536 et
2368 1498 2469 1554 per
2502 1498 2676 1553 quem
2698 1483 2770 1537 ad
2792 1483 2850 1537 id
2883 1488 3113 1539 creatur
3131 1483 3191 1538 in
3213 1483 3305 1538 his
3330 1500 3456 1555 qua:
3487 1487 3684 1538 creata

2027 1576 2168 1626 sunt
2197 1569 2629 1627 communionis
2661 1570 2977 1627 auctoritas
3009 1572 3105 1626 sit.
3139 1572 3308 1627 Novit
3358 1572 3416 1626 in
3462 1571 3684 1643 Spiritu

2027 1659 2213 1716 Deum
2236 1659 2520 1732 Spiritum
2542 1658 2970 1732 impassibilem
3000 1664 3057 1716 et
3089 1660 3561 1717 indesecabilem.
3585 1661 3684 1717 Di-

2029 1748 2172 1805 dicit
2200 1750 2356 1806 enim
2385 1767 2421 1806 a
2450 1750 2697 1805 Domino
2745 1749 2976 1821 spiritui
3026 1767 3260 1806 carnem
3315 1756 3375 1807 et
3404 1767 3538 1806 ossa
3567 1767 3683 1807 non

2028 1854 2256 1905 esse,ne
2280 1839 2424 1894 forte
2446 1839 2683 1894 eardere
2705 1838 2764 1893 in
2777 1855 2913 1894 eum
2931 1839 3319 1911 corporalium
3342 1839 3683 1912 passionum

2029 1925 2379 1983 detrimenta
2426 1928 2757 1982 credantur.
2803 1927 2971 1982 Novit
3034 1945 3218 1984 unum
3281 1928 3685 1984 innascibilem

2028 2014 2234 2083 Deum,
2271 2015 2431 2072 novit
2461 2020 2517 2071 et
2544 2014 2916 2088 unigenitum
2963 2016 3065 2072 Dei
3100 2016 3333 2072 Filium.
3365 2017 3688 2073 Conﬁtetur

2030 2104 2258 2161 Patrem
2282 2108 2583 2173 aeternum,
2612 2109 2671 2160 et
2696 2105 2768 2159 ab
2819 2104 3041 2177 origine
3078 2104 3350 2174 liberum,
3374 2105 3687 2162 conﬁtetur

2029 2197 2087 2248 et
2114 2192 2399 2266 originem
2431 2192 2558 2248 Filii
2589 2194 2661 2249 ab
2702 2196 3067 2261 aaterno,non
3100 2211 3203 2267 per
3233 2211 3297 2251 se
3341 2194 3558 2267 ipsum,
3581 2195 3684 2251 sed

2030 2282 2104 2337 ab
2133 2282 2337 2353 eo,qui
2369 2298 2404 2337 a
2429 2282 2663 2337 nemine
2712 2298 2945 2354 semper
2974 2287 3084 2350 est,
3102 2288 3307 2340 natum
3349 2285 3421 2340 ab
3447 2288 3683 2352 aeterno,

2030 2370 2392 2427 nativitatem
2421 2370 2691 2427 videlicet
2720 2388 2787 2426 ex
2808 2376 3054 2443 paterna
3083 2374 3403 2429 aeternitate
3445 2390 3685 2431 sumen-

2030 2463 2171 2515 tem.
2204 2460 2373 2516 Novit
2403 2461 2474 2515 de
2505 2460 2621 2516 Deo
2644 2477 2759 2516 non
2790 2478 2917 2517 esse
2962 2461 3239 2518 humanis
3276 2463 3522 2536 judiciis
3553 2480 3686 2521 sen-

2030 2548 2324 2616 tiendum;
2359 2565 2547 2621 neque
2573 2548 2729 2604 enim
2762 2549 2930 2605 nobis
2960 2567 3028 2606 ea
3056 2555 3271 2607 naturu
3302 2556 3411 2620 est,
3436 2557 3504 2608 ut
3531 2570 3596 2609 se
3623 2552 3685 2608 in

2030 2635 2321 2692 cwlestem
2344 2636 2736 2709 cognitionem
2759 2638 2883 2693 suis
2900 2636 3122 2694 viribus
3139 2639 3360 2694 efferat.
3377 2641 3421 2694 A
3442 2640 3558 2695 Deo
3574 2639 3689 2696 dis-

2031 2724 2281 2780 cendum
2299 2728 2388 2780 est
2408 2724 2564 2797 quod
2584 2725 2656 2779 de
2687 2725 2802 2780 Deo
2830 2724 3276 2797 intelligendum
3301 2728 3398 2795 sit,
3416 2728 3552 2799 quia
3568 2745 3684 2784 non

2031 2812 2143 2868 nisi
2178 2830 2238 2869 se
2260 2818 2495 2870 auctore
2517 2813 2909 2885 cognoscitur.
2925 2813 3091 2869 Adsit
3112 2814 3249 2870 licet
3269 2815 3569 2871 saacularis
3589 2817 3691 2872 do-

2030 2902 2228 2957 ctrina:
2242 2901 2539 2959 elaborata
2554 2902 2868 2971 institutio,
2885 2903 3040 2958 adsit
3054 2902 3185 2958 vita:
3203 2902 3687 2973 innocentia,haac

2031 2989 2266 3061 quidem
2285 2991 2587 3061 proﬁcient
2603 2991 2676 3046 ad
2699 2990 3071 3047 conscientia:
3088 2992 3686 3064 gratulationem,non

2030 3082 2227 3135 tamen
2258 3078 2649 3151 cognitionem
2680 3080 2781 3136 Dei
2814 3086 3268 3152 consequentur.
3302 3081 3530 3156 Moyses
3551 3100 3687 3140 cum

2030 3166 2090 3221 in
2124 3171 2275 3225 terra
2305 3168 2538 3224 Madian
2568 3168 2763 3224 ovium
2796 3172 2995 3241 pastor
3024 3170 3413 3244 esset,ignem
3445 3172 3504 3227 in
3539 3174 3686 3231 rubo

266 3244 444 3313 Filius
474 3256 734 3322 hominis,
768 3259 864 3329 qui
891 3265 969 3312 est
998 3258 1057 3311 in
1081 3257 1229 3313 cwlo.
1263 3259 1425 3324 Quod
1475 3259 1545 3315 de
1592 3258 1734 3315 caelo
1780 3259 1915 3315 des-
1946 3249 1993 3335 Cp
2023 3254 2148 3313 sine
2178 3256 2644 3313 concrematione
2674 3258 2803 3313 rubi
2835 3259 3352 3327 contuens,Deum
3375 3261 3613 3330 audivit,
3632 3266 3692 3319 et

268 3345 794 3416 cendit,concepta3
826 3345 896 3400 de
929 3345 1149 3416 Spiritu
1181 3346 1423 3418 originis
1452 3363 1631 3404 causa
1661 3352 1781 3414 est;
1806 3364 1922 3403 non

266 3435 427 3492 enim
457 3433 685 3507 corpori
720 3432 904 3488 Maria
933 3433 1217 3507 originem
1251 3435 1432 3503 dedit,
1453 3434 1591 3492 licet
1637 3437 1709 3493 ad
1746 3435 1927 3492 incre-

268 3527 473 3579 menta
494 3524 848 3594 partumque
874 3521 1135 3594 corporis
1159 3539 1331 3577 omne
1349 3523 1504 3595 quod
1522 3524 1613 3579 sui
1636 3542 1807 3581 sexus
1829 3542 1927 3580 na-

265 3610 455 3668 turale
488 3608 944 3677 est,contulerit.
966 3611 1128 3676 Quod
1150 3626 1284 3666 vero
1316 3611 1575 3668 hominis
1606 3612 1785 3669 Fllius
1814 3617 1924 3684 est,

264 3702 553 3771 susceptae
578 3696 813 3770 Virgine
845 3698 1039 3754 carnis
1070 3703 1160 3754 est
1198 3703 1425 3771 partus.
1448 3702 1610 3766 Quod
1643 3705 1841 3757 autem
1864 3701 1925 3756 in

263 3788 427 3846 caalis
474 3790 585 3855 est,
618 3790 838 3841 natura:
888 3803 1121 3858 semper
1169 3787 1464 3843 manentis
1508 3793 1770 3860 potestas
1813 3792 1923 3847 est,

266 3897 394 3952 quae
429 3876 663 3932 initiata
683 3874 1032 3947 conditaque
1059 3892 1161 3948 per
1189 3893 1252 3932 se
1285 3893 1457 3932 carne
1495 3894 1611 3932 non
1651 3894 1720 3934 ex
1740 3877 1927 3935 ﬁnita-

262 3969 340 4023 tis
368 3983 490 4022 suae
520 3964 734 4018 virtute
766 3963 920 4018 intra
942 3965 1238 4036 regionem
1288 3982 1350 4020 se
1400 3966 1623 4021 definiti
1667 3967 1925 4038 corporis

262 4053 603 4111 coarctavit.
620 4052 876 4124 Spiritus
889 4052 1099 4107 virtute
1113 4052 1228 4111 hac
1241 4053 1411 4109 Verbi
1435 4053 1533 4110 Dei
1557 4059 1842 4126 potestate
1864 4056 1923 4111 in

263 4132 457 4200 forma
488 4141 639 4197 servi
672 4158 917 4196 manens
947 4141 1019 4195 ab
1061 4140 1221 4196 omni
1252 4140 1407 4197 intra
1450 4147 1726 4216 extraque
1772 4143 1924 4215 cordi,

266 4231 597 4302 mundique
628 4227 846 4285 circulo
878 4228 1109 4297 coeli,ac
1140 4230 1343 4285 mundi
1376 4230 1660 4288 Dominus
1693 4250 1807 4289 non
1830 4236 1925 4290 ab-

263 4320 397 4376 fuit.
416 4319 525 4374 Per
544 4317 656 4373 hoc
678 4334 813 4391 ergo
831 4322 889 4373 et
908 4318 979 4373 de
1013 4318 1154 4374 coelo
1176 4319 1497 4387 descendit,
1518 4324 1575 4376 et
1602 4321 1783 4377 Filius
1813 4322 1923 4380 ho-

263 4409 448 4464 minis
477 4411 587 4475 est,
608 4411 667 4462 et
696 4406 755 4461 in
788 4405 950 4462 coalis
971 4411 1078 4463 est.
1103 4407 1249 4473 Quia
1267 4407 1524 4463 Verbum
1547 4425 1680 4465 caro
1702 4410 1923 4468 factum

258 4500 374 4565 est,
410 4512 529 4550 non
560 4492 840 4550 amiserat
871 4512 1107 4551 manere
1138 4495 1294 4567 quod
1336 4495 1595 4552 Verbum
1641 4504 1748 4567 est,
1785 4517 1923 4556 nam

260 4585 407 4657 dum
437 4583 695 4640 Verbum
730 4587 839 4649 cst,
856 4588 913 4638 et
944 4583 1001 4638 in
1043 4583 1203 4639 cwlis
1246 4584 1510 4651 est,dum
1542 4602 1675 4641 caro
1725 4591 1833 4655 est,
1864 4594 1922 4645 et

256 4661 523 4730 hominis
547 4671 748 4728 Filius.
771 4670 923 4727 Dum
946 4671 1202 4728 Verbum
1234 4677 1322 4729 est
1351 4689 1482 4730 caro
1514 4674 1752 4745 factum,
1770 4678 1916 4735 etde

254 4761 406 4818 ccelo
438 4765 548 4828 est,
571 4764 629 4816 et
656 4759 916 4817 hominis
947 4765 1035 4816 est
1066 4760 1339 4829 Filius,et
1367 4761 1424 4816 in
1457 4762 1599 4818 ccslo
1630 4767 1915 4831 est.Quod

250 4854 311 4907 et
331 4848 514 4906 Verbi
534 4847 720 4904 virtus
742 4867 858 4904 non
880 4847 1281 4920 corporalibus
1301 4849 1491 4906 modis
1520 4868 1765 4909 manens
1798 4871 1913 4910 non

251 4927 482 5007 deerat,
498 4938 655 4993 unde
675 4938 1145 5005 descenderat,et
1175 4955 1307 4994 caro
1340 4955 1454 4994 non
1488 4939 1722 4998 aliunde
1746 4943 1916 5016 origi-

251 5045 395 5085 nem
431 5029 767 5097 sumpserat
797 5043 975 5098 quam
1019 5043 1088 5082 ex
1124 5025 1332 5095 Verbo,
1367 5032 1425 5082 et
1475 5027 1731 5085 Verbum
1780 5049 1913 5087 caro

252 5117 485 5181 factum
516 5119 626 5182 est,
650 5131 783 5170 cum
815 5132 949 5171 caro
978 5120 1154 5184 esset,
1182 5133 1298 5172 non
1330 5120 1527 5172 tamen
1560 5134 1672 5175 non
1706 5125 1830 5175 erat
1856 5125 1914 5176 et

250 5205 544 5261 Verbum.
575 5202 855 5259 Absoluta
884 5206 1079 5258 autem
1111 5204 1174 5259 Β.
1196 5203 1509 5275 Apostolus
1540 5206 1714 5261 etiam
1737 5207 1914 5279 hujus

251 5292 668 5351 inenarrandae
700 5309 983 5364 corporea:
1014 5291 1338 5348 nativitatis
1369 5299 1799 5351 sacramentum
1830 5296 1913 5352 lo-

250 5388 437 5439 cutus
467 5385 561 5436 est
587 5381 789 5437 dicens
817 5400 830 5451 ;
856 5380 1087 5437 Primus
1119 5381 1292 5437 homo
1319 5381 1388 5436 de
1418 5385 1581 5435 terra:
1627 5381 1790 5451 limo,
1823 5402 1912 5441 se-

247 5470 495 5527 cundus
523 5469 699 5539 homo
729 5470 798 5525 de
829 5469 994 5525 ccelo.
1013 5470 1321 5525 Hominem
1342 5468 1499 5524 enim
1532 5469 1916 5537 dicens,nati-

246 5561 503 5615 vitatem
534 5575 605 5612 ex
623 5557 860 5631 Virgine
885 5558 1243 5630 docuit,quae
1274 5557 1466 5614 ofﬁcio
1500 5574 1607 5613 usa
1650 5564 1912 5616 materno

250 5664 438 5705 sexus
470 5644 566 5703 sui
596 5648 865 5702 naturam
886 5646 945 5701 in
971 5649 1252 5717 conceptu
1275 5650 1330 5701 et
1360 5649 1529 5717 partu
1550 5645 1805 5703 hominis
1825 5665 1913 5704 ex-

2034 3360 2245 3401 nomen
2264 3347 2732 3419 interrogavit,et
2754 3351 3023 3403 naturam
3041 3348 3329 3421 cognovit.
3346 3349 3546 3422 Neque
3567 3350 3689 3407 haec

2032 3433 2103 3489 de
2132 3434 2399 3503 Deo,nisi
2429 3451 2532 3508 per
2551 3436 2735 3491 Deum
2767 3435 3002 3508 cognita
3038 3453 3167 3493 esse
3203 3436 3553 3508 potuissent.
3579 3440 3688 3497 Lo-

2033 3522 2333 3591 quendum
2360 3539 2496 3595 ergo
2528 3540 2643 3577 non
2674 3522 2841 3578 aliter
2867 3523 2939 3578 de
2969 3523 3085 3579 Deo
3115 3529 3204 3580 est
3235 3541 3414 3597 quam
3446 3530 3514 3582 ut
3560 3527 3689 3601 ipse

2033 3610 2103 3664 ad
2136 3610 2582 3684 intelligentiam
2614 3615 2875 3667 nostram
2896 3612 2967 3667 de
2984 3629 3046 3668 se
3075 3612 3309 3669 locutus
3331 3619 3440 3671 est.
3456 3616 3572 3672 Deo
3592 3617 3687 3673 cui

2032 3697 2231 3753 omnia
2278 3699 2337 3753 in
2386 3699 2636 3755 mortuis
2683 3699 2902 3766 vivunt,
2938 3700 3046 3755 hoc
3087 3700 3277 3755 solum
3326 3703 3496 3773 perit,
3531 3707 3683 3776 quod

2031 3783 2144 3840 sibi
2174 3785 2417 3857 deperit.
2449 3786 2595 3843 Nam
2621 3787 2997 3858 judicaturus
3042 3788 3167 3860 ipse
3198 3790 3269 3844 de
3298 3790 3596 3859 omnibus,
3629 3798 3689 3849 et

2032 3890 2136 3944 pro
2154 3873 2480 3945 majestatis
2503 3892 2622 3931 suae
2645 3875 3048 3931 misericordia
3068 3892 3213 3947 pene
3231 3878 3506 3933 meritum
3528 3880 3686 3953 igno-

2033 3963 2183 4018 ranti
2208 3963 2617 4019 moderaturus
2648 3964 2849 4031 errori,
2870 3971 3150 4035 negantes
3168 3982 3228 4020 se
3241 3966 3369 4036 jam
3392 3984 3507 4022 non
3521 3969 3683 4039 judi-

2032 4052 2187 4108 cabit
2216 4052 2437 4123 utique,
2472 4053 2574 4108 sed
2605 4052 2863 4123 negabit.
2900 4052 3057 4107 Fidei
3089 4069 3234 4109 vera:
3282 4056 3564 4126 professio
3604 4059 3686 4115 ita

2032 4142 2216 4197 Deum
2241 4159 2310 4197 ex
2330 4142 2446 4197 Deo
2471 4145 2696 4207 natum,
2713 4144 2779 4195 ut
2798 4139 2997 4196 lumen
3018 4158 3087 4196 ex
3104 4141 3346 4211 lumine,
3373 4146 3527 4217 quod
3559 4146 3687 4204 sine

2031 4230 2382 4286 detrimento
2410 4247 2516 4286 suo
2548 4232 2820 4285 naturam
2853 4246 3022 4284 suam
3054 4236 3292 4302 praestat
3320 4250 3389 4288 ex
3436 4252 3584 4305 sese,
3619 4242 3686 4293 ut
3728 4240 3735 4249 '

2030 4318 2129 4373 det
2157 4319 2312 4390 quod
2344 4319 2605 4386 habet,et
2646 4318 2803 4389 quod
2854 4317 3079 4374 dederit
3127 4319 3360 4376 habeat.
3399 4323 3686 4381 Nascatur

2030 4422 2263 4478 quoque
2285 4408 2439 4478 quod
2482 4407 2579 4474 sit,
2604 4423 2740 4462 cum
2792 4423 2907 4462 non
2958 4406 3117 4463 aliud
3164 4424 3341 4479 quam
3394 4413 3549 4482 quod
3596 4417 3685 4469 est

2030 4501 2235 4552 natum
2280 4499 2383 4553 vit.
2418 4498 2489 4553 Et
2522 4496 2798 4552 nativitas
2841 4498 3129 4569 acceperit
3178 4500 3334 4570 quod
3378 4506 3523 4570 erat,
3576 4519 3681 4560 nec

1950 4614 1998 4679 Ι)
2026 4584 2315 4663 ademerit
2371 4586 2530 4657 quod
2575 4585 2816 4657 accepit,
2869 4586 3063 4658 sitque
3120 4591 3436 4659 utrumque
3494 4606 3679 4648 unum

2028 4673 2169 4729 dum
2222 4690 2291 4730 ex
2343 4691 2408 4730 eo
2454 4675 2611 4746 quod
2659 4678 2752 4729 est
2799 4674 3080 4742 nascitur,
3114 4681 3174 4731 et
3216 4677 3371 4747 quod
3422 4678 3682 4736 nascitur

2026 4779 2212 4834 neque
2242 4763 2478 4820 aliunde
2507 4780 2697 4835 neque
2725 4762 2887 4819 aliud
2915 4767 3032 4831 est;
3067 4769 3158 4820 est
3184 4765 3341 4820 enim
3374 4764 3574 4823 lumen
3605 4769 3678 4824 de

2022 4838 2265 4915 lumine.

2155 4938 2290 4995 CAP.
2328 4939 2423 4995 IlI.
2457 4970 2525 4979 —
2548 4941 2623 4996 De
2651 4941 2942 4998 Nativitate
2972 4941 3104 4996 Filii
3134 4943 3233 4997 Dei
3260 4958 3331 4997 ex
3354 4944 3540 5001 Patre.

2094 5028 2220 5085 Non
2251 5045 2369 5100 per,
2384 5028 2868 5085 consuetudinem
2901 5029 3144 5084 humani
3173 5035 3377 5101 partus
3426 5033 3580 5091 Deus
3609 5053 3677 5092 ex

2022 5117 2138 5176 Deo
2171 5117 2452 5184 nascitur,
2468 5133 2657 5189 neque
2687 5133 2791 5188 per
2814 5116 3106 5173 elementa
3152 5117 3397 5191 originis
3439 5127 3672 5194 nostrae,

2023 5211 2090 5261 ut
2120 5206 2293 5261 homo
2316 5222 2385 5260 ex
2412 5205 2650 5263 homine
2675 5205 3039 5278 propellitur.
3073 5207 3305 5280 Integra
3334 5209 3441 5275 illi,
3460 5217 3517 5267 et
3543 5230 3671 5284 per-

2023 5295 2194 5359 fecta,
2227 5298 2285 5349 ct
2310 5292 2769 5349 incontaminata
2796 5294 3073 5350 nativitas
3112 5300 3220 5363 est,
3255 5300 3425 5368 cujus
3475 5317 3508 5354 a
3555 5302 3671 5359 Deo

2021 5383 2195 5439 exitio
2217 5382 2415 5455 potius
2437 5399 2612 5452 quam
2636 5387 2842 5453 partus
2862 5385 3077 5438 est.Est
3097 5384 3252 5439 enim
3274 5403 3427 5442 unus
3444 5405 3513 5443 ex
3531 5407 3668 5459 uno,

2022 5490 2136 5528 non
2158 5476 2247 5528 est
2278 5469 2619 5543 portio,non
2650 5475 2741 5526 est
2761 5471 3027 5539 defectio,
3049 5489 3163 5527 non
3196 5478 3287 5527 est
3333 5474 3667 5548 diminutio,

2022 5578 2136 5616 non
2185 5558 2484 5626 derivatio,
2517 5575 2632 5614 non
2676 5562 2985 5631 protentio,
3037 5578 3152 5616 non
3193 5562 3409 5632 passio,
3444 5567 3545 5621 sed
3592 5568 3673 5624 vi-

2019 5649 2206 5704 ventis
2239 5652 2460 5705 naturae
2489 5663 2559 5702 ex
2595 5647 2819 5715 vivente
2841 5649 3112 5705 nativitas
3159 5654 3267 5719 est,
3320 5654 3377 5707 et
3416 5652 3570 5713 Deus
3600 5673 3669 5725 ex
