4068 6172
319 381 436 446 379

1347 384 1681 450 GEZONIS
1725 382 2058 446 ABBATIS
2103 383 2672 449 DERTONENSIS.

3610 379 3728 444 380

309 516 426 574 Deo
455 513 803 584 exiens,non
837 519 1104 574 creatura
1133 515 1190 572 in
1217 517 1314 575 Dei
1341 519 1573 574 nomine
1593 519 1798 575 electa.
1817 517 1964 576 Non,
1996 517 2052 584 Α
2083 535 2256 574 cense
2278 518 2501 574 lumine
2523 515 2832 575 exlumine
2852 533 2955 592 per
2973 515 3292 592 quemdam
3321 513 3490 588 quasi
3527 514 3731 572 nativi-

311 609 379 660 ut
407 609 582 671 esset,
618 605 789 677 cepit,
824 623 890 660 ex
937 605 1140 672 nihilo,
1175 607 1276 661 sed
1323 607 1459 662 exiit
1490 625 1524 662 a
1568 611 1860 663 manente.
1901 607 1967 688 Et

311 694 498 749 exisse
530 693 1018 764 signiﬁcationem
1051 694 1228 748 habet
1260 695 1601 762 nativitatis,
1639 713 1752 750 non
1790 694 1969 762 habet,

308 780 712 836 inchoationis.
737 781 859 835 Non
894 782 1050 836 enim
1085 781 1236 836 idem
1271 788 1361 837 est
1405 781 1629 854 cepisse
1681 782 1964 836 substan-

305 870 466 936 tiam,
499 874 555 922 et
587 869 768 923 Deum
801 870 988 924 exisse
1019 871 1090 923 de
1126 871 1261 924 Deo.
1296 873 1365 925 Et
1415 869 1738 926 nativitatis
1785 869 1964 940 huius

303 957 548 1012 scientia
572 956 706 1011 licet
738 974 852 1012 non
881 957 1145 1028 subjecta
1171 958 1364 1012 verbis
1409 959 1507 1024 sit,
1561 976 1694 1013 cum
1739 960 1966 1012 inenar-

304 1042 506 1098 rabilis
541 1043 636 1109 sit,
654 1043 829 1099 habet
860 1048 1056 1100 tamen
1089 1044 1147 1098 in
1171 1045 1439 1100 doctrina
1461 1046 1587 1101 Filii
1629 1046 1762 1100 ﬁdei
1794 1062 1958 1100 secu-

305 1131 540 1187 ritatem
573 1147 608 1185 a
648 1131 765 1186 Deo
797 1149 860 1187 se
905 1131 1341 1189 manifestantis
1377 1133 1584 1189 exisse.
1638 1135 1822 1189 Habet
1851 1133 1958 1189 hoc

304 1219 654 1275 sacramenti
687 1219 812 1275 sola
842 1221 1136 1288 nativitas,
1167 1225 1232 1275 ut
1252 1221 1672 1292 complectatur
1693 1221 1752 1277 in
1800 1240 1861 1278 se
1900 1226 1958 1278 et

305 1313 611 1374 nomen,et
642 1311 1011 1376 naturam,et
1035 1313 1476 1381 potestatem,et
1507 1311 1948 1382 professionem,

304 1397 458 1468 quod
483 1396 752 1451 universa
771 1395 1044 1451 nativitas
1075 1414 1190 1452 non
1222 1402 1412 1469 potest
1457 1414 1573 1452 non
1626 1398 1684 1453 in
1726 1415 1793 1454 ea
1825 1415 1953 1455 esse

302 1488 515 1541 natura
535 1485 690 1540 unde
719 1486 1154 1541 nascatur.Non
1193 1486 1360 1541 affert
1389 1503 1456 1542 ex
1487 1487 1699 1543 terreni
1724 1488 1955 1560 generis

302 1573 716 1638 substantiam,
733 1575 887 1646 quod
911 1591 978 1629 ex
999 1591 1114 1630 uno
1131 1592 1246 1630 non
1270 1575 1542 1632 subsistit
1561 1576 1771 1633 alieno.
1789 1577 1951 1642 Quod

301 1666 496 1718 autem
525 1661 782 1718 alienum
814 1679 848 1716 a
887 1679 949 1718 se
999 1681 1114 1718 non
1157 1669 1267 1732 est,
1302 1664 1360 1718 id
1394 1681 1579 1720 unum
1612 1670 1701 1722 est
1743 1681 1954 1738 genere

300 1753 616 1819 naturae,et
643 1749 928 1822 quidquid
958 1767 1140 1806 unum
1171 1755 1261 1807 est
1285 1767 1386 1824 per
1416 1751 1800 1821 nativitatem,
1835 1769 1950 1807 non

300 1837 477 1894 habet
506 1837 904 1894 solitudinem.

299 1927 434 1984 CAP.
470 1927 562 1983 IV.
588 1959 656 1968 —
688 1927 838 1996 Quod
865 1929 1060 2000 formis
1087 1944 1231 2000 swpe
1248 1930 1709 2002 comparabilibua
1739 1930 1954 1986 erudia-

705 2032 833 2071 mur
860 2015 930 2071 ad
962 2017 1312 2088 intelligenda
1341 2017 1549 2073 divina.

373 2105 653 2160 Humanm
686 2103 882 2176 itaque
909 2103 1227 2160 nativitatis
1251 2107 1668 2162 conscientiam
1691 2106 1952 2175 consulo,

301 2197 499 2249 utrum
529 2210 644 2248 non
677 2192 834 2248 intra
856 2193 1041 2248 Patris
1071 2193 1356 2267 originem
1391 2201 1625 2252 maneat
1659 2196 1820 2269 origo
1852 2214 1954 2252 na-

302 2283 627 2352 scentium;
662 2300 800 2339 nam
828 2287 949 2339 tam
981 2284 1088 2340 etsi
1115 2283 1404 2340 elementa
1437 2284 1537 2340 illa
1583 2285 1845 2342 inanima
1890 2303 1956 2341 ac

301 2373 500 2446 turpia
531 2373 749 2446 quibus
779 2373 1058 2430 nascendi
1089 2391 1278 2430 causae
1307 2374 1754 2445 inchoantur,in
1776 2374 1959 2430 homi-

303 2477 441 2518 nem
473 2462 727 2519 alterum
757 2463 1021 2532 efﬂuant,
1047 2480 1150 2536 per
1180 2468 1400 2520 natura:
1445 2469 1640 2522 tamen
1679 2465 1956 2522 virtutem

309 2551 466 2607 intra
498 2568 561 2608 se
591 2551 838 2608 invicem
871 2556 1168 2620 maneant,
1199 2553 1340 2608 dum
1378 2558 1438 2608 et
1467 2571 1570 2626 per
1616 2554 1811 2610 datam
1843 2572 1877 2610 a
1897 2571 1960 2611 se

302 2643 527 2696 natura:
557 2639 823 2710 ejusdem
856 2638 1142 2711 originem
1175 2645 1513 2696 nascentem
1566 2641 1832 2713 sequitur
1861 2641 1958 2697 ille

301 2728 402 2802 qui
429 2727 640 2802 gignit,
674 2732 732 2784 et
762 2745 866 2800 per
884 2732 1185 2800 acceptam
1217 2729 1607 2796 nativitatem,
1641 2732 1812 2803 cujus
1845 2730 1958 2785 vir-

298 2820 396 2871 tus
437 2815 753 2883 derivetur,
787 2831 903 2870 non
937 2819 1134 2871 tamen
1165 2817 1466 2872 auferatur
1496 2815 1555 2872 in
1577 2817 1873 2891 gignente,
1909 2819 1959 2875 si

301 2908 499 2960 manet
527 2902 624 2959 ille
657 2902 758 2976 qui
789 2902 1070 2977 gignitur.
1104 2904 1175 2960 Et
1209 2904 1317 2960 hoc
1349 2905 1586 2978 quidem
1617 2911 1852 2963 tantum
1885 2907 1958 2963 ad

298 2992 570 3048 humanas
603 2991 923 3048 nativitatis
951 2991 1403 3066 intelligentiam
1434 3001 1958 3052 commemoratum

301 3099 336 3138 a
360 3083 530 3138 nobis
561 3080 658 3148 sit,
693 3097 808 3136 non
829 3081 1008 3137 etiam
1045 3081 1116 3136 ad
1168 3083 1491 3154 perfectum
1541 3084 1600 3139 in
1651 3085 1960 3158 Unigenito

300 3170 420 3226 Deo
466 3169 790 3225 nativitatis
828 3169 1180 3242 exemplum,
1214 3171 1353 3242 quia
1401 3176 1622 3228 naturae
1682 3175 1956 3230 humanae

301 3257 615 3313 inﬁrmitas
645 3273 714 3312 ex
744 3256 1080 3330 disparibus
1108 3264 1501 3332 comparatur,
1535 3265 1590 3316 et
1618 3279 1723 3318 nec
1746 3277 1814 3318 ex
1836 3263 1954 3319 ina-
1983 3253 2027 3322 C

303 3345 481 3400 nimis
512 3345 847 3401 continetur
895 3345 967 3400 ad
1005 3345 1207 3416 vitam,
1232 3364 1338 3403 nec
1385 3348 1587 3404 statim
1633 3351 1692 3406 in
1737 3367 1806 3407 ea
1854 3352 1953 3425 qui

303 3434 566 3509 gignitur
592 3433 750 3503 vivit,
785 3451 973 3506 neque
1012 3439 1203 3491 totum
1251 3436 1394 3493 vivit
1441 3455 1510 3494 ex
1559 3439 1694 3509 ﬁta,
1729 3458 1864 3496 cum
1894 3441 1955 3498 in

303 3540 372 3580 ea
393 3523 580 3580 multa
609 3523 730 3580 sint
759 3541 887 3596 quae
917 3523 1042 3580 sine
1078 3529 1299 3580 natura:
1331 3543 1448 3582 sua:
1481 3544 1656 3584 sensu
1695 3546 1830 3585 cum
1856 3548 1956 3586 ex-

303 3613 588 3669 creverint
617 3613 982 3668 desecentur.
1020 3614 1081 3669 In
1112 3614 1228 3669 Deo
1259 3632 1392 3670 vero
1437 3618 1589 3688 quod
1621 3624 1730 3687 est,
1767 3624 1956 3676 totum

302 3701 470 3770 vivit;
502 3702 658 3758 Deus
687 3701 844 3757 enim
898 3700 1016 3757 vita
1049 3707 1158 3770 est,
1193 3707 1250 3758 et
1279 3703 1417 3760 'hazc
1465 3707 1584 3761 vita
1621 3724 1736 3762 non
1771 3713 1960 3780 potest

303 3790 627 3863 quidquam
675 3806 804 3846 esse
833 3789 947 3846 nisi
997 3790 1216 3856 vivum,
1241 3807 1428 3864 neque
1469 3810 1538 3848 ex
1581 3795 1956 3866 derivatione,

303 3879 406 3934 sed
435 3896 504 3934 ex
527 3879 742 3934 virtute
773 3877 1047 3934 nativitas
1075 3883 1184 3934 est.
1218 3881 1297 3936 Ac
1328 3881 1376 3935 si
1411 3881 1551 3937 dum
1584 3886 1773 3938 totum
1805 3885 1960 3956 quod

303 3971 394 4024 est
420 3967 576 4034 vivit,
592 3971 650 4022 et
683 3966 825 4021 dum
856 3970 1044 4022 totum
1080 3968 1234 4040 quod
1268 3986 1336 4024 ex
1365 3985 1432 4024 eo
1476 3971 1740 4026 nascitur
1777 3971 1962 4028 virtus

309 4059 419 4121 est,
451 4055 628 4110 habet
649 4054 1036 4122 nativitatem,
1067 4073 1182 4110 non
1203 4055 1381 4111 habet
1407 4057 1965 4127 demutationem,et

309 4141 572 4215 impertit
603 4144 947 4214 profectum,
981 4161 1096 4198 non
1129 4143 1350 4198 amittit
1388 4147 1774 4201 naturam.Et
1822 4147 1962 4202 dum

310 4230 674 4288 nativitatem
709 4249 885 4304 quam
909 4231 1070 4287 dedit
1100 4249 1204 4304 per
1252 4232 1580 4288 indiscretos
1633 4239 1854 4291 natura:
1886 4237 1963 4292 si-

311 4319 703 4376 militudinem
737 4321 1022 4392 sequitur,
1053 4324 1110 4375 et
1141 4319 1418 4376 nativitas
1441 4337 1736 4394 cam,qua3
1768 4325 1966 4382 vivens

311 4426 378 4466 ex
401 4409 627 4466 vivente
653 4413 764 4477 est,
801 4413 1072 4464 naturam
1105 4410 1398 4464 nascendo
1429 4426 1546 4465 non
1591 4411 1828 4468 deserit.
1878 4414 1972 4474 Af.

310 4499 422 4555 fert
438 4503 635 4554 autem
655 4514 758 4570 pro
778 4501 940 4568 parte
954 4496 1088 4552 ﬁdei
1107 4496 1286 4568 huius
1304 4497 1796 4570 signiﬁcationem
1816 4502 1969 4575 ignis

2080 606 2215 662 tatis
2247 608 2571 680 profectum
2600 612 2820 663 natura:
2851 605 3010 662 nulla
3040 604 3288 661 defectio
3319 603 3416 670 sit,
3441 607 3498 658 et
3527 606 3725 658 tamen

2077 695 2154 751 sit
2183 695 2380 751 lumen
2413 715 2482 752 ex
2510 696 2881 752 lumine.Aut
2910 695 3176 767 nunquid
3211 693 3319 748 hoc
3366 709 3480 747 non
3528 695 3725 746 manet

2077 786 2134 839 in
2167 802 2254 852 eo,
2289 787 2442 856 quod
2475 801 2543 840 ex
2574 801 2700 840 sese
2734 785 2859 840 sine
2893 784 3215 839 defectione
3255 781 3582 838 subsistat?
3609 782 3727 835 Aut

2073 874 2182 929 hoc
2214 893 2327 929 non
2379 876 2532 929 inest
2581 875 2636 928 in
2668 892 2756 941 eo,
2788 875 2943 928 unde
2975 890 3089 927 non
3139 888 3432 926 recessum
3479 874 3586 937 est,
3620 870 3722 925 sed

2071 980 2205 1018 cum
2241 963 2462 1018 unitate
2495 961 2838 1019 substantia:
2871 961 3156 1016 naturalis
3183 959 3397 1015 exivit?
3428 960 3497 1014 Et
3527 976 3722 1030 qurere

2070 1070 2219 1108 anne
2241 1069 2356 1107 non
2380 1069 2563 1107 unum
2594 1052 2884 1118 sint,cum
2906 1049 3108 1104 lumen
3131 1065 3198 1104 ex
3236 1046 3458 1103 lumine
3499 1063 3604 1101 nec
3634 1046 3722 1099 di-

2066 1140 2286 1196 visione
2319 1140 2662 1212 separabilis
2695 1139 2793 1207 sit,
2821 1156 2926 1194 nec
2947 1154 3155 1212 genere
3186 1136 3448 1192 natura?
3477 1135 3548 1190 Et
3575 1134 3720 1202 haec,

2067 1234 2134 1284 ut
2163 1228 2301 1297 dixi,
2335 1231 2407 1284 ad
2439 1228 2886 1302 intelligentiam
2927 1232 3160 1283 tantum
3207 1224 3343 1280 ﬁdei
3382 1227 3724 1296 comparata

2066 1317 2204 1373 sint.
2239 1335 2354 1373 non
2383 1317 2560 1374 etiam
2607 1317 2676 1372 ad
2728 1316 2828 1372 Dei
2861 1315 3228 1389 dignitatem,
3263 1317 3330 1369 ut
3360 1329 3474 1368 non
3523 1311 3722 1384 potius

2066 1405 2511 1478 intelligentiam
2531 1403 2912 1461 invisibilium
2935 1421 3002 1458 ex
3017 1400 3515 1474 comparabilibus
3531 1415 3723 1455 sume-

2064 1510 2412 1560 remus,non
2434 1493 2736 1566 utique,ut
2767 1491 3006 1564 aliquod
3024 1495 3247 1546 naturae
3279 1489 3378 1545 Dei
3422 1487 3721 1544 satisface-

2063 1587 2150 1638 ret
2179 1582 2634 1654 comparationis
2663 1581 3168 1654 exemplum,cum
3207 1579 3452 1651 dignum
3501 1581 3560 1632 et
3581 1577 3714 1649 jus-

2062 1676 2190 1728 tum
2221 1675 2376 1728 esset
2406 1671 2645 1726 testanti
2681 1671 2752 1726 de
2783 1686 2844 1726 se
2875 1669 2992 1726 Deo
3023 1667 3276 1724 credere.

2327 1787 2462 1844 CAP.
2495 1787 2563 1842 V.
2596 1817 2664 1826 ——
2687 1786 2763 1842 De
2789 1786 2886 1841 Dei
2916 1785 3098 1840 Patris
3127 1782 3452 1838 substantia.

1981 1887 2028 1953 Β
2131 1903 2296 1958 Pater
2325 1907 2416 1959 est
2443 1917 2512 1958 ex
2541 1918 2655 1974 quo
2685 1916 2859 1956 omne
2881 1899 3036 1972 quod
3060 1903 3152 1954 est
3177 1897 3468 1954 consistit.
3494 1897 3624 1970 Ipse
3657 1897 3715 1951 in

2060 1992 2290 2048 Christo
2320 1996 2378 2046 et
2415 2007 2518 2064 per
2561 1989 2858 2046 Christum
2897 1987 3057 2060 origo
3105 1987 3394 2042 omnium.
3425 1986 3712 2042 Caeterum

2061 2082 2190 2153 ejus
2221 2081 2280 2136 in
2313 2097 2440 2136 sese
2470 2085 2579 2147 est,
2613 2096 2728 2135 non
2761 2077 2998 2133 aliunde
3027 2077 3184 2150 quod
3213 2080 3303 2132 est
3323 2092 3590 2142 sumens,
3615 2075 3719 2131 sed

2064 2171 2123 2226 id
2155 2171 2311 2243 quod
2342 2174 2430 2226 est
2459 2187 2529 2226 ex
2575 2183 2637 2225 se
2677 2171 2852 2241 atque
2897 2167 2958 2223 in
2989 2183 3052 2223 se
3081 2166 3410 2223 continens.
3446 2166 3720 2222 Inﬁnitus

2065 2260 2204 2332 quia
2225 2276 2340 2314 non
2361 2259 2486 2332 ipse
2518 2257 2577 2313 in
2609 2257 2945 2330 aliquo,sed
2968 2257 3132 2336 _intra
3161 2271 3298 2311 eum
3320 2255 3540 2310 omnia.
3566 2255 3729 2310 Sem-

2070 2365 2174 2422 per
2204 2353 2367 2405 extra
2393 2347 2608 2415 locum,
2645 2346 2782 2420 quia
2811 2363 2928 2402 non
2951 2345 3286 2401 continetur
3315 2344 3374 2399 in
3404 2343 3728 2400 loco.Sem-

2069 2455 2172 2511 per
2201 2442 2336 2494 ante
2369 2454 2574 2503 aevum,
2610 2436 2748 2508 quia
2778 2439 3013 2508 tempus
3042 2435 3116 2490 ab
3146 2451 3214 2489 eo
3245 2437 3336 2489 est
3355 2436 3516 2489 extra
3549 2449 3726 2506 quem

2068 2526 2213 2582 nihil
2255 2529 2363 2593 est,
2398 2529 2457 2580 et
2504 2519 2604 2580 cui
2645 2529 2734 2579 est
2783 2538 3035 2596 semper,
3060 2527 3126 2578 ut
3169 2538 3402 2594 semper
3446 2521 3545 2578 sit.
3597 2521 3726 2577 Haec

2064 2615 2278 2671 veritas
2335 2619 2426 2670 est
2491 2613 2843 2670 sacramenti
2903 2612 3028 2680 Dei,
3088 2611 3195 2666 hoc
3255 2608 3729 2683 imperspieabile

2068 2709 2292 2760 natura)
2325 2719 2536 2758 nomen
2568 2702 2627 2757 in
2660 2702 2849 2757 Patre.
2882 2699 3002 2756 Soli
3047 2700 3190 2756 Filio
3221 2702 3421 2765 notus,
3454 2697 3595 2770 quia
3619 2697 3725 2754 Pa-

2066 2798 2218 2849 trem
2251 2807 2422 2847 nemo
2453 2791 2613 2846 novit
2641 2789 2753 2845 nisi
2783 2787 2984 2856 Filius,
3017 2792 3076 2844 et
3121 2787 3213 2844 cui
3261 2786 3511 2842 voluerit
3543 2785 3726 2842 Filius

2067 2878 2341 2936 revelare.
2375 2879 2524 2952 Ergo
2572 2878 2644 2934 de
2695 2877 3026 2933 Patreouna
3063 2892 3199 2931 cum
3251 2875 3396 2931 Filio
3436 2873 3728 2930 revelante

2071 2968 2236 3038 Filio,
2271 2967 2370 3041 qui
2403 2966 2526 3022 solo
2556 2966 2724 3024 testis
2757 2965 2948 3022 ﬁdelis
2977 2969 3090 3031 est,
3114 2964 3463 3021 sentiamus.

2210 3081 2344 3138 CAP.
2377 3079 2472 3136 VI.
2506 3112 2572 3122 —
2601 3080 2676 3136 De
2703 3081 2988 3136 nativitate
3016 3079 3150 3134 Filii
3177 3079 3276 3135 Dei
3302 3093 3373 3134 ex
3400 3079 3582 3134 Patre.

2135 3198 2212 3269 (1)
2245 3195 2457 3252 Filium
2481 3211 2648 3252 mens
2677 3197 3088 3250 consternatur
3107 3194 3418 3267 attingere,
3442 3199 3500 3249 et
3538 3192 3723 3264 trepi-

2065 3287 2164 3342 dat
2193 3285 2387 3342 omnis
2418 3300 2610 3340 sermo
2636 3300 2698 3340 se
2719 3283 3102 3356 prodere.Est
3122 3283 3430 3356 progenies
3452 3281 3722 3354 ingeniti,

2064 3391 2218 3431 unus
2250 3390 2319 3430 ex
2349 3390 2486 3441 uno,
2506 3389 2679 3429 verus
2711 3389 2746 3428 a
2772 3373 3115 3442 vero,vivus
3145 3389 3180 3426 a
3205 3371 3358 3442 vivo,
3372 3371 3666 3444 perfectus
3695 3387 3731 3426 a

2065 3461 2340 3538 perfecto,
2371 3460 2606 3517 virtutis
2634 3461 2839 3529 virtus,
2865 3460 3154 3532 sapientia
3185 3458 3508 3532 sapientiae,
3541 3457 3731 3532 gloria

2065 3551 2492 3627 gloriae,imago
2523 3549 2838 3605 invisibilis
2870 3549 3200 3618 Dci,forma
3232 3548 3420 3604 Patris
3451 3547 3727 3622 ingeniti.

2067 3642 2128 3698 Si
2159 3639 2292 3713 quis
2326 3639 2471 3695 forte
2493 3637 2895 3712 intelligentiae
2917 3656 3036 3694 sua;
3065 3638 3383 3710 imputabit
3402 3637 3729 3711 generatio-

2069 3729 2160 3784 nis
2189 3727 2392 3783 divina:
2425 3731 2883 3795 sacramentum,
2917 3727 2974 3781 id
3025 3730 3116 3782 est
3162 3724 3416 3798 qualiter
3458 3724 3731 3799 genuerit

2071 3819 2239 3874 Pater
2269 3816 2482 3874 Filium
2513 3833 2628 3872 non
2660 3831 2832 3889 posse
2853 3831 2915 3872 se
2946 3814 3246 3887 consequi,
3271 3831 3406 3870 cum
3438 3819 3636 3870 tamen
3669 3818 3729 3868 et

2071 3908 2239 3963 Pater
2281 3905 2360 3962 sit
2407 3904 2673 3962 absolute
2705 3903 3145 3979 intelligendus,
3179 3909 3238 3960 et
3269 3903 3472 3975 Filius,
3508 3904 3729 3975 majore

2071 3995 2231 4050 istud
2263 3994 2460 4049 dolore
2490 4012 2525 4050 a
2550 4011 2643 4049 me
2664 3993 2864 4050 audiet
2894 3993 3171 4066 ignorari.
3199 3993 3318 4066 Ego
3365 3993 3584 4059 nescio,
3609 4009 3726 4046 non

2071 4082 2321 4154 requiro,
2345 4087 2402 4137 et
2431 4081 2775 4138 consolabor
2813 4097 2905 4136 me
2945 4085 3164 4137 tamen.
3197 4081 3544 4152 Archangeli
3598 4097 3730 4135 nes-

2073 4171 2256 4239 ciunt,
2290 4169 2482 4242 angeli
2533 4187 2647 4226 non
2681 4171 3031 4240 _audierunt,
3068 4169 3286 4226 saecula
3336 4185 3451 4224 non
3510 4173 3730 4234 tenent,

2075 4259 2358 4332 propheta
2407 4275 2522 4314 non
2569 4258 2774 4327 sensit,
2805 4257 3119 4331 Apostolus
3167 4275 3280 4314 non
3326 4257 3728 4330 interrogavit,

2076 4347 2258 4404 Filius
2309 4348 2432 4419 ipse
2481 4364 2597 4402 non
2624 4347 2827 4402 edidit.
2878 4345 3078 4403 Cesset
3126 4345 3296 4402 dolor
3335 4343 3732 4418 querelarum.

2075 4437 2222 4492 Nam
2249 4441 2326 4503 te,
2362 4435 2632 4508 quisquis
2661 4452 2746 4503 es,
2764 4435 2864 4508 qui
2885 4435 3006 4491 haec
3025 4435 3426 4508 requiris,non
3449 4450 3650 4491 revoco
3674 4435 3733 4490 in

2075 4523 2430 4598 exemplum,
2450 4541 2564 4580 non
2586 4523 2645 4578 in
2669 4523 3122 4596 amplitudinem
3147 4523 3475 4592 tendo,non
3509 4523 3734 4578 deduco

312 4605 371 4642 ¹¹¹
399 4603 463 4642 se
491 4601 687 4686 ‘Enf’m
729 4585 975 4686 habia“:
1003 4589 1151 4686 mf"
1182 4601 1316 4685 {effe
1348 4603 1501 4686 ‘3'?”
1533 4605 1798 4686 manfms'
1823 4592 1968 4686 ξηαπ)
1998 4618 2047 4684 D
2076 4614 2136 4669 in
2168 4612 2766 4686 profundum.Nonne
2805 4612 3214 4684 aequanimiter
3256 4611 3551 4685 ignorabis
3572 4612 3736 4666 Crea-

312 4691 448 4731 cum
479 4672 557 4728 sit
579 4673 637 4726 in
660 4687 727 4728 eo
759 4672 1036 4742 splendor
1065 4671 1328 4742 luminis,
1349 4680 1566 4731 naturis
1593 4677 1768 4746 calor,
1785 4679 1970 4736 virtus

310 4758 853 4827 urendi,mobilitas
883 4760 1192 4828 mstuandi,
1224 4765 1411 4819 totum
1444 4768 1642 4820 tamen
1675 4765 1830 4840 ignis
1859 4775 1950 4824 est

312 4855 371 4906 et
421 4849 543 4904 haec
573 4847 847 4904 universa
875 4866 993 4904 una
1026 4854 1236 4906 natura
1265 4857 1373 4907 est.
1404 4851 1590 4909 Habet
1621 4828 1860 4926 quidem
1906 4828 1975 4913 (δέ

311 4937 656 4996 inﬁrmitate
686 4938 842 5010 quod
866 4954 970 5011 per
1000 4939 1310 4996 materiam
1343 4941 1618 4998 subsistit
1640 4960 1708 5000 ac
1731 4944 1890 5014 vivit,
1917 4952 1976 5003 et

312 5044 448 5084 cum
481 5044 549 5083 ea
578 5043 681 5100 per
701 5043 879 5099 quam
909 5026 1150 5096 vixerat,
1179 5029 1397 5088 deﬁcit.
1417 5031 1528 5087 Sed
1561 5031 1671 5088 hoc
1703 5035 1856 5106 quod
1892 5035 1978 5113 in_

313 5115 610 5189 corporale
631 5115 729 5170 Dei
759 5119 850 5172 est
869 5133 937 5171 ex
959 5117 1466 5189 comparationum
1489 5125 1653 5192 parte
1675 5124 1972 5196 cognosci.

315 5209 550 5271 mus,ut
578 5223 692 5259 non
724 5204 1065 5261 incredibile
1093 5208 1152 5262 in
1179 5208 1361 5263 Deum
1385 5209 1481 5275 sit,
1499 5211 1654 5280 quod
1677 5229 1780 5283 pro
1804 5218 1968 5285 parte

313 5294 511 5366 aliqua
537 5293 593 5347 in
645 5294 892 5349 terrenis
925 5295 1250 5366 reperiatur
1280 5297 1604 5354 elementis.
1623 5302 1826 5366 Quer
1868 5302 1972 5356 ita-

315 5401 427 5457 que
450 5400 606 5438 nunc
637 5387 836 5437 utrum
876 5383 1082 5438 divisio
1115 5402 1180 5438 ac
1206 5387 1496 5457 separatio
1529 5389 1624 5454 sit,
1650 5405 1785 5444 cum
1816 5391 1970 5463 ignis

315 5489 383 5528 ex
413 5472 547 5545 igne
578 5472 706 5526 est?
735 5473 850 5526 Aut
870 5471 1136 5543 nunquid
1162 5473 1488 5530 absciditur
1508 5481 1738 5546 natura,
1756 5495 1825 5533 nc
1849 5495 1970 5534 ma-

317 5561 490 5617 neat?
521 5561 634 5614 Aut
667 5577 780 5614 non
812 5560 1078 5632 sequitur
1122 5565 1352 5628 natura,
1382 5580 1453 5618 ne
1481 5563 1667 5620 insit?
1697 5583 1832 5622 cum
1878 5585 1972 5624 ac-

389 5649 464 5722 (1)
493 5646 638 5702 Vide
657 5648 714 5703 S.
747 5647 951 5716 Hilar.,
984 5647 1086 5706 lib.
1121 5665 1162 5704 ιι
1195 5649 1265 5705 de
1295 5649 1456 5706 Trin.

2081 4703 2224 4758 toris
2247 4701 2610 4757 nativitatem
2642 4701 2918 4774 ignorans
2939 4701 3225 4773 originem
3265 4699 3584 4756 creaturae?
3615 4699 3735 4755 Hoc

2081 4790 2290 4847 saltem
2323 4790 2574 4861 requiro,
2607 4789 2868 4845 sentisne
2918 4793 2974 4844 te
3012 4788 3304 4862 genitum,
3335 4793 3393 4844 et
3423 4805 3548 4860 qua:
3578 4803 3647 4842 ex
3677 4791 3736 4842 te

2081 4883 2432 4954 generentur
2450 4877 2730 4952 intelligis
2745 4877 2774 4934 ?
2796 4878 2921 4934 Non
2942 4894 3136 4951 quaero
3157 4893 3398 4933 sensum
3420 4875 3575 4932 unde
3595 4875 3739 4932 hau-

2083 4968 2230 5025 seris
2261 4967 2461 5035 vitam,
2495 4967 2648 5022 unde
2679 4967 2922 5022 sortitus
2955 4966 3038 5022 sis
3075 4965 3545 5039 intelligentiam,
3579 4964 3736 5020 unde

2083 5058 2330 5130 adeptus
2362 5056 2444 5112 sis
2470 5071 2482 5110 :
2517 5054 2688 5128 quale
2719 5060 2809 5112 est
2830 5055 2985 5127 quod
3018 5055 3077 5109 in
3109 5058 3166 5111 te
3197 5054 3276 5110 sit
3307 5053 3468 5122 odor,
3502 5068 3734 5120 sensus,

2083 5136 2264 5213 visus,
2281 5143 2557 5200 auditus?
2580 5144 2748 5200 Certe
2769 5161 2940 5199 nemo
2957 5143 3111 5216 quod
3147 5143 3288 5198 facit
3307 5141 3515 5198 nescit.
3535 5143 3738 5208 Quaero

2078 5236 2233 5291 unde
2258 5235 2371 5290 ista
2399 5233 2492 5289 his
2518 5250 2664 5306 quos
2685 5249 2926 5306 generes
2949 5231 3288 5306 indulgeas;
3319 5230 3573 5303 qualiter
3601 5247 3741 5286 sen-

2080 5342 2183 5380 sus
2215 5325 2462 5393 inseras,
2493 5322 2694 5378 oculos
2745 5322 3052 5390 ascendas,
3076 5339 3176 5376 cor
3225 5320 3475 5393 afﬂigas.
3507 5319 3664 5387 Hzec,
3688 5318 3736 5374 si

2081 5417 2266 5486 potes,
2299 5430 2527 5468 enarra.
2561 5411 2749 5466 Habes
2797 5427 2934 5484 ergo
2981 5410 3136 5483 quod
3193 5409 3402 5475 nescis,
3427 5411 3485 5464 et
3524 5408 3740 5488 tribuis

2082 5517 2208 5574 qua:
2241 5519 2353 5556 non
2389 5499 2688 5572 intelligis,
2721 5499 3128 5570 aequanimiter
3158 5497 3469 5572 imperitus
3501 5497 3561 5552 in
3593 5497 3735 5564 tuis,

2083 5588 2403 5647 insolenter
2431 5589 2491 5645 in
2519 5587 2620 5644 Dci
2654 5587 2828 5645 rebus
2861 5587 3101 5661 ignarus
3131 5604 3216 5644 es.
