4076 6174
220 332 328 398 381

874 469 1032 526 Recta
1058 466 1216 542 ﬁdes.

292 558 422 614 Stat
451 556 509 612 in
544 556 652 613 hoc
684 558 1071 631 intelligentia
1092 560 1205 615 fine
1226 561 1665 617 verborumEst
1686 560 1868 615 Filius

221 648 295 703 ab
324 664 393 702 co
424 647 591 703 Patre
622 648 720 719 qui
750 651 859 703 est.
896 648 1242 721 Unigenitus
1274 650 1344 705 ab
1377 650 1866 721 ingenito,proge-

220 737 349 792 nies
378 754 413 792 a
442 740 703 808 parente,
736 737 900 791 vivus
932 755 965 791 a
994 737 1140 792 vivo.
1174 738 1247 792 Ut
1297 738 1484 793 Patris
1530 737 1649 792 vita
1687 738 1745 791 in
1779 754 1867 791 se-

220 827 495 897 metipso,
528 825 609 880 ita
637 829 693 879 et
726 824 868 880 Filio
898 826 1035 879 data
1064 826 1293 880 estvita
1316 826 1377 880 in
1399 826 1871 897 semetipso.Per~

219 915 410 969 fectus
440 931 473 968 a
505 914 778 985 perfecto,
813 915 952 985 quia
985 918 1143 969 totus
1165 932 1198 969 a
1225 915 1511 969 toto.Non
1535 914 1870 981 divisio,aut

217 1001 514 1066 discissio,
548 1001 687 1071 quia
711 1001 858 1055 alter
889 1001 945 1054 in
980 1001 1246 1067 altero,et
1275 1000 1574 1071 plenitudo
1606 1001 1871 1054 divinita-

215 1089 301 1143 tis
318 1090 374 1143 in
397 1087 537 1142 Filio
559 1092 669 1142 est.
706 1086 1318 1158 Incomprehensibilis
1336 1088 1407 1141 ab
1426 1087 1867 1159 incomprehen-

215 1177 403 1232 sibili.
435 1176 605 1231 Novit
632 1176 788 1231 enim
823 1192 990 1231 nemo
1022 1176 1136 1231 nisi
1174 1176 1765 1231 invicem.Invisibi1is
1797 1176 1868 1230 ab

213 1265 525 1333 invisibili,
556 1265 696 1338 quia
726 1265 919 1337 imago
950 1265 1051 1320 Dei
1075 1264 1387 1320 invisibilis
1407 1269 1515 1332 est,
1534 1269 1591 1320 et
1612 1264 1751 1335 quia
1769 1263 1870 1335 qui

210 1356 370 1411 vidit
412 1354 642 1420 Filium,
676 1354 820 1408 vidit
862 1357 917 1408 et
948 1354 1196 1408 Patrem.
1228 1353 1392 1409 Alius
1441 1354 1511 1408 ab
1562 1353 1697 1423 alio,
1732 1353 1872 1424 quia

214 1445 394 1501 Pater
422 1448 477 1499 et
510 1442 712 1500 Filius.
745 1441 871 1498 Non
906 1446 1117 1497 natura
1148 1442 1474 1497 divinitatis
1505 1441 1619 1497 alia
1649 1447 1704 1498 et
1733 1440 1868 1506 alia,

213 1535 365 1606 quia
395 1534 567 1589 ambo
598 1549 804 1587 unum.
840 1532 994 1587 Deus
1016 1549 1049 1587 a
1070 1532 1305 1588 Deo.Ab
1329 1548 1443 1586 uno
1473 1530 1730 1603 ingenito
1754 1530 1871 1585 Deo

215 1621 564 1695 unigenitus
594 1621 768 1676 Deus.
791 1620 917 1676 Non
951 1621 1030 1676 dii
1053 1621 1190 1686 duo,
1206 1621 1304 1675 sed
1329 1637 1483 1675 unus
1510 1620 1580 1674 ab
1600 1618 1870 1674 uno.Non

212 1711 470 1784 ingeniti
519 1711 656 1778 duo,
690 1709 829 1782 quia
876 1714 1050 1765 natus
1097 1714 1186 1765 est
1235 1709 1306 1765 ab
1356 1709 1576 1763 innato.
1608 1706 1768 1763 Alter
1798 1707 1870 1762 ab

210 1802 402 1858 altero
433 1799 579 1857 nihil
609 1799 904 1866 differens,
940 1798 1078 1871 quia
1105 1797 1221 1853 vita
1249 1798 1495 1853 viventis
1518 1797 1577 1851 in
1605 1797 1731 1852 vivo
1757 1801 1867 1852 est.

206 1891 348 1947 Haec
377 1891 450 1946 de
480 1893 692 1946 natura
723 1887 1045 1943 divinitatis
1074 1885 1398 1960 attigimus,
1424 1902 1538 1943 non
1572 1901 1867 1941 summam

204 1978 615 2051 intelligentiae
674 1976 1255 2050 comprehendentes,
1317 1977 1417 2032 sed
1479 1973 1868 2047 intelligentes

203 2086 343 2125 esse
375 2065 998 2139 incomprehensibilia
1026 2082 1155 2137 quae
1176 2064 1508 2137 loquamur.

276 2158 417 2213 CAP.
448 2155 569 2212 VII.
603 2186 673 2195 -—-
703 2154 777 2210 De
800 2155 910 2226 ﬁlii
940 2155 1037 2209 Dei
1065 2156 1411 2226 generatione
1438 2170 1508 2209 ex
1535 2161 1729 2208 matre.

281 2245 540 2303 Humani
563 2248 761 2300 autem
790 2242 1022 2315 generis
1053 2259 1232 2298 causa
1263 2243 1365 2298 Dei
1396 2242 1577 2298 Filius
1600 2246 1776 2297 natus
1800 2258 1867 2296 ex

203 2335 456 2408 Virgine
484 2338 593 2401 est,
617 2338 675 2390 et
698 2331 919 2405 Spiritu
950 2337 1149 2388 sancto
1173 2332 1301 2405 ipso
1324 2331 1437 2388 sibi
1458 2332 1518 2386 in
1542 2331 1652 2386 hac
1672 2347 1868 2404 opera-

205 2427 374 2481 tione
407 2423 727 2479 famulante
746 2426 804 2477 et
825 2439 934 2476 sua
953 2420 1221 2476 videlicet
1244 2421 1343 2476 Dei
1366 2421 1741 2476 inumbrante
1758 2420 1868 2474 vir-

205 2518 345 2569 tute
372 2511 632 2585 corporis
662 2511 776 2567 sibi
808 2509 978 2565 initia
1006 2509 1305 2577 conscivit,
1323 2514 1381 2565 et
1410 2509 1644 2565 exordia
1673 2509 1867 2564 carnis

209 2602 504 2669 instituit,
539 2606 604 2656 ut
630 2601 806 2655 homo
837 2599 1027 2654 factus
1059 2615 1129 2654 ex
1155 2598 1394 2671 Virgine
1423 2602 1693 2653 naturam
1724 2598 1783 2652 in
1805 2614 1866 2652 se

205 2692 415 2748 carnis
443 2691 749 2762 acciperet,
773 2705 990 2760 perque
1019 2688 1198 2759 hujus
1229 2687 1599 2744 admistionis
1621 2686 1864 2743 societa-

207 2789 337 2837 tem
370 2780 801 2836 sanctificatum
850 2777 910 2831 in
941 2794 1006 2832 eo
1040 2776 1295 2833 universi
1341 2777 1572 2850 generis
1619 2776 1865 2832 humani

206 2889 433 2943 corpus
480 2871 768 2925 existeret.
803 2867 875 2923 Ut
910 2867 1407 2939 quemadmodum
1446 2882 1664 2923 omnes
1712 2866 1770 2919 in
1802 2881 1864 2920 se

205 2978 320 3034 per
343 2960 399 3014 id
433 2959 587 3031 quod
620 2973 964 3029 corporeum
986 2971 1048 3010 se
1069 2954 1255 3010 voluit
1276 2971 1425 3023 esse,
1450 2954 1864 3022 conderentur,

203 3050 291 3104 ita
324 3064 562 3103 rursum
595 3048 654 3102 in
688 3062 891 3101 omnes
922 3046 1046 3117 ipse
1078 3061 1180 3117 per
1202 3044 1260 3100 id
1283 3045 1439 3117 quod
1462 3045 1591 3115 ejus
1614 3041 1863 3098 estinvi-

203 3137 384 3194 sibile
411 3136 744 3191 referretur.
779 3134 881 3190 Dei
914 3134 1096 3208 igitur
1124 3134 1317 3206 imago
1344 3131 1656 3189 invisibilis
1686 3132 1866 3204 pudo-

1275 336 1507 400 LIBER
1547 338 1651 399 DE
1693 336 2056 400 CORPORE
2102 336 2200 399 ET
2243 336 2580 403 CHRISTI.

1899 1842 1950 1909 B

3502 348 3622 411 382

1898 473 1953 539 Α
1982 472 2240 527 affertur.
2275 472 2356 527 De
2386 472 2607 529 incensi
2634 473 2759 532 loco
2791 475 3060 533 sacerdos
3082 480 3286 535 mutus
3306 479 3620 551 egreditur.

1977 560 2229 614 Joannes
2243 558 2302 614 in
2322 577 2517 616 vocem
2537 562 2729 619 adhuc
2750 567 2912 620 utero
2931 566 3134 621 matris
3151 567 3420 624 detentus
3435 586 3626 625 erum-

1978 648 2081 719 pit.
2117 648 2359 705 Mariam
2383 651 2626 723 angelus
2650 652 2962 719 benedicit,
2978 659 3223 710 matrem
3242 656 3369 711 Filii
3394 657 3491 713 Dei
3510 658 3621 713 vir-

1977 736 2173 809 ginem
2200 737 2523 808 pollicetur.
2558 740 2661 797 Illa
2687 741 3037 815 virginitatis
3064 761 3183 800 suae
3207 747 3587 813 conscia,diffi
3606 779 3625 789 -

1979 824 2193 881 cultate
2216 827 2348 881 facti
2368 832 3057 904 eommovctur.Angelus
3077 834 3128 887 ei
3150 835 3624 891 efﬁcientiamilh

1976 913 2122 968 vinae
2153 915 2507 986 operationis
2537 919 2803 990 exponit;
2828 921 2909 975 ait
2938 921 3124 977 enim:
3150 924 3387 994 Spiritus
3408 934 3625 982 sanctus

1977 1004 2317 1073 superveniet
2349 1006 2405 1058 in
2436 1014 2504 1074 te,
2534 1015 2586 1061 et
2612 1010 2782 1062 uirtus
2821 1009 3089 1065 Altissimi
3134 1013 3475 1069 obumbrabit
3502 1016 3621 1071 tibi.

1979 1090 2231 1162 Spiritus
2263 1098 2504 1149 sanctus
2534 1094 2786 1166 desuper
2812 1096 3049 1151 veniens
3078 1098 3333 1170 Virginis
3354 1100 3629 1158 interiora

1980 1180 2383 1249 sanctiﬁcavit,
2415 1186 2472 1237 et
2494 1182 2551 1237 in
2585 1182 2677 1239 his
2708 1183 2959 1255 spirans,
2986 1185 3087 1256 qui
3110 1187 3208 1242 ubi
3230 1188 3353 1243 vult
3374 1190 3626 1262 Spiritus

1980 1268 2182 1340 spirat,
2217 1275 2440 1325 naturae
2473 1289 2535 1326 se
2567 1272 2838 1328 humanae
2869 1274 3063 1329 carnis
3094 1274 3435 1332 immiscuit.
3470 1280 3538 1334 Et
3568 1279 3625 1335 id

1981 1358 2136 1429 quod
2189 1358 2443 1414 alienum
2477 1377 2510 1415 a
2540 1377 2601 1415 se
2631 1365 2773 1427 erat,
2807 1360 2861 1415 vi
2892 1380 2999 1418 sua
3047 1380 3113 1419 ac
3166 1369 3453 1436 potestate
3483 1384 3626 1439 prze-

1979 1446 2254 1518 sumpsit.
2288 1449 2476 1520 Atque
2508 1453 2573 1503 ut
2602 1466 2673 1504 ne
2702 1450 2843 1517 quid
2875 1467 2979 1523 per
3006 1450 3465 1511 imbecillitatem
3516 1454 3626 1511 hu-

1980 1534 2140 1590 mani
2171 1536 2430 1607 corporis
2460 1537 2787 1607 dissideret,
2810 1538 2996 1594 virtus
3025 1540 3297 1596 altissimi
3329 1542 3626 1615 Virginem

1979 1623 2313 1691 obumbrat,
2339 1624 2739 1681 inﬁrmitatem
2769 1627 2898 1697 ejus
2918 1627 3079 1683 velut
3099 1645 3202 1700 per
3224 1631 3496 1687 umbram
3516 1632 3627 1687 cir-

1980 1711 2312 1767 cumfusam
2344 1713 2793 1782 confirmans,ut
2817 1717 2886 1771 ad
2918 1718 3306 1773 sementinam
3336 1719 3628 1776 incenatis

1981 1799 2235 1871 Spiritus
2265 1800 2586 1858 efficaciam
2626 1803 3020 1859 substantiam
3041 1807 3398 1877 corporalem
3419 1808 3627 1865 divinae

1978 1887 2212 1944 virtutis
2242 1888 2605 1946 inumbratio
2654 1895 3022 1964 temperaret.
3056 1894 3184 1949 Haec
3232 1897 3628 1968 conceptionis

1976 1982 2068 2033 est
2094 1978 2373 2050 dignitas.
2406 1978 2726 2035 Videamus
2756 1984 3010 2052 partum,
3044 1982 3304 2054 vagitum
3335 1989 3394 2039 et
3419 2001 3624 2054 cunas,

1977 2064 2233 2138 dignitas
2264 2083 2392 2138 quae
2415 2071 2718 2146 sequatur.
2740 2069 3024 2141 Loquitur
3044 2071 3115 2126 ad
3143 2072 3361 2144 Josoph
3383 2074 3627 2146 angelus

1978 2154 2301 2227 parituram
2332 2155 2654 2228 Virginem,
2685 2161 2743 2213 et
2763 2174 2921 2225 eum,
2956 2159 3055 2230 qui
3089 2163 3264 2216 natus
3304 2162 3496 2231 fuerit,
3528 2181 3626 2220 vo-

1977 2245 2231 2299 candum
2264 2245 2726 2317 Emmanuelem,
2758 2246 2814 2302 id
2849 2252 2939 2304 est
2963 2264 2975 2302 :
2998 2249 3290 2305 Nobiscum
3318 2253 3478 2308 Deus.
3499 2253 3628 2310 Pro-

1976 2332 2192 2388 clamat
2221 2333 2473 2405 Spiritus
2505 2351 2608 2407 per
2635 2336 3000 2408 prophetam.
3024 2339 3281 2411 Angelus
3312 2341 3480 2397 testis
3512 2346 3623 2411 est,

1977 2421 2131 2477 Deus
2160 2421 2467 2478 nobiscum
2493 2429 2583 2479 est
2611 2423 2708 2480 ille
2733 2425 2833 2497 qui
2865 2426 3145 2481 nascitur.
3180 2428 3405 2485 Novum
3436 2432 3627 2504 magis

1976 2508 2047 2563 de
2077 2508 2220 2564 caelo
2251 2508 2428 2565 stellae
2460 2509 2658 2566 lumen
2690 2512 2947 2581 effertur,
2972 2519 3028 2569 et
3056 2515 3184 2571 caeli
3216 2517 3533 2575 Dominum
3553 2520 3625 2576 si-

1975 2612 2157 2669 gnum
2189 2597 2417 2655 caeleste
2441 2601 3105 2674 prosequitur.Angelus
3128 2607 3462 2677 pastoribus
3483 2627 3627 2664 nun-

1973 2685 2082 2741 tiat
2102 2692 2304 2743 natum
2327 2687 2624 2744 Christum
2648 2690 2901 2758 Domini,
2918 2691 3169 2747 salutem
3192 2695 3621 2754 universorum.

1975 2776 2289 2833 Multitudo
2320 2778 2609 2834 exercitus
2641 2779 2892 2835 caelestis
2942 2780 3002 2835 in
3052 2781 3285 2839 laudem
3334 2788 3624 2858 puerperii

1975 2867 2289 2933 concurrit,
2321 2871 2378 2921 et
2425 2868 2571 2922 tanti
2623 2868 2816 2939 operis
2866 2871 3155 2941 praeconia
3202 2872 3381 2927 divini
3439 2880 3624 2933 coetus

1974 2955 2190 3025 gaudia
2219 2954 2595 3026 eloquuntur.
2630 2956 2826 3012 Gloria
2867 2958 3076 3013 deinde
3106 2958 3165 3013 in
3198 2959 3357 3016 caelis
3399 2962 3538 3031 Deo,
3565 2967 3624 3019 et

1974 3059 2085 3114 pax
2114 3042 2174 3097 in
2207 3047 2360 3098 terra
2383 3043 2724 3101 hominibus
2750 3046 2915 3101 bonae
2947 3046 3261 3104 voluntatis
3290 3050 3617 3107 nuntiatur.

1971 3132 2201 3187 Adsunt
2229 3132 2438 3188 deinde
2467 3133 2644 3205 magi,
2678 3133 3001 3190 involutum
3027 3137 3240 3207 pannis
3267 3139 3533 3207 adorant,
3564 3143 3622 3195 et

204 3242 334 3282 rem
364 3223 611 3279 humani
642 3222 863 3278 exordii
906 3239 1021 3277 non
1064 3222 1373 3277 recusavit.
1407 3222 1476 3276 Et
1502 3237 1606 3293 per
1651 3237 1860 3277 conce-
1892 3211 1936 3279 C
1971 3225 2104 3292 post
2120 3220 2279 3277 illam
2298 3221 2490 3278 inanis
2507 3221 2764 3278 scientiae
2786 3241 2904 3279 suae
2928 3241 3203 3281 arcanam
3224 3226 3620 3299 operationem

206 3314 496 3388 ptionem,
529 3316 788 3385 partum,
816 3310 1081 3383 vagitum
1112 3314 1171 3366 et
1192 3326 1394 3378 cunas,
1416 3326 1618 3365 omnes
1640 3314 1863 3365 naturae

208 3407 426 3459 nostrae
458 3399 845 3456 contumelias
876 3398 1326 3454 transcucurrit.
1351 3397 1498 3464 Quid
1516 3399 1753 3454 tandem
1775 3398 1862 3453 di-

208 3508 393 3567 gnum
408 3490 624 3546 anobis
642 3493 816 3545 tantae
833 3488 1189 3563 dignationis
1212 3488 1443 3543 effectui
1472 3488 1822 3560 rependetur
1836 3488 1864 3543 ?

211 3579 630 3639 Inenarrabilis
647 3596 681 3634 a
697 3580 812 3635 Deo
829 3578 1073 3651 originis
1104 3594 1260 3633 unus
1279 3576 1616 3649 unigenitus
1632 3577 1785 3633 Deus
1801 3577 1862 3632 in

214 3668 550 3743 corpusculi
578 3667 821 3723 humani
855 3668 1105 3723 formam
1144 3670 1359 3721 sanctae
1408 3664 1665 3737 Virginis
1695 3670 1861 3721 utero

214 3761 471 3815 insertus
490 3755 787 3812 accrescit.
803 3756 909 3821 Qui
928 3756 1126 3810 omnia
1141 3753 1421 3821 continet,
1437 3759 1494 3809 et
1514 3754 1667 3809 intra
1687 3770 1861 3825 quem

212 3854 269 3905 et
296 3865 402 3921 per
429 3864 605 3919 quem
635 3848 844 3901 cuncta
875 3849 1035 3912 sunt,
1071 3844 1315 3899 humani
1348 3846 1551 3915 partus
1583 3843 1707 3915 lege
1729 3859 1860 3914 pro-

213 3937 414 3992 fertur.
448 3937 518 3990 Et
549 3935 621 3989 ad
653 3936 823 4008 cujus
851 3951 1050 3989 vocem
1082 3932 1273 4005 angeli
1306 3936 1481 4003 atque
1526 3930 1861 4002 archangeli

210 4028 493 4093 tremunt,
519 4022 752 4089 cmlum,
782 4026 840 4077 et
870 4025 1041 4087 terra,
1085 4026 1144 4076 et
1174 4020 1374 4075 omnia
1423 4020 1628 4075 mundi
1682 4020 1861 4091 hujus

211 4115 499 4171 elementa
532 4111 914 4179 resolventur,
946 4111 1145 4182 vagitu
1179 4108 1437 4163 infantiae
1468 4109 1723 4163 auditur.
1752 4109 1859 4175 Qui

211 4201 519 4259 invisibilis
537 4204 595 4256 et
615 4197 1224 4273 incomprehensibilis
1246 4202 1355 4265 est,
1373 4214 1487 4253 non
1508 4197 1657 4264 visu,
1684 4215 1857 4253 sensu

209 4296 488 4363 tactuque
520 4290 937 4356 moderandus,
972 4288 1141 4344 cunis
1171 4291 1260 4342 est
1291 4286 1622 4342 obvolutus.
1658 4287 1787 4342 Haec
1809 4288 1857 4342 si

207 4382 338 4453 quis
368 4380 618 4452 indigna
644 4379 759 4434 Deo
792 4376 1024 4445 recolet,
1058 4380 1221 4432 tanto
1254 4392 1315 4431 se
1346 4376 1553 4446 majori
1594 4375 1859 4430 beneficii

207 4469 524 4525 obnoxium
555 4466 954 4535 confitebitur,
987 4468 1207 4538 quanto
1239 4464 1436 4519 minus
1456 4464 1575 4518 haec
1599 4463 1700 4518 Dei
1722 4480 1857 4519 con-

207 4558 472 4646 venerint
500 4556 815 4646 majestati.
849 4555 975 4611 Non
993 4553 1102 4646 ille
1133 4554 1293 4627 eguit
1320 4553 1495 4646 homo
1546 4553 1733 4646 effici,
1754 4570 1856 4624 per
1880 4580 1930 4646 D

207 4663 377 4719 quem
410 4645 591 4701 homo
625 4644 815 4700 factus
840 4648 948 4698 est.
986 4643 1098 4699 Sed
1146 4659 1257 4698 nos
1302 4642 1572 4714 eguimus
1604 4646 1669 4697 ut
1700 4641 1855 4698 Deus

207 4753 335 4792 caro
367 4736 538 4790 fieret
566 4738 625 4789 et
653 4733 947 4788 habitaret
975 4732 1035 4786 in
1066 4730 1317 4796 nobis,id
1344 4734 1431 4785 est
1452 4731 1854 4802 assumptione

208 4824 397 4881 carnis
430 4823 611 4878 unius
640 4823 923 4877 universae
950 4820 1144 4876 carnis
1174 4819 1404 4875 interna
1422 4818 1717 4875 incoleret.
1742 4819 1854 4875 Hu-

206 4914 422 4969 militas
472 4913 603 4984 ejus
652 4914 852 4967 nostra
880 4908 1153 4966 nobilitas
1190 4912 1299 4975 est,
1334 4907 1686 4964 contumelia
1723 4909 1851 4980 ejus

202 5001 383 5059 honor
403 5005 609 5057 noster
628 5004 734 5055 est.
754 4999 915 5065 Quod
938 4997 1037 5053 ille
1058 4996 1213 5052 Deus
1228 4996 1287 5050 in
1306 5013 1479 5051 carne
1502 4995 1846 5065 consistens,

201 5089 302 5145 hoc
334 5108 449 5146 nos
477 5087 740 5144 vicissim
771 5086 832 5141 in
860 5087 1045 5143 Deum
1068 5103 1135 5141 ex
1155 5102 1328 5141 carne
1358 5084 1752 5141 renovati.Sed
1778 5104 1849 5142 ne

197 5179 335 5236 forte
360 5180 675 5235 detineant
701 5176 1078 5248 scrupulosas
1110 5174 1399 5229 mentium
1443 5174 1844 5246 cogitationes,

194 5284 372 5336 cuna,
388 5268 650 5340 vagitus,
675 5271 879 5338 partus
901 5269 1073 5336 atque
1094 5262 1418 5334 conceptio;
1433 5262 1850 5339 recolendapst

194 5357 244 5410 in
274 5356 540 5430 singulis
570 5356 671 5411 Dei
704 5354 980 5428 dignitas,
1016 5357 1079 5407 ut
1103 5352 1420 5407 voluntatis
1450 5350 1845 5406 humilitatem

192 5444 503 5515 potestatis
522 5443 768 5499 ambitio
790 5443 1095 5515 praecedat,
1111 5458 1216 5496 nec
1237 5440 1633 5512 dignationem
1657 5440 1846 5511 digni-

192 5538 276 5590 tas
305 5532 708 5605 derelinquat.
740 5532 1059 5587 Videamus
1081 5531 1262 5604 igitur
1282 5547 1408 5601 quae
1431 5529 1551 5585 sint
1572 5528 1849 5600 mysteria

189 5626 538 5696 conceptus.
562 5620 818 5694 Angelus
836 5620 1123 5677 Zachariae
1149 5617 1621 5690 loquitur,sterili
1642 5621 1847 5691 partus

1973 3308 2160 3380 posito
2190 3308 2250 3364 in
2280 3309 2449 3365 cunis
2478 3327 2630 3384 genu
2663 3311 2924 3367 flectunt.
2951 3312 3045 3369 Sic
3073 3331 3175 3385 per
3205 3332 3408 3388 magos
3439 3333 3617 3373 cuna-

1972 3414 2105 3452 rum
2138 3399 2341 3455 sordes
2370 3400 2707 3468 adorantur,
2741 3400 2825 3456 sic
2853 3401 3082 3475 vagitus
3125 3420 3229 3475 per
3275 3405 3618 3478 angelorum

1971 3483 2167 3539 divina
2195 3486 2412 3557 gaudia
2452 3486 2833 3544 honorantur.
2866 3488 2959 3545 Sic
3008 3491 3201 3561 partui
3248 3494 3619 3565 proclamans

1971 3589 2075 3644 per
2089 3573 2432 3645 prophetam
2456 3575 2791 3647 Spiritus,et
2806 3577 2864 3632 id
2883 3578 3075 3650 ipsum
3095 3580 3318 3653 angelis
3337 3584 3619 3641 nuntians

1970 3666 2028 3717 et
2056 3679 2215 3716 novae
2242 3662 2391 3718 lucis
2423 3663 2591 3719 stella
2620 3665 2959 3720 famulatur.
2993 3666 3086 3723 Sic
3116 3668 3285 3725 initia
3338 3673 3618 3728 nascendi

1972 3749 2226 3821 Spiritus
2257 3754 2499 3807 sanctus
2530 3752 3037 3824 superveniens,et
3057 3756 3407 3813 inumbrans
3429 3759 3616 3815 virtus

1969 3838 2253 3894 Altissimi
2280 3838 2537 3894 molitur.
2566 3839 2735 3895 Aliud
2768 3841 3134 3915 intelligitur,
3159 3844 3318 3900 aliud
3348 3845 3610 3915 videtur;

1971 3927 2127 3982 aliud
2161 3928 2367 3995 oculis,
2400 3927 2560 3983 aliud
2593 3929 2789 3983 animo
2818 3930 3196 4002 conspicitur.
3232 3933 3386 3987 Parit
3414 3934 3612 4007 Virgo,

1971 4020 2174 4087 partus
2205 4034 2239 4071 a
2267 4017 2384 4072 Deo
2414 4021 2520 4073 est.
2556 4018 2754 4074 Infans
2784 4019 2958 4095 vagit,
2982 4019 3289 4077 laudantes
3311 4022 3498 4095 angeli
3520 4042 3617 4079 au-

1970 4104 2407 4171 diunt.,Pannis
2436 4106 2649 4172 sordet,
2686 4107 2838 4162 Deus
2869 4108 3167 4163 aduratur.
3195 4109 3280 4164 Ita
3310 4113 3617 4181 potestatis

1972 4192 2229 4265 dignitas
2250 4210 2365 4249 non
2387 4194 2698 4262 amittitur,
2713 4197 2856 4250 dum
2879 4196 3074 4252 carnis
3095 4197 3397 4255 humilitas
3419 4201 3618 4257 adora-

1968 4285 2084 4337 tur.
2111 4282 2220 4337 Par
2238 4282 2417 4338 etiam
2437 4287 2526 4338 est
2545 4282 2779 4354 reliquae
2802 4301 3012 4341 cursus
3033 4286 3219 4341 aetatis
3240 4303 3253 4353 ;
3280 4304 3414 4341 nam
3437 4305 3612 4344 omne

1969 4376 2201 4444 tempus
2233 4373 2386 4444 quod
2421 4371 2480 4427 in
2505 4372 2741 4429 homine
2761 4374 2897 4447 egit,
2923 4375 3023 4430 Dei
3046 4376 3322 4448 operibus
3343 4377 3608 4450 explevit.

1969 4460 2050 4516 De
2081 4460 2334 4533 singulis
2365 4466 2558 4517 autem
2590 4480 2703 4517 non
2725 4468 2814 4519 est
2834 4467 3069 4535 tempus
3091 4464 3335 4520 edicere.
3360 4468 3614 4522 Tantum

1968 4549 2110 4604 illud
2146 4550 2204 4605 in
2227 4549 2512 4605 universis
2532 4550 2814 4607 virtutum
2837 4558 2893 4607 et
2912 4553 3284 4609 curationum
3302 4556 3614 4627 generibus

1967 4639 2364 4694 contuendum
2393 4639 2566 4695 estin
2601 4638 2793 4695 carnis
2837 4641 3240 4713 assumptione
3290 4642 3610 4714 hominem,

1963 4728 2147 4783 Deum
2176 4744 2310 4784 vero
2339 4729 2398 4783 in
2430 4729 2610 4801 gestis
2643 4729 2817 4784 rebus
2851 4730 3115 4785 existere.

1962 4852 2097 4908 CAP.
2129 4851 2279 4908 VIII.
2314 4885 2378 4893 —-
2409 4855 2702 4909 Dominum
2729 4861 2977 4928 nostrum
3002 4854 3187 4909 Iesum
3217 4854 3493 4928 Christum
3510 4873 3611 4928 per

2031 4931 2367 4995 assumptum
2394 4940 2614 4979 carnem
2641 4925 2972 4979 naturaliter
2997 4941 3220 4980 manere
3259 4927 3317 4979 in
3347 4925 3525 4991 nobis,
3558 4936 3612 4983 et

2029 5012 2127 5050 nos
2154 5012 2253 5078 per
2272 4997 2667 5067 percepth
2697 4997 2936 5067 corporis
2958 5003 3008 5050 ct
3033 4998 3321 5066 sanguinis
3345 4998 3462 5068 ejus
3489 5015 3608 5053 ma-

2028 5083 2158 5122 nere
2186 5085 2246 5122 ιη
2275 5084 2356 5123 80.

2029 5172 2088 5227 Si
2119 5189 2250 5226 vere
2281 5171 2536 5227 Verbum
2566 5188 2699 5226 caro
2731 5172 2946 5225 factum
2979 5175 3086 5237 est,
3109 5176 3167 5226 et
3184 5189 3312 5227 vere
3336 5190 3442 5228 nos
3464 5173 3606 5229 Ver-

1957 5262 2099 5317 bum
2122 5277 2357 5315 carncm
2380 5259 2507 5314 cibo
2525 5257 2825 5314 Dominico
2849 5258 3163 5325 sumimus,
3181 5262 3472 5331 quomodo
3490 5280 3606 5318 non

1959 5346 2302 5404 naturaliter
2332 5363 2565 5401 manere
2593 5345 2651 5399 in
2674 5346 2844 5401 nobis
2865 5346 3291 5403 existimandus
3312 5350 3525 5421 est,qui
3550 5355 3607 5405 et

1958 5443 2228 5493 naturam
2248 5435 2441 5489 carnis
2460 5439 2669 5489 nostrie
2678 5435 2804 5504 jam
2831 5434 3277 5507 inseparabilem
3295 5437 3403 5492 sibi
3428 5437 3603 5494 homo

1958 5531 2132 5583 natus
2148 5521 2868 5606 asssumpsit,et.naturam
2889 5524 3083 5579 carnis
3108 5541 3226 5579 suae
3246 5526 3318 5580 ad
3335 5530 3600 5583 naturam

1956 5611 2291 5674 aeternitatis
2325 5610 2434 5668 sub
2467 5616 2832 5670 sacramento
2878 5613 3047 5669 nobis
3096 5615 3599 5674 communicandis
