4076 6174
422 362 542 429 383

1485 357 1814 425 GEZONIS
1865 353 2194 421 ABBATIS
2237 355 2788 463 DERTONENSIS

3709 353 3833 416 384

419 496 1089 560 earnisadmiscuit‘Hta
1103 494 1257 553 enim
1280 511 1485 552 omnes
1498 510 1684 550 unum
1697 490 2072 564 sumus,quia
2099 491 2156 560 Α
2185 508 2378 548 meam
2409 507 2664 559 carnem,
2699 493 2756 547 et
2785 489 2910 563 ipse
2935 486 3071 545 vivit
3098 506 3202 564 per
3232 505 3344 546 me.
3378 488 3530 544 Vivit
3559 505 3696 563 ergo
3729 506 3835 562 per

417 589 562 648 etin
588 587 813 646 Christo
845 588 1014 643 Pater
1058 590 1166 654 est,
1202 589 1259 640 et
1305 583 1570 639 Christus
1621 581 1682 636 in
1731 581 1901 637 nobis
1959 583 2071 637 est.

417 678 693 750 Quisquis
713 694 848 750 ergo
871 675 1214 731 naturaliter
1237 672 1537 729 Patremin
1555 670 1784 726 Christo
1809 669 2068 743 negabit,

418 761 586 839 neget
617 767 777 838 prius
829 782 944 820 non
994 761 1342 818 naturaliter
1371 761 1457 817 vel
1487 777 1549 816 se
1582 760 1640 814 in
1697 759 1930 814 Christo
1979 757 2071 812 vel

416 855 716 912 Christum
749 853 861 908 sibi
893 853 1106 918 inesse,
1143 851 1279 923 quia
1310 851 1366 904 in
1392 849 1620 906 Christo
1647 849 1815 903 Pater
1837 852 1894 902 et
1915 846 2074 902 Chri-

421 950 547 1001 stus
578 945 636 998 in
669 941 836 998 nobis
866 959 1050 996 unum
1084 942 1141 995 in
1174 940 1268 995 his
1299 956 1426 993 esse
1459 955 1563 992 nos
1586 937 1829 992 faciunt.
1855 935 1912 991 Si
1936 951 2068 990 vero

414 1033 593 1105 igitur
608 1047 841 1087 carnem
867 1029 1125 1100 corporis
1142 1028 1323 1083 nostri
1346 1025 1611 1081 Christus
1635 1023 1976 1096 assumpsit,
2012 1027 2070 1078 et

411 1137 542 1176 vere
576 1119 750 1174 homo
781 1117 878 1173 ille
909 1117 1008 1188 qui
1031 1133 1100 1172 ex
1133 1115 1317 1172 Maria
1347 1118 1519 1170 natus
1543 1114 1651 1168 fuit
1671 1113 1938 1168 Christus
1959 1115 2066 1178 est,

416 1225 642 1280 nosque
660 1224 794 1264 vero
817 1207 926 1262 sub
949 1205 1226 1278 mysterio
1244 1219 1478 1259 carnem
1497 1202 1757 1274 corporis
1780 1201 1869 1256 sui
1893 1200 2071 1256 sumi-

415 1315 570 1364 mus,
603 1301 660 1352 et
689 1313 791 1368 per
815 1295 924 1350 hoc
941 1311 1126 1350 unum
1146 1292 1386 1360 erimus,
1401 1291 1541 1364 quia
1563 1291 1732 1347 Pater
1751 1291 1812 1345 in
1835 1289 1934 1344 illo
1955 1293 2062 1357 est,

414 1390 472 1442 et
502 1385 594 1440 ille
623 1385 682 1439 in
715 1383 919 1450 nobis;
953 1383 1245 1456 quomodo
1273 1380 1596 1436 voluntatis
1624 1379 1820 1434 unitas
1855 1375 2062 1434 asseri-

412 1478 527 1542 tur,
563 1489 699 1529 cum
731 1471 1074 1528 naturaliter
1099 1486 1202 1542 per
1245 1471 1680 1526 sacramentum
1732 1466 2064 1539 proprietas

412 1562 676 1636 perfecta;
691 1563 1126 1616 sacramentum
1145 1558 1223 1616 sit
1242 1556 1518 1614 unitatis?
1536 1556 1660 1611 Non
1681 1560 1772 1611 est
1793 1555 2054 1610 humano

411 1654 516 1708 aut
532 1649 727 1708 saeculi
750 1667 927 1705 sensu
944 1648 1004 1703 in
1021 1648 1122 1704 Dei
1149 1647 1324 1704 rebus
1347 1645 1726 1718 loquendum.
1741 1643 1941 1716 Neque
1957 1658 2060 1715 per

412 1739 750 1797 violentiam
781 1742 885 1794 aut
911 1736 1314 1809 impudentem
1345 1732 1818 1807 praidicationem
1860 1729 2060 1788 cccles-

411 1829 560 1886 tium
591 1827 882 1884 dictorum
915 1825 1153 1882 sanitati
1188 1823 1410 1890 alienae,
1445 1827 1618 1894 atque
1640 1820 1832 1893 impia;
1854 1817 2064 1874 intelli-

411 1911 620 1992 gentia:
669 1913 1066 1986 cxtorqucnda
1123 1910 1472 1984 perversitas
1520 1914 1630 1966 est.
1665 1911 1800 1976 Quae
1843 1907 2062 1980 scripta

413 2008 556 2062 sunt
569 2003 855 2076 legamus,
871 2005 928 2058 et
943 2016 1071 2073 quae
1087 1999 1400 2073 legerimus
1415 1997 1902 2069 intelligamus,et
1921 1999 2062 2052 tunc

367 2132 375 2139 -
411 2092 666 2166 perfecto
698 2091 833 2146 ﬁdei
857 2088 1046 2144 ofﬁcio
1075 2089 1407 2160 fungemur.
1437 2086 1517 2142 De
1541 2083 1795 2141 naturali
1819 2084 1973 2164 enim
1999 2083 2060 2139 in

413 2179 584 2238 nobis
613 2177 828 2236 Christi
857 2177 1100 2234 veritate
1131 2193 1260 2248 quae
1288 2173 1541 2230 dicimus
1573 2173 1686 2230 nisi
1713 2173 1782 2228 ab
1807 2190 1872 2229 eo
1893 2171 2062 2229 disci-

411 2285 567 2338 mus,
599 2266 780 2324 stulte
810 2270 984 2338 atque
1014 2263 1192 2336 impie
1225 2261 1500 2318 dicimus.
1526 2263 1654 2334 Ipse
1683 2261 1840 2318 enim
1873 2260 2055 2316 dixit:

409 2357 554 2414 Caro
585 2373 718 2413 mea
745 2371 877 2412 vere
905 2357 996 2410 est
1020 2369 1186 2420 esca;
1221 2356 1279 2407 et
1307 2350 1548 2423 sanguis
1599 2367 1766 2406 meus
1814 2365 1944 2405 vere
1973 2351 2064 2405 est

411 2450 606 2520 potus.
640 2443 748 2512 Qui
779 2443 899 2500 edit
927 2458 1162 2500 carnem
1208 2457 1398 2497 meam
1429 2444 1487 2496 ct
1515 2439 1664 2496 bibit
1710 2439 2059 2512 sanguinem

411 2550 630 2603 meum,
662 2532 722 2589 in
755 2547 848 2587 me
878 2533 1096 2598 manet,
1128 2533 1184 2585 et
1215 2545 1320 2601 ego
1351 2527 1411 2583 in
1441 2544 1528 2584 eo.
1563 2527 1644 2583 De
1669 2525 1923 2583 Veritate
1942 2542 2063 2582 car-

411 2624 505 2680 nis
529 2627 588 2680 et
615 2619 924 2694 sanguinis
952 2636 1070 2676 non
1094 2617 1331 2674 relictus
1360 2620 1450 2672 est
1487 2615 1823 2690 ambigendi
1873 2614 2058 2671 locus.

410 2713 578 2770 Nunc
605 2711 764 2768 enim
796 2713 856 2766 et
881 2708 1070 2781 ipsius
1097 2706 1330 2763 Domini
1357 2705 1736 2778 professione,
1753 2710 1810 2761 et
1830 2704 1945 2760 ﬁde
1967 2721 2064 2760 no-

409 2805 534 2858 stra
561 2817 698 2858 vera
725 2815 858 2856 caro
891 2802 1004 2866 est,
1036 2801 1094 2853 et
1122 2813 1254 2852 vere
1275 2795 1518 2868 sanguis
1539 2798 1646 2850 est.
1672 2796 1743 2850 Et
1762 2794 1884 2850 haec
1905 2809 2064 2850 acce-

406 2894 509 2963 pta
538 2894 714 2962 atque
743 2887 957 2944 hausta
985 2885 1042 2942 id
1071 2883 1363 2953 efﬁciunt,
1380 2888 1517 2942 utet
1535 2901 1642 2940 nos
1661 2883 1721 2938 in
1740 2881 1990 2949 Christo,
2005 2886 2063 2938 et

406 2979 674 3040 Christus
705 2977 765 3034 in
797 2976 966 3034 nobis
1007 2975 1104 3032 sit.
1135 2977 1299 3030 Anne
1345 2974 1454 3030 hoc
1503 2973 1718 3030 veritas
1771 2989 1886 3028 non
1931 2971 2061 3028 est?

406 3067 720 3139 Contingat
749 3065 921 3138 plane
949 3064 1044 3120 his
1072 3079 1276 3120 verum
1308 3079 1424 3118 non
1456 3078 1604 3129 esse,
1629 3062 1729 3134 qui
1760 3060 2062 3117 Christum

407 3157 613 3213 Jesum
646 3155 832 3210 Deum
862 3167 1064 3208 verum
1091 3167 1220 3208 esse
1250 3151 1562 3224 dcnegant.
1585 3152 1686 3206 Est
1707 3166 1843 3223 ergo
1866 3149 1926 3204 in
1957 3166 2062 3205 no-

2185 581 2448 648 Patrem;
2481 583 2538 635 et
2563 579 2856 651 quomodo
2886 595 2990 652 per
3007 577 3234 634 Patrem
3258 578 3416 646 vivit,
3431 579 3634 634 eodem
3657 579 3834 634 modo

2183 685 2290 725 nos
2320 685 2422 741 per
2449 685 2684 724 carnem
2719 668 2848 738 ejus
2877 667 3160 724 vivemus.
3183 667 3388 724 Omnis
3417 667 3574 723 enim
3595 684 3834 739 compa-

2183 758 2330 812 ratio
2363 759 2434 813 ad
2465 755 2861 828 intelligentia:
2892 757 3140 812 formam
3173 755 3569 828 prmsumitur,
3595 760 3658 810 ut
3678 755 3737 810 id
3759 755 3838 811 de

2181 862 2297 916 quo
2329 847 2522 917 agitur
2553 845 2876 900 secundum
2909 845 3274 917 propositum
3305 845 3636 916 exemplum
3671 861 3833 899 assc-

2180 950 2452 1005 quamur.
2487 935 2615 988 limo
2649 951 2784 1008 ergo
2813 933 2942 989 vita:
2976 938 3186 988 nostra:
3223 949 3401 988 causa
3444 939 3552 999 cst,
3585 933 3742 1004 quod
3768 932 3833 986 in

2181 1023 2349 1079 nobis
2378 1023 2714 1078 carnalibus
2747 1027 3084 1078 manentem
3117 1039 3218 1095 per
3247 1039 3480 1078 carnem
3530 1021 3832 1076 Christum

2178 1113 2484 1180 habemus,
2516 1111 2756 1168 victuris
2787 1111 2955 1168 nobis
2987 1129 3090 1184 per
3119 1129 3252 1166 eum
3275 1129 3340 1168 ea
3358 1111 3688 1167 conditione
3711 1127 3835 1182 qua

2176 1201 2315 1256 vivit
2342 1200 2440 1256 illa
2469 1217 2572 1274 per
2602 1201 2851 1257 Patrem.
2887 1201 2943 1258 Si
2969 1216 3105 1274 ergo
3128 1217 3234 1257 nos
3261 1199 3608 1256 naturaliter
3627 1216 3836 1256 secun-

2176 1289 2318 1344 dum
2349 1305 2585 1345 carnem
2618 1306 2720 1362 per
2749 1306 2884 1346 cum
2915 1289 3188 1356 vivimus,
3213 1289 3271 1344 id
3293 1293 3382 1345 est
3410 1293 3683 1345 naturam
3707 1305 3835 1344 car-

2175 1377 2266 1434 nis
2297 1396 2416 1434 suzn
2446 1379 2662 1452 adepti,
2688 1379 2982 1450 quomodo
3004 1396 3120 1433 non
3138 1377 3481 1434 naturaliter
3501 1379 3832 1435 secundum

2174 1467 2457 1540 Spiritum
2486 1467 2545 1522 in
2577 1484 2638 1524 se
2672 1469 2898 1525 Patrem
2931 1469 3160 1535 habeat,
3197 1482 3334 1523 cum
3373 1467 3526 1524 vivat
3568 1467 3692 1540 ipse
3723 1485 3835 1540 per

2173 1555 2440 1610 Patrem?
2456 1554 2609 1610 Vivit
2629 1559 2824 1610 autem
2849 1571 2952 1627 per
2975 1554 3228 1622 Patrem,
3246 1555 3390 1610 dum
3417 1555 3690 1611 nativitas
3707 1571 3830 1611 non

2172 1641 2422 1698 alienam
2449 1641 2500 1697 ei
2531 1640 2748 1710 intulit,
2773 1641 3184 1714 diversamque
3204 1643 3644 1712 naturam,dum
3666 1643 3830 1715 quod

2171 1735 2259 1788 est
2287 1731 2358 1787 ab
2390 1747 2455 1787 eo
2485 1736 2594 1799 est,
2629 1747 2734 1787 nec
2765 1735 2960 1787 tamen
2986 1731 3058 1788 ab
3075 1748 3140 1787 eo
3163 1748 3266 1804 per
3287 1731 3544 1803 aliquam
3569 1731 3835 1789 inciden-

2177 1824 2295 1876 tem
2328 1824 2548 1876 naturae
2579 1819 3125 1878 dissimilitudinem
3159 1825 3483 1894 separatur,
3498 1822 3638 1877 dum
3671 1822 3732 1878 in
3763 1839 3833 1879 se

2176 1925 2278 1982 per
2307 1908 2665 1964 nativitatem
2717 1907 2896 1964 habet
2924 1908 3152 1964 Patrem
3203 1907 3264 1963 in
3309 1907 3526 1964 virtute
3573 1912 3825 1964 naturas.

2165 1998 2300 2054 Ηωο
2331 2002 2528 2054 autem
2553 2015 2588 2052 a
2607 1997 2776 2054 nobis
2802 1996 3016 2053 idcirco
3038 2001 3498 2053 commemorata
3518 1998 3832 2070 sunt.quia

2167 2085 2482 2142 voluntatis
2514 2088 2742 2142 tantum
2776 2085 2929 2141 inter
2955 2070 3260 2142 Patrem'et
3291 2085 3505 2142 Filium
3539 2085 3828 2143 unitatem

2167 2174 2421 2232 haeretici
2451 2174 2818 2244 mentientes,
2851 2175 3095 2231 unitatis
3127 2179 3338 2232 nostra:
3371 2175 3444 2231 ad
3477 2175 3660 2231 Deum
3693 2179 3828 2234 ute-

2169 2266 2386 2320 bantur
2413 2264 2699 2336 exemplo,
2731 2269 3016 2336 tanquam
3059 2264 3229 2320 nobis
3274 2265 3347 2321 ad
3395 2263 3606 2320 Filium
3636 2267 3694 2320 et
3722 2281 3832 2338 per

2171 2355 2378 2411 Filium
2413 2355 2487 2410 ad
2518 2355 2744 2410 Patrem
2772 2352 3050 2426 obsequio
3073 2356 3304 2409 tantum
3327 2370 3393 2410 ac
3413 2351 3712 2409 voluntate
3733 2371 3827 2410 re-

2169 2442 2404 2518 ligionis
2435 2441 2616 2498 unitis
2638 2440 2800 2498 nulla
2821 2457 2925 2515 per
2943 2447 3379 2498 sacramentum
3401 2441 3595 2499 carnis
3617 2448 3675 2498 et
3695 2460 3829 2500 san-

2169 2531 2366 2605 guinis
2387 2531 2673 2588 naturalis
2695 2529 3128 2587 communionis
3151 2529 3474 2603 proprietas
3496 2531 3829 2606 indulgere-

2168 2625 2284 2676 tur.
2320 2621 2466 2676 Cum
2497 2625 2554 2676 et
2583 2637 2687 2694 per
2716 2619 2998 2676 honorem
3029 2619 3201 2676 nobis
3232 2621 3436 2676 datum
3469 2619 3569 2676 Dei
3593 2619 3744 2690 Filii,
3767 2625 3828 2678 et

2171 2713 2610 2784 permanentem
2653 2708 2714 2765 in
2763 2709 2932 2766 nobis
2965 2707 3276 2766 carnaliter
3305 2707 3538 2778 Filium,
3574 2713 3632 2766 et
3662 2710 3723 2766 in
3755 2727 3826 2767 eo

2170 2797 2340 2855 nobis
2369 2797 2747 2872 corporaliter
2775 2801 2832 2854 et
2861 2797 3328 2871 inseparabiliter
3371 2797 3552 2854 unitis
3599 2803 3828 2872 myste-

2171 2887 2326 2943 rium
2356 2903 2503 2944 verte
2534 2903 2601 2943 ac
2633 2885 2921 2943 naturalis
2969 2887 3212 2944 unitatis
3253 2887 3330 2944 sit
3356 2887 3823 2960 pradicandum.

2455 2975 2591 3032 CAP.
2625 2976 2716 3032 IX.
2748 3007 2818 3018 -ο
2845 2977 3098 3033 Ecclesia:
3125 2975 3258 3048 ﬁdes
3285 2976 3567 3033 catholica.

2241 3065 2512 3122 Ecclesiae
2540 3066 2686 3122 ﬁdes
2711 3065 3045 3138 apsstolicis
3076 3066 3306 3122 imbuta
3335 3065 3618 3122 doctrinis
3661 3067 3864 3124 novit‘

2171 3155 2230 3210 in
2255 3154 2484 3210 Christo
2516 3153 2902 3221 nativitatem,
2938 3153 3041 3210 sed
3071 3153 3302 3226 ignorat
3325 3153 3626 3210 exordium
3662 3171 3676 3209 :
3710 3153 3831 3211 scit

409 3245 504 3301 bis
533 3243 660 3316 ipse
689 3259 792 3316 per
821 3257 1080 3310 carnem,
1109 3243 1168 3297 et
1195 3257 1403 3297 snmus
1433 3241 1492 3295 in
1541 3256 1629 3308 eo,
1663 3240 1806 3294 dum
1856 3253 2060 3294 secum
2087 3231 2134 3296 C
2171 3242 2809 3316 dispensationem,sed
2829 3241 3017 3298 nescit
3039 3241 3545 3298 divisionem.Non
3569 3243 3831 3314 partitur

411 3332 522 3390 hoc
551 3332 709 3405 quod
739 3347 846 3386 nos
877 3346 1106 3397 sumus,
1133 3329 1193 3385 in
1225 3329 1409 3386 Deum
1441 3333 1546 3384 est.
1571 3327 1758 3384 Unam
1783 3330 1980 3382 autem
2000 3325 2059 3381 in

411 3439 478 3478 eo
494 3438 600 3494 per
625 3424 1056 3476 sacramentum
1080 3417 1521 3474 communicatae
1541 3416 1734 3472 carnis
1754 3421 1812 3472 et
1831 3416 2062 3490 sangui-

411 3509 507 3567 nis
534 3508 748 3576 simns,
783 3507 908 3580 ipse
937 3510 1188 3562 testatur
1218 3505 1454 3562 dicens:
1479 3506 1550 3561 Et
1569 3505 1665 3560 hic
1687 3505 1946 3560 mundus
1966 3521 2061 3560 me

399 3599 530 3671 jam
561 3613 677 3654 non
707 3595 898 3666 videt;
931 3613 1035 3651 vos
1074 3599 1271 3651 autem
1319 3611 1414 3651 me
1458 3593 1749 3663 videbitis,
1781 3592 2060 3666 quoniam

407 3704 514 3762 ego
545 3687 690 3756 vivo,
720 3690 778 3742 et
803 3702 905 3742 vos
932 3683 1154 3741 vivetis.
1190 3684 1251 3740 In
1286 3682 1386 3740 illa
1414 3682 1508 3740 die
1547 3700 1650 3740 vos
1697 3681 2060 3757 cognoscetis

406 3776 688 3850 quoniam
720 3791 826 3848 ego
854 3773 914 3830 in
949 3775 1114 3830 Patre
1145 3789 1296 3842 meo,
1331 3777 1389 3830 et
1412 3790 1515 3829 vos
1541 3772 1602 3828 in
1637 3790 1748 3840 me,
1774 3777 1832 3829 et
1860 3789 1966 3846 ego
1999 3773 2058 3828 in

405 3863 589 3922 vobis.
615 3863 677 3920 Si
695 3861 1015 3918 voluntatis
1037 3864 1267 3916 tantum
1293 3860 1579 3916 unitatem
1601 3857 1845 3929 intelligi
1867 3858 2056 3926 vellet,

407 3952 662 4026 curgrad
671 3969 769 4008 um
783 3951 1099 4024 quemdam
1114 3954 1290 4022 atque
1303 3949 1566 4004 ordinem
1581 3947 2060 4004 consummandze

407 4041 652 4098 unitatis
681 4039 990 4112 exposuit?
1020 4037 1141 4094 Nisi
1172 4043 1238 4094 ut
1267 4054 1400 4094 cum
1433 4036 1528 4093 ille
1551 4037 1610 4092 in
1644 4037 1808 4092 Patre
1831 4052 1933 4107 per
1957 4052 2058 4090 na-

410 4133 603 4184 turam
635 4127 962 4183 divinitatis
993 4131 1166 4195 esset,
1203 4144 1309 4182 nos
1342 4131 1545 4182 contra
1572 4125 1632 4180 in
1653 4143 1720 4181 eo
1743 4143 1846 4198 per
1865 4142 2062 4198 corpo-

410 4215 591 4272 ralem
623 4216 752 4287 ejus
784 4215 1170 4281 nativitatem,
1205 4218 1262 4269 et
1291 4213 1387 4269 ille
1411 4231 1646 4270 rursum
1679 4213 1738 4268 in
1769 4213 1938 4269 nobis
1960 4231 2062 4286 per

409 4309 913 4364 sacramentorum
939 4305 1128 4360 inesse
1151 4303 1496 4376 mysterium
1519 4303 1867 4371 crederetur,
1888 4319 1954 4358 ac
1976 4301 2060 4359 sic

410 4393 664 4469 perfecta
691 4409 795 4466 per
825 4391 1204 4448 mediatorem
1237 4391 1432 4448 unitas
1464 4393 1932 4460 doceretur,cum
1957 4409 2058 4448 no-

409 4483 501 4541 bis
531 4482 590 4538 in
623 4499 687 4539 se
717 4481 1092 4537 manentibus
1123 4480 1248 4554 ipse
1279 4484 1541 4536 maneret
1577 4479 1636 4535 in
1689 4481 1876 4548 Patre,
1909 4485 1968 4536 et
1997 4479 2058 4534 in

2167 3333 2372 3391 Jesum
2403 3331 2722 3398 Christum,
2751 3335 2816 3386 ut
2839 3331 3013 3387 Jesus
3036 3348 3150 3386 non
3175 3330 3300 3403 ipse
3319 3331 3399 3386 sit
3419 3331 3826 3400 Christus,nec

2171 3419 2382 3476 Filium
2414 3417 2670 3474 hominis
2701 3417 2982 3474 discernit
3011 3435 3046 3474 a
3073 3418 3174 3474 Dei
3209 3417 3372 3488 Filio,
3401 3436 3472 3475 ne
3502 3419 3688 3476 Filius
3717 3419 3822 3476 Dei

2169 3507 2315 3564 forte
2346 3523 2459 3562 non
2508 3511 2565 3560 et
2613 3503 2794 3561 Filius
2844 3505 3102 3562 hominis
3151 3505 3530 3580 intelligatur.
3565 3508 3693 3564 Non
3724 3525 3824 3567 as-

2169 3595 2354 3652 sumit
2384 3593 2597 3650 Filium
2645 3594 2747 3650 Dei
2795 3595 2856 3650 in
2907 3593 3118 3652 Filium
3167 3595 3446 3664 hominis,
3480 3613 3668 3670 neque
3715 3598 3825 3654 tri-

2169 3684 2381 3758 pertita
2409 3683 2708 3740 Christum
2739 3683 2852 3740 ﬁde
2878 3683 3112 3752 scindit,
3148 3686 3320 3756 cujus
3363 3685 3826 3758 desuper‘texta

2167 3774 2348 3830 vestis
2385 3761 2656 3829 'inscissa
2711 3776 2820 3842 est,
2874 3777 2940 3828 ut
2998 3773 3202 3830 Jesum
3257 3773 3582 3844 Christum,
3641 3781 3702 3832 et
3760 3777 3825 3833 in

2166 3861 2444 3931 Verbum,
2477 3865 2535 3918 et
2563 3861 2622 3916 in
2652 3860 2931 3931 animam,
2957 3867 3016 3918 et
3045 3862 3104 3917 in
3137 3879 3350 3936 corpus
3382 3862 3699 3932 inscindat,
3725 3882 3829 3922 ne-

2167 3968 2282 4024 que
2309 3969 2544 4006 rursum
2575 3952 2760 4008 Deum
2805 3951 3065 4008 Verbum
3113 3951 3175 4007 in
3225 3950 3482 4009 animam
3523 3958 3579 4009 et
3609 3971 3828 4028 corpus

2169 4043 2454 4096 assumat.
2489 4041 2702 4095 Totum
2751 4040 2802 4094 ei
2853 4039 3008 4096 Deus
3069 4037 3324 4096 Verbum
3375 4046 3481 4108 est,
3526 4046 3718 4098 totum
3769 4047 3830 4099 et

2169 4128 2343 4184 horno
2374 4127 2662 4184 Christus.
2697 4128 2978 4184 Retinens
3007 4127 3119 4184 hoc
3158 4129 3216 4184 in
3269 4133 3634 4186 sacramento
3681 4147 3826 4187 con-

2169 4216 2440 4274 fessionis
2469 4234 2588 4272 sum
2634 4233 2840 4286 unum,
2875 4234 2980 4274 nec
3027 4217 3325 4273 Christum
3377 4218 3536 4274 aliud
3586 4220 3826 4276 credere

2169 4323 2346 4379 quam
2359 4307 2912 4374 Jcsum,nechsum
2935 4305 3092 4362 aliud
3118 4307 3434 4380 praedicare
3465 4325 3644 4380 quam
3665 4307 3829 4366 Chri-

2169 4400 2348 4452 stum.
2381 4395 2507 4451 Non
2529 4394 2734 4468 ignoro
2766 4400 2962 4450 autem
2993 4393 3052 4450 in
3094 4399 3382 4468 quantum
3429 4397 3704 4453 humanae
3734 4398 3822 4454 in—

2168 4483 2500 4556 telligentiae
2533 4482 2935 4538 inﬁrmitatem
2966 4483 3403 4556 magniﬁcentia
3423 4487 3687 4559 mystcrii
3711 4502 3823 4543 cce-

410 4573 578 4664 Patre
609 4586 853 4664 manens
885 4574 1146 4626 maneret
1171 4569 1230 4624 in
1263 4568 1451 4664 nobis.
1485 4569 1553 4624 Et
1579 4567 1662 4624 ita
1681 4569 1752 4624 ad
1768 4569 2057 4664 unitatem
2089 4571 2330 4664 Dilestis
2368 4571 2650 4646 impediat
2679 4572 2774 4643 (2).
2809 4571 2883 4628 Ut
2929 4572 3051 4628 hazc
3101 4589 3215 4628 non
3268 4573 3436 4629 facile
3479 4577 3584 4628 aut
3632 4574 3827 4631 verbis

409 4660 599 4717 Patris
629 4659 1064 4732 proﬁceremus,
1097 4674 1234 4714 cum
1267 4657 1366 4730 qui
1397 4658 1458 4713 in
1477 4674 1544 4713 eo
1565 4657 1893 4714 secundum
1917 4656 2060 4712 nati-

407 4749 650 4806 vitatem
681 4747 856 4815 inest,
892 4763 996 4803 nos
1028 4763 1262 4820 quoque
1292 4747 1352 4802 in
1374 4763 1440 4802 eo
1465 4745 1812 4802 naturaliter
1834 4745 2056 4802 inesse—

411 4855 566 4906 mus,
598 4836 726 4910 ipso
756 4835 814 4892 in
847 4835 1016 4893 nobis
1057 4835 1404 4892 naturaliter
1443 4838 1840 4908 permanente.
1874 4836 2059 4900 Quam

409 4931 606 4984 autem
639 4924 926 4982 naturalis
945 4925 1004 4980 in
1030 4924 1198 4981 nobis
1219 4923 1416 4980 unitas
1437 4923 1534 4990 sit,
1560 4923 1687 4996 ipse
1707 4921 1788 4978 ita
1807 4925 2059 4980 testatus

409 5019 546 5072 est:
581 5015 690 5082 Qui
721 5013 842 5070 edit
884 5029 1121 5070 carnem
1173 5025 1365 5070 meam
1415 5017 1473 5068 et
1515 5006 1668 5068 bibit
1710 5012 2060 5085 sanguinem

411 5121 632 5172 meum,
669 5103 724 5158 in
754 5121 846 5158 me
883 5106 1096 5172 manet,
1119 5107 1176 5157 et
1197 5119 1302 5176 ego
1327 5102 1385 5156 in
1407 5101 1634 5158 eo.Non
1655 5100 1810 5156 enim
1835 5101 1968 5174 quis
1999 5101 2058 5156 in

411 5210 492 5248 eo
507 5193 636 5262 erit,
669 5191 783 5248 nisi
813 5191 872 5246 in
905 5210 1020 5264 quo
1049 5191 1174 5264 ipse
1205 5190 1400 5257 fuerit,
1426 5191 1554 5262 ejus
1579 5193 1806 5245 tantum
1831 5189 1956 5262 ipse
1975 5207 2064 5246 as-

413 5286 710 5353 sumptam
738 5280 961 5336 habens
982 5297 1240 5345 carnem,
1267 5279 1365 5352 qui
1390 5296 1557 5334 suam
1582 5279 2059 5351 sumpserit.Per-

411 5371 556 5426 fecte
584 5371 782 5424 autem
809 5369 987 5440 bujus
1014 5369 1258 5425 unitatis
1307 5372 1742 5424 sacramentum
1791 5367 2062 5440 superius

404 5459 531 5531 jam
557 5458 837 5514 docuerat
865 5457 1067 5512 dicens
1103 5473 1116 5511 :
1149 5457 1315 5512 Sicut
1346 5456 1510 5512 misit
1539 5473 1631 5513 me
1663 5457 1828 5512 vivus
1872 5457 2056 5524 Pater,

413 5550 471 5603 et
526 5563 632 5618 ego
687 5544 813 5601 vivo
872 5562 975 5618 per
1033 5545 1290 5614 Patrem,
1349 5549 1408 5600 et
1463 5545 1562 5618 qui
1621 5544 2062 5601 manducaverit

483 5633 560 5708 (2)
590 5631 734 5688 Vide
764 5634 824 5690 S.
854 5633 1030 5694 Hilar.
1062 5632 1163 5689 lib.
1199 5651 1282 5700 In,
1316 5634 1386 5689 dc
1417 5634 1580 5690 Trin.

2167 4661 2492 4730 enuntiare,
2512 4666 2614 4716 aut
2637 4659 2719 4733 dij
2729 4660 2828 4715 udi
2833 4677 2964 4716 care
2985 4677 3184 4728 sensu,
3201 4662 3495 4718 autetiam
3513 4661 3828 4734 complecti

2169 4755 2362 4806 mente
2391 4749 2709 4821 possimus.
2737 4747 3050 4805 {Eternitas
3091 4747 3280 4804 Patris
3308 4748 3524 4816 locum,
3559 4755 3827 4824 tempus,

2168 4837 2796 4912 speciem,ctquicquid
2818 4835 2960 4892 illud
2979 4837 3238 4894 humano
3261 4854 3442 4894 sensu
3469 4838 3700 4910 concipi
3722 4855 3830 4912 po-

2168 4927 2322 4994 terit,
2357 4925 2601 4982 excedit.
2635 4926 2767 4998 Ipse
2797 4927 2959 4982 extra
2983 4925 3200 4994 omnia,
3235 4929 3292 4982 et
3324 4926 3384 4982 in
3417 4927 3830 4996 omnibus,ca-

2169 5015 2334 5089 piens
2367 5015 2656 5082 universa,
2690 5019 2748 5071 et
2777 5013 3097 5087 capiendus
3114 5031 3148 5070 a
3164 5015 3415 5071 nemine.
3431 5015 3556 5071 Non
3579 5032 3834 5074 accessu

2169 5106 2482 5161 decessum
2511 5103 2840 5170 mutabilis,
2871 5103 2972 5158 sed
3005 5102 3334 5172 invisibilis,
3369 5103 3834 5178 incomprehen-

2172 5193 2384 5261 sibilis,
2418 5191 2645 5265 plcnus,
2668 5193 2978 5265 perfectus,
2995 5197 3268 5261 mternus,
3285 5210 3399 5249 non
3423 5193 3660 5250 aliunde
3678 5194 3832 5267 quid

2171 5299 2435 5349 sumens,
2470 5281 2571 5336 sed
2599 5283 2671 5336 ad
2705 5281 2759 5336 id
2794 5281 2948 5354 quod
2981 5281 3062 5336 ita
3089 5287 3304 5350 manet,
3339 5281 3450 5338 sibi
3493 5283 3618 5355 ipse
3648 5283 3834 5339 sum-

2169 5373 2351 5428 ciens.
2386 5370 2488 5426 Hic
2515 5387 2651 5444 ergo
2683 5369 2980 5443 ingenitus
3008 5373 3143 5425 ante
3173 5386 3347 5426 omne
3392 5376 3628 5444 tempus
3657 5389 3729 5427 ex
3761 5387 3836 5428 se

2172 5459 2382 5517 Filium
2408 5459 2645 5532 genuit;
2679 5475 2795 5514 non
2822 5475 2890 5514 ex
2926 5457 3125 5530 aliqua
3165 5459 3504 5531 subjacente
3551 5462 3834 5532 materia,

2171 5549 2443 5621 quia-per
2474 5547 2686 5605 Filium
2737 5547 2969 5614 omnia;
3004 5564 3120 5603 non
3159 5565 3226 5603 ex
3258 5545 3460 5617 nihilo,
3491 5549 3629 5621 quia
3659 5565 3734 5605 ex
3763 5566 3839 5608 se
