4116 6176
405 371 522 433 387

1467 362 1793 428 GEZONIS
1837 359 2170 422 ABBATIS
2215 359 2758 423 DEBTONENSIS

3709 368 3828 431 388

405 505 558 560 cludi
586 507 608 558 ?
639 503 698 558 In
732 507 930 558 nostra
976 501 1334 557 dedicandus
1380 505 1469 555 est
1513 501 1726 566 mento,
1759 495 1817 551 in
1852 499 2050 551 nostro
2079 503 2134 571 Α
2163 493 2270 549 hoc
2294 494 2746 550 faciteinmeam
2772 499 3408 552 commemorationem.
3442 498 3634 554 Simili
3653 502 3826 556 modo

404 592 838 650 consecrandus
868 595 955 647 est
997 594 1246 662 pectore.
1281 589 1396 645 Nec
1429 603 1642 646 nomen
1671 584 1771 644 Dei
1810 601 2058 657 quaeras,

405 687 514 740 etc.

623 770 761 825 CAP.
793 769 938 824 XIII.
973 800 1038 809 —
1067 769 1404 840 Augustinus
1433 767 1498 823 de
1527 768 1624 822 Dei
1651 766 1833 822 Verbo.

465 859 598 914 Jam
617 875 720 912 vos
741 857 945 912 mundi
972 855 1114 911 estis
1135 862 1371 929 prepter
1391 857 1630 911 verbum
1651 855 1804 926 quod
1824 853 2056 907 locutus

399 964 532 1002 sum
562 946 749 1002 vobis.
777 948 962 1012 Quare
987 963 1100 1000 non
1129 945 1210 1000 ait
1238 962 1250 999 :
1287 945 1486 999 Mundi
1521 943 1661 999 estis
1693 945 1928 1015 propter
1953 941 2051 996 ba-

395 1035 677 1108 ptismum
701 1051 817 1105 quo
847 1033 1028 1088 abluti
1053 1033 1193 1088 estis
1219 1051 1232 1098 ;
1260 1034 1359 1087 sed
1385 1033 1466 1087 ait
1489 1049 1502 1087 :
1539 1033 1775 1104 Propter
1791 1031 2050 1096 verbum,

394 1124 550 1195 quod
586 1122 818 1177 locutus
837 1139 968 1177 sum
996 1121 1297 1189 vobis,nisi
1323 1120 1460 1192 quia
1479 1120 1614 1174 etin
1639 1137 1791 1192 aqua
1809 1119 2052 1173 verbum

394 1211 922 1266 mundat.Detrahe
944 1211 1270 1277 verbum,et
1286 1208 1425 1281 quid
1445 1214 1534 1264 est
1556 1225 1709 1281 aqua
1729 1207 1839 1263 nisi
1862 1207 2052 1280 aqua?

391 1301 628 1357 Accedit
657 1301 899 1356 verbum
923 1301 993 1354 ad
1019 1299 1469 1367 elementum,et
1497 1300 1561 1353 fit
1591 1301 2046 1366 sacramentum,

393 1389 568 1446 etiam
597 1387 793 1461 ipsum
818 1392 1099 1461 tanquam
1121 1389 1350 1447 visibile
1371 1389 1640 1447 verbum.
1665 1388 1812 1443 Nam
1837 1387 1908 1442 de
1939 1387 2050 1443 hoc

393 1477 596 1551 utique
627 1477 870 1545 dixerat,
907 1477 1141 1548 quando
1189 1479 1366 1551 pedes
1409 1476 1715 1550 discipulis
1747 1474 1904 1531 lavit.
1939 1474 2047 1542 Qui

391 1565 548 1622 lotus
569 1571 799 1638 est,non
825 1566 1046 1636 indiget
1068 1571 1134 1620 ut
1156 1566 1324 1636 lavet,
1341 1569 1441 1623 sed
1465 1571 1554 1623 est
1575 1567 1833 1622 mundus
1864 1569 2044 1620 totus.

391 1653 554 1710 Unde
585 1654 697 1710 ista
749 1659 911 1709 tanta
955 1654 1138 1710 virtus
1169 1674 1358 1728 aqum,
1398 1661 1464 1711 ut
1491 1673 1704 1728 corpus
1736 1659 1956 1726 tangat,
1989 1659 2048 1709 et

389 1761 488 1800 cor
518 1745 740 1815 abluat,
773 1743 886 1799 nisi
932 1744 1178 1800 faciente
1227 1746 1400 1803 verbo
1422 1747 1450 1802 ‘I
1480 1746 1605 1800 Non
1639 1745 1776 1816 quia
1804 1743 2040 1812 dicitur,

386 1836 487 1893 sed
549 1833 688 1907 quia
733 1833 1007 1890 creditur.
1043 1835 1188 1890 Nam
1221 1840 1278 1892 et
1317 1836 1376 1890 in
1408 1835 1535 1908 ipso
1566 1835 1740 1890 verbo
1774 1833 1924 1889 alius
1953 1837 2044 1888 est

385 1942 569 1983 sonus
601 1923 913 1991 transiens,
948 1922 1106 1978 aliud
1141 1924 1326 1980 virtus
1359 1941 1622 1992 manens,
1656 1923 1765 1978 hoc
1795 1927 1886 1978 est
1912 1938 2042 1978 ver-

385 2015 528 2071 bum
562 2012 720 2083 fidei,
753 2013 907 2085 quod
942 2013 1350 2084 praedicamus.
1387 2014 1482 2069 Ait
1509 2012 1820 2086 Apostolus
1855 2029 1866 2066 :
1901 2010 2048 2077 Quia

385 2102 435 2159 si
467 2103 773 2158 confessus
830 2099 1012 2155 fueris
1061 2098 1120 2155 in
1164 2117 1261 2156 ore
1302 2105 1408 2156 tuo
1457 2099 1596 2172 quia
1643 2099 1926 2154 Dominus
1955 2103 2045 2155 est

384 2191 582 2258 Jesus,
615 2195 674 2245 et
704 2188 1017 2246 credideris
1049 2188 1106 2244 in
1139 2190 1310 2245 corde
1355 2195 1454 2245 tuo
1503 2188 1641 2262 quia
1689 2189 1842 2244 Deus
1873 2187 2042 2242 illum

384 2277 694 2336 suscitavit
720 2297 753 2334 a
783 2277 1054 2345 mortuis,
1080 2277 1276 2334 salvus
1315 2279 1446 2335 eris.
1482 2279 1663 2334 Corde
1685 2277 1942 2332 creditur
1969 2277 2041 2332 ad

377 2367 705 2441 justitiam,
741 2385 812 2423 ne
850 2367 989 2439 (ore)
1023 2371 1217 2422 autem
1251 2368 1316 2422 fit
1345 2367 1632 2422 confessio
1664 2367 1733 2421 ad
1767 2364 2039 2422 salutem.

387 2454 550 2512 Unde
571 2459 630 2510 et
651 2453 709 2508 in
731 2454 973 2509 Actibus
1006 2453 1404 2526 apostolorum
1437 2451 1685 2526 legitur:
1720 2455 1856 2509 Fide
1877 2469 2044 2508 mun-

383 2544 534 2600 dana
559 2543 735 2600 corda
763 2559 986 2598 eorum.
1011 2543 1081 2598 Et
1102 2541 1159 2597 in
1178 2529 1437 2615 Epistola
1461 2560 1568 2598 sua
1592 2544 1648 2598 Β.
1679 2543 1883 2598 Petrus
1906 2559 1918 2596 :
1945 2542 2040 2598 Sic

383 2636 440 2688 et
468 2649 591 2699 vos,
628 2631 840 2704 inquit,
874 2629 1169 2703 baptisma
1217 2631 1410 2687 salvos
1458 2631 1646 2699 faciet,
1684 2648 1797 2686 non
1847 2630 2040 2686 carnis

383 2721 669 2793 depositio
701 2719 983 2786 sordium,
1021 2721 1124 2774 sed
1172 2719 1541 2776 conscientiae
1591 2720 1754 2776 bonis
1793 2719 2038 2774 interro-

382 2811 564 2881 gatio,
601 2809 710 2863 hoc
741 2813 830 2862 est
860 2809 1100 2863 verbum
1134 2808 1267 2863 fidei
1299 2809 1453 2881 quod
1485 2808 1892 2880 prmdicamus,
1923 2825 2040 2879 qua

381 2898 506 2952 sine
537 2897 737 2964 dubio,
773 2899 837 2950 ut
868 2897 1152 2952 mundare
1207 2897 1413 2968 possit,
1446 2901 1820 2952 consecratur
1849 2901 1906 2950 et
1937 2897 2035 2950 ba-

381 2984 940 3057 ptismus.Christus
961 2985 1176 3058 quippe
1207 2987 1515 3042 nobiscum
1547 2985 1680 3041 vitis
1707 3003 1841 3041 cum
1873 2985 2037 3040 Patre

379 3074 636 3146 agricola
666 3073 868 3128 dilexit
899 3073 1238 3142 Ecclesium,
1262 3079 1319 3129 ct
1351 3093 1412 3129 se
1445 3075 1639 3147 ipsum
1675 3075 1911 3130 tradidit
1933 3092 2036 3146 pro

378 3180 467 3217 ea.
496 3163 642 3233 Lege
662 3161 1026 3232 Apostolum,
1050 3167 1107 3218 et
1125 3163 1253 3218 vide
1279 3163 1417 3234 quid
1451 3165 1736 3235 adjungat
1765 3181 1777 3218 :
1812 3163 1885 3219 Ut
1905 3181 2033 3218 eam

2171 587 2228 638 et
2245 583 2482 640 calicem
2500 589 2813 657 postquam
2834 590 3125 642 cmnatum
3149 591 3238 643 est
3257 587 3486 643 dicens:
3511 588 3634 644 Hoc
3654 605 3830 661 poeu-

2169 669 2293 727 lum
2326 689 2539 728 novum
2571 677 2991 730 testamentum
3008 679 3097 732 est
3123 675 3183 732 in
3205 691 3335 732 meo
3365 676 3656 749 sanguine
3680 694 3695 746 ;
3718 676 3831 734 hoc

2168 760 2338 818 facite
2378 762 2437 817 in
2489 779 2680 818 meam
2733 765 3375 821 commemorationem.
3409 765 3681 822 Ostendit
3710 767 3831 824 illis

2169 851 2512 922 mysterium
2545 850 2908 907 eucharistize
2926 851 3078 908 inter
3089 855 3440 910 cmnandum
3460 854 3827 912 celebratum

2168 955 2280 992 non
2313 955 2535 994 cumam
2569 957 2716 994 esse.
2743 939 3027 996 Medicina
3051 942 3206 998 enim
3229 942 3554 1015 spiritualis
3576 948 3826 1017 est,quia

2165 1043 2298 1081 cum
2331 1029 2651 1083 reverentia
2698 1031 3008 1102 degustato.
3055 1031 3327 1102 purificat
3376 1032 3488 1088 sibi
3518 1033 3825 1089 devotum.

2164 1116 2465 1187 Siquidem
2498 1119 2782 1174 memoria
2810 1119 3228 1192 redemptionis
3254 1125 3463 1176 nostra:
3485 1125 3681 1191 cst,ut
3714 1122 3822 1178 Re-

2163 1204 2483 1277 demptoris
2512 1224 2822 1276 memores,
2841 1209 3064 1280 majora
3092 1210 3162 1264 ab
3191 1225 3260 1266 eo
3291 1211 3569 1282 consequi
3602 1228 3825 1268 merea-

2161 1310 2314 1363 mur,
2349 1300 2595 1351 mortem
2627 1296 2857 1352 Domini
2887 1299 3326 1367 annuntiantes,
3359 1300 3540 1356 donec
3597 1301 3816 1356 veniat.

2159 1382 2306 1448 Quia
2329 1384 2488 1439 enim
2515 1391 2704 1441 morte
2733 1385 2963 1442 Domini
2994 1387 3223 1444 liberati
3255 1405 3483 1456 sumus,
3516 1388 3704 1462 hujus
3735 1391 3817 1446 rei

2157 1487 2446 1529 memores
2477 1473 2536 1528 in
2568 1475 2790 1530 edendo
2821 1479 2878 1531 et
2905 1477 3160 1548 potando
3197 1493 3434 1533 carnem
3477 1482 3536 1534 et
3567 1479 3814 1552 sangui—

2157 1577 2311 1630 nem,
2347 1578 2473 1634 quae
2504 1579 2608 1634 pro
2641 1563 2811 1619 nobis
2842 1564 3037 1621 ablata
3079 1570 3236 1634 sunt,
3271 1566 3676 1640 significamus
3707 1585 3812 1624 no-

2155 1666 2290 1704 vum
2343 1655 2760 1707 testamentum
2802 1653 2861 1709 in
2911 1654 3005 1710 his
3035 1655 3322 1724 consueti,
3355 1657 3509 1728 quod
3541 1662 3630 1713 est
3659 1675 3812 1713 nova

2153 1735 2263 1808 lex,
2297 1755 2424 1811 qua:
2455 1741 2822 1798 obedientem
2855 1743 2967 1798 sibi
3012 1745 3191 1800 tradit
3220 1745 3556 1802 cmlestibus
3587 1747 3805 1818 regnis.

2153 1826 2300 1882 Nam
2331 1833 2388 1884 et
2420 1828 2645 1903 Moyses
2696 1837 2932 1904 accepto
2983 1833 3272 1907 sanguine
3319 1834 3483 1891 vituli
3515 1836 3574 1890 in
3607 1841 3813 1909 patera

2155 1918 2404 1988 aspersit
2430 1935 2609 1991 super
2657 1919 2810 1976 filios
2859 1921 3038 1980 Israel
3085 1923 3287 1978 dicens
3319 1939 3332 1978 :
3364 1923 3481 1979 Hoc
3511 1928 3600 1980 est
3628 1929 3812 1980 testa-

2154 2009 2420 2061 mentum
2454 2008 2609 2078 quod
2641 2008 2936 2082 disposuit
2955 2011 3242 2068 Dominus
3263 2013 3334 2068 ad
3357 2012 3601 2070 vos.Hoc
3622 2014 3815 2088 figura

2153 2092 2266 2149 fuit
2296 2097 2634 2152 testamenti
2667 2099 2823 2170 quod
2859 2099 3145 2157 Dominus
3171 2118 3386 2157 novum
3407 2100 3814 2174 appellavit,ut

2151 2181 2298 2238 illud
2318 2189 2487 2241 vetus
2519 2187 2595 2242 sit
2626 2188 2782 2259 quod
2818 2189 3044 2262 Moyses
3077 2190 3342 2246 tradidit.
3365 2191 3812 2248 Testamentum

2151 2289 2286 2345 ergo
2310 2277 2599 2347 sanguine
2629 2279 3015 2335 constitutum
3049 2280 3306 2352 est,quia
3337 2281 3600 2336 beneﬁcii
3630 2280 3815 2336 divini

2151 2363 2458 2434 sanguinis
2491 2366 2658 2422 testis
2687 2371 2796 2435 est,
2831 2367 2890 2423 in
2939 2369 3110 2441 cujus
3153 2372 3361 2441 typum
3412 2387 3517 2426 nos
3565 2368 3810 2426 calicem

2149 2452 2465 2523 mysticum
2511 2455 2582 2509 ad
2633 2455 2943 2512 tuitionem
2992 2457 3253 2530 corporis
3302 2463 3360 2514 et
3385 2457 3717 2531 sanguinis,
3749 2463 3812 2514 et

2149 2540 2356 2596 anima:
2373 2543 2752 2616 percipimus,
2770 2546 2910 2618 quia
2932 2547 3176 2620 sanguis
3197 2547 3426 2604 Domini
3453 2548 3807 2622 sanguinem

2145 2635 2416 2686 nostrum
2439 2633 2780 2702 redemit,id
2801 2640 2892 2691 est
2915 2640 3105 2691 totum
3137 2635 3438 2694 hominem
3468 2637 3696 2693 salvum
3719 2639 3804 2694 fe-

2144 2719 2244 2775 cit.
2265 2719 2410 2776 Caro
2439 2719 2595 2776 enim
2631 2722 2946 2780 Salvatoris
2978 2742 3080 2798 pro
3133 2724 3327 2782 salute
3359 2727 3642 2798 corporis,
3673 2743 3807 2781 san-

2145 2807 2277 2879 guis
2306 2825 2438 2864 vero
2460 2826 2563 2881 pro
2590 2810 2790 2866 anima
2819 2818 3021 2869 nostra
3050 2814 3275 2869 effusus
3308 2819 3414 2883 est,
3449 2815 3600 2871 sicut
3635 2816 3804 2888 prius

2145 2898 2582 2970 praafiguratum
2639 2901 2832 2956 fuerat
2878 2919 2912 2957 a
2960 2903 3155 2974 Moyse
3189 2921 3202 2959 :
3235 2904 3400 2973 Caro,
3437 2903 3646 2977 inquit,
3697 2923 3804 2976 pro

2145 3001 2384 3059 corpore
2413 2993 2605 3044 vestro
2637 2989 2896 3059 offertur,
2931 2992 3172 3064 sanguis
3230 3010 3365 3048 vero
3425 3010 3528 3066 pro
3580 2994 3804 3063 anima,

2142 3073 2388 3147 ideoque
2411 3094 2526 3132 non
2548 3080 3028 3136 manducandum
3055 3083 3426 3154 sanguinem.
3449 3083 3650 3155 Itaque
3673 3084 3810 3156 qui-

2143 3181 2395 3237 cumque
2445 3168 2628 3222 edcrit
2665 3186 2875 3241 panem
2923 3171 3102 3239 hunc,
3155 3178 3260 3227 aut
3307 3172 3519 3228 biberit
3560 3172 3806 3230 calicem

378 3251 794 3317 sanctificaret,
821 3250 1032 3322 inquit,
1057 3251 1353 3307 mundana
1372 3270 1499 3307 eam
1531 3252 1757 3308 lavacro
1787 3269 1951 3324 aqua:
1974 3253 2032 3308 in
2068 3261 2112 3328 ί]
2143 3253 2372 3309 Domini
2405 3254 2666 3328 indigne,
2697 3257 2945 3314 Domino
2984 3277 3118 3316 reus
3152 3259 3262 3316 erit
3289 3261 3549 3333 corporis
3579 3266 3636 3318 et
3659 3279 3802 3318 san-

377 3340 571 3395 verbo.
621 3339 924 3394 Mundatio
976 3338 1160 3411 igitur
1201 3357 1576 3413 nequaquam
1609 3343 1762 3396 ﬂuxo
1785 3347 1841 3396 ct
1870 3340 2032 3396 labili

379 3429 737 3484 tribueretur
789 3426 1096 3495 elemento,
1135 3427 1243 3483 nisi
1294 3431 1608 3486 adderetur
1650 3432 1710 3485 in
1747 3431 1904 3486 verba
1933 3431 2032 3502 (3).

377 3517 496 3574 Hoc
527 3517 769 3572 verbum
803 3516 936 3571 fidei
968 3521 1198 3572 tantum
1229 3517 1381 3573 valet
1411 3517 1471 3573 in
1504 3518 1761 3574 Ecclesia
1821 3518 1943 3584 Dei,
1971 3524 2038 3575 ut

376 3623 480 3679 per
529 3605 718 3679 ipsam
775 3605 1130 3672 credentem,
1179 3607 1539 3676 offerentem,
1573 3608 2031 3679 benedicentem,

375 3695 722 3768 tingentem,
737 3693 916 3750 etiam
935 3694 1234 3750 tantillum
1254 3697 1498 3753 mundet
1519 3697 2038 3770 infantem,quam.

375 3783 462 3841 vis
482 3784 745 3840 nondum
777 3782 1066 3839 valentem
1097 3785 1270 3840 corde
1301 3787 1534 3842 credere
1566 3786 1951 3857 adjustitiam
1977 3793 2035 3844 et

376 3890 474 3930 ore
494 3872 758 3930 confiteri
785 3872 857 3929 ad
881 3871 1154 3929 salutem.
1179 3873 1393 3930 Totum
1413 3874 1523 3931 hoc
1546 3874 1611 3931 ﬁt
1637 3891 1741 3948 per
1767 3876 2030 3946 verbum,

378 3963 450 4019 de
480 3980 596 4036 quo
629 3961 913 4018 Dominus
945 3961 1029 4018 ait
1061 3979 1073 4018 :
1107 3961 1240 4018 Jam
1271 3980 1370 4020 vos
1392 3963 1598 4020 mundi
1629 3963 1771 4021 estis
1800 3971 2034 4039 propter

373 4052 618 4108 verbum
653 4051 808 4123 quod
841 4049 1072 4108 locutus
1101 4068 1234 4108 sum
1262 4052 1444 4110 vobis.

375 4157 510 4212 CAP.
526 4156 669 4212 XIV.
683 4185 752 4199 —
764 4157 838 4212 De
860 4157 1042 4214 libello
1063 4158 1351 4215 Paschasii
1379 4161 1616 4218 Ratberti
1634 4161 1704 4217 ad
1721 4163 2031 4218 Placidium

445 4227 802 4306 discipulum,
838 4228 1048 4285 Christi
1081 4233 1514 4306 communionem
1545 4249 1730 4289 verum
1757 4251 1951 4306 corpus
1981 4243 2032 4290 et

445 4301 771 4371 sanguinem
793 4316 909 4356 esse
935 4316 1046 4356 non
1076 4300 1458 4360 dubitandum.

447 4403 708 4478 Quisque
738 4405 1159 4463 catholicorum
1193 4413 1344 4464 recte
1365 4409 1551 4468 Deum
1573 4417 1784 4468 cuncta
1801 4430 2031 4470 creasse

374 4493 445 4550 de
476 4493 660 4551 nihilo
693 4495 866 4552 corde
896 4495 1100 4564 credit,
1134 4501 1244 4552 etc.

445 4583 818 4658 (Subsequitur
867 4601 1005 4658 pene
1053 4589 1259 4657 integer
1302 4589 1587 4646 Paschasii
1641 4591 1860 4648 libellus
1907 4594 2027 4664 jam

373 4673 516 4729 alia:
544 4673 766 4746 editus.)

376 4780 512 4857 Cap.
546 4779 782 4857 XXXVI.
814 4812 878 4823 -—
911 4782 1052 4857 Quid
1099 4782 1262 4854 digne
1307 4786 1388 4839 vel
1419 4785 1643 4857 indigne
1689 4789 2028 4846 sumtibus

447 4853 722 4935 Dominici
772 4856 1012 4925 corporis
1069 4863 1118 4910 et
1162 4853 1476 4926 sanguinis
1541 4853 1759 4929 prastat
1831 4861 2028 4917 eucha-

449 4932 627 4979 ristia.

451 5032 756 5086 lnstruens
787 5031 995 5086 beatus
1026 5031 1342 5104 Apostolus
1369 5034 1699 5090 Corinthios
1723 5037 1794 5091 de
1833 5038 2028 5095 Domi-

383 5119 497 5175 nici
526 5120 788 5192 corporis
837 5127 894 5175 et
933 5120 1242 5193 sanguinis
1301 5129 1687 5190 sacramento,
1722 5131 1785 5181 ut
1815 5127 2032 5186 scirent

377 5213 665 5280 quantum
697 5208 780 5264 illi
812 5210 1142 5264 reverentia:
1172 5211 1555 5282 deberent,ait
1585 5215 1735 5270 inter
1778 5223 1984 5274 caetera
2011 5236 2024 5273 :

377 5297 494 5369 Ego
523 5297 678 5352 enim
712 5297 906 5370 accepi
940 5316 974 5353 a
1003 5299 1269 5369 Domino,
1300 5303 1454 5373 quod
1485 5307 1542 5359 et
1579 5305 1789 5360 tradidi
1841 5307 2024 5377 vobis,

314 5391 320 5395 ’
377 5386 656 5457 quoniam
685 5387 970 5442 Dominus
999 5388 1171 5442 Jesus
1205 5390 1262 5444 in
1295 5409 1410 5462 qua
1454 5399 1618 5449 nocte
1665 5396 2023 5467 tradebatur,

378 5475 600 5546 accepit
629 5491 860 5546 panem,
893 5480 950 5529 et
1000 5476 1219 5546 gratias
1269 5497 1449 5550 agens
1502 5482 1689 5554 fregit,
1723 5489 1778 5539 et
1835 5485 2022 5541 dixit:

380 5560 494 5617 Hoc
527 5567 615 5616 est
646 5579 859 5635 corpus
891 5580 1088 5618 meum
1129 5567 1284 5636 quod
1334 5585 1436 5640 pro
1488 5570 1651 5626 vobis
1697 5573 2025 5647 frangitur;

449 5650 527 5728 (3)
556 5649 700 5708 Vide
730 5652 788 5709 S.
821 5653 969 5728 Aug.
1003 5657 1170 5710 tract.
1203 5655 1274 5711 80
1303 5655 1362 5712 in
1394 5656 1561 5716 Joan.
1597 5660 1812 5739 Evang.

2057 4633 2106 4700 D

2145 3341 2346 3414 guinis
2367 3343 2942 3420 Domini.lndignum
2966 3349 3107 3404 dicit
3127 3367 3255 3406 esse
3277 3351 3807 3424 Domino,qualiter

2147 3431 2491 3505 mysterium
2520 3433 2792 3504 celebrat,
2822 3438 2978 3508 quod
3010 3439 3084 3493 ab
3115 3455 3181 3494 eo
3211 3439 3496 3495 traditum
3527 3444 3636 3497 est.
3668 3442 3798 3497 Non

2145 3520 2301 3576 enim
2332 3526 2522 3593 potest
2540 3523 2784 3580 devotus
2814 3542 2964 3595 esse,
2980 3527 3080 3600 qui
3101 3527 3268 3584 aliter
3288 3530 3596 3602 praesumit
3617 3547 3798 3604 quam

2145 3609 2348 3666 datum
2380 3615 2470 3667 est
2499 3611 2571 3668 ab
2604 3615 3000 3672 auetore.Ideo
3030 3622 3352 3690 praemonet
3378 3623 3445 3674 ut
3473 3619 3801 3678 secundum

2143 3698 2409 3755 ordinem
2454 3700 2735 3756 traditum
2784 3703 2992 3761 devota
3033 3722 3199 3763 mens
3247 3705 3325 3763 sit
3363 3707 3692 3764 acccdentis
3723 3708 3800 3766 ad

2143 3789 2559 3846 eucharistiam
2591 3789 2841 3859 Domini,
2877 3793 3150 3864 quoniam
3211 3795 3480 3852 futurum
3519 3800 3608 3852 est
3628 3796 3799 3870 judi-

2141 3877 2320 3947 cium,
2357 3883 2421 3934 ut
2450 3879 2950 3950 quemadmodum
2983 3883 3204 3940 accedit
3234 3883 3798 3957 unusquisque,red—

2143 3965 2242 4022 dat
2271 3983 2480 4024 causas
2509 3968 2568 4022 in
2601 3967 2694 4024 die
2717 3967 2952 4026 Domini
2985 3971 3170 4028 nostri
3199 3973 3342 4029 Jesu
3373 3972 3590 4030 Christi
3620 3991 3634 4030 :
3658 3973 3802 4046 quia

2139 4054 2267 4112 sine
2325 4055 2635 4129 disciplina
2689 4058 3023 4116 traditionis
3075 4065 3133 4116 et
3189 4061 3648 4119 conversationis
3694 4063 3798 4136 qui

2139 4145 2445 4213 accedunt,
2481 4145 2561 4201 rei
2607 4151 2749 4202 sunt
2795 4150 3058 4222 corporis
3104 4154 3163 4206 et
3200 4149 3510 4225 sanguinis
3538 4151 3795 4208 Domini.

2139 4233 2287 4298 Quid
2320 4237 2410 4288 est
2439 4237 2635 4290 autem
2667 4251 2797 4292 reos
2827 4253 2980 4308 esse,
3012 4238 3126 4295 nisi
3159 4256 3362 4312 pmnas
3419 4241 3560 4297 dare
3587 4242 3800 4299 mortis

2139 4320 2419 4377 Domini?
2445 4321 2688 4379 Occisus
2741 4329 2831 4382 est
2860 4326 3018 4382 enim
3049 4343 3156 4400 pro
3185 4327 3280 4386 his
3311 4329 3412 4402 qui
3443 4329 3795 4387 beneficium

2137 4411 2266 4482 ejus
2296 4411 2528 4468 irritum
2558 4413 2804 4470 ducunt.
2839 4415 3049 4473 Probet
3077 4423 3278 4474 autem
3307 4435 3370 4475 se
3400 4418 3600 4489 homo,
3623 4425 3682 4476 et
3710 4419 3794 4476 sic

2138 4499 2209 4555 de
2239 4517 2387 4572 pane
2409 4501 2565 4572 edat,
2588 4503 2738 4560 etde
2757 4503 2965 4576 poculo
2987 4505 3189 4576 bibat;
3219 4507 3322 4580 qui
3351 4507 3509 4564 enim
3540 4510 3790 4565 mandu-

2135 4593 2231 4644 cat
2261 4594 2318 4645 et
2367 4589 2514 4647 bibit
2563 4591 3145 4664 indigne,judicium
3196 4595 3310 4652 sibi
3358 4597 3680 4654 manducat
3737 4603 3796 4654 et

2137 4677 2306 4746 bibit,
2369 4695 2486 4735 non
2563 4680 2904 4739 discernens
2978 4699 3193 4756 corpus
3261 4685 3515 4741 Domini.
3576 4685 3793 4742 Devoto

2136 4765 2335 4840 itaque
2383 4767 2580 4825 animo
2609 4773 2826 4826 etcum
2857 4770 3068 4827 timore
3101 4773 3498 4830 accedendum
3528 4775 3598 4830 ad
3629 4791 3793 4830 com-

2139 4855 2477 4912 munionem
2511 4858 2698 4930 docet,
2720 4864 2786 4914 ut
2806 4859 2952 4916 sciat
2980 4877 3148 4918 mens
3179 4863 3562 4920 reverentiam
3592 4879 3654 4920 se
3683 4865 3792 4920 de—

2139 4945 2273 5001 bere
2303 4946 2355 5001 ei
2387 4947 2458 5002 ad
2492 4949 2663 5018 cujus
2709 4965 2922 5022 corpus
2983 4951 3340 5007 sumendum
3395 4953 3638 5010 accedit.
3671 4953 3793 5014 Hoc

2138 5035 2295 5090 enim
2329 5037 2484 5108 apud
2517 5054 2580 5092 se
2610 5037 2784 5092 debet
2804 5039 3096 5110 judicare,
3133 5039 3234 5112 qui
3265 5043 3469 5110 sumit,
3505 5042 3650 5115 quia
3678 5042 3793 5098 Do-

2140 5125 2337 5179 minus
2367 5127 2476 5192 est,
2511 5127 2682 5197 cujus
2745 5128 3025 5200 mysterio
3084 5129 3436 5201 sanguinem
3476 5135 3656 5204 potat,
3689 5131 3794 5203 qui

2139 5213 2305 5269 testis
2335 5218 2424 5269 est
2453 5213 2721 5271 beneficii
2743 5215 3066 5282 Dei.Quem
3099 5236 3206 5274 nos
3235 5219 3284 5272 si
3316 5235 3452 5274 cum
3481 5219 3800 5293 disciplina

2137 5302 2640 5376 accipiamus,non
2661 5303 2886 5360 erimus
2907 5305 3134 5380 indigni
3160 5309 3798 5382 eorporeetsanguine,

2138 5397 2375 5464 agentes
2423 5394 2645 5465 gratias
2697 5394 3092 5466 Redemptori.
3130 5397 3263 5452 Ideo
3311 5399 3486 5453 multi
3535 5398 3596 5454 in
3627 5397 3799 5454 vobis

2138 5480 2376 5535 invalidi
2407 5486 2464 5535 et
2496 5481 2714 5552 aegroti,
2747 5487 2804 5537 et
2863 5482 3166 5540 dormiunt
3220 5485 3415 5543 multi.
3470 5487 3543 5542 Ut
3591 5503 3796 5542 verum

2136 5570 2408 5644 probaret
2439 5571 2592 5644 quod
2625 5587 2868 5628 examen
2908 5571 3175 5632 futurum
3232 5581 3322 5635 est
3373 5576 3794 5652 accipientium
