4076 6174
281 309 380 374 389

1073 297 1306 360 LIBER
1350 299 1453 359 DE
1495 297 1856 362 CORPORE
1899 294 2000 360 ET
2046 297 2440 363 SANGUINE
2481 300 2818 364 CHRISTI.

3540 301 3660 364 390

282 455 462 514 corpus
490 434 741 503 Domini,
765 435 895 506 jam
927 433 1020 488 hic
1052 433 1368 504 imaginem
1393 433 1600 503 judicii
1633 434 1888 488 ostendit
1917 433 1973 499 Α
2012 434 2246 488 nionem
2295 437 2565 507 suspensi
2616 441 2836 492 terrore
2883 435 3149 508 ejusdem
3200 433 3576 502 exclusionis,
3608 447 3666 497 et

282 533 330 587 in
356 545 440 586 cos
481 525 595 598 qui'
631 522 1064 579 inconsiderate
1111 538 1328 594 corpus
1378 521 1610 576 Domini
1669 538 1900 594 accepe-

288 620 416 682 rant,
447 614 584 669 dum
613 610 877 668 febribus
906 615 965 665 et
994 609 1389 665 inﬁrmatibus
1417 609 1900 682 corripiebantur,

291 709 339 764 et
361 702 518 760 multi
549 700 966 766 moriebantur,
1000 701 1066 754 ut
1097 699 1156 752 in
1178 697 1272 754 his
1303 698 1492 753 caeteri
1517 699 1824 766 discerent,
1848 702 1905 754 et

287 806 580 868 paucorum
607 786 870 860 exemplo
893 785 1080 842 caeteri
1106 784 1290 841 territi
1310 787 1901 854 emendarentur,non

287 880 515 940 inultum
547 879 798 934 scientes
827 893 1040 948 corpus
1070 875 1301 930 Domini
1352 875 1714 949 negligenter
1759 876 1905 931 acci-

281 988 417 1046 pere,
438 973 494 1024 et
523 983 657 1022 eum
691 983 866 1038 quem
889 965 983 1020 hic
1015 981 1187 1036 pmna
1208 963 1523 1031 distulerit,
1542 964 1776 1037 gravius
1793 969 1906 1020 tra-

281 1059 531 1117 ctandum
565 1057 709 1123 fore,
748 1055 889 1127 quia
917 1052 1271 1125 contempsit
1300 1052 1822 1124 exemplum.Quod
1854 1055 1904 1109 si

281 1147 653 1219 nosmetipsos
684 1145 1305 1210 diseerncremus,non
1338 1143 1540 1215 utique
1564 1143 1907 1215 dijudicarc-

281 1236 576 1295 mur.Dum
601 1234 946 1306 judicamur
975 1235 1191 1301 autem,
1208 1250 1243 1288 a
1263 1232 1508 1288 Domino
1533 1232 1902 1304 corripimur,

283 1331 334 1384 ut
363 1345 469 1383 non
497 1342 633 1381 cum
665 1325 774 1380 hoc
804 1323 1026 1379 mundo
1055 1320 1425 1379 damnamur.
1442 1323 1559 1378 Hoc
1591 1322 1908 1394 dicit,quia

279 1417 322 1474 si
348 1413 682 1486 nosmetipsi
717 1429 942 1469 errores
973 1416 1206 1468 nostros
1248 1413 1694 1486 corrigercmus,
1728 1431 1842 1468 non
1875 1431 1908 1468 a

281 1505 505 1562 Domino
527 1503 954 1576 judicarcmur,
970 1505 1028 1558 et
1047 1502 1186 1574 quia
1207 1501 1576 1574 corripimur,
1593 1507 1784 1557 tamen
1806 1520 1908 1575 pro

283 1593 433 1649 nobis
461 1597 573 1659 est,
589 1597 655 1647 ut
684 1590 1033 1664 timoreipso
1045 1590 1514 1646 cmondemur.ln
1532 1591 1736 1664 paucis
1753 1591 1908 1646 enim

281 1682 529 1737 omnium
560 1685 649 1737 est
679 1679 1032 1748 emendatio,
1066 1697 1139 1734 ne
1171 1696 1304 1734 cum
1334 1679 1443 1735 hoc
1474 1681 1714 1748 mundo,
1735 1681 1792 1736 id
1824 1687 1912 1739 est

277 1786 398 1824 cum
427 1767 788 1834 infidelibus,
825 1767 1196 1822 damnamur.
1227 1765 1382 1821 Nihil
1433 1767 1588 1823 enim
1618 1768 1810 1824 differt
1840 1771 1910 1826 ab

275 1843 501 1924 inﬁdeli,
532 1857 634 1930 qui
667 1856 1094 1912 inconsiderate
1127 1855 1198 1911 ad
1241 1871 1505 1911 mensam
1527 1847 1780 1912 Domini
1815 1875 1908 1914 ac-

272 1947 434 2004 cedit.

274 2057 396 2112 CAP.
444 2051 714 2109 XXXVII.
766 2083 835 2092 —
897 2051 1037 2120 Quid
1095 2051 1276 2107 beatus
1334 2060 1548 2126 martyr
1603 2053 1910 2126 Cyprianus

336 2127 585 2196 afﬁrmat
628 2140 686 2180 se
725 2131 989 2196 praesente
1033 2125 1320 2194 contigisse
1362 2123 1448 2178 his
1479 2123 1577 2196 eui
1622 2123 1822 2196 polluti
1848 2127 1913 2181 de

338 2196 652 2268 idolothytis
690 2197 962 2252 Deminiei
1009 2197 1247 2267 corporis
1297 2203 1348 2250 et
1387 2197 1674 2266 sanguinis
1725 2214 1907 2252 saera-

329 2275 509 2325 menta
539 2275 740 2324 temere
765 2273 1134 2338 susceperunt.

335 2376 642 2441 Prasente,
677 2373 890 2445 inquit,
923 2390 994 2429 ac
1019 2377 1165 2429 teste
1197 2390 1289 2430 me
1321 2373 1468 2446 ipso,
1494 2375 1738 2447 accipite
1770 2377 1910 2447 quid

273 2465 544 2522 evenerit.
577 2463 851 2518 Parentes
873 2461 1030 2518 foras
1049 2462 1358 2536 fugientes,
1395 2463 1535 2518 dum
1569 2465 1777 2536 trepidi
1811 2467 1918 2520 mi-

269 2571 374 2611 nus
383 2552 728 2621 consulunt,
742 2551 844 2607 sed
863 2550 1111 2608 nutricis
1123 2550 1403 2608 alimento
1415 2551 1716 2624 parvulam
1733 2553 1912 2610 ﬁliam

267 2640 579 2714 reliquere.
615 2639 898 2696 Relictam
923 2641 1122 2694 nutrix
1162 2639 1370 2695 detulit
1416 2642 1486 2696 ad
1540 2642 1911 2714 magistrum.

267 2729 383 2787 Illic
410 2731 461 2786 ei
495 2729 658 2802 apud
689 2727 933 2796 idolum,
967 2745 1084 2800 quo
1113 2728 1366 2800 populus
1396 2729 1913 2802 confluebat,quod

265 2836 498 2876 carnem
550 2818 805 2873 necdum
855 2821 1052 2889 posset
1089 2818 1260 2873 edere
1292 2835 1395 2890 per
1423 2823 1671 2885 aetatem,
1703 2837 1914 2891 panem

264 2924 419 2964 mero
449 2911 728 2974 mistum,
762 2907 919 2978 quod
949 2911 1146 2962 tamen
1177 2911 1235 2962 et
1281 2907 1477 2979 ipsum
1529 2909 1598 2963 de
1648 2909 1916 2964 immola-

264 2995 413 3050 tione
445 2995 826 3068 pereuntium
861 2999 1164 3066 supererat
1200 2995 1514 3050 tradidere.
1569 2998 1791 3070 Reliqua
1842 3000 1916 3054 le-

259 3093 459 3156 gantur
486 3083 645 3157 apud
673 3085 730 3138 S.
765 3086 1124 3156 Cyprianum,
1161 3085 1258 3140 lib.
1289 3085 1363 3140 De
1396 3086 1584 3157 lapsis.

2012 522 2268 592 quodam
2302 524 2806 580 condemnationis
2840 524 3210 580 anathemate
3241 520 3669 596 compellantur

2012 611 2335 667 studiosius
2361 612 2713 684 poenitentiae
2747 614 3241 669 medicamentum
3285 615 3576 684 appetere,
3607 614 3667 666 et

2013 699 2240 755 avidius
2273 702 2680 773 recuperanda:
2711 701 2919 758 salutis
2951 699 3254 758 desideriis
3284 701 3530 756 inhiare.

2013 859 2149 913 CAP.
2183 858 2420 930 XXXIX.
2454 892 2521 898 —
2549 861 2765 916 Juda‘os
2807 862 2874 916 ab
2911 863 3066 916 oni-ni
3108 869 3364 916 (animata
3421 861 3668 930 ﬁdelium

2082 929 2363 1055 emendos,
2411 933 2688 1002 pra’eipue
2733 933 2829 986 ubi
2873 933 3312 988 Christianorum
3365 929 3668 988 celebratur

2083 1017 2114 1054 0
2208 1009 2304 1055 llo.

2083 1009 2304 1056 oblatio.

2087 1149 2150 1203 In
2183 1147 2570 1206 celebratione
2611 1155 2804 1205 autem
2857 1151 2999 1206 tanti
3049 1151 3306 1224 mysterii
3347 1152 3667 1207 cavendum

2015 1236 2181 1292 valde
2213 1241 2302 1292 est
2334 1255 2405 1293 ne
2437 1238 2710 1294 intersint
2729 1239 2980 1294 hmrctici
3008 1239 3095 1294 vel
3117 1239 3359 1312 pagani;
3384 1235 3671 1313 prmcipue

2015 1342 2148 1381 vero
2178 1326 2363 1382 Judmi
2396 1345 2510 1382 non
2543 1327 2734 1384 solum
2769 1345 2802 1383 a
2832 1327 3138 1383 liminibus
3171 1327 3565 1396 ecclesize,scd
3597 1329 3670 1384 ab

2017 1415 2177 1470 omni
2204 1432 2443 1487 prorsus
2473 1422 2760 1472 conventu
2792 1415 3054 1472 ﬁdelium
3104 1421 3244 1471 sunt
3277 1417 3531 1472 arcendi.
3567 1417 3668 1474 So-

2015 1503 2138 1558 lent
2163 1504 2321 1558 enim
2354 1505 2698 1577 nequissimi
2725 1509 2780 1558 et
2799 1503 3182 1576 perditissimi
3201 1503 3464 1558 omnium
3490 1503 3673 1559 homi-

2021 1609 2162 1648 num
2194 1609 2329 1648 cum
2359 1593 2620 1665 principe
2651 1611 2756 1648 suo
2789 1591 3018 1647 diabolo
3047 1591 3322 1647 vitalibus
3373 1592 3674 1648 detrahere

2022 1681 2425 1752 sacramentis,
2459 1687 2863 1754 quantumque
2896 1682 2953 1735 in
2986 1681 3129 1753 ipsis
3161 1685 3270 1752 est,
3301 1699 3449 1753 ausu
3493 1682 3673 1754 impio

2022 1771 2374 1843 conari,quo
2403 1771 2635 1827 valeant
2665 1771 2918 1844 pretium
2952 1771 3370 1843 redemptionis
3402 1771 3672 1826 humanae

2019 1859 2326 1932 profanare
2357 1863 2529 1932 atque
2560 1859 3012 1932 polluere,quod
3035 1857 3175 1913 olim
3198 1859 3522 1915 beatissimi
3547 1860 3673 1932 Syri

2019 1948 2370 2004 confessoris
2403 1953 2661 2020 tempore
2684 1948 2993 2004 manifeste
3015 1947 3448 2018 daprchensum
3471 1948 3674 2020 digna-

2019 2053 2132 2109 que
2152 2039 2241 2091 cst
2271 2035 2492 2092 ultione
2535 2037 2830 2109 punitum.
2857 2035 3113 2103 Qualiter
3159 2053 3292 2092 vero
3338 2040 3534 2092 actum
3578 2036 3674 2103 sit,

2021 2126 2160 2199 quia
2191 2142 2464 2198 magnam
2497 2126 2673 2181 habet
2699 2125 2932 2182 Domini
2964 2125 3221 2194 laudem,
3255 2127 3409 2182 sicut
3438 2126 3499 2182 in
3545 2126 3679 2182 Vita

2021 2215 2277 2287 przedicti
2303 2215 2654 2270 confessoris
2671 2213 3046 2287 legitur,huic
3067 2215 3322 2287 capitulo
3344 2217 3680 2288 putavimus

2022 2305 2421 2360 inserendum.
2448 2304 2722 2360 l‘ert'cctis
2757 2304 2934 2377 igitur
2963 2303 3167 2376 templi
3201 2305 3322 2360 sive
3352 2303 3555 2361 altaris
3589 2305 3682 2360 de-

2023 2393 2331 2448 dicationis
2349 2393 2701 2465 insignibus,
2719 2393 3098 2449 beatissimus
3111 2395 3291 2466 Syrus
3308 2394 3680 2466 quotidianas

2024 2483 2141 2539 Deo
2173 2482 2378 2538 laudes
2411 2483 2470 2538 iu
2503 2499 2569 2538 eo
2601 2487 2658 2538 et
2707 2481 2934 2538 hostias
2983 2482 3280 2539 offerebat.
3315 2482 3440 2538 Una
3485 2487 3679 2538 autem

2025 2570 2274 2638 dierum,
2292 2571 2432 2624 dum
2453 2571 2770 2626 missarum
2791 2569 3074 2626 solemnia
3092 2569 3410 2643 singularis
3427 2572 3682 2643 pontifex

2027 2657 2243 2714 ibidem
2293 2657 2630 2727 celebraret,
2680 2664 2737 2714 ct
2792 2658 2960 2730 copia
3016 2657 3270 2712 ﬁliorum
3329 2660 3481 2729 ejus,
3533 2676 3681 2730 quos

2024 2749 2178 2803 verbi
2201 2749 2607 2818 seminejuxta
2636 2747 2977 2819 Apostolum
3001 2747 3116 2802 Deo
3151 2752 3451 2818 genuerat,
3478 2747 3683 2801 devota

2027 2835 2246 2892 sanctis
2267 2837 2560 2909 mysteriis
2579 2837 2906 2904 interesset,
2923 2835 3448 2890 aitdaetchudzeus
3468 2835 3525 2888 in
3545 2850 3680 2890 eum

2029 2927 2350 2998 ingressus,
2371 2925 2628 2998 maligno
2653 2924 2970 2997 instigante
3003 2924 3464 2996 spiritu,corpus
3487 2925 3682 2979 Domi-

2028 3015 2228 3070 nicum
2250 3015 2568 3086 suscipere,
2587 3029 2840 3085 eumque
2864 3013 2918 3066 in
2941 3012 3380 3084 sterquilinium
3402 3013 3682 3084 projicere

2030 3104 2271 3160 molitus
2303 3108 2410 3159 est.
2431 3104 2536 3170 Qui
2571 3104 2722 3158 inter
2743 3103 2943 3158 turbas
2975 3102 3236 3157 ﬁdelium
3255 3103 3327 3157 ad
3347 3119 3558 3156 manus
3577 3101 3684 3156 viri

258 3189 388 3246 CAP.
419 3191 811 3247 XXXVIIL—
843 3191 1032 3266 Quare
1047 3192 1274 3266 peccatis
1304 3193 1689 3248 eriminalibus
1721 3195 1922 3249 irretiti
1951 3172 1993 3240 Ο
2031 3195 2131 3250 Dei
2166 3193 2528 3266 perveniens,
2563 3211 2710 3247 ausu
2743 3193 2964 3247 nefario
2998 3192 3306 3247 immundo
3337 3207 3436 3247 ore
3475 3207 3688 3263 corpus

550 3279 593 3317 a
619 3265 975 3318 sacramentis
1002 3263 1300 3318 Dominicis
1328 3272 1637 3320 arceantur.

324 3368 476 3424 Cum
511 3369 722 3440 itaque
753 3367 879 3440 ipse
911 3365 1092 3423 Filius
1125 3367 1224 3424 Dei
1255 3369 1410 3424 dicat
1441 3385 1454 3424 :
1489 3369 1626 3426 Caro
1653 3387 1773 3426 mea
1803 3387 1926 3428 vere

253 3464 327 3514 est
350 3457 536 3525 cibus,
574 3464 630 3512 et
655 3457 883 3528 sanguis
911 3472 1063 3512 meus
1095 3472 1219 3513 vere
1255 3465 1336 3513 est
1368 3466 1546 3529 potus,
1580 3459 1663 3515 ita
1705 3458 1923 3516 intelli-

257 3545 518 3617 gendum
531 3549 629 3602 est
640 3545 844 3600 eadem
859 3544 1496 3618 redemptionisnostrze
1508 3549 1787 3620 mysteria
1797 3565 1928 3606 vere

255 3650 379 3690 esse
408 3650 644 3708 corpus
676 3637 732 3690 et
762 3620 1111 3707 sanguinem
1144 3633 1477 3704 Domini,ut
1508 3634 1668 3692 illius
1687 3637 1927 3694 unitatis

257 3723 555 3794 perfectas,
574 3739 760 3796 quam
792 3739 929 3778 cum
947 3723 1136 3796 capite
1163 3728 1362 3780 nostro
1375 3725 1501 3797 jam
1531 3741 1634 3796 spe
1655 3730 1857 3798 postea
1869 3743 1928 3783 re

254 3813 629 3880 tenebimus,
643 3811 889 3886 pignora
900 3812 1135 3868 credere
1152 3813 1490 3870 debeamus.
1508 3813 1646 3869 Inde
1667 3819 1722 3870 et
1743 3831 1932 3870 sacra-

259 3905 512 3958 mentaa
529 3901 1004 3958 sanctiﬁcatione
1032 3901 1120 3957 vel
1153 3907 1374 3958 secreta
1399 3902 1611 3958 virtute
1631 3902 1926 3961 dicuntur.

257 3987 417 4047 Unde
445 3990 649 4047 etiam
681 3989 996 4046 criminum
1029 3989 1288 4047 fmditate
1319 3989 1658 4064 capitalium
1681 4009 1715 4047 a
1745 4009 1928 4050 mem-

256 4075 506 4134 brorum
535 4077 766 4136 Christi
797 4079 1048 4134 sanitate
1078 4078 1378 4136 deviantes
1421 4080 1493 4136 ab
1543 4079 1687 4154 ipsis
1737 4098 1928 4138 sacra-

255 4167 474 4225 mentis
509 4166 922 4226 ecclesiastico
940 4168 1385 4240 suspenduntur
1393 4169 1753 4242 judicio.Qui
1772 4171 1929 4227 enim

255 4270 470 4329 corpus
493 4261 562 4314 et
583 4256 940 4330 sanguinem
962 4255 1194 4312 Domini
1217 4257 1392 4331 digne
1415 4259 1734 4315 manducat
1766 4264 1823 4315 et
1843 4260 1930 4316 bi-

255 4341 357 4414 bit,
371 4345 673 4420 designat
702 4361 764 4403 se
793 4361 923 4402 esse
951 4345 1012 4400 in
1043 4345 1158 4402 Deo
1189 4349 1247 4402 et
1269 4346 1452 4402 Deum
1477 4346 1536 4402 in
1567 4349 1770 4416 eo.Qui
1799 4366 1932 4406 vero

255 4435 640 4492 medicinam
666 4433 756 4492 vel
788 4451 904 4492 non
958 4433 1154 4504 habet,
1183 4434 1273 4490 vel
1322 4452 1390 4491 ea
1437 4435 1678 4509 indigne
1729 4437 1930 4508 utitur,

2034 3282 2292 3354 suscepit
2321 3281 2714 3336 Dominicum.
2749 3281 2913 3346 Quod
2963 3284 3028 3335 ut
3069 3281 3142 3335 ad
3195 3279 3580 3351 rejiciendum
3623 3295 3688 3334 os

2035 3371 2284 3444 aperuit,
2311 3371 2489 3444 digna
2519 3369 2738 3425 ultione
2767 3386 3084 3441 percussus
3113 3369 3240 3424 sine
3269 3367 3477 3424 effectu
3494 3368 3692 3424 verbo-

2036 3478 2188 3530 rum,
2219 3459 2448 3515 cunctis
2497 3459 2870 3514 audientibus
2925 3461 2983 3513 et
3029 3457 3388 3524 videntibus,
3437 3455 3691 3513 clamare

2036 3550 2231 3622 cmpit.
2264 3547 2506 3604 Volebat
2535 3546 2692 3604 labia
2711 3548 2982 3620 jungere,
3015 3563 3119 3602 nec
3149 3545 3397 3614 valebat,
3433 3546 3534 3601 sed
3577 3545 3690 3602 lin-

2037 3656 2153 3713 gua
2172 3637 2361 3712 rigida
2380 3635 2654 3709 loquendi
2677 3635 2938 3691 cilicium
2961 3651 3074 3690 non
3095 3634 3412 3706 praebebat.
3429 3635 3500 3690 Et
3521 3635 3690 3706 quasi

2038 3727 2289 3801 ignitum
2311 3724 2579 3798 jaculum
2611 3723 2670 3778 in
2702 3739 2799 3778 ore
2831 3727 3069 3794 portans
3100 3721 3409 3777 immensis
3453 3726 3690 3793 torque-

2038 3817 2211 3872 batur
2227 3811 2886 3870 doloribus.Resonabat
2898 3811 3092 3866 omnis
3109 3809 3211 3865 illa
3227 3807 3471 3865 ecclesia
3483 3809 3690 3882 inepta:

2035 3905 2194 3962 vocis
2225 3902 2672 3968 clamoribus,et
2693 3901 2762 3956 de
2791 3903 2911 3954 tam
2941 3898 3157 3971 egregii
3176 3897 3390 3953 virtute
3423 3896 3690 3952 miraculi

2037 3994 2252 4054 Christi
2284 3991 2544 4048 ﬁdelium
2574 3989 2881 4046 laetabatur
2927 3990 3268 4054 conventus,
3301 3985 3693 4059 impleturque

2039 4081 2208 4137 illud.
2237 4079 2536 4136 Derisores
2562 4078 2690 4152 ipse
2720 4076 2974 4144 deridet;
3008 4079 3063 4130 et
3093 4075 3247 4148 quod
3279 4073 3590 4147 Apostolus
3619 4075 3692 4130 ad

2041 4169 2276 4228 Galatas
2317 4167 2556 4226 scribit:
2589 4167 2766 4223 Nolite
2813 4181 3020 4232 errare,
3053 4166 3193 4220 Deus
3239 4179 3352 4220 non
3399 4163 3693 4232 irridetur;

2041 4275 2164 4333 quae
2192 4259 2341 4315 enim
2377 4257 2731 4312 seminaverit
2770 4254 2947 4322 homo,
2980 4254 3094 4310 haec
3139 4261 3190 4309 et
3235 4260 3411 4308 metet.
3455 4252 3695 4308 Judmus

2041 4353 2237 4404 autem
2269 4351 2326 4402 et
2355 4343 2691 4401 incredulus
2723 4359 2827 4400 nec
2868 4343 3136 4400 audierat
3184 4341 3244 4397 id
3295 4345 3384 4397 est
3427 4340 3693 4396 fraudem

2041 4437 2155 4494 ista
2203 4433 2490 4508 praeconia
2545 4433 2690 4506 (sie),
2750 4433 2851 4504 qui
2911 4435 3114 4488 sancto
3173 4429 3416 4503 Spiritui
3471 4428 3698 4502 putavit

251 4519 427 4596 longe
478 4541 552 4582 se
614 4541 742 4580 esse
789 4541 823 4580 a
864 4523 1089 4580 medico
1133 4523 1466 4596 languendo
1499 4529 1766 4582 testatur.
1801 4527 1925 4584 Non
1965 4541 2014 4608 Ι)
2045 4525 2347 4598 stropham
2379 4523 2671 4578 inducere.
2704 4523 2887 4588 Quem
2917 4521 3006 4576 vir
3051 4519 3152 4576 Dei
3201 4537 3308 4576 suo
3358 4519 3698 4592 conspectui

255 4612 418 4668 enim
453 4613 764 4671 mentitur
791 4612 892 4685 qui
925 4613 1067 4668 dicit
1100 4629 1112 4667 :
1143 4611 1266 4668 Nisi
1297 4614 1790 4672 manducaveritis
1811 4633 1934 4672 car-

252 4717 389 4758 nem
415 4703 561 4760 Filii
601 4701 956 4770 hominis,et
984 4700 1248 4757 biberitis
1278 4702 1406 4773 ejus
1439 4703 1937 4776 sanguinem,non

251 4788 568 4848 habebitis
601 4791 784 4846 vitam
815 4791 874 4844 in
904 4791 1090 4858 vobis,
1119 4793 1176 4846 et
1206 4789 1448 4864 reliqua.
1466 4792 1782 4849 Sciendum
1805 4812 1936 4852 vero

253 4893 283 4933 a
313 4881 561 4936 sanctis
601 4879 874 4935 Patribus
905 4879 978 4935 ob
1005 4879 1114 4935 hoc
1143 4878 1230 4935 vel
1262 4880 1932 4953 maximcconstitutum,

251 4972 313 5022 ut
345 4968 708 5026 mortaliter
729 4972 1042 5041 peccantes
1063 4969 1495 5024 asacramentis
1511 4970 1832 5028 Dominicis
1853 4991 1939 5028 ar-

251 5063 537 5131 ceantur,
561 5074 643 5114 ne
664 5057 901 5130 indigne
922 5074 990 5112 ea
1010 5057 1397 5131 percipientes
1413 5057 1498 5114 vel
1522 5061 1728 5132 majori
1753 5061 1939 5117 reatui

251 5146 676 5215 involvantur,
710 5151 775 5202 ut
793 5147 826 5202 J
833 5147 1000 5215 udas,
1033 5164 1208 5220 quem
1241 5151 1373 5220 post
1406 5164 1616 5220 panem
1659 5153 1874 5206 temere
1906 5168 1941 5206 a

249 5233 554 5311 Magistro
594 5241 939 5308 susceptum
971 5235 1241 5292 diabolus
1271 5235 1489 5292 dicitur
1516 5236 1748 5308 plenius
1777 5240 1936 5295 inva-

249 5324 420 5394 sisse,
460 5329 538 5382 ut
577 5323 805 5380 crimen
839 5325 997 5397 quod
1027 5325 1194 5396 prius
1243 5323 1527 5381 scelerata
1571 5328 1939 5398 praemedita-

249 5411 409 5471 tione
443 5417 837 5484 conceperat,
863 5414 990 5484 jam
1023 5413 1472 5470 sceleratissimo
1505 5420 1944 5472 consummaret

247 5505 506 5570 eﬂ'ectu;
546 5499 652 5557 vel
683 5518 775 5571 ne,
809 5501 964 5574 quod
995 5501 1308 5576 Apostolus
1337 5502 1408 5558 de
1439 5501 1757 5558 Corinthiis
1776 5505 1938 5572 dicit,

251 5591 700 5648 inﬁrmitatem
726 5591 986 5666 corporis
1015 5595 1072 5648 et
1117 5591 1583 5649 imbecillitatem
1633 5593 1942 5666 ipsamque

249 5689 528 5743 mortem
565 5685 1030 5760 presumptores
1053 5683 1457 5742 incurrantzet
1486 5686 1551 5742 ut
1581 5683 1654 5742 ad
1686 5699 1944 5744 commu-

2048 4612 2383 4688 przesentari
2414 4611 2702 4684 praecepit,
2737 4615 2912 4683 atque
2945 4608 3274 4666 advenienti
3307 4607 3486 4664 dixit:
3515 4609 3700 4664 Incre-

2049 4700 2188 4756 dula
2207 4704 2264 4757 et
2291 4698 2543 4772 perﬁdia:
2567 4715 2732 4754 mens
2753 4697 2945 4770 plena,
2966 4712 3145 4768 quare
3165 4699 3285 4750 tam
3302 4693 3486 4767 iniqui
3511 4694 3697 4751 hostis

2047 4788 2304 4862 implesti
2335 4785 2669 4852 consilium,
2688 4790 2752 4842 ut
2782 4785 3102 4840 mstimarcs
3120 4799 3330 4853 corpus
3347 4779 3556 4836 Christi
3579 4797 3699 4834 cor-

2047 4896 2160 4952 pus
2188 4876 2539 4932 vilissimum
2557 4875 2584 4930 ?
2613 4875 2754 4928 Ecce
2786 4872 2940 4944 quod
2963 4869 3365 4925 clandestinus
3386 4884 3699 4940 persuasor

2049 4973 2103 5024 te
2129 4967 2412 5022 miserum
2445 4963 2626 5018 illexit
2657 4967 2720 5016 ut
2751 4961 2990 5028 faceres,
3019 4957 3245 5014 cunctis
3270 4955 3541 5011 ﬁdelibus
3571 4955 3696 5010 suis

2049 5055 2244 5112 divina
2271 5053 2454 5107 virtus
2485 5050 2771 5106 ostendet.
2796 5048 3035 5104 Judaius
3066 5043 3481 5113 autem,nimio
3499 5043 3697 5100 dolore

2049 5146 2378 5215 superatus,
2411 5154 2582 5195 voces
2614 5136 2876 5193 emittere
2907 5135 3128 5207 absque
3160 5133 3531 5189 sermonibus
3580 5150 3694 5189 non

2051 5231 2315 5288 cessabat
2344 5227 2567 5283 habens
2596 5226 2656 5280 in
2687 5229 2921 5298 gutture
2952 5241 3060 5278 suo
3094 5221 3328 5278 malitiae
3346 5221 3692 5290 crueiatum,

2051 5319 2188 5394 quia
2218 5317 2542 5373 secundum
2563 5312 2920 5370 sanctissimi
2942 5311 3281 5367 vaticinium
3306 5310 3698 5374 Simeonis,ut

2051 5405 2369 5465 incredulis
2394 5407 2482 5459 est
2505 5401 2793 5474 pernicies
2823 5418 2889 5456 ac
2919 5401 3110 5468 ruina,
3126 5399 3208 5455 ita
3255 5397 3528 5454 ﬁdelibus
3571 5399 3698 5455 suis

2049 5499 2170 5555 vita
2196 5492 2501 5551 exsultatio
2532 5496 2622 5548 est
2649 5491 2891 5547 verbum
2923 5489 3044 5546 Dei.
3072 5489 3219 5543 Nam
3247 5485 3500 5543 mirabili
3527 5486 3698 5545 libra-

2051 5588 2208 5646 tionc
2228 5601 2440 5657 corpus
2459 5581 2830 5638 Dominicum
2860 5581 2920 5636 in
2937 5595 3035 5635 ore
3053 5576 3360 5634 videbatur
3376 5576 3561 5632 Judaei
3592 5577 3697 5634 de-

2051 5676 2321 5757 pendere,
2355 5675 2422 5731 ut
2452 5687 2557 5730 nec
2581 5669 2796 5753 linguae
2835 5669 3039 5729 subter
3087 5665 3355 5747 compagi
3397 5665 3699 5727 insideret-
