4116 6176
405 355 518 418 391

1463 341 1793 409 cszoms
1839 323 2171 405 ABBATIS
2215 335 2762 402 DER’I‘ONENSIS

3699 317 3813 398 39‘s

407 504 513 546 nec
545 489 793 559 desuper
823 483 1126 541 immundo
1147 480 1464 540 adhaereret
1495 477 1737 552 palatui.
1771 476 1882 534 Sed
1913 491 2047 550 pos-
2074 479 2132 549 Α
2159 473 2230 532 Et
2257 472 2378 530 haec
2409 471 2536 530 dico
2567 488 2684 529 non
2725 475 2789 528 ut
2819 487 2919 528 vos
2957 474 3226 539 terream,
3258 469 3362 559 sed
3412 474 3477 525 ut
3523 469 3819 559 cautiores

406 577 736 635 tulantibns
767 573 1039 630 ﬁdelibus
1087 588 1192 644 pro
1229 571 1358 642 ejus
1410 567 1667 635 miseria,
1700 567 1789 621 vir
1828 563 2061 622 Domini

408 683 652 724 manum
684 662 952 729 tetendit,
987 665 1043 716 et
1073 664 1284 715 sancta:
1317 655 1683 713 eucharistiae
1714 653 2060 728 mysterium

410 773 446 812 a
474 753 758 824 sacrilego
781 768 879 806 ore
911 748 1195 804 abstraxit
1225 747 1424 802 dicens
1459 762 1471 800 :
1506 747 1649 800 Ecce
1674 761 1830 799 nunc
1859 742 2063 798 libera-

409 848 506 900 tus
532 860 614 910 es,
635 841 702 896 de
725 844 930 894 caetero
955 855 1086 893 cave
1116 833 1528 908 hujuscemodi
1550 831 1740 889 simile
1763 850 1833 887 ne
1858 831 2058 897 facias,

401 937 460 988 et
487 947 558 988 ne
589 928 838 985 ulterius
870 930 1129 998 repetere
1161 924 1268 979 hoc
1301 940 1645 996 praesumus.
1671 921 1911 977 Judasus
1951 936 2059 973 au-

401 1028 544 1086 tem,
576 1019 705 1090 ejus
744 1015 992 1088 pedibus
1024 1013 1354 1079 advolutus,
1389 1011 1682 1066 clamabat
1726 1027 1788 1064 se
1832 1007 2059 1063 Christo

401 1107 650 1166 Domino
680 1105 1060 1170 crediturum,
1095 1101 1142 1157 si
1170 1101 1318 1156 sacri
1350 1118 1484 1156 eum
1513 1098 1886 1172 baptismatis
1905 1097 2060 1151 unda

403 1195 796 1270 perfunderet,
829 1181 895 1247 ac
924 1191 1018 1263 pio
1051 1191 1178 1262 ejus
1209 1189 1515 1245 conventui
1553 1186 1872 1259 copularet.
1906 1184 2056 1251 Tibi,

400 1284 612 1358 inquit,
646 1283 745 1338 Dei
777 1280 1192 1352 omnipotentis
1237 1279 1406 1334 Pater
1453 1278 1636 1334 refero
1686 1275 1926 1350 gratias,
1958 1275 2058 1346 qui

399 1373 705 1434 Judaieam
738 1369 1057 1444 perﬁdiam-
1079 1386 1194 1423 non
1226 1367 1565 1440 dedignaris
1609 1365 1918 1436 corrigere,
1955 1363 2060 1419 sed

400 1463 474 1520 ad
523 1461 606 1518 tui
657 1459 954 1532 Unigeniti
1003 1459 1177 1512 ﬁdem
1227 1455 1426 1528 ampla
1473 1455 1690 1528 pietate
1737 1451 2054 1508 conversis.

401 1551 700 1624 Baptizato
717 1553 910 1606 autem
935 1547 1056 1615 illo,
1075 1546 1241 1602 multi
1265 1563 1334 1600 ex
1353 1544 1572 1601 Jndaeis
1595 1543 1899 1599 credentes
1921 1557 2056 1596 cum

398 1654 467 1696 eo
498 1655 664 1696 sacro
691 1636 875 1693 renati
898 1634 1248 1708 baptismate
1290 1631 1502 1690 Christi
1544 1630 1838 1700 ﬁdelibus,
1853 1645 1918 1686 ac
1946 1628 2060 1701 spi-

397 1727 596 1786 rituali
626 1726 799 1784 cmtui
831 1730 970 1782 sunt
1001 1723 1172 1779 uniti.

398 1823 536 1884 CAP.
568 1825 683 1882 XL.
717 1855 785 1865 —
837 1822 1081 1889 Qualiter
1131 1819 1488 1876 accedendum
1537 1820 1610 1874 sit
1657 1817 1729 1873 ad
1786 1815 2060 1872 Dominici

556 1897 798 1968 corporis
827 1901 880 1949 et
901 1893 1190 1964 sanguinis
1221 1891 1476 1946 mirabile
1493 1897 1913 1970 sacramentum.

471 1991 882 2050 Confessiones
902 1993 1100 2045 autem
1134 1987 1260 2044 dari
1291 1987 1632 2061 diligentius
1663 1984 2056 2058 praecipimus,

397 2081 650 2140 maxime
683 2082 755 2137 de
775 2077 1268 2136 commotionibus
1286 2077 1488 2145 animi,
1503 2080 1815 2148 antequam
1833 2075 1906 2130 ad
1927 2073 2060 2130 mis-

398 2189 530 2228 sam
561 2175 747 2238 eatur,
767 2185 840 2224 ne
870 2169 1015 2222 forte
1047 2165 1179 2238 quis
1201 2166 1437 2220 accedat
1458 2165 1736 2236 indignus
1758 2163 1829 2218 ad
1853 2161 2056 2228 altare,

397 2260 458 2316 id
489 2263 579 2315 est
609 2258 658 2314 si
681 2273 780 2314 cor
808 2255 1096 2310 mundum
1121 2270 1234 2308 non
1263 2249 1779 2308 habuerit.Melius
1795 2253 1885 2305 est
1899 2247 2057 2304 enim

399 2351 738 2421 exspectare
769 2345 953 2400 donec
984 2359 1195 2398 sanum
1227 2341 1402 2396 fuerit
1447 2344 1505 2396 et
1544 2338 1800 2394 alienum
1832 2355 1867 2393 a
1897 2353 2059 2392 scan-

400 2437 532 2493 dalo
565 2440 742 2507 atque
769 2431 1007 2500 invidia,
1041 2448 1220 2503 quam
1251 2430 1523 2486 accedere
1555 2428 1832 2483 audacter
1861 2425 1932 2482 ad
1955 2425 2055 2496 ju-

399 2526 618 2582 dicium
647 2521 978 2579 tribunalis.
1003 2518 1285 2576 Tribunal
1319 2518 1476 2574 enim
1505 2516 1716 2574 Christi
1741 2514 1923 2571 altare
1943 2517 2053 2582 est,

399 2619 458 2670 et
489 2630 701 2686 corpus
733 2627 906 2667 suum
929 2609 1075 2664 inibi
1096 2625 1230 2664 cum
1254 2607 1541 2680 sanguine
1563 2605 1794 2678 judicat
1818 2602 2056 2676 indigne

397 2705 754 2760 accedentes.
791 2701 955 2756 Sicut
983 2714 1119 2770 ergo
1153 2715 1188 2754 a
1218 2697 1474 2770 peccatis
1501 2693 1838 2750 carnalibus
1869 2696 1926 2748 et
1954 2708 2054 2747 ca-

398 2791 679 2866 pitalibus
697 2788 1148 2861 temperandum
1171 2791 1262 2842 est
1283 2790 1597 2857 antequam
1619 2781 2054 2838 communican-

397 2881 539 2937 dum
572 2879 666 2948 sit,
700 2879 783 2934 ita
813 2878 989 2932 etiam
1019 2877 1092 2932 ab
1126 2875 1503 2931 interioribus
1533 2873 1688 2929 vitiis
1734 2875 1791 2928 et
1835 2869 2055 2926 morbis

397 2968 732 3043 languentis
764 2967 974 3022 animae
1006 2964 1422 3020 abstinendum
1452 2967 1541 3019 est
1573 2966 1705 3017 ante
1729 2977 1870 3016 verae
1893 2958 2054 3030 pacis

397 3057 870 3129 conjunctionem
901 3057 958 3108 et
987 3058 1209 3107 aeterna:
1233 3052 1442 3106 salutis
1463 3047 2052 3122 compaginem.Cum

397 3147 597 3217 itaque
627 3145 699 3200 ad
729 3141 1050 3198 terribilem
1083 3158 1348 3196 mensam
1377 3143 1772 3212 opportunum
1820 3143 2054 3208 tempus

2082 1855 2144 1924 Β

2169 561 2636 619 efﬁciam.Nemo
2659 561 2736 617 sit
2761 560 2946 618 Judas
2975 560 3034 616 in
3065 575 3289 616 mensa.
3313 558 3432 615 Hoc
3459 557 3817 614 sacriﬁcium

2171 653 2338 708 cibus
2368 655 2458 707 est
2478 649 2822 723 spiritualis,
2839 667 2974 705 nam
2997 649 3147 706 sicut
3163 646 3484 721 corporalis
3499 647 3672 703 cibus
3683 663 3819 703 cum

2169 745 2426 797 ventrem
2459 739 2741 796 invenerit
2771 739 3030 794 adversis
3067 737 3420 794 humoribus
3465 741 3819 809 occupatum

2170 829 2428 902 amplius
2451 829 2629 896 laxdit,
2665 828 2854 900 magis
2887 831 3070 895 nocet,
3103 826 3335 882 nullum
3369 830 3608 898 praestat
3655 827 3818 882 auxi-

2171 917 2337 984 lium,
2372 919 2452 972 ita
2481 921 2569 972 est
2601 917 2707 972 iste
2734 914 3058 988 spiritualis
3087 915 3339 982 cibus,si
3375 914 3631 987 aliquem
3665 931 3822 986 repe-

2170 1007 2308 1063 rerit
2338 1007 2702 1080 malignitate
2732 1005 3042 1078 pollutum,
3076 1005 3265 1078 magis
3297 1022 3433 1060 eum
3463 1005 3677 1078 perdit,
3703 1021 3818 1060 non

2170 1114 2277 1153 sua
2325 1101 2552 1164 natura,
2599 1096 2699 1150 sed
2750 1094 3088 1166 accipientis
3135 1112 3203 1150 ex
3249 1093 3410 1149 vitio.
3447 1093 3598 1148 Pura
3639 1093 3820 1166 igitur

2169 1203 2337 1242 mens
2359 1185 2416 1239 in
2440 1185 2734 1253 omnibus,
2751 1201 2898 1256 pura
2919 1182 3212 1258 cogitatio,
3231 1183 3372 1255 quia
3384 1187 3442 1238 et
3458 1181 3817 1238 sacriﬁcium

2168 1293 2382 1348 purum
2397 1276 2784 1332 est.Sanctam
2799 1273 3056 1329 animam
3062 1273 3564 1346 prmparemusEx
3576 1271 3687 1327 hoc
3700 1288 3818 1326 non

2168 1362 2352 1419 multo
2366 1367 2480 1418 tem
2488 1362 2754 1436 pore,sed
2769 1380 2888 1418 una
2900 1361 3209 1434 corrigitur
3219 1360 3486 1416 die.Nam
3501 1359 3548 1414 si
3563 1359 3672 1414 tibi
3685 1376 3820 1415 con-

2168 1455 2258 1507 tra
2286 1451 2592 1507 inimicum
2623 1456 2791 1507 tuum
2825 1449 2989 1506 dolor
3017 1449 3288 1518 est,solve
3319 1449 3456 1518 iras,
3472 1448 3820 1504 inimicitias

2167 1540 2315 1611 laxa,
2341 1545 2406 1596 ut
2427 1540 2751 1597 remedium
2783 1540 2854 1596 de
2882 1556 3086 1596 mensa
3112 1537 3510 1612 percipias.Ad
3540 1543 3818 1594 sanctum

2167 1646 2233 1685 ac
2262 1629 2518 1686 terribile
2559 1629 2912 1686 sacriﬁcium
2956 1628 3280 1703 properas?
3310 1628 3602 1684 Erubesce
3650 1627 3816 1684 obla-

2164 1719 2343 1776 tionis
2389 1736 2621 1776 arcana.
2673 1717 2962 1775 Occisioni
3011 1717 3346 1792 propositus
3390 1716 3659 1774 Christus
3701 1721 3816 1786 est,

2164 1813 2221 1863 et
2249 1825 2354 1864 cur
2382 1807 2610 1866 occisus
2635 1813 2724 1864 est
2744 1806 3156 1864 videamus.Ut
3185 1806 3444 1864 caelestia
3471 1806 3694 1863 scilicet
3717 1823 3818 1882 pa-

2165 1897 2380 1954 ctiﬁcet
2406 1898 2630 1968 (sic),ut
2659 1897 2717 1952 in
2748 1899 2902 1952 terra
2933 1894 3267 1952 reconciliet
3292 1895 3814 1972 universa,utami-

2166 2003 2299 2042 cum
2333 1992 2389 2042 te
2419 1987 2739 2043 constituat
2767 1985 3132 2060 angelorum,
3163 1989 3222 2042 et
3255 1985 3357 2042 Dei
3378 1983 3648 2041 habentis
3679 2001 3814 2041 om-

2165 2075 2330 2131 nium
2360 2078 2728 2148 potestatem.
2759 2074 3031 2131 Animam
3063 2092 3233 2131 suam
3267 2091 3370 2148 pro
3421 2079 3477 2129 te
3526 2073 3816 2130 Dominus

2166 2165 2416 2232 dedit,et
2442 2168 2506 2220 tu
2529 2163 2806 2222 inimicus
2831 2180 3108 2220 conservo
3131 2162 3520 2236 perduras?et
3547 2179 3684 2218 cum
3702 2161 3816 2219 hoc

2166 2253 2362 2309 animo
2393 2254 2467 2308 ad
2499 2269 2764 2309 mensam
2799 2253 2960 2325 pacis
2987 2251 3370 2308 accedis‘Hlle
3402 2267 3507 2308 nec
3530 2251 3676 2306 mori
3690 2253 3817 2323 qui-

2165 2341 2298 2397 dem
2327 2358 2432 2414 pro
2463 2345 2565 2397 tua
2597 2341 2843 2397 utilitate
2857 2341 3162 2410 recusavit,
3181 2345 3239 2397 et
3267 2345 3330 2396 tu
3363 2357 3469 2397 nec
3489 2339 3814 2396 iramtnam

2163 2447 2440 2487 conservo
2471 2447 2574 2503 pro
2602 2435 2704 2486 tua
2732 2429 3072 2487 liberatione
3103 2429 3413 2495 concedis?
3427 2431 3538 2486 Sed
3571 2429 3816 2486 forsitan

2164 2517 2313 2574 dicis
2344 2533 2358 2573 :
2388 2517 2474 2574 Ab
2507 2517 2744 2574 inimico
2775 2518 3082 2574 fraudatus
3113 2535 3270 2589 sum,
3303 2517 3507 2574 multis
3543 2535 3635 2572 me
3665 2517 3818 2573 laesit

2164 2605 2510 2680 dispendiis,
2544 2608 2776 2680 magnis
2802 2625 2895 2664 me
2925 2607 3294 2664 detrimentis
3325 2607 3606 2664 oneravit.
3641 2608 3819 2674 Quid-

2163 2695 2304 2768 quid
2352 2695 2568 2752 dixeris
2618 2697 3005 2768 pecuniarum
3054 2697 3300 2752 vertitur
3348 2714 3548 2753 causa.
3600 2697 3728 2752 Non
3757 2701 3818 2752 te

2163 2783 2470 2854 cruciﬁxit,
2489 2786 2642 2841 sicut
2669 2785 2855 2842 Judaei
2887 2787 3206 2856 Christum,
3240 2790 3298 2842 et
3327 2791 3521 2842 tamen
3545 2785 3639 2842 ille
3661 2786 3818 2842 etfu-

2163 2892 2298 2931 sum
2329 2875 2677 2948 sanguinem
2726 2892 2831 2949 pro
2881 2874 3070 2932 salute
3097 2891 3302 2933 eorum
3333 2875 3434 2948 qui
3483 2875 3820 2932 effuderunt

2163 2962 2326 3036 larga
2356 2964 2567 3036 pietate
2595 2964 3233 3022 concessit.lnimieum
3251 2965 3367 3021 Deo
3398 2969 3487 3021 est
3514 2964 3816 3020 tumidum

2163 3056 2385 3124 pectus.
2403 3052 2606 3110 Merito
2635 3058 2834 3110 autem
2867 3053 3357 3110 reconciliationis
3386 3071 3564 3110 causa
3589 3053 3696 3109 hoc
3715 3071 3816 3124 sa-

2163 3140 2448 3197 criﬁcium
2480 3143 2867 3198 constitutum
2897 3147 3007 3198 est.
3040 3144 3110 3199 Et
3138 3144 3189 3199 si
3221 3141 3490 3199 sacriﬁcii
3522 3146 3819 3216 praecepta

399 3234 625 3301 invitat,
660 3229 1102 3304 praecavendum
1132 3233 1221 3285 est
1242 3244 1613 3300 summopere
1642 3231 1708 3282 ut
1737 3225 1936 3282 nullus
1967 3224 2048 3280 ibi
2077 3225 2122 3296 C
2161 3231 2509 3301 contemnis,
2529 3231 2802 3288 sacriﬁcii
2835 3231 3158 3288 remedium
3191 3231 3406 3288 sentire
3436 3248 3550 3288 non
3570 3233 3814 3304 poteris.

399 3323 640 3380 Judaeus
677 3319 1021 3392 reperiatur,
1059 3316 1256 3373 nullus
1300 3316 1596 3389 malignns
1646 3315 1901 3382 accedat,
1937 3331 2052 3369 non

403 3412 599 3468 fucata
628 3410 806 3465 verba
852 3407 1056 3480 lingua
1106 3407 1381 3478 proferat,
1417 3423 1523 3463 nec
1579 3403 1805 3461 insidiae
1857 3407 2054 3459 mente

401 3501 751 3566 condantur,
781 3496 882 3552 sed
917 3496 1074 3568 quod
1104 3494 1373 3551 voluntas
1405 3495 1683 3568 possidet,
1718 3509 1910 3549 sermo
1955 3493 2053 3548 de-

401 3589 601 3646 claret.
633 3589 705 3644 Et
735 3601 891 3642 nunc
921 3583 1020 3641 illo
1051 3589 1262 3656 praesto
1299 3589 1388 3640 est
1432 3583 1717 3652 Christus,
1743 3582 1842 3656 qui
1891 3580 2052 3637 illam

401 3677 628 3736 ornavit
658 3691 950 3742 mensam,
971 3674 1096 3747 ipse
1128 3674 1301 3729 istam
1324 3690 1557 3746 quoque
1579 3676 1900 3729 consecrat.
1927 3672 2053 3728 Non

400 3767 556 3825 enim
587 3767 761 3823 homo
793 3763 1013 3836 est,qui
1046 3762 1346 3836 proposita
1394 3779 1607 3836 corpus
1653 3761 1867 3818 Christi
1919 3760 2056 3817 facit

401 3861 460 3914 et
489 3835 862 3928 sahguinem,
891 3835 992 3909 sed
1026 3835 1124 3907 ille
1147 3851 1246 3923 qui
1287 3835 1604 3907 cruciﬁxus
1632 3865 1736 3924 pro
1767 3849 1936 3906 nobis
1967 3853 2057 3905 est

401 3945 688 4003 Christus.
721 3943 830 3999 Ore
861 3940 1181 3998 sacerdotis
1219 3941 1393 3996 verba
1423 3939 1818 4012 proferuntur,
1851 3941 1908 3993 et
1952 3937 2052 3993 Dei

397 4035 614 4091 virtute
663 4033 1080 4088 consecrantur
1127 4033 1184 4084 et
1230 4028 1440 4101 gratia.
1471 4029 1578 4084 Hoc
1623 4035 1720 4098 est,
1753 4027 1834 4083 ait
1862 4042 2055 4099 corpus

401 4139 604 4179 meum.
638 4121 756 4176 Hoc
785 4119 958 4174 verbo
988 4117 1286 4190 proposita
1333 4121 1772 4186 consecrantur,
1798 4121 1854 4172 ct
1902 4116 2057 4172 sicut

405 4209 506 4266 illa
533 4227 660 4278 vox,
699 4224 824 4280 quae
857 4205 1005 4262 dixit
1039 4223 1050 4261 :
1085 4205 1337 4261 Crescite
1381 4211 1437 4261 et
1468 4204 1966 4278 multipiicamini,
1999 4208 2056 4260 et

405 4298 694 4372 complete
723 4301 960 4364 terram,
986 4293 1164 4350 simul
1193 4294 1430 4367 quidem
1461 4294 1616 4351 dicta
1648 4300 1758 4364 est,
1791 4294 1890 4350 sed
1903 4310 2056 4380 .om-

406 4388 575 4445 nium
619 4390 882 4458 tempore
931 4384 1110 4440 sentit
1157 4383 1448 4454 effectum,
1497 4383 1570 4440 ad
1619 4383 2054 4458 generationem

407 4480 683 4551 operante
713 4478 925 4530 natura
959 4490 972 4530 :
1008 4473 1089 4529 ita
1110 4475 1166 4530 et
1185 4487 1290 4528 vox
1319 4471 1419 4529 illa
1437 4472 1618 4530 semel
1637 4473 1875 4546 quidem
1897 4471 2056 4528 dicta

407 4567 516 4634 est,
549 4563 650 4622 sed
681 4579 784 4634 per
812 4577 1016 4618 omnes
1045 4577 1281 4616 mensas
1309 4560 1577 4618 Ecclesia
1609 4577 1796 4634 usque
1844 4560 1916 4617 ad
1945 4559 2050 4616 ho-

410 4653 678 4710 diernum
708 4652 863 4708 diem
893 4655 950 4708 et
980 4667 1167 4723 usque
1195 4649 1268 4706 ad
1297 4651 1425 4723 ejus
1454 4651 1769 4706 adventum
1819 4652 2057 4721 praestat

410 4743 696 4799 sacriﬁcio
728 4740 1088 4796 ﬁrmitatem.
1121 4738 1330 4796 Nullus
1361 4740 1544 4813 igitur
1581 4740 1755 4794 ﬁctus
1803 4738 2060 4805 accedat,

413 4831 612 4888 nullus
633 4831 827 4886 fucato
849 4830 1045 4884 animo
1069 4829 1248 4884 tantis
1269 4829 1482 4884 audeat
1505 4827 1834 4900 proximare
1856 4831 2066 4900 myste-

413 4921 536 4989 riis,
571 4937 642 4976 ne
685 4919 1128 4986 condemnetur,
1159 4921 1217 4972 et
1261 4917 1614 4972 sententiam
1660 4919 1974 4984 mercatur,
2005 4917 2064 4970 et

415 5011 571 5084 quod
591 5009 775 5066 Judas
806 5006 1089 5063 sustinuit
1111 5005 1386 5078 patiatur.
1402 5005 1548 5060 Nam
1570 5004 1738 5060 illum
1761 5007 1891 5078 post
1911 5021 2064 5060 com-

417 5097 875 5154 municationem
909 5111 1108 5152 mense
1155 5093 1426 5150 diabolus
1475 5093 1731 5162 intravit,
1766 5111 1880 5150 non
1923 5092 2064 5166 quia

417 5189 850 5258 contempserat
879 5181 1249 5239 Dominicum
1280 5199 1512 5256 corpus,
1544 5184 1644 5239 sed
1685 5183 1824 5256 quia
1865 5175 2062 5256 impu-

417 5275 615 5332 dentia
640 5280 696 5329 et
725 5273 1064 5346 malignitas
1096 5272 1310 5327 mentis
1341 5272 1469 5344 ejus
1499 5277 1566 5328 ut
1590 5271 1956 5328 adversarius
2002 5273 2063 5326 in

417 5382 486 5423 eo
514 5362 801 5420 habitaret
828 5362 1035 5418 ell‘ecit.
1066 5361 1138 5417 Ut
1169 5362 1362 5418 discas
1392 5361 1548 5433 quod
1595 5360 1853 5436 indignis
1881 5366 1940 5417 et
1969 5361 2064 5416 fu-

419 5457 544 5509 cate
573 5451 984 5525 mysteriorum
1016 5453 1238 5504 secreta
1277 5449 1709 5507 celebrantibus
1758 5468 1792 5506 a
1835 5449 2066 5506 diabolo

421 5545 821 5614 praeparantur
847 5537 1094 5604 insidiae,
1116 5541 1172 5590 et
1193 5536 1380 5609 magis
1403 5539 1708 5612 magisque
1731 5539 2068 5610 ademptan-

420 5633 538 5702 tur,
571 5629 671 5707 qui
701 5643 814 5684 non
848 5643 1012 5700 aequo
1047 5623 1242 5680 animo
1281 5627 1713 5686 communicare
1767 5628 2064 5686 festinant.

2161 3318 2400 3391 Comple
2429 3319 2573 3376 illud
2607 3320 2778 3392 cuius
2801 3337 2979 3376 causa
2998 3319 3356 3376 sacriﬁcium
3387 3320 3608 3376 factum
3629 3324 3818 3387 est,ut

2161 3405 2448 3462 sacriﬁcio
2480 3406 2820 3479 perfruaris.
2855 3408 2987 3466 Ideo
3022 3407 3201 3464 Filius
3233 3405 3486 3476 advenit,
3520 3411 3586 3464 ut
3607 3407 3816 3464 huma-

2162 3511 2318 3580 nam.
2333 3498 2604 3551 naturam
2636 3495 2846 3552 divinae
2868 3495 3200 3553 reconciliet
3219 3496 3584 3571 pietati.ldeo
3605 3500 3662 3552 et
3680 3513 3814 3568 nos,

2163 3599 2299 3640 cum
2317 3583 2426 3640 hoc
2439 3584 2825 3654 facimus,suo
2841 3585 2972 3641 fecit
2983 3585 3266 3642 vocabulo
3281 3585 3813 3660 nuncupari.Beati,

2164 3672 2380 3746 inquit,
2417 3675 2656 3747 paciﬁci,
2707 3676 2967 3746 quoniam
3015 3675 3126 3747 ﬁlii
3172 3677 3270 3732 Dei
3310 3675 3661 3733 vocabuntur.
3693 3675 3816 3733 Hoc

2161 3761 2320 3818 enirn
2353 3761 2443 3818 fac
2496 3763 2652 3836 quod
2700 3762 2800 3818 Dei
2854 3762 3064 3820 unicus
3095 3763 3249 3833 fecit,
3283 3764 3332 3820 si
3363 3767 3422 3821 et
3451 3764 3558 3820 tibi
3591 3767 3650 3820 et
3679 3763 3814 3820 aliis

2163 3851 2326 3922 pacis
2354 3850 2606 3908 volueris
2636 3857 2840 3909 auctor
2869 3853 3144 3922 existere;
3177 3853 3308 3910 ideo
3339 3870 3593 3926 namque
3624 3857 3681 3910 te
3711 3869 3814 3909 vo-

2161 3944 2258 3994 cat
2291 3939 2500 3996 Filium
2532 3941 2822 3998 Dei.Deus
2852 3941 2911 3998 in
2944 3941 3218 3999 sacriﬁcii
3250 3941 3642 3999 celebratione
3662 3941 3813 3998 nihil

2163 4025 2322 4083 aliud
2356 4028 2469 4084 nisi
2500 4028 2570 4083 de
2602 4029 2798 4086 fratris
2830 4028 3298 4087 reconciliatione
3329 4029 3647 4087 mandavit.
3678 4029 3814 4088 Haec

2163 4115 2344 4189 igitur
2373 4117 2668 4174 mentibus
2699 4119 2918 4176 nostris
2948 4119 3244 4194 glutinata
3273 4120 3608 4194 perdurent.
3627 4119 3812 4176 Sanc-

2162 4209 2290 4262 tum
2322 4205 2590 4263 osculum
2623 4213 2929 4266 teneamus
2945 4209 3101 4282 quod
3117 4209 3348 4267 animas
3377 4209 3816 4280 sociat,mentcs

2162 4297 2221 4352 et
2253 4312 2436 4352 unum
2467 4314 2680 4370 corpus
2709 4297 3128 4372 ostendit,quia
3157 4316 3345 4356 unum
3374 4315 3586 4372 corpus
3607 4313 3816 4356 omnes

2160 4381 2432 4441 videmur
2458 4403 2586 4442 esse
2614 4386 2913 4444 sortiti.Et
2942 4387 3070 4444 ideo
3101 4388 3461 4446 misceamus
3482 4405 3594 4446 nos
3612 4387 3675 4444 in
3695 4403 3813 4444 uuo

2163 4487 2424 4546 corpore,
2439 4491 2557 4531 non
2575 4491 2883 4548 corporum
2905 4475 3332 4546 commistione,
3346 4477 3448 4534 sed
3479 4475 3814 4533 animarum

2163 4559 2447 4619 charitate
2473 4563 2751 4637 laqueati,
2785 4568 2843 4620 et
2869 4562 2953 4620 sic
2983 4563 3192 4620 divinae
3233 4581 3552 4637 possumus
3597 4581 3816 4622 mensae

2166 4647 2454 4706 fructibus
2483 4651 2981 4708 satiari.Nametsi
3011 4651 3213 4706 multis
3243 4650 3414 4709 bonis
3443 4651 3818 4708 conscientiae

2173 4736 2564 4810 abundemus,
2581 4739 3048 4796 reconciliatione
3068 4744 3406 4815 contempta
3436 4739 3662 4797 nullum
3685 4757 3823 4813 pos-

2173 4842 2382 4884 sumus
2411 4828 2684 4886 solatium
2718 4829 3058 4902 promereri.

2171 4932 2309 4990 Cxp.
2341 4935 2481 4992 XLI.
2515 4967 2584 4978 —
2611 4938 2686 4993 De
2714 4936 3153 5009 rwelationibas,
3195 4936 3396 5009 quibus
3440 4937 3708 4994 Dominus
3753 4934 3825 5009 de

2240 5009 2466 5082 ueritate
2493 5011 2732 5082 corporis
2760 5017 2812 5065 et
2827 5005 3118 5081 sanguini}
3140 5005 3236 5065 ne
3265 5009 3639 5067 haesitantium
3655 5007 3824 5065 corda

2239 5079 2499 5148 ﬁrmavit.

2243 5184 2372 5240 Haec
2404 5202 2657 5259 namque
2685 5187 2974 5244 Dominici
2993 5185 3254 5261 corporis
3283 5190 3342 5243 et
3369 5187 3677 5262 sanguinis
3696 5201 3828 5260 gra-

2172 5273 2256 5330 tia
2283 5278 2448 5330 tanta
2476 5279 2879 5349 est,quantum
2896 5274 3094 5334 nullus
3113 5275 3427 5333 hominum
3448 5275 3704 5350 cogltare
3726 5291 3827 5349 po-

2173 5363 2422 5420 test.Per
2449 5364 2602 5421 hanc
2632 5365 2926 5438 siquidem
2957 5365 3368 5422 reconciliatur
3398 5365 3660 5423 mundus
3679 5365 3822 5433 Deo,

2175 5468 2278 5526 per
2306 5453 2458 5510 hanc
2489 5453 2755 5510 homines
2772 5455 2852 5510 dii
2872 5455 3213 5512 efﬁciuntur
3227 5459 3306 5526 et,
3321 5473 3458 5533 cum
3475 5455 3595 5514 sint
3609 5459 3829 5512 natura

2173 5542 2408 5611 terreni,
2443 5544 2592 5597 ﬁunt
2621 5544 3058 5600 conversatione
3086 5543 3826 5618 caalestes.Sed,quantum

2175 5632 2235 5688 in
2266 5631 2412 5706 ipsis
2443 5635 2552 5699 est,
2584 5634 2902 5690 extenuant
2929 5634 3174 5709 quidam
3205 5634 3357 5694 hanc
3387 5634 3660 5710 gratiam,
3705 5649 3826 5690 non
