4068 6172
317 303 440 366 393

1146 317 1377 379 LIBER
1419 320 1521 380 DE
1565 318 1923 381 conpone
1967 268 2510 385 n‘TDSANGUINn
2556 324 2895 387 CHRISTI.

3596 332 3730 393 .394

310 439 611 495 credentes
640 459 840 500 verum
871 446 1101 506 Domini
1125 466 1336 523 corpus
1353 468 1478 507 esse
1501 452 1654 523 quod
1680 452 1951 515 sumitur,
1996 453 2041 516 Α
2076 455 2331 521 gemitus
2364 456 2646 513 exsecrari
2677 456 2865 529 ipsius
2894 457 3171 531 baptismi
3196 460 3538 532 mysterium
3565 469 3725 534 puta-

310 545 419 584 nec
448 546 643 586 verum
676 533 888 590 Christi
915 540 1263 611 Sanguinem
1290 558 1419 597 esse
1444 541 1540 612 qui
1566 541 1960 605 liauritlll‘.scd

314 619 582 691 ﬁguram.
616 639 752 678 Cum
786 625 908 697 ipse
947 627 1157 684 dixerit
1192 648 1205 685 :
1243 630 1380 685 Caro
1426 647 1544 685 imm
1593 646 1713 685 vere
1759 637 1837 685 est
1880 632 1959 684 ci-

311 708 430 773 bus,
456 720 506 765 et
532 714 757 783 sanguis
784 731 932 771 meus
965 734 1085 774 vere
1111 727 1383 791 estpotus.
1418 720 1478 775 In
1512 737 1685 773 creua}
1731 736 1959 791 quoque

312 796 471 853 illius
498 808 870 859 sacrosancto
898 807 1158 861 convivio
1192 809 1429 863 tradens
1462 808 1770 879 discipulis
1811 807 1957 862 tanti

309 888 569 957 mysterii
602 899 1059 961 sacramentum,
1092 902 1149 952 et
1180 895 1238 951 in
1264 914 1479 968 corpus
1529 914 1702 950 suum
1748 912 1955 967 panem

319 979 767 1049 transligurans,
784 998 898 1037 non
918 984 1033 1038 ait:
1061 985 1188 1041 Haec
1212 990 1300 1040 est
1331 988 1516 1057 ligura
1538 985 1795 1056 corporis
1820 987 1955 1051 mei,

308 1066 432 1131 sed,
462 1066 576 1120 lloc
605 1073 693 1122 est
723 1086 938 1142 corpus
956 1090 1168 1128 meum.
1192 1075 1473 1130 Similiter
1491 1080 1547 1129 et
1566 1074 1622 1128 in
1648 1074 1957 1130 traditione

305 1154 507 1210 calicis
540 1173 553 1209 :
591 1157 687 1212 Πίε
725 1168 820 1226 cst,
872 1160 1084 1233 inquit,
1115 1165 1265 1219 ralia:
1310 1165 1599 1234 sanguinis
1644 1166 1774 1217 mei.
1809 1163 1953 1219 Cum

298 1244 497 1315 itaque
529 1245 635 1301 hoc
668 1248 858 1304 solum
891 1250 1227 1307 satisfacere
1250 1254 1482 1308 deberet
1503 1251 1951 1323 omnibusquod

300 1332 564 1388 veritatis
592 1335 898 1408 discipulis
930 1340 1002 1394 ab
1036 1339 1166 1412 ipsa
1207 1341 1457 1396 Veritate
1507 1345 1597 1395 est
1649 1341 1949 1408 traditum,

300 1422 659 1494 quibusdam
690 1429 906 1494 tamen,
942 1444 1191 1500 quorum
1220 1430 1394 1484 corda
1425 1428 1610 1501 caligo
1642 1428 1951 1484 infidelita-

299 1511 377 1567 tis
410 1512 737 1570 obduxerat
783 1533 888 1572 nec
934 1516 1100 1572 aliter
1157 1520 1390 1573 credere
1440 1522 1724 1590 poterant,
1758 1517 1949 1589 ipsam

298 1600 575 1657 humanae
607 1603 802 1659 formae
828 1605 1104 1678 effigiem,
1139 1608 1292 1662 sicut
1324 1624 1387 1663 se
1418 1607 1497 1662 rei
1519 1606 1731 1663 veritas
1752 1606 1946 1673 habet,

295 1688 437 1745 olim
472 1690 760 1748 Dominus
783 1694 1035 1752 revelare
1053 1696 1331 1767 dignatus
1348 1700 1456 1762 est,
1482 1699 1546 1751 ut
1567 1696 1721 1767 quod
1747 1695 1950 1768 paucis

297 1778 793 1847 manifestabatur
825 1784 895 1838 ad
932 1784 1107 1841 ﬁdem
1138 1784 1416 1841 omnibus
1447 1786 1750 1858 proficeret
1769 1785 1840 1840 ad
1863 1802 1950 1840 sa.

297 1866 501 1924 lutem.
539 1868 667 1926 Non
698 1871 804 1927 abs
836 1889 895 1928 re
924 1878 1123 1928 autem
1172 1873 1437 1929 arbitror.
1471 1890 1540 1930 ea
1583 1891 1710 1946 qua:
1741 1874 1811 1928 de
1842 1873 1949 1928 hu-

291 1957 629 2029 juscemodi
661 1959 1113 2017 revelationibus
1147 1960 1313 2017 nobis
1360 1961 1608 2017 lectione
1656 1966 1952 2034 comperta

298 2051 456 2115 sunt,
490 2048 569 2103 ad
602 2048 1043 2106 aediﬁcationem
1078 2051 1393 2107 maximam
1416 2054 1777 2124 posterorum
1816 2050 1951 2107 huic

297 2133 490 2191 libello
526 2136 781 2194 inserere
811 2143 868 2194 et
894 2132 1172 2211 praeclara
1201 2140 1431 2195 Domini
1464 2140 1654 2195 Nostri
1684 2140 1736 2196 J.
1762 2140 1823 2195 C.
1849 2140 1952 2194 mi-

300 2224 521 2294 racula,
560 2243 630 2281 ne
662 2228 945 2284 memoria
974 2229 1263 2298 excidant,
1299 2230 1475 2285 etiam
1526 2234 1724 2285 nostro
1756 2230 1950 2285 studio

301 2314 521 2386 scripta
557 2316 901 2388 relinquere.

366 2404 504 2458 CAP.
540 2403 707 2460 XLII.
744 2437 809 2447 —
840 2405 1164 2462 Miraculum
1194 2408 1259 2462 de
1288 2406 1520 2479 quartam
1544 2407 1748 2463 Juda'o.

367 2493 493 2549 Non
532 2494 992 2567 incompetenter
1018 2497 1187 2551 edere
1220 2498 1470 2551 arbitror
1503 2496 1643 2551 illud
1669 2494 1821 2567 quod
1856 2496 1951 2550 ha-

288 2587 508 2637 ctenus
562 2584 818 2654 quodam
878 2584 1114 2639 Hebrum
1173 2584 1351 2640 didici
1410 2586 1709 2641 referente.
1756 2586 1950 2657 Neque

300 2670 453 2725 enim
488 2672 625 2727 ideo
654 2687 782 2728 esse
816 2689 929 2728 non
953 2672 1256 2745 putabitur
1275 2690 1472 2729 verum
1498 2674 1651 2746 quod
1677 2674 1949 2729 testiﬁca-

302 2758 454 2815 tione
490 2760 763 2817 fortassis
794 2762 1003 2817 mmula
1034 2779 1137 2834 per
1166 2762 1538 2819 inimicorum
1561 2779 1662 2818 ora
1681 2768 1837 2818 certa
1860 2781 1948 2816 ra-

301 2844 377 2901 tio
404 2864 549 2904 vera
578 2849 1022 2906 interlocutione
1044 2852 1275 2907 fatetur.
1296 2852 1452 2906 Solet
1470 2852 1625 2907 enim
1650 2852 1838 2923 major
1858 2851 1950 2905 his

303 2937 672 2993 accomodari
695 2939 860 3007 fides,
876 2940 977 2994 ubi
1002 2939 1220 2996 inimici
1247 2940 1640 3013 astipulantur
1660 2939 1832 2995 dictis
1855 2955 1949 2993 ve-

300 3025 523 3094 ridicis,
558 3027 773 3098 quibus
804 3027 928 3083 sine
957 3029 1090 3083 fuco
1122 3028 1477 3084 adulationis
1507 3034 1564 3083 et
1593 3029 1718 3084 sine
1743 3027 1953 3083 falsilo-

301 3114 430 3185 quio
454 3115 675 3171 favent.
691 3116 808 3171 Hoc
824 3117 1041 3172 etenim
1069 3118 1240 3173 modo
1268 3134 1370 3189 per
1392 3117 1621 3172 Balaam
1647 3117 1949 3171 inimicum

1980 1826 2028 1891 Β

2070 541 2261 598 batur.
2295 544 2483 600 Jussit
2529 563 2664 617 ergo
2715 545 3025 618 episcopus
3075 547 3240 604 valde
3271 550 3553 609 confusus
3581 569 3721 609 eum

2070 632 2337 700 protinus
2381 634 2654 689 amoveri.
2705 635 2814 690 Sed
2866 652 3002 690 cum
3055 635 3179 707 ipse
3227 636 3287 692 in
3331 640 3717 712 semetipsum

2069 718 2276 775 fuisset
2307 727 2541 792 repente
2589 740 2923 790 conversus,
2963 722 3104 779 dicit
3156 724 3249 779 his
3298 726 3515 796 quibus
3564 728 3724 785 velut

2069 807 2258 863 furore
2291 815 2459 865 actus
2494 811 2690 882 procul
2726 812 2783 865 in
2818 818 3045 883 partem
3078 812 3332 870 alteram
3377 816 3685 873 tenebatur
3717 834 3730 874 :

2065 895 2269 951 Ducite
2303 914 2413 962 me,
2448 897 2657 970 inquit,
2693 900 2763 954 ad
2808 900 3018 966 fontes,
3043 901 3171 971 jam
3219 901 3378 957 enim
3433 920 3548 960 non
3598 922 3732 961 sum

2067 983 2257 1056 impos
2290 986 2521 1051 mentis,
2551 1004 2653 1041 nec
2687 1005 2777 1042 me
2802 991 3036 1059 captum
3082 990 3334 1059 putetis;
3372 996 3529 1047 certe
3568 994 3724 1051 enim

2056 1073 2183 1142 jam
2215 1074 2386 1145 cupio
2412 1075 2713 1147 baptizari.
2744 1076 2927 1148 Igitur
2947 1092 3081 1131 cum
3109 1078 3383 1133 reductus
3407 1080 3479 1134 ad
3505 1080 3724 1152 episco-

2066 1179 2206 1233 pum
2241 1164 2449 1217 iterum
2484 1163 2875 1235 pervenisset:
2911 1164 3186 1233 Obsecro,
3211 1164 3312 1233 ait,
3338 1168 3612 1224 sacerdos
3632 1168 3722 1224 in-

2062 1249 2230 1322 clyte,
2268 1251 2603 1323 perficiatur
2632 1251 2691 1307 in
2726 1269 2817 1307 me
2852 1253 2999 1307 sacri
3038 1253 3218 1324 hujus
3258 1255 3471 1311 lavacri
3522 1275 3719 1316 sacra-

2062 1346 2351 1395 mentum.
2387 1342 2455 1395 Et
2486 1340 2582 1395 ille
2608 1358 2619 1394 :
2648 1341 3314 1413 Non,inquam,faciam,
3335 1343 3448 1400 nisi
3478 1362 3717 1404 omnem

2062 1428 2229 1483 illum
2262 1429 2520 1484 horroris
2551 1446 2775 1497 casum,
2809 1436 2867 1485 et
2896 1431 3261 1488 confusionis
3295 1436 3404 1487 tua;
3456 1450 3718 1508 exponas

2059 1533 2362 1583 arcanum,
2388 1522 2444 1572 et
2474 1518 2613 1589 quid
2649 1518 2749 1573 tibi
2781 1519 3037 1574 evenerit
3056 1525 3228 1577 antea
3250 1523 3606 1594 stuporis,ut
3624 1541 3714 1582 sa-

2060 1606 2175 1661 cris
2198 1606 2367 1661 istius
2390 1624 2723 1663 exsecrares
2746 1608 2938 1664 laticis
2960 1609 3201 1678 undam,
3228 1611 3421 1667 verbis
3441 1612 3714 1671 veridicis

2059 1694 2316 1750 fatearis.
2346 1696 2511 1751 Tunc
2532 1695 2627 1751 ille
2661 1696 2927 1768 prorupit
2956 1696 3016 1752 in
3048 1696 3356 1771 lacrymas,
3383 1700 3487 1756 tali
3512 1701 3716 1761 ordine

2058 1782 2347 1855 passionis
2361 1801 2478 1840 sua:
2492 1785 2701 1840 seriem
2718 1786 2982 1857 pandens
2998 1803 3011 1840 :
3025 1786 3173 1842 Cum
3195 1792 3329 1844 ante
3352 1790 3711 1848 vestibulum

2062 1871 2309 1942 hujusce
2340 1872 2516 1943 fontis
2569 1873 2904 1929 assisterem
2954 1874 3304 1943 abluendus,
3338 1877 3497 1933 venit
3543 1880 3717 1937 turba

2059 1960 2395 2015 daemonum
2414 1960 2579 2016 valde
2597 1960 2921 2033 nigrorum,
2938 1960 3304 2035 fEthiopibus
3317 1981 3423 2037 par
3434 1966 3711 2023 existens.

2062 2050 2188 2103 Haec
2202 2066 2295 2103 me
2315 2048 2641 2122 proripiens
2661 2053 2999 2107 sanctorum
3023 2051 3296 2108 manibus
3316 2053 3535 2109 fontem
3556 2054 3718 2111 adire

2058 2137 2109 2191 vi
2142 2137 2334 2193 valida
2366 2138 2735 2209 prohibebat.
2767 2139 3025 2195 Aderant
3054 2140 3349 2212 siquidem
3379 2140 3481 2198 alii
3510 2143 3714 2199 candi-

2060 2226 2179 2281 dati
2229 2225 2580 2283 obsistentcs
2622 2227 2860 2299 pariter,
2892 2232 2952 2283 et
2982 2227 3241 2286 dicentes
3275 2246 3289 2285 :
3322 2230 3511 2287 Nolite
3558 2230 3718 2289 hunc

2058 2314 2364 2387 prohibere
2396 2317 2545 2371 sacri
2582 2316 2759 2371 fontis
2790 2317 2950 2371 adire
2984 2319 3284 2390 mysteria.
3318 2319 3427 2385 Qui
3471 2337 3574 2377 vos
3603 2320 3713 2393 pu-

2059 2404 2256 2459 niendi
2282 2403 2374 2459 his
2406 2404 2698 2460 inservitis
2720 2406 3146 2461 sacramentis?
3164 2407 3341 2463 Vobis
3364 2408 3716 2477 enim,v0bis

2059 2492 2213 2547 noxii
2243 2493 2395 2565 ignis
2427 2494 2622 2560 ardor,
2656 2511 2771 2548 non
2804 2494 3081 2566 baptismi
3132 2496 3378 2552 debetur
3415 2497 3712 2571 splendor.

2057 2584 2128 2635 At
2156 2581 2239 2635 illi
2275 2598 2288 2636 :
2321 2582 2469 2647 Quid
2502 2581 2663 2637 vobis
2687 2586 2744 2637 et
2775 2581 2912 2638 isti?
2934 2582 3158 2649 Noster,
3186 2584 3710 2655 inquiunt,est,nec
3769 2586 3781 2596 ’

2057 2670 2219 2726 vobis
2240 2672 2377 2741 jure
2407 2671 2711 2727 debendus
2744 2671 3064 2743 putabitur.
3102 2672 3204 2728 Illo
3236 2672 3418 2746 igitur
3446 2691 3584 2731 eum
3612 2692 3706 2731 me

2049 2761 2225 2830 jussu
2257 2763 2369 2813 tua:
2402 2759 2707 2831 potestatis
2741 2765 2993 2815 tractum
3022 2761 3294 2816 manibus
3315 2763 3714 2834 quorumdam

2058 2848 2175 2902 tuis
2207 2847 2542 2919 aspectibus
2574 2847 2932 2919 elongasses,
2965 2852 3142 2920 atque
3172 2850 3438 2905 recedere
3486 2849 3714 2909 alterna

2060 2937 2117 2991 in
2154 2942 2314 3009 parte
2336 2935 2643 3008 jussisses,
2677 2936 2831 2991 inter
2851 2936 3128 3008 partium,
3152 2954 3280 3009 quae
3303 2936 3718 3006 erant,simul-

2060 3026 2309 3081 tationes
2339 3025 2595 3097 quadam
2628 3024 2893 3096 pactione
2933 3026 3222 3093 convenit,
3256 3029 3321 3082 ut
3367 3042 3461 3082 me
3510 3032 3714 3085 contra

2061 3119 2297 3187 peccata
2326 3131 2457 3168 mea
2480 3113 2601 3185 pari
2620 3112 2785 3168 lance
2803 3119 3136 3186 pensarent,
3151 3119 3209 3170 et
3225 3114 3273 3170 si
3295 3114 3569 3188 ponderis
3588 3132 3706 3174 ma-

299 3202 499 3275 utique
528 3200 725 3276 populi
750 3204 1087 3261 Judmorum
1122 3202 1541 3261 benedictionis
1572 3206 1946 3278 promulgan-
1977 3193 2021 3258 C
2050 3206 2148 3275 jor
2176 3203 2462 3259 scelerum
2480 3207 2877 3259 concresceret
2892 3220 3074 3274 pensa
3087 3220 3291 3259 eorum
3309 3204 3704 3273 abscedercm,

297 3297 390 3347 tur
418 3292 702 3363 insignia.
734 3294 847 3349 Sed
878 3300 938 3349 et
956 3294 1072 3350 Vas
1093 3293 1394 3350 electionis
1415 3310 1530 3350 non
1552 3295 1945 3366 incompetcn-

299 3386 381 3436 ter
397 3381 662 3454 eligitur,
676 3383 853 3454 utqui
869 3384 1185 3455 putabatur
1199 3384 1481 3439 hactenus
1492 3400 1527 3439 a
1539 3382 1808 3439 fidelibus
1832 3399 1945 3439 non

299 3470 600 3535 ferendus,
629 3471 753 3543 ipse
783 3487 993 3527 nomen
1028 3473 1353 3544 majestatis
1374 3472 1605 3527 Domini
1626 3473 1766 3528 Jesu
1789 3471 1945 3544 prin-

299 3559 529 3632 cipibus
559 3564 620 3615 et
652 3560 1035 3632 potestatibus
1064 3562 1394 3616 anteferret.
1430 3560 1643 3615 Verum
1678 3561 1773 3615 ille
1803 3561 1945 3633 quid

302 3649 518 3705 ferebat
534 3667 548 3716 ;
563 3649 1091 3722 Quidam,inquit,J
1101 3650 1300 3704 udaeus
1311 3650 1384 3705 ad
1398 3650 1736 3721 episcopum
1751 3665 1950 3720 quem-

301 3737 429 3792 dam
462 3752 737 3810 pergens,
761 3738 842 3793 ait
862 3755 926 3794 se
948 3738 1079 3794 fidei
1101 3738 1396 3793 catholica:
1416 3737 1561 3793 velle
1585 3738 1800 3792 initiari
1822 3754 1947 3809 my-

300 3826 512 3891 steriis,
534 3826 748 3882 debere
765 3842 903 3900 ergo
923 3826 1263 3899 episcopum
1285 3826 1365 3881 illi
1387 3828 1613 3881 tradere
1631 3826 1855 3882 colendi
1878 3826 1951 3880 ri-

300 3918 444 3980 tum,
462 3928 586 3987 quo
606 3914 890 3987 prolatius
912 3914 1259 3982 instructus,
1279 3913 1395 3969 voti
1414 3915 1503 3970 sui
1529 3930 1767 3986 compos
1788 3914 1949 3969 etl'ec-

300 3999 541 4075 tusjam
557 4002 746 4059 fidelis
766 4003 1095 4060 Christiano
1116 4003 1341 4077 corpori
1355 4004 1815 4076 jungeretur.Ad
1829 4003 1948 4058 haec

302 4091 614 4165 episcopus
645 4109 660 4147 :
694 4093 938 4161 Recede,
969 4093 1233 4160 obsecro,
1265 4110 1300 4148 a
1332 4093 1501 4148 nobis
1520 4092 1826 4148 hominum
1850 4108 1947 4164 ge-

305 4197 412 4237 nus
440 4182 725 4253 invisum,
757 4182 980 4250 desine,
1018 4188 1082 4237 ut
1120 4198 1248 4238 mos
1294 4186 1484 4237 vester
1524 4186 1632 4249 est,
1666 4185 1950 4237 attentare

306 4271 575 4345 maligne.
608 4272 719 4327 Sed
760 4272 831 4339 si,
860 4275 929 4327 ut
973 4271 1208 4339 assolet,
1246 4270 1591 4327 necessitate
1638 4269 1953 4341 cujuslibet

308 4360 582 4417 facinoris
610 4359 909 4434 obiigaris,
938 4360 1207 4416 Ecclesia:
1237 4363 1292 4414 te
1324 4363 1698 4414 muneratum
1729 4358 1950 4430 stipen-

308 4448 398 4504 dio
418 4451 633 4523 gaude,
648 4451 969 4506 dummodo
990 4451 1194 4507 irrisor
1214 4452 1422 4504 nostra:
1446 4449 1578 4504 ﬁdei
1600 4465 1716 4504 non
1737 4448 1951 4505 existas

308 4538 385 4592 Ad
417 4539 538 4595 haec
574 4539 670 4594 ille
702 4555 716 4593 :
750 4539 900 4606 Non,
931 4540 1196 4611 inquam,
1230 4538 1396 4593 beate
1445 4536 1721 4608 pontifex,
1756 4541 1820 4593 ut
1847 4537 1949 4592 ho-

309 4631 450 4683 stem
480 4627 905 4683 exsecrandum
937 4626 1205 4700 protinus
1235 4641 1394 4697 agas.
1427 4624 1610 4698 Cupio
1641 4625 1796 4681 enim
1820 4626 1951 4681 fidei

308 4721 504 4771 vestrae
558 4716 774 4773 initiari
825 4715 1139 4790 mysteriis,
1171 4717 1313 4787 quia
1363 4714 1649 4770 tremendi
1699 4714 1954 4770 nominis

312 4803 534 4858 Domini
558 4806 698 4861 Jesu
718 4803 931 4860 Christi
946 4808 1003 4859 et
1022 4804 1272 4859 formido
1287 4802 1603 4873 judicium,
1620 4809 1676 4858 et
1690 4803 1954 4858 desidero

309 4890 518 4949 habere
551 4893 907 4965 praesidium.
940 4893 1075 4960 Sed,
1111 4909 1246 4948 cum
1277 4896 1431 4947 esset
1475 4891 1739 4963 pertinax
1772 4892 1829 4945 in
1863 4908 1951 4945 ro-

310 4983 519 5050 gando,
551 4986 609 5037 et
638 4981 1045 5053 hujuscemodi
1090 4979 1524 5053 pollicitationis
1567 4979 1953 5049 jurejurando

310 5069 619 5126 immodica
642 5087 702 5126 se
723 5069 1036 5143 eponsione
1061 5070 1338 5125 cinxisset
1359 5067 1521 5122 nulla
1543 5067 1601 5121 id
1629 5068 1783 5138 quod
1810 5072 1956 5138 pete-

311 5163 392 5213 ret
421 5159 733 5215 securitate
754 5158 1068 5231 negligere,
1085 5156 1245 5212 nulla
1267 5155 1669 5229 persecutione
1690 5155 1956 5210 deserere

312 5247 538 5303 nullave
572 5248 843 5304 facilitate
874 5247 1138 5320 prodere,
1173 5244 1569 5300 catechizanrli
1620 5243 1669 5299 ei
1720 5242 1954 5298 initium

313 5352 409 5407 per
437 5337 808 5409 signaculum
837 5336 1029 5393 crucis
1061 5336 1211 5391 tradi
1244 5334 1552 5407 episcopus
1577 5332 1956 5404 jussit.Venit

314 5423 563 5492 Pascha;
593 5443 845 5500 cumque
875 5426 946 5482 ad
979 5442 1181 5482 sacros
1212 5424 1342 5480 illos
1374 5421 1577 5478 latices
1611 5421 1828 5492 quibus
1859 5437 1955 5476 ex-

206 5573 215 5582 ,
312 5512 547 5585 piantur
571 5516 817 5571 crimina
846 5516 1224 5589 pervenisset,
1248 5511 1420 5585 coepit
1448 5509 1742 5576 reluctari,
1763 5514 1820 5564 et
1841 5526 1956 5566 non

315 5603 616 5663 verborum
646 5605 815 5663 edere
847 5609 1130 5679 quaestus,
1160 5604 1263 5661 sed
1286 5600 1525 5676 rugiens
1546 5616 1648 5675 per
1670 5598 1957 5675 quosdam

592 5738 839 5815 PATROL.
888 5736 1199 5815 ΟιΧΧΧΥΙΙε

1983 4565 2029 4629 D

2059 3299 2122 3348 ut
2154 3292 2517 3358 immundus,
2552 3308 2656 3348 nec
2704 3293 2777 3348 ab
2825 3291 2909 3349 eis
2958 3292 3203 3349 ducerer
3247 3293 3552 3350 eluendus.
3589 3294 3702 3351 Sed

2054 3398 2191 3438 cum
2224 3381 2477 3454 pondere
2507 3380 2688 3436 nimio
2719 3380 2995 3438 oneribus
3016 3398 3215 3437 massa
3236 3381 3491 3439 infandis
3514 3382 3702 3461 invisa

2056 3470 2351 3538 crevisset,
2400 3470 2644 3541 quidam
2703 3486 2943 3542 pauper,
2990 3470 3165 3541 cujus
3221 3476 3356 3527 ante
3410 3471 3538 3528 dies
3591 3456 3739 3528 ali?

2056 3564 2199 3632 quot
2235 3576 2449 3630 corpus
2498 3574 2625 3614 meo
2671 3558 3051 3613 calefeceram
3107 3558 3472 3629 vestimento,
3504 3560 3705 3617 confe-

2057 3649 2195 3704 stim
2263 3647 2450 3714 affuit,
2512 3646 2914 3718 prolatamque
2976 3650 3198 3702 vestem
3265 3647 3514 3718 praebuit
3580 3663 3710 3704 meo

2058 3735 2285 3808 corpori
2337 3735 2853 3806 compensandam.
2910 3732 3069 3789 Illico
3129 3733 3308 3805 igitur
3365 3733 3547 3790 veluti
3595 3734 3707 3806 ipsi

2056 3825 2401 3882 vestimento
2434 3822 2707 3877 immensi
2741 3821 3016 3894 ponderis
3048 3822 3315 3893 quaedam
3366 3822 3575 3877 fuisset
3603 3822 3704 3877 ad-

2057 3915 2215 3971 dicta
2243 3911 2537 3978 materies,
2571 3911 2933 3983 supercrevit
2965 3928 3147 3982 pensa
3178 3910 3290 3965 mei
3313 3906 3711 3982 corporis,eje-

2057 4001 2283 4075 ctisque
2304 4000 2420 4056 illis
2444 3998 2829 4072 /Ethiopibus,
2846 4017 2912 4055 ac
2934 3998 3172 4072 fugatis,
3194 3998 3470 4056 manibus
3491 3998 3606 4056 huc
3630 4016 3713 4055 re-

2058 4092 2250 4149 ductis
2279 4106 2412 4146 sum
2445 4090 2771 4145 beatorum.
2804 4088 3070 4159 Cumque
3102 4089 3183 4144 ita
3212 4105 3275 4145 se
3307 4088 3521 4144 habere
3542 4088 3712 4161 jura-

2060 4180 2274 4238 mentis
2302 4177 2663 4236 terribilibus
2696 4177 3037 4246 affirmaret,
3071 4178 3369 4234 admissus
3401 4177 3473 4233 ad
3515 4176 3707 4251 bapti-

2059 4286 2255 4326 smum
2274 4266 2629 4325 sacrosancti
2642 4264 2853 4323 lavacri
2878 4283 3096 4323 munus
3120 4264 3709 4339 excepithitureum

2060 4359 2132 4415 ad
2165 4358 2480 4414 missarum
2514 4355 2723 4412 fuisset
2748 4355 3027 4429 mysteria
3055 4359 3320 4423 ventum,
3339 4358 3543 4410 saneta
3571 4370 3709 4410 san-

2059 4453 2288 4503 ctorum
2307 4444 2481 4517 coepit
2498 4461 2725 4512 rursus,
2741 4443 2895 4500 sicut
2913 4444 2974 4499 in
2991 4443 3285 4516 baptismo
3303 4440 3467 4517 prius
3486 4444 3708 4514 egerat,

2060 4537 2342 4608 refugere,
2375 4538 2432 4590 et
2461 4532 2689 4605 rugitus
2718 4533 2894 4588 validi
2922 4534 3181 4606 gemitus
3200 4532 3359 4598 dare,
3383 4533 3559 4602 atque
3578 4527 3711 4586 hor-

2064 4642 2187 4682 rere
2218 4623 2523 4679 videbatur
2539 4623 2748 4679 acriter
2764 4620 2953 4694 ipsius
2970 4619 3230 4694 mysterii
3252 4620 3708 4676 sacramentum.

2061 4714 2276 4769 Verum
2290 4711 2363 4768 ad
2376 4710 2496 4765 haec
2513 4710 2824 4783 episcopus
2844 4710 3052 4764 iterum
3072 4709 3495 4781 obstupescens
3512 4704 3709 4775 :-Quid,

2063 4802 2163 4867 ait,
2198 4802 2306 4856 iste
2336 4803 2573 4855 vexatus
2604 4798 2843 4864 insanit,
2877 4802 2933 4852 et
2962 4798 3156 4853 furore
3186 4793 3499 4852 immodico
3531 4794 3709 4868 rugit.

2066 4891 2247 4963 igitur
2262 4906 2397 4945 cum
2420 4889 2791 4959 aliquatenus
2813 4886 2924 4943 sim
2935 4904 3000 4941 us
3025 4887 3267 4942 aderant
3286 4878 3462 4942 simul
3486 4878 3716 4940 attoniti

2066 4995 2306 5053 prorsus
2338 4977 2641 5043 haererent,
2677 4975 2963 5030 accedunt
2993 4974 3065 5029 ad
3096 4991 3230 5030 eum
3253 4973 3497 5046 quidam
3519 4971 3716 5029 dicen-
3778 4988 3787 4997 ‘

2065 5074 2150 5123 tes
2175 5084 2187 5122 :
2214 5066 2362 5132 Quid
2384 5070 2444 5120 tu
2470 5080 2705 5120 rursum
2729 5061 3078 5133 deprimet-is
3098 5067 3339 5134 stupore
3355 5061 3383 5117 ?
3401 5061 3461 5116 Si
3480 5060 3716 5116 credere

2064 5173 2180 5211 non
2214 5154 2319 5220 vis,
2354 5151 2495 5224 quid
2531 5168 2630 5223 per
2660 5150 2994 5222 hypocrisin
3028 5155 3253 5207 tentare
3285 5150 3373 5206 vis
3414 5147 3558 5205 tanti
3593 5164 3725 5221 my-

2066 5242 2224 5300 sterii
2258 5244 2713 5296 sacramentum.
2732 5240 2803 5294 At
2826 5238 2921 5294 ille
2947 5256 2959 5294 :
2986 5236 3717 5310 Maximo,inquit,pavore,

2065 5335 2121 5384 et
2152 5334 2402 5385 tremore
2445 5326 2740 5393 conficior,
2785 5344 2920 5383 nam
2970 5328 3134 5385 video
3184 5344 3399 5399 corpus
3448 5323 3717 5398 perfecta:

2067 5420 2256 5474 aetatis
2288 5417 2394 5474 viri
2426 5432 2603 5489 super
2630 5414 2737 5470 hoc
2770 5415 3045 5473 altarium
3079 5416 3255 5472 fuisse
3283 5410 3636 5488 depositum,
3658 5416 3718 5471 et

2066 5524 2169 5581 per
2194 5511 2391 5580 partes
2421 5504 2746 5577 diruptum,
2772 5521 2985 5562 manus
3016 5510 3241 5562 vestras
3262 5502 3452 5578 ipsius
3474 5496 3720 5577 inspicio

2066 5613 2269 5659 cruore
2301 5595 2654 5666 madescere,
2688 5598 2745 5654 et
2775 5610 2891 5654 non
2920 5593 3220 5656 advertitis
3267 5593 3586 5671 digitorum
3613 5607 3712 5669 ve:

3445 5712 3553 5805 η
