4076 6174
349 393 466 454 395

1387 385 1718 452 eszoms
1764 365 2090 451 ABBATI'S
2135 389 2706 454 DERTONENSIS.

3633 384 3751 449 396

350 536 606 587 strorum
636 529 820 585 nodos
851 525 1136 599 sanguine
1168 524 1413 582 infectos
1440 525 1682 580 rubrum
1727 530 1987 580 mutasse
2018 527 2074 594 Α
2101 526 2290 600 Disce,
2323 527 2592 600 inquam,
2623 533 2679 582 et
2712 527 2956 582 Veritati
2988 526 3075 582 vel
3123 527 3298 582 modo
3338 526 3462 598 jam
3519 525 3756 580 credere

350 619 599 678 colorem
616 618 644 675 ?
668 619 831 673 Tunc
861 631 1066 672 omnes
1087 630 1221 670 cum
1245 613 1514 687 episcopo
1532 613 1592 668 in
1620 613 1821 670 fletum
1844 615 1992 672 versi

353 713 650 783 cceperunt
679 707 1000 762 clamantes
1028 720 1165 760 voce
1194 702 1386 758 valida
1418 701 1522 757 fari
1556 719 1570 756 :
1605 702 1720 758 Deo
1752 703 1992 776 gratias,

352 798 467 854 Deo
495 797 718 863 laudes,
754 795 852 868 qui
887 793 968 850 ait
996 809 1228 867 magna,
1254 797 1309 848 et
1338 792 1742 848 inscrutabilia
1773 794 1995 865 absque

353 901 614 954 numero,
647 885 922 940 Hosanna
951 882 1080 939 lilio
1103 881 1303 948 David,
1336 883 1609 938 Hosanna
1641 883 1696 936 iu
1730 882 1991 938 excelsis.

348 975 720 1032 Admirantes
751 973 988 1047 pariter,
1021 977 1078 1030 et
1107 973 1366 1028 dicentes
1391 989 1404 1026 :
1435 972 1582 1028 Vere
1613 972 1672 1027 in
1705 973 1813 1028 isto
1846 990 1997 1028 com-

351 1063 576 1138 pletum
593 1067 682 1120 est
695 1061 1037 1118 vaticinium
1057 1060 1266 1133 psalmi
1285 1061 1533 1116 dicentis
1557 1077 1569 1114 :
1597 1062 1746 1116 Beati
1768 1079 1998 1133 quorum

351 1155 595 1209 remissa:
621 1159 750 1206 sunt
789 1151 1124 1223 iniquitates,
1157 1158 1209 1206 et
1253 1166 1484 1221 quorum
1531 1159 1664 1204 tecta
1707 1159 1838 1206 sunt
1881 1167 1998 1223 pec-

353 1249 492 1298 cata.
525 1241 652 1296 Non
699 1239 996 1294 incassum
1044 1238 1154 1312 ipsi
1205 1237 1352 1293 tanti
1402 1238 1658 1312 mysterii
1711 1239 2000 1295 reveletur

209 1325 212 1333 ’
355 1346 656 1396 arcanum,
689 1329 748 1384 in
779 1327 906 1401 ipso
935 1328 1092 1382 enim
1126 1331 1190 1382 ut
1235 1328 1541 1394 referebat,
1573 1326 1632 1382 ni
1683 1328 1867 1396 fallor,
1902 1328 1998 1386 ille

355 1420 452 1493 qui
485 1419 729 1488 dixerat,
750 1416 844 1472 die
873 1417 1142 1490 septimo,
1167 1433 1300 1472 cum
1335 1416 1478 1488 ipsis
1506 1415 1655 1472 albis
1686 1417 1996 1472 candidam

294 1576 297 1579 ι
353 1503 610 1564 animam
643 1505 741 1562 lux
771 1505 926 1562 alma
957 1505 1250 1578 suscepit;
1275 1522 1410 1560 nam
1435 1504 1720 1562 absolutis
1751 1505 1998 1562 vinculis

353 1596 544 1654 carnis
561 1596 792 1654 beatam
808 1595 988 1651 vitam
1009 1593 1251 1667 pulchro
1273 1595 1386 1650 line
1407 1593 1835 1651 conclusit-Hoc
1863 1611 1998 1668 ergo

353 1685 636 1746 miraculo
667 1682 898 1754 claruit,
931 1683 1069 1756 quia
1101 1699 1218 1740 non
1252 1683 1446 1740 solum
1478 1683 1536 1738 in
1565 1684 1860 1756 mysterio,
1897 1685 1996 1740 sed

354 1793 457 1850 per
482 1773 742 1832 veritatis
769 1772 1086 1846 imaginem
1119 1771 1214 1828 ille
1245 1787 1419 1828 suum
1451 1775 1644 1827 sacrat
1685 1771 1746 1827 in
1795 1771 2000 1828 altario

2103 617 2454 672 contestanti
2490 633 2502 670 ε
2541 619 2711 672 Panis
2761 633 2916 689 quem
2965 633 3056 686 ego
3103 615 3168 670 do
3217 631 3343 670 caro
3394 631 3514 670 mea
3559 623 3658 679 est,
3703 622 3757 668 et

2102 707 2326 777 sanguis
2350 722 2502 761 meus
2533 723 2654 761 vere
2682 714 2760 762 est
2787 715 2961 779 potus.
2997 706 3107 760 Sed
3151 705 3429 776 praescius
3476 704 3758 758 Conditor

2107 798 2302 848 noster
2335 795 2694 850 infirmitatis
2727 807 2934 850 nostra)
2965 811 3033 849 ea
3065 799 3354 866 potestate
3395 811 3510 866 qua
3542 797 3758 848 cuncta
3847 848 3867 862 ,

2104 882 2241 936 fecit
2269 901 2336 936 ex
2367 883 2569 954 nihilo,
2603 887 2660 937 et
2691 901 2901 956 corpus
2935 885 3044 937 sibi
3079 901 3144 937 ex
3176 900 3346 938 carne
3373 900 3605 955 semper
3623 883 3754 937 Vir-

2105 971 2260 1043 ginis
2291 977 2566 1043 operante
2597 979 2802 1026 sancto
2833 973 3052 1043 Spiritu
3089 972 3390 1026 fabricavit
3440 989 3673 1043 panem,
3697 975 3758 1026 et

2105 1061 2303 1114 vinum
2337 1078 2490 1132 aqua
2539 1061 2806 1126 mistum,
2859 1066 3132 1116 manente
3184 1061 3418 1134 propria
3469 1061 3662 1132 specie
3693 1060 3756 1114 in

2107 1164 2340 1203 carnem
2373 1155 2430 1204 et
2460 1150 2806 1221 sanguinem
2841 1167 3036 1215 suum,
3057 1151 3128 1204 ad
3150 1150 3498 1205 catholicam
3522 1165 3756 1221 precem

2107 1237 2180 1290 ob
2214 1239 2637 1308 reparationem
2682 1244 2938 1294 nostram
2992 1239 3244 1312 Spiritus
3293 1237 3758 1294 sanctificatione

2105 1327 2667 1400 convertit.lmlcque
2699 1329 3002 1382 universos
3029 1329 3208 1399 jussit
3241 1327 3497 1382 divinam
3527 1327 3753 1400 precari

2107 1415 2448 1486 potentiam,
2485 1421 2549 1470 ut
2579 1417 2635 1470 in
2669 1418 2917 1473 formam
2949 1417 3260 1488 pristinam
3311 1423 3754 1472 sacrosanctum

2107 1504 2481 1558 reformasset.
2500 1507 2864 1578 mysterium,
2887 1509 3178 1577 quatenus
3201 1506 3430 1559 mulieri
3455 1521 3761 1561 assumeu-

2107 1592 2248 1647 dum
2285 1593 2490 1648 fuisset
2533 1595 2832 1666 possibile.
2865 1596 3028 1662 Quod
3079 1601 3135 1649 et
3180 1595 3400 1650 factum
3450 1600 3553 1649 est.
3589 1594 3760 1650 Unde

2109 1681 2382 1754 smpefata
2412 1683 2624 1738 mulier
2653 1683 2974 1756 plurimum
3007 1685 3064 1738 in
3106 1687 3308 1738 sancta
3357 1681 3761 1756 religione,-ac

2110 1769 2222 1824 ﬁde
2253 1771 2578 1843 perﬁciens,
2613 1772 3052 1845 participatione
3084 1772 3370 1828 Dominici
3404 1773 3758 1828 sacramenti

353 1880 586 1939 corpus,
619 1862 720 1936 qui
751 1863 946 1936 ipsum
976 1860 1282 1934 discipulis
1313 1860 1372 1916 in
1406 1859 1678 1934 passione
1726 1860 1996 1917 sacravit.
2031 1904 2080 1970 Β
2110 1865 2446 1916 consecrata
2497 1867 2606 1932 est,
2637 1868 2692 1917 et.
2723 1879 2949 1930 omnes,
2983 1862 3081 1934 qui
3130 1861 3419 1930 viderant,
3455 1861 3512 1918 iu
3561 1861 3762 1918 divino

621 1969 638 1970 κ
675 1969 690 1970 κ
867 1969 872 1970 ν
1047 1967 1061 1970 -
1255 1967 1269 1970 -
1739 1968 1746 1970 .
2115 1964 2305 1970 __-__
2345 1953 2390 1970 -.
2817 1968 2850 1970 μ
2881 1967 2892 1970 -
2923 1952 2937 1970 ι
3201 1951 3279 1970 ..κη
3307 1949 3510 1970 μιρῴ
3569 1967 3604 1970 _,

355 1969 716 2042 CAP.XLIII.
745 2001 813 2011 -
846 1969 1003 2042 litem,
1027 1967 1091 2026 de
1132 1967 1362 2042 quoniam
1405 1985 1531 2025 sene
1575 1968 1816 2042 eremizar
1848 1970 2003 2042 cujus

423 2041 815 2098 dubitationem
848 2041 1110 2096 Dominus
1139 2039 1345 2096 'eadcm
1385 2041 1628 2096 veritatis
1678 2039 2004 2098 revelatiene

423 2115 681 2186 ﬁrmavit.

427 2221 506 2294 (4)
537 2217 804 2276 Narravit
849 2217 1031 2276 abbas
1081 2216 1302 2286 Daniel,
1353 2217 1602 2273 dicens:
1637 2217 1791 2272 Dixit
1842 2220 2006 2290 pater

346 2314 556 2375 noster
583 2308 766 2364 abbas
795 2307 1098 2376 Arsenius,
1127 2308 1199 2363 de
1231 2307 1486 2380 quodam
1537 2323 1673 2363 sene
1704 2307 1773 2362 de.
1803 2305 2002 2374 Scitia,

358 2399 458 2456 ubi
487 2397 815 2466 habitabat,
847 2397 947 2470 qui
979 2400 1105 2452 erat
1134 2412 1386 2470 magnus
1419 2397 1475 2451 in
1509 2396 1617 2452 hac
1651 2397 1836 2451 activa
1865 2395 2001 2463 vita,

358 2487 606 2563 simplex
633 2489 826 2542 autem
859 2484 918 2540 in
954 2485 1086 2541 ﬁde.
1119 2485 1190 2540 Et
1220 2486 1470 2554 errabat,
1503 2489 1612 2541 etc.

499 2593 634 2652 CAP.
661 2591 851 2650 XLIV.
880 2623 948 2634 —-
979 2591 1109 2649 Item
1143 2593 1479 2649 mira-culum
1507 2590 1648 2666 quod
1680 2591 1867 2650 Roma?

1024 2671 1206 2720 actum
1237 2671 1332 2722 est.
1834 2692 1840 2698 -

427 2754 509 2825 (5)
535 2751 977 2811 Materfamilias
1008 2753 1277 2826 quaedam
1323 2751 1536 2808 nobilis
1581 2756 1707 2810 erat
1751 2751 1813 2806 in
1863 2750 2006 2806 urbe

355 2842 559 2914 Roma,
593 2859 721 2916 qua:
753 2840 1051 2915 religionis
1081 2847 1140 2898 et
1169 2839 1496 2898 devotionis
1535 2841 1730 2899 studio
1761 2838 2004 2896 oblatio-

354 2949 458 2990 nes
489 2933 698 3001 facere,
730 2935 789 2988 et
817 2931 909 3017 die
949 2931 1253 2986 Dominica
1282 2931 1354 2987 ad
1405 2929 1710 2987 ecclesiam
1757 2928 2002 2998 deferre,

353 3037 706 3094 summoque
727 3015 1007 3093 pontiﬁci,
1029 3024 1086 3074 et
1103 3019 1510 3076 ecclesiasticae
1533 3015 1998 3083 consuetudinis,

347 3115 404 3167 et
431 3108 845 3167 familiaritatis
874 3108 1139 3178 ejusdem
1173 3107 1359 3180 gratia
1389 3107 1592 3163 otl'erre
1613 3106 1998 3172 solebaLQuae

347 3215 484 3254 cum
515 3197 772 3270 quadam
799 3197 893 3252 die
923 3213 994 3252 ex
1026 3212 1184 3252 more
1215 3197 1287 3251 ad
1333 3196 1892 3252 communicandum
1923 3195 1994 3249 de

2112 1964 2308 2004 amore
2339 1953 2395 2005 et
2441 1951 2759 2006 orthodoxa
2808 1950 3148 2006 credulitate
3198 1949 3514 2007 ferventius
3561 1967 3758 2008 excre-

2109 2041 2336 2095 verunt.

2531 2175 2665 2231 CAP.
2698 2175 2860 2230 XLV.
2897 2207 2962 2216 —
2999 2176 3129 2231 Item
3159 2175 3335 2231 aliud.

2176 2288 2422 2354 Quidam
2436 2288 2841 2346 nobilissimus
2853 2291 3177 2347 secundum
3191 2291 3386 2348 carnis
3399 2291 3758 2363 prosapiam,

2114 2382 2171 2431 et
2201 2377 2645 2448 potentissimus
2667 2381 2840 2450 juxta
2869 2380 3088 2451 regiam
3119 2379 3177 2434 in
3209 2396 3315 2435 suo
3349 2381 3520 2434 modo
3538 2380 3764 2453 magni-

2114 2465 2428 2534 ﬁcentiam,
2449 2484 2583 2524 cum
2607 2485 2709 2540 per
2731 2468 3122 2524 internuntios
3145 2468 3600 2525 familiaritatem
3627 2486 3764 2544 apo-
3799 2511 3808 2526 .

2115 2553 2330 2610 stolicm
2362 2557 2520 2612 sedis
2549 2557 2794 2629 adeptus
2838 2562 3010 2624 esset,
3045 2563 3101 2614 et
3151 2559 3436 2630 frequenti
3487 2559 3760 2616 admoni-

2115 2642 2272 2700 tione
2301 2643 2679 2717 epistolarum
2713 2646 2890 2703 etiam
2921 2663 2954 2702 a
2986 2648 3047 2702 Β.
3081 2646 3356 2720 Gregorio
3387 2647 3765 2706 transmissa-

2115 2747 2244 2788 rum
2277 2733 2681 2803 instructione,
2711 2751 2851 2808 erga
2889 2734 2990 2792 Dei
3039 2740 3096 2791 et
3143 2740 3482 2792 sanctorum
3529 2736 3762 2793 cultum

2114 2819 2471 2878 sufﬁcienter
2497 2823 2705 2878 fuisset
2745 2822 3202 2892 imbutus,misit
3247 2839 3350 2896 per
3401 2828 3672 2881 strenuos
3700 2831 3763 2882 et

2113 2907 2349 2966 devotos
2380 2911 2593 2968 missos
2623 2913 2914 2985 condigna
2940 2915 3136 2970 exenia
3166 2913 3236 2968 ad
3269 2914 3466 2969 sedem
3519 2914 3761 2986 pontiﬁ-

2111 2996 2316 3065 calem,
2342 3005 2544 3072 petens
2587 3000 2866 3074 reliquias
2913 3001 3216 3058 beatorum
3265 3001 3661 3074 apostolorum
3692 3020 3761 3058 ac

2109 3091 2430 3159 martyrum
2471 3090 2581 3144 sibi
2631 3089 2972 3145 transmitti.
3008 3089 3192 3162 Cujus
3243 3089 3465 3162 legatos
3515 3097 3761 3148 sanctus

2103 3176 2471 3270 A-postolicus
2501 3178 2919 3270 honorabiliter
2943 3184 3000 3270 et
3047 3184 3357 3270 gratanter,
3401 3180 3766 3270 suscipiens,

346 3265 842 3360 manuapostolici
855 3285 957 3340 ord
967 3285 979 3337 i
989 3301 1060 3340 ne
1072 3301 1178 3340 suo
1197 3283 1582 3352 accederet,ill
1592 3283 1723 3356 ique
1737 3282 1996 3357 pontifex

2109 3265 2446 3337 aliquandiu
2481 3283 2678 3322 secum
2709 3267 2923 3323 morari
2955 3267 3114 3336 fecit,
3140 3272 3314 3340 atque
3347 3265 3754 3327 indesinenter

345 3376 521 3432 oﬂ‘am
551 3372 838 3432 Dominici
863 3371 1121 3446 corporis
1142 3371 1494 3446 perrexisset
1512 3371 1712 3429 dicens
1736 3389 1748 3427 :
1773 3371 1997 3444 Corpus

345 3463 577 3522 Domini
609 3463 804 3520 Nostri
835 3462 888 3518 J.
919 3461 981 3518 C.
1015 3461 1202 3534 prosit
1230 3461 1336 3518 tibi
1361 3461 1419 3517 in
1441 3460 1618 3516 vitam
1643 3466 1916 3517 aeternam
1940 3465 1998 3516 et

345 3553 756 3610 remissionem
794 3551 1062 3608 omnium
1111 3555 1504 3623 peccatorum,
1537 3549 1800 3606 subrisit.
1834 3549 1996 3616 Quod

343 3643 434 3699 vir
463 3641 692 3699 Domini
722 3656 987 3709 cernens,
1016 3629 1104 3695 illi
1134 3655 1363 3697 sacram
1411 3639 1886 3695 communionem
1918 3655 2002 3695 re-

345 3732 538 3801 traxit,
573 3736 632 3788 et
673 3729 992 3804 separatim
1045 3745 1224 3802 super
1273 3727 1455 3786 altare
1502 3727 1718 3800 posuit,
1750 3743 1998 3798 eamque

343 3820 586 3878 diacono
617 3820 959 3878 servandam
993 3809 1183 3890 usque
1215 3818 1357 3874 dum
1381 3817 1576 3873 cuncti
1606 3817 2000 3874 communica-

343 3913 472 3968 rent
503 3909 704 3966 fideles
734 3908 996 3966 tradidit.
1031 3906 1272 3980 Expleta
1297 3923 1433 3963 vero
1481 3922 1646 3964 sacra
1698 3905 1994 3978 mysteria,

341 3998 719 4072 interrogavit
764 4013 894 4056 eam
927 3997 989 4053 Β.
1024 3995 1342 4069 Gregorius
1389 3995 1592 4052 dicens
1629 4011 1641 4050 :
1677 3993 1799 4063 Dic,
1834 4010 1993 4067 rogo,

341 4086 434 4144 dic
455 4087 598 4160 quid
629 4086 787 4142 cordi
819 4090 920 4142 tuo
952 4083 1273 4152 emerserit,
1311 4099 1446 4139 cum
1491 4081 1998 4140 communicatum

341 4174 570 4232 risisti?
591 4177 664 4230 At
692 4173 795 4230 llla
827 4189 840 4228 :
874 4173 1198 4246 Recognovi
1251 4171 1690 4244 portiunculam
1738 4170 1898 4226 illam
1930 4187 1998 4226 ex

342 4263 546 4320 eadem
576 4261 866 4318 oblatione
918 4259 1106 4317 fuisse
1155 4276 1333 4333 quam
1384 4261 1532 4316 meis
1579 4259 1856 4315 manibus
1888 4259 1997 4314 feci

342 4357 402 4408 et
427 4350 532 4407 tibi
563 4349 772 4417 obtuli,
804 4355 1025 4406 etcum
1070 4365 1199 4404 eam
1251 4354 1306 4405 te
1351 4347 1736 4406 intellexerim
1783 4365 1998 4421 corpus

342 4438 574 4497 Domini
608 4437 936 4512 appellasse
982 4437 1224 4494 subrisi.
1256 4438 1420 4494 Tunc
1471 4441 1714 4495 sanctus
1765 4437 1996 4494 Domini

343 4529 602 4603 pontifex
659 4543 996 4586 sermonem
1046 4527 1253 4583 exinde
1299 4526 1436 4584 fecit
1481 4527 1554 4584 ad
1605 4525 1908 4600 populum,
1942 4529 2000 4582 et

341 4617 614 4674 hortatus
643 4620 733 4676 est
759 4633 894 4708 cum
931 4621 995 4674 ut
1017 4615 1383 4708 suppliciter
1433 4615 1748 4708 Dominum
1795 4631 1996 4708 exora-
2027 4640 2077 4708 D

341 4711 450 4776 ret,
485 4712 776 4780 quatenus
807 4707 880 4764 ad
912 4706 1230 4763 multorum
1278 4705 1452 4761 ﬁdem
1505 4705 1998 4762 corroborandam

341 4796 538 4854 carnis
569 4795 756 4854 oculis
785 4796 1121 4854 ostenderet
1149 4793 1290 4866 quid
1318 4793 1632 4850 inﬁdelitas
1660 4793 1840 4866 hujus
1867 4809 1998 4850 mu-

340 4884 501 4944 lieris
531 4887 747 4946 mentis
776 4884 964 4942 oculis
989 4884 1190 4940 videre
1219 4886 1275 4938 et
1305 4882 1440 4939 ﬁdei
1485 4881 1812 4939 luminibus
1860 4898 1996 4939 con-

341 4973 566 5048 spicere
592 4973 914 5032 debuisset.
948 4973 1114 5059 Quod
1141 4987 1279 5028 cum
1329 4971 1541 5028 fuisset
1584 4975 1838 5041 oratum,
1873 4970 1999 5045 ipse

343 5079 462 5120 una
489 5077 624 5119 cum
657 5061 891 5135 populo,
917 5067 975 5120 et
1005 5061 1208 5118 eadem
1235 5059 1478 5117 muliere
1499 5060 1571 5116 ab
1595 5059 1854 5117 oratione
1874 5078 2000 5116 sur-

341 5151 509 5218 rexit,
559 5155 617 5205 et
672 5148 856 5208 altare
913 5149 1142 5207 cunctis
1199 5149 1597 5216 cernentibus,
1645 5153 1703 5205 et
1747 5165 1875 5207 sese
1925 5151 1996 5207 ad

342 5239 699 5295 cernendum
740 5238 969 5296 cceleste
1017 5239 1422 5312 spectaculum
1472 5239 1998 5310 comprimentibus

343 5327 701 5401 corporalem
760 5327 975 5402 pallam
1036 5327 1271 5396 revelat,
1322 5331 1380 5384 et
1427 5326 1698 5384 universo
1757 5327 1992 5401 populo,

340 5414 586 5490 ipsaque
615 5417 862 5476 muliere
893 5422 1186 5484 cernente,
1213 5420 1437 5489 partem
1461 5416 1627 5489 digiti
1649 5416 1996 5474 auricularis

341 5507 628 5582 sanguine
672 5510 1039 5566 cruentatam
1101 5504 1338 5574 invenit,
1388 5521 1454 5560 ac
1506 5503 1738 5562 mulieri
1800 5506 1990 5562 dixit:

415 5646 496 5718 (4)
524 5646 669 5718 Vide
716 5649 869 5707 Edit.
905 5665 996 5718 ap.
1035 5647 1309 5718 Rosweid
1359 5647 1416 5705 in
1465 5647 1581 5703 Vit.
1619 5648 1718 5706 SS.
1753 5649 1990 5710 Patrum

347 5717 698 5802 Patrelogiw
727 5725 869 5782 tom.
900 5717 1169 5797 LXXIII.)

2106 3358 2441 3410 sanctorum
2473 3353 2871 3428 apostolorum
2892 3355 3226 3421 memorias,
3245 3373 3310 3414 ac
3335 3362 3658 3431 martyrum
3692 3375 3762 3416 ex

2107 3459 2266 3499 more
2297 3444 2487 3516 prisco
2519 3462 2622 3518 pro
2665 3445 3006 3518 hujusmodi
3053 3447 3283 3518 negotio
3333 3447 3547 3503 missas
3599 3447 3762 3504 cele-

2107 3532 2351 3599 brando,
2389 3537 2446 3588 et
2490 3533 2768 3604 reliquias
2821 3533 2880 3588 in
2929 3549 3132 3589 eorum
3190 3535 3759 3592 commemoratione

2105 3621 2498 3678 consecrando
2553 3622 2930 3688 circumiens,
2980 3622 3365 3695 prarfatosque
3422 3623 3644 3696 legatos
3695 3630 3762 3680 et

2105 3710 2350 3766 comites
2379 3727 2610 3782 semper
2652 3727 2853 3767 secum
2900 3710 3142 3767 habens.
3177 3711 3320 3766 Cum
3379 3712 3758 3785 explicuisset

2105 3815 2305 3855 eorum
2337 3797 2775 3867 celebrationes,
2807 3815 3055 3872 quorum
3090 3798 3346 3872 reliquiae
3380 3803 3758 3873 petebantur,

2105 3886 2502 3960 particulatim
2524 3889 2758 3944 eosdem
2783 3905 3008 3960 pannos
3025 3894 3416 3960 consecratos,
3436 3907 3613 3962 super
3633 3891 3762 3964 qui-

2105 3977 2218 4034 bus
2265 3981 2468 4032 sancta
2523 3977 2930 4044 celebraverat,
2966 3977 3184 4046 divisit,
3215 3983 3272 4034 et
3325 3979 3577 4053 singulis
3626 3981 3760 4037 sin-

2105 4064 2352 4139 gillatim
2378 4064 2673 4137 pixidibus
2705 4065 3004 4138 imposuit.
3039 4066 3396 4140 Munitisque
3429 4069 3514 4125 eis
3559 4067 3760 4142 sigillo

2105 4171 2224 4212 suae
2240 4160 2454 4211 sancta:
2471 4153 2834 4210 auctoritatis
2858 4153 3205 4227 petitoribus
3229 4173 3340 4214 usu
3364 4155 3761 4214 ecclesiastico

2105 4243 2365 4299 tradidit.
2387 4243 2492 4309 Qui
2516 4243 2713 4298 debita
2733 4259 2867 4298 cum
2888 4242 3262 4301 veneratione
3287 4246 3762 4303 benedictionem

2106 4332 2368 4405 petitam,
2399 4335 2456 4388 et
2483 4335 2780 4404 acceptam
2813 4331 3226 4404 suscipientes,
3259 4334 3501 4407 profecti
3539 4339 3682 4393 sunt
3702 4337 3762 4392 in

2105 4423 2258 4478 viam
2309 4437 2477 4478 suam
2529 4422 2868 4494 gaudentes.
2916 4421 3028 4477 Sed
3079 4423 3220 4478 dum
3273 4440 3378 4496 per
3427 4424 3762 4496 aliquantOs

2105 4509 2230 4566 dies
2255 4509 2640 4583 regressionis
2679 4526 2797 4565 sum
2846 4509 2956 4565 iter
3003 4516 3326 4584 carperent,
3360 4511 3434 4576 ei,
3469 4513 3570 4586 qui
3603 4512 3766 4586 prior

2105 4599 2327 4655 cwteris
2377 4599 2724 4666 habebatur,
2765 4598 3031 4670 quaedam
3077 4600 3375 4674 subripuit
3421 4601 3762 4680 curiositas,

2107 4688 2309 4745 dicens
2341 4687 2642 4745 sodalibus
2686 4702 2747 4742 se
2797 4687 2971 4743 stulte
3021 4688 3165 4744 tanti
3227 4688 3454 4744 itineris
3503 4690 3763 4746 subiisse

2105 4777 2387 4846 laborem,
2417 4793 2553 4834 cum
2585 4777 2875 4832 nescirent
2917 4776 3017 4848 qui
3067 4777 3305 4848 pretiosi
3356 4778 3599 4834 domino
3647 4795 3761 4834 suo

2106 4868 2407 4923 referrent.
2451 4865 2810 4922 Pedetentim
2861 4870 3056 4921 autem
3106 4871 3400 4923 crescente
3448 4865 3760 4924 collatione

2104 4956 2436 5026 verborum,
2483 4955 2556 5012 ad
2609 4954 3046 5027 suggestionem
3101 4955 3395 5011 sociorum
3444 4955 3760 5013 contractis

2107 5043 2434 5118 apostolicae
2469 5043 2776 5116 dignitatis
2809 5041 3062 5116 singulis
3111 5042 3340 5116 sigillis,
3374 5050 3586 5117 aperta:
3615 5049 3760 5102 sunt

2107 5134 2353 5207 pixides,
2385 5137 2441 5188 et
2472 5133 2532 5188 in
2564 5131 2814 5205 singulis
2843 5131 3091 5205 singulae
3123 5134 3299 5204 panni
3336 5137 3576 5206 repertas
3617 5138 3761 5190 sunt

2107 5220 2510 5295 portiunculae.
2537 5221 2782 5294 Moxque
2809 5237 2944 5276 cum
2978 5221 3380 5295 indignatione
3404 5223 3650 5278 Romam
3675 5239 3758 5278 re-

2103 5311 2286 5384 gressi
2310 5309 2788 5367 archidiaconum
2808 5310 3032 5366 adeunt
3047 5310 3491 5383 conquirentes:
3514 5310 3758 5383 thuid,

2104 5401 2402 5473 inquiunt,
2426 5401 2680 5456 domnus
2701 5398 3073 5471 Apostolicus
3095 5405 3215 5456 tam
3237 5399 3336 5456 vili
3357 5399 3761 5472 penditdomi-

2105 5506 2245 5546 num
2266 5494 2553 5556 nostrum,
2573 5488 2676 5561 qui
2695 5491 2918 5544 tantam
2940 5489 3190 5561 gratiam
3204 5505 3266 5544 se
3280 5489 3434 5562 apud
3450 5504 3586 5544 eum
3600 5485 3760 5544 obti-

2104 5579 2305 5636 nuisse
2317 5582 2669 5652 speraverat,
2679 5577 2834 5652 quod
2849 5576 2930 5634 sic
2944 5575 3190 5634 voluerit
3202 5576 3286 5632 illi
3302 5575 3566 5646 illudere,
3581 5581 3638 5634 et
3651 5593 3763 5636 nos

2173 5723 2244 5802 (5)
2276 5721 2420 5782 Vide
2450 5719 2788 5783 Joan.Diac.
2810 5721 2872 5782 in
2893 5719 3028 5781 Vita
3057 5721 3228 5801 Greg.
3261 5720 3364 5796 M.,
3401 5720 3442 5780 Ι.
3477 5737 3538 5795 n,
3573 5737 3625 5783 c.
3659 5722 3752 5780 41.
