4076 6174
331 415 433 474 397

1136 411 1367 472 LIBER
1412 412 1514 472 DE
1558 411 1922 473 CORPORE
1967 410 2067 471 ET
2114 411 2508 475 SANGUINE
2552 411 2881 474 CHRISTI.

3592 413 3711 474 398

329 544 749 603 dehonorationi
787 549 843 598 et
872 544 1174 599 offensioni
1200 562 1316 599 suae
1350 544 1615 600 addicere
1638 545 1663 599 i’
1696 545 1961 599 .iistima-
1987 545 2040 614 Α
2074 543 2227 599 niam
2248 547 2487 617 quidam
2506 547 2592 602 vel
2618 545 3062 618 ignoranter,vel
3087 543 3510 617 simpliciterin
3533 543 3711 600 calice

329 635 503 691 vimus
534 632 823 705 siquidem
855 649 961 688 nos
1007 650 1141 688 ossa
1184 634 1601 705 apostolorum,
1624 632 1710 689 vel
1744 636 1958 704 marty-

331 741 470 793 rum,
520 722 773 795 pretiosa
832 720 969 777 hinc
1027 722 1260 789 referre,
1314 723 1465 777 sicut
1513 723 1785 777 decuerat
1835 725 1959 775 tan-

330 818 442 868 tum
501 812 689 866 virum
763 812 847 865 uti
919 810 1194 865 dominus
1266 817 1463 866 noster
1525 817 1632 865 est.
1694 814 1739 865 A
1798 815 1962 865 tanta

329 899 695 956 nihilominus
736 901 891 969 sede,
926 917 1055 971 qua:
1106 901 1219 955 sita
1268 918 1300 954 a
1346 905 1465 955 tam
1517 900 1687 971 longe
1720 906 1774 955 et
1807 900 1957 953 dil'ﬁ-

327 990 530 1045 cillimo
583 990 726 1045 satis
782 989 1012 1057 itinere,
1064 993 1119 1044 et
1167 990 1314 1043 data:
1376 992 1515 1044 sunt
1564 990 1731 1045 nobis
1782 988 1957 1060 panni

324 1080 549 1136 modica:
600 1077 1005 1149 portiunculm,
1057 1096 1120 1132 ac
1170 1078 1216 1131 si
1271 1078 1609 1150 hujusmodi
1660 1078 1958 1150 panniculi

324 1186 494 1242 genus
555 1169 706 1240 apud
770 1184 875 1221 nos
946 1168 1246 1239 nequisset
1304 1166 1566 1222 inveniri.
1621 1166 1743 1220 Nisi
1800 1167 1957 1220 enim

324 1274 497 1315 causae
558 1255 892 1314 sollicitudo
950 1257 1337 1322 subvenisset,
1392 1261 1454 1311 ut
1512 1257 1667 1327 quod
1722 1256 1957 1327 gereba-

324 1364 444 1403 mus
500 1362 1009 1418 cognosceremus,
1059 1350 1115 1399 et
1175 1346 1256 1400 sic
1308 1345 1517 1400 stolide
1568 1346 1635 1398 ad
1693 1350 1959 1400 nestrum

322 1436 617 1492 dominum
680 1435 848 1489 nobis
905 1435 1247 1506 contigisset
1297 1434 1511 1504 venire,
1563 1434 1809 1487 dubium
1843 1450 1957 1488 non

321 1530 400 1582 est
453 1522 785 1596 periculum
845 1523 1084 1578 honoris
1139 1530 1195 1577 et
1252 1524 1451 1596 gratia:
1517 1541 1634 1578 suae
1695 1540 1801 1578 nos
1858 1523 1956 1577 de-

320 1615 506 1671 buisse
586 1614 900 1669 incurrere.
962 1613 1122 1678 Quod
1188 1612 1635 1667 archidiaconus
1697 1612 1961 1666 modesta

319 1703 706 1774 increpatione
766 1701 1082 1773 redarguit,
1125 1718 1229 1756 cur
1278 1702 1335 1756 in
1390 1706 1611 1756 tantam
1676 1717 1956 1773 prmsum-

317 1792 569 1866 ptioncm
617 1790 915 1863 eruperint
953 1795 1019 1845 ut
1062 1789 1380 1862 apostolica
1429 1789 1622 1862 sigilla
1670 1789 1955 1861 ruperint,

316 1882 550 1941 hortans
598 1897 698 1937 eos
747 1886 812 1935 ut
868 1878 1145 1947 redirent,
1187 1884 1246 1935 et
1289 1895 1415 1951 qua:
1464 1881 1805 1950 acceperant
1850 1877 1956 1931 do-

315 1971 463 2026 mino
494 1988 606 2027 suo
639 1986 769 2025 cum
806 1968 1023 2025 honore
1054 1968 1363 2023 deferrent.
1389 1968 1499 2023 Sed
1527 1967 1588 2022 hi
1622 1965 1960 2021 nullatenus

314 2059 550 2115 monitis
569 2060 698 2131 ejus
720 2057 1158 2130 acquiescentes
1176 2074 1360 2129 usque
1383 2057 1456 2112 ad
1478 2054 1678 2112 domni
1696 2054 1957 2127 Gregorii

311 2152 591 2205 venerunt
629 2147 1026 2220 praesentiam,
1062 2147 1329 2219 factoque
1377 2150 1691 2217 comperto,
1726 2144 1955 2217 patien-

314 2239 534 2294 tissime
567 2219 769 2293 eoruin
805 2234 940 2292 tulit
966 2234 1297 2304 stultitiam,
1322 2252 1538 2306 eosque
1569 2231 1956 2289 sacrosanctis

315 2328 627 2383 missarum
659 2324 964 2381 solemniis
995 2324 1264 2397 praecepit
1296 2322 1785 2388 interesse.Unde,
1820 2338 1954 2376 cum

313 2417 378 2472 ad
406 2416 606 2472 locum
638 2415 726 2471 sui
760 2414 1048 2469 sermonis
1092 2418 1182 2469 est
1210 2417 1470 2479 ventum,
1502 2412 1710 2466 suadet
1741 2409 1955 2482 populo

313 2505 405 2561 Dei
421 2509 478 2559 et
494 2507 836 2561 sanctorum
855 2502 1103 2575 gratiam
1124 2504 1672 2573 exorare,quatenus
1690 2501 1747 2553 in
1768 2501 1875 2554 hac
1895 2516 1954 2554 re

311 2595 694 2668 dignarentur
713 2590 1077 2664 apertissime
1098 2590 1180 2645 sic
1202 2607 1372 2646 suam
1404 2589 1721 2661 potentiam
1746 2589 1955 2661 patefa-

310 2700 462 2753 cere;
487 2682 723 2754 utquid
756 2685 1049 2737 mereatur
1078 2679 1582 2747 ﬁdes,cvidentius
1612 2678 1808 2733 minus
1837 2694 1954 2732 cre-

311 2773 423 2828 duli
447 2778 507 2828 et
535 2772 875 2844 ignorantes
907 2770 1133 2842 possint
1162 2785 1528 2841 cognoscere.
1553 2768 1621 2822 Et
1661 2768 1795 2822 data
1825 2783 1952 2821 ora-

310 2863 456 2918 tione
478 2860 711 2933 accepit
732 2859 803 2915 ab
825 2875 890 2915 eo
912 2857 1343 2930 cultellum,qui
1362 2861 1742 2912 temeraverat
1763 2871 1951 2928 Signa,

310 2956 361 3005 et
381 2966 567 3023 super
585 2947 768 3005 altare
788 2947 1047 3020 corporis
1069 2947 1255 3003 sancti
1282 2947 1431 3001 Petri
1456 2950 1752 3018 acceptam
1776 2961 1953 3000 unam

310 3039 480 3110 panni
512 3036 950 3110 portiunculam
991 3053 1093 3107 per
1132 3035 1388 3091 medium
1422 3051 1689 3107 pungeus
1719 3033 1951 3089 sccavit.

310 3129 381 3182 Ex
411 3144 532 3200 qua
565 3126 763 3182 statim
795 3125 1037 3196 sanguis
1067 3126 1420 3192 decucurrit,
1451 3129 1507 3179 et
1537 3139 1771 3178 omnem
1802 3137 1957 3177 eam-

311 3217 434 3271 dem
468 3215 826 3288 particulam
858 3213 1201 3269 cruentavit.
1225 3202 1502 3267 Videntes
1533 3216 1726 3267 autem
1758 3228 1957 3282 supra-

310 3281 502 3377 scripti
543 3304 738 3377 legati,
763 3308 820 3358 et
851 3302 1043 3358 omnis
1075 3301 1323 3374 pepulus
1345 3302 1701 3373 stupendum
1724 3304 1781 3355 et
1798 3281 1953 3355 arca-
1981 3281 2027 3350 Ο

310 3412 441 3450 num
478 3393 619 3448 fidei
650 3410 828 3448 sacra“:
860 3391 1231 3458 miraculum,
1266 3390 1521 3446 cecidere
1555 3390 1717 3461 proni
1752 3389 1808 3443 in
1840 3393 1956 3443 ter-

307 3500 448 3553 ram,
503 3484 820 3539 adorantes
869 3481 1206 3547 Dominum,
1246 3485 1302 3535 et
1350 3480 1607 3557 dicentes
1642 3496 1654 3532 :
1689 3478 1957 3533 Mirabilis

312 3572 442 3628 Deus
476 3575 541 3628 in
572 3572 775 3626 sanctis
819 3572 958 3636 suis,
989 3570 1128 3625 Deus
1172 3570 1358 3638 Israel,
1389 3571 1501 3640 ipse
1528 3568 1678 3623 dabit
1708 3570 1959 3623 virtutem

310 3670 357 3717 et
380 3659 769 3731 fortitudinem
806 3660 953 3731 plebi
997 3674 1136 3723 suae,
1173 3658 1476 3714 benedictus
1506 3659 1664 3712 Deus.
1698 3658 1767 3712 Et
1809 3658 1958 3713 facto

312 3750 546 3805 silentio
582 3749 734 3804 inter
753 3747 867 3803 alia
893 3748 1024 3803 fidei
1052 3748 1403 3802 documenta
1427 3745 1571 3802 dixit
1601 3747 1673 3801 ad
1702 3763 1801 3801 eos
1832 3746 1960 3801 bea-

310 3844 400 3895 tus
441 3839 785 3910 Gregorius,
836 3838 936 3908 qui
987 3837 1232 3892 antehac
1280 3837 1638 3891 venerandas
1688 3833 1960 3907 reliquias

310 3930 466 3999 parvi
499 3929 792 3983 duxerant
825 3944 837 3982 :
873 3927 1109 3993 Scitote,
1146 3926 1370 3994 fratres,
1409 3926 1546 3996 quia
1578 3926 1633 3979 in
1667 3940 1964 3980 consecra-

313 4018 463 4074 tione
485 4016 756 4089 corporis
776 4020 834 4071 et
861 4015 1165 4089 sanguinis
1198 4013 1425 4070 Domini
1449 4014 1640 4070 Nostri
1662 4018 1714 4068 J.
1739 4014 1799 4069 C.
1825 4030 1961 4069 cum

311 4106 379 4161 ob
409 4104 941 4162 sanctificationem
986 4103 1362 4176 reliquiarum
1396 4103 1452 4157 in
1487 4103 1701 4159 honore
1729 4108 1960 4175 aposto-

312 4192 520 4262 lorum,
553 4193 638 4249 vel
671 4197 993 4265 martyrum
1028 4193 1466 4265 ipsius,quibus
1511 4191 1841 4263 specialiter
1870 4209 1961 4247 as-

313 4283 703 4355 signabantur
745 4300 925 4355 supra
957 4286 1393 4337 sacrosanctum
1446 4281 1629 4337 altare
1682 4280 1965 4336 libamina

314 4372 730 4439 olferebantur,
753 4388 987 4444 semper
1018 4371 1250 4426 illorum
1301 4371 1542 4443 sanguis
1584 4371 1689 4426 hos
1738 4386 1965 4443 pannos

315 4459 578 4527 intravit,
603 4462 702 4532 qui
738 4461 961 4515 effusus
983 4466 1071 4517 est
1103 4478 1204 4531 pro
1236 4461 1470 4515 nomine
1492 4460 1704 4514 Christi
1726 4460 1791 4514 D.
1817 4460 1884 4513 N.
1908 4460 1962 4513 J.

316 4547 637 4604 .Editicatis
687 4550 743 4604 in
778 4550 891 4604 ﬁde
924 4550 1153 4604 cunctis
1185 4548 1282 4621 qui
1317 4550 1575 4613 a'derant,
1606 4547 1965 4618 munitisque

2071 633 2370 689 Dominico
2404 636 2826 691 sanctilicando
2857 639 2913 691 et
2954 634 3106 706 plebi
3156 633 3545 690 ministrando
3594 649 3711 690 non

2070 721 2176 777 hoc
2207 722 2427 777 faciunt
2456 726 2611 795 quod
2642 724 2815 780 Jesus
2846 724 3112 780 Christus
3158 723 3443 779 Dominus
3471 726 3530 779 et
3558 721 3712 778 Deus

2071 815 2284 879 noster,
2319 812 2585 867 sacriﬁcii
2639 813 2816 885 hujus
2868 816 3071 868 auctor
3116 816 3173 867 et
3218 813 3437 880 doctor,
3474 810 3609 867 fecit
3657 816 3716 867 et

2071 901 2287 967 docuit,
2314 900 2651 973 religiosum
2688 902 2903 973 pariter
2933 919 2998 956 ac
3045 901 3439 957 necessarium
3473 900 3608 956 duxi
3643 901 3713 956 de

2069 987 2177 1043 hoc
2209 990 2281 1043 ad
2312 1007 2413 1044 vos
2446 989 2665 1044 litteras
2699 991 2906 1057 facere,
2938 995 3046 1046 etc.

2069 1078 2203 1132 CAP.
2237 1078 2452 1132 XLVII.
2477 1110 2543 1117 —
2567 1081 2821 1148 Qualiter
2844 1082 2901 1133 in
2924 1080 3142 1133 Domini
3169 1081 3345 1133 nostri
3364 1080 3486 1133 Iesu
3510 1078 3715 1133 Christi

2136 1152 2388 1220 passione
2418 1152 2705 1220 mysticum
2743 1153 2817 1204 sit
2862 1150 3072 1205 Pascha
3118 1150 3400 1217 abolitum,
3432 1152 3566 1205 etin
3596 1152 3712 1220 ejus

2140 1223 2510 1276 immolatione
2538 1223 2622 1276 rei
2652 1224 2851 1275 veritas
2873 1224 2947 1276 sit
2974 1230 3199 1277 ostensa.

2141 1310 2213 1379 (Τ)
2248 1309 2512 1363 Diximus
2542 1310 2599 1363 in
2634 1310 3035 1382 superioribus
3074 1311 3215 1365 satis
3246 1310 3317 1363 de
3348 1313 3712 1365 sacramento

2068 1398 2288 1466 calicis,
2324 1399 2647 1452 secundum
2671 1399 2823 1470 quod
2850 1399 2911 1453 Β.
2937 1398 3220 1470 Cypriane
3252 1400 3489 1471 martyri
3524 1399 3714 1455 Domi-

2069 1505 2179 1541 nus
2211 1486 2459 1541 revelare
2489 1487 2766 1559 dignatus
2791 1492 2899 1542 est.
2924 1487 3197 1559 Superest
3218 1493 3282 1543 ut
3314 1506 3467 1544 nunc
3496 1490 3569 1544 de
3595 1506 3714 1562 my-

2068 1576 2243 1631 sterio
2302 1575 2588 1631 Dominici
2644 1577 2902 1647 corporis
2952 1577 3274 1649 nostrique,
3334 1577 3392 1632 id
3444 1582 3535 1633 est
3579 1577 3711 1635 novi

2070 1663 2301 1719 Pascha:
2352 1663 2749 1720 immolatione
2796 1664 3066 1737 qualiter,
3094 1665 3181 1722 vel
3232 1684 3265 1721 a
3302 1666 3519 1738 quibus
3562 1666 3709 1724 cele-

2069 1754 2359 1808 brandum
2394 1753 2491 1808 sit.
2525 1752 2892 1810 Sanctissimi
2923 1772 3085 1827 papa:
3117 1755 3374 1828 Gregorii
3398 1772 3638 1812 sensum
3653 1761 3714 1814 et

2066 1842 2241 1897 verba
2271 1846 2663 1913 ponamus.ut
2687 1844 2841 1915 quod
2874 1843 2983 1898 sub
3015 1843 3299 1899 velamine
3328 1843 3532 1901 litterae
3563 1849 3713 1918 tege-

2066 1930 2240 1986 batur
2272 1930 2329 1984 in
2363 1929 2507 2002 lege,
2544 1930 2601 1984 in
2637 1930 2945 2003 Evangelia
2974 1932 3077 1987 fiat
3107 1933 3186 1987 rei
3218 1932 3456 1988 veritate
3487 1934 3712 2006 perspi-

2066 2035 2241 2074 cuum
2269 2034 2281 2072 :
2305 2018 2534 2085 Pascha,
2558 2018 2765 2090 inquit,
2784 2027 3052 2089 nostrum,
3074 2020 3373 2092 apostolis,
3402 2023 3713 2079 immolatus

2068 2117 2147 2164 est
2170 2108 2437 2164 Christus.
2470 2106 2529 2162 Si
2567 2107 2746 2179 igitur
2774 2107 2997 2164 Pascha
3023 2109 3309 2179 Christus,
3342 2112 3710 2183 pensandum

2066 2198 2235 2253 nobis
2266 2203 2354 2251 est
2385 2197 2537 2268 quod
2573 2196 2644 2251 de
2675 2196 3005 2252 Paschalex
3036 2198 3313 2272 loquitur,
3339 2204 3404 2255 ut
3433 2200 3711 2257 subtilius

2067 2290 2500 2358 perscrutantes
2549 2286 2845 2358 possimus
2896 2302 3207 2359 agnoscere
3236 2305 3307 2343 an
3362 2288 3433 2345 de
3481 2288 3711 2346 Christo

2065 2376 2221 2431 dicta
2247 2375 2570 2430 videantur.
2604 2376 2830 2447 Moyses
2860 2375 3076 2449 quippe
3095 2376 3176 2432 ait
3209 2394 3221 2432 :
3246 2377 3473 2435 Sumenl
3498 2377 3564 2436 de
3588 2394 3713 2436 san-

2062 2468 2230 2536 guine
2255 2465 2407 2535 agni,
2439 2468 2550 2518 etc.
2822 2458 2827 2461 ’

2135 2554 2268 2609 CAP.
2290 2521 2672 2608 ”Χ[ᾆγιιῐ.-
2715 2554 2904 2628 Utrum
2953 2555 3161 2628 Pascha
3210 2556 3355 2611 istud
3405 2521 3711 2628 legitimum

2130 2634 2251 2697 post
2276 2627 2415 2679 anni
2441 2627 2680 2697 spatium
2708 2626 2789 2681 vel
2806 2696 2811 2697 γ
2831 2636 2947 2697 post
2994 2627 3152 2697 longa
3182 2628 3242 2682 in
3273 2626 3563 2686 intervalla
3594 2628 3708 2685 die-

2134 2696 2280 2757 rum.
2311 2713 2382 2751 an
2414 2696 2653 2767 quotidie
2679 2713 2713 2751 a
2740 2696 2992 2767 ﬁdelibus
3020 2696 3096 2752 sit
3119 2697 3404 2755 edendum.

2136 2785 2366 2841 Pascha:
2397 2788 2591 2839 autem
2625 2784 2803 2855 hujus
2834 2786 3283 2854 observantiam,
3311 2788 3367 2841 id
3400 2792 3489 2844 est
3518 2788 3708 2845 Domi-

2065 2874 2175 2930 niei
2202 2873 2457 2946 corporis
2480 2890 2544 2927 ac
2566 2873 2875 2945 sanguinis
2899 2874 3329 2946 perceptionem
3353 2877 3708 2949 quibusdam

2066 2965 2245 3020 moris
2275 2967 2363 3018 est
2395 2966 2525 3034 post
2553 2962 2692 3016 anni
2724 2963 3002 3035 spatium,
3028 2965 3385 3035 quibusdam
3416 2982 3549 3024 vero
3579 2970 3712 3039 post

2063 3056 2219 3108 certa
2248 3051 2549 3106 intervalla
2590 3051 2838 3119 dierum,
2862 3052 3215 3123 quibusdam
3248 3071 3479 3127 quoque
3510 3050 3708 3128 quoti—

2064 3141 2156 3195 die
2188 3157 2288 3211 pro
2311 3156 2621 3194 causarum
2646 3138 2978 3194 diversitate
3002 3140 3313 3196 celebrare.
3330 3145 3492 3209 Quod
3515 3148 3708 3201 tamen

2066 3229 2252 3302 magis
2271 3229 2503 3284 videtur
2530 3227 2801 3282 humanm
2833 3227 3007 3283 saluti
3030 3246 3369 3301 congruere,
3401 3232 3449 3288 si
3485 3250 3633 3305 pura
3653 3238 3712 3288 et

2066 3319 2272 3373 devota
2303 3334 2469 3372 mens
2502 3316 2676 3372 fuerit
2714 3318 3117 3373 accedentium
3148 3321 3219 3375 ad
3265 3321 3415 3376 tanti
3448 3322 3706 3395 mysterii

2066 3411 2519 3463 sacramentum.
2548 3406 2723 3462 Panis
2753 3405 3046 3479 siquidem
3078 3409 3206 3463 vitm
3230 3409 3497 3466 Christus
3527 3415 3635 3480 est,
3657 3412 3711 3468 ei

2066 3497 2235 3568 panis
2263 3495 2358 3550 hic
2390 3494 2655 3549 omnium
2690 3512 2804 3550 non
2836 3500 2944 3559 est,
2973 3497 3073 3551 sed
3105 3497 3363 3553 fidelium
3392 3499 3601 3572 pieque
3620 3517 3715 3557 su-

2068 3586 2376 3641 mentium.
2409 3583 2574 3638 Sicut
2617 3582 2773 3637 enim
2822 3585 2976 3639 Deus
3007 3586 3174 3640 Pater
3220 3588 3450 3660 proprie
3498 3588 3712 3644 intelli-

2068 3674 2329 3746 gentium
2361 3678 2419 3727 et
2448 3672 2809 3727 credentium
2840 3679 3006 3744 pater
3029 3678 3137 3742 est,
3164 3674 3249 3730 sic
3270 3675 3537 3732 Christus
3559 3678 3713 3733 Deus

2068 3768 2125 3818 et
2146 3762 2429 3817 Dominus
2453 3766 2671 3826 noster,
2686 3762 2784 3816 Dei
2810 3761 2992 3816 Filius
3012 3779 3212 3817 eorum
3232 3764 3330 3834 qui
3353 3781 3565 3837 corpus
3586 3767 3714 3837 ejus

2069 3869 2203 3907 cum
2228 3851 2339 3905 fide
2358 3850 2708 3921 suscipiunt,
2727 3851 2913 3905 Patris
2939 3855 3046 3906 est.
3062 3854 3242 3917 Quem
3266 3868 3475 3923 panem
3496 3871 3564 3908 ex
3586 3855 3715 3926 ejus

2071 3940 2453 4013 praiceptione
2485 3938 2610 3993 dari
2656 3939 2825 3993 nobis
2855 3940 3114 4011 quotidie
3145 3940 3516 4011 postulamus
3546 3960 3581 3998 a
3612 3942 3718 3998 Pa-

2073 4035 2177 4098 tre,
2213 4046 2285 4084 ne
2316 4028 2414 4100 qui
2448 4028 2505 4082 in
2540 4044 2606 4082 eo
2652 4044 2879 4095 sumus,
2911 4031 2970 4083 et
3011 4028 3427 4086 eucharistiam
3459 4032 3719 4103 corporis

2071 4118 2200 4187 ejus
2225 4116 2487 4188 quotidie
2517 4116 2589 4171 ad
2622 4115 2817 4171 cibum
2853 4115 3062 4171 salutis
3092 4117 3436 4189 accipimus,
3472 4118 3716 4177 interce-

2074 4207 2244 4261 dente
2275 4204 2471 4276 aliquo
2502 4204 2762 4277 graviore
2793 4203 3023 4271 delicto,
3057 4205 3197 4260 dum
3231 4206 3482 4262 abstenti
3515 4212 3573 4264 et
3603 4225 3718 4264 non

2074 4292 2599 4361 communicantes,
2630 4298 2689 4347 et
2717 4310 2752 4348 a
2780 4292 2998 4348 cmlesti
3042 4310 3189 4366 pane
3228 4295 3417 4366 jejuni
3469 4297 3545 4353 ab
3591 4298 3720 4369 ejus

2074 4401 2312 4456 corpore
2363 4399 2719 4454 separemur,
2754 4382 2879 4453 ipso
2929 4384 3302 4454 przedicante,
3338 4389 3396 4439 ct
3443 4385 3717 4440 dicente:

2074 4474 2180 4543 Ego
2211 4490 2330 4528 sum
2358 4473 2518 4543 panis
2550 4474 2722 4538 vivas,
2748 4473 2843 4544 qui
2871 4472 2934 4527 (te
2962 4474 3090 4528 caelo
3120 4473 3401 4540 descendi,-
3432 4475 3528 4546 qui
3555 4473 3725 4529 edertt

2074 4562 2139 4616 de
2170 4577 2284 4616 meo
2311 4576 2451 4632 pane
2495 4563 2637 4616 viret
2686 4563 2745 4615 in
2794 4569 3099 4627 mternum;
3126 4564 3289 4633 panis
3329 4569 3532 4630 autem,
3564 4578 3723 4634 quem

318 4637 527 4693 iterum
564 4639 862 4711 pixidibus
893 4638 1059 4711 signo
1092 4656 1216 4705 suo,
1245 4637 1584 4692 tradiditcis
1608 4637 1967 4707 incompara—
1998 4652 2042 4716 Ι)
2072 4667 2165 4721 ego
2209 4649 2421 4716 dedero,
2472 4666 2596 4705 (γινο
2642 4666 2762 4705 mea
2808 4659 2888 4705 εει
2930 4666 3030 4722 pro
3071 4649 3268 4705 mundi
3314 4652 3444 4705 υίια,
3481 4651 3721 4716 Quando

316 4726 452 4783 bilia
484 4745 737 4783 munera
765 4728 877 4782 voti
922 4728 1034 4781 sui.
1066 4728 1134 4781 Et
1165 4743 1297 4782 cum
1331 4725 1544 4798 gaudio
1578 4725 1809 4791 reversi,
1846 4724 1965 4780 haec

316 4832 414 4886 per
441 4817 712 4872 ordinem
758 4816 992 4871 domino
1041 4832 1147 4870 suo
1198 4815 1553 4879 nuntiarent,
1589 4820 1644 4869 et
1675 4815 1761 4869 sui
1813 4815 1957 4868 desii

315 4903 453 4959 derii
491 4909 825 4976 compotem
854 4903 1177 4958 reddidere.
1203 4904 1308 4969 Qui
1344 4904 1598 4974 pretiosa
1628 4908 1963 4958 sanctorum

317 4993 643 5062 patrocinia
688 4996 1010 5048 reverenter
1057 4992 1335 5064 suscepit,
1361 4998 1418 5047 et
1464 4992 1879 5048 honorabiliter
1906 4993 1964 5047 in

316 5080 439 5136 loco
470 5080 788 5137 venerabili
812 5081 1095 5152 condidit,
1120 5081 1218 5136 ubi
1254 5082 1408 5136 Deus
1430 5082 1711 5137 miracula
1741 5082 1965 5153 cperari

319 5169 602 5242 dignatur
629 5171 700 5225 ad
741 5170 974 5225 laudem
1008 5174 1063 5225 et
1092 5169 1336 5242 gloriam
1373 5172 1628 5225 nominis
1659 5171 1748 5225 sui
1784 5189 1968 5244 usque

322 5258 375 5312 in
408 5259 763 5314 hodiernum
793 5258 970 5313 diem.

352 5366 489 5423 CAP.
517 5367 707 5423 XLVI.
723 5398 790 5408 —-
810 5367 884 5421 De
910 5375 1245 5440 sacramento
1266 5370 1453 5423 caliris
1485 5369 1616 5440 quid
1645 5369 1932 5424 revelatum

855 5441 929 5495 sit
960 5439 1106 5497 beato
1139 5440 1433 5513 Cypriane.

389 5538 467 5609 (6)
489 5538 766 5594 Scriberis
799 5538 1089 5610 siquidem
1120 5539 1326 5595 beatus
1349 5538 1673 5611 Cyprianus
1705 5537 1774 5591 ad
1798 5536 1968 5592 Caici-

324 5622 473 5681 lium
508 5626 581 5681 de
609 5631 975 5683 sacramento
1006 5627 1222 5693 calicis,
1260 5628 1403 5681 dicit
1450 5627 1599 5681 inter
1628 5625 1741 5680 alia
1776 5643 1787 5680 :
1822 5628 1970 5693 Quo-

391 5725 471 5804 (6)
503 5723 647 5781 Vide
676 5726 829 5783 inter
859 5724 1134 5802 epistolas
1166 5726 1220 5784 S.
1260 5724 1552 5801 Cypriani.

2076 4759 2210 4814 ergo
2244 4741 2385 4795 dicit
2417 4739 2472 4793 in
2507 4744 2787 4794 internum
2840 4739 3044 4806 vivere,
3080 4739 3129 4794 si
3160 4739 3294 4810 quis
3342 4739 3526 4794 ederit
3555 4740 3626 4795 de
3655 4755 3722 4796 eo

2078 4849 2245 4903 pane,
2282 4830 2658 4884 manifestum
2702 4833 2789 4883 est
2831 4846 2929 4883 eos
2961 4829 3167 4896 vivere,
3202 4828 3300 4899 qui
3333 4845 3544 4900 corpus
3594 4831 3724 4902 ejus

2077 4921 2392 4992 attingunt,
2423 4924 2479 4971 et
2530 4917 2940 4971 eucharistiam
2989 4932 3132 4971 verm
3171 4919 3724 4975 communicationis

2079 5009 2393 5080 accipiunt.
2428 5007 2509 5060 Ita
2535 5010 2736 5060 contra
2756 5005 3083 5058 timendum
3115 5010 3205 5059 est
3225 5011 3282 5062 et
3299 5008 3609 5077 orandum,
3629 5025 3721 5076 ne,

2080 5098 2219 5150 dum
2269 5094 2402 5165 quis
2453 5093 2758 5146 abstentus
2807 5096 3111 5161 separatur
3140 5109 3174 5147 a
3203 5092 3413 5149 Christi
3463 5112 3722 5167 corpore,

2076 5201 2297 5239 vacuus
2329 5185 2626 5236 remaneat
2673 5196 2707 5233 a
2754 5177 2961 5247 salute,
2997 5183 3469 5239 communicante
3516 5184 3643 5256 ipso
3669 5189 3727 5240 et

2080 5274 2306 5328 dicente
2341 5288 2353 5325 :
2387 5271 2510 5325 Nisi
2537 5268 2756 5325 cderitis
2785 5284 3005 5323 carnem
3045 5270 3178 5326 Filii
3215 5271 3473 5341 hominis,
3506 5281 3558 5329 et
3587 5274 3727 5330 bibe-

2082 5364 2203 5418 ritis
2240 5362 2566 5433 sanguinem
2592 5360 2729 5431 ejus,
2762 5373 2875 5411 non
2922 5357 3125 5414 habetts
3172 5361 3339 5416 vitam
3370 5362 3429 5416 in
3456 5361 3622 5440 nobis.
3656 5362 3728 5418 Et

2082 5452 2210 5506 ideo
2244 5466 2451 5523 panem
2495 5452 2781 5516 nostrum,
2820 5446 2878 5502 id
2927 5452 3017 5503 est
3047 5448 3365 5516 Christum,
3401 5450 3525 5506 dari
3557 5452 3725 5509 nobis

2083 5541 2342 5615 quotidie
2364 5538 2637 5611 petimus,
2654 5541 2718 5592 ut
2739 5537 2837 5609 qui
2864 5538 2921 5592 in
2946 5554 3012 5592 eo
3036 5554 3363 5607 manemus,
3379 5543 3433 5596 ct
3454 5541 3723 5612 vivimus,

2083 5652 2116 5688 a
2148 5628 2605 5686 sanctiﬁcatione
2634 5628 2763 5700 ejus
2801 5643 3038 5701 corpore
3068 5644 3184 5683 non
3228 5630 3591 5692 recedamus.
3621 5633 3726 5692 Ar-

2155 5729 2228 5808 (7)
2260 5726 2403 5784 Vide
2432 5729 2574 5784 tom.
2607 5725 2684 5785 III
2714 5724 2854 5803 Opp.
2890 5728 2947 5783 S.
2980 5725 3258 5806 Gregorii.
