4076 6174
350 375 469 436 399

1393 373 1722 439 GEZONIS
1764 366 2102 433 ABBATIS
2144 366 2709 430 DERTONENSIS.

3634 364 3754 427 400

347 514 552 563 serunt
578 507 684 564 hoc
707 524 938 583 semper
959 506 1245 565 desiderio
1267 506 1450 562 sancti
1477 505 1692 578 quique
1727 509 1788 560 ut
1819 503 1996 576 hujus
2025 502 2079 568 Α
2145 501 2277 556 Cxp.
2316 501 2455 556 LIII.
2492 533 2558 540 --
2593 499 2798 569 Quibus
2838 499 3139 583 inimolatio
3177 499 3448 556 Dominici
3477 497 3720 569 corporis

349 597 520 669 panis
540 596 820 654 alimonia
840 597 956 654 Deo
986 598 1262 665 viverent,
1287 595 1502 669 quibus
1523 593 1860 666 temporalis
1882 592 2002 646 vita

349 682 748 759 dispendium,
775 691 832 742 et
861 687 1051 742 vivere
1078 685 1345 742 Christus
1377 683 1514 751 fuit;
1545 700 1576 738 e
1609 683 1823 754 quibus
1845 697 2000 737 unus

347 773 700 830 venerabilis
721 775 851 830 vitai
869 775 1128 842 Cassius,
1143 773 1378 829 nomine
1398 771 1760 834 Narniensis,
1788 767 1998 842 praesul

357 861 648 931 Ecclesiin,
674 868 740 919 ut
770 865 832 919 B.
857 863 1171 936 Gregorius
1205 862 1396 929 refert,
1421 877 1554 915 cum
1594 859 2002 931 quotidianum

353 951 708 1009 sacriﬁcium
739 953 991 1020 offerret,
1016 968 1194 1024 seque
1217 952 1411 1024 ipsum
1446 950 1595 1004 inter
1625 950 1748 1020 ipsa
1781 948 2002 1002 sacrifi-

353 1041 578 1097 ciorum
601 1058 814 1098 arcana
843 1044 1068 1112 gratam
1103 1040 1220 1096 Deo
1243 1039 1540 1094 victimam
1581 1037 1810 1100 faceret;
1835 1053 2002 1090 man--

357 1129 561 1185 datum
579 1129 810 1185 Domini
832 1145 935 1201 per
949 1127 1258 1200 cujusdam
1277 1128 1367 1182 sui
1385 1127 1667 1182 visionem
1687 1125 2004 1198 presbyteri

360 1218 639 1290 suscepit,
665 1217 865 1274 dicens
890 1235 902 1273 :
925 1219 1043 1290 Age
1065 1218 1218 1290 quod
1251 1217 1404 1288 agis;
1437 1231 1674 1288 operare
1696 1217 1848 1286 quan
1871 1231 2005 1288 ope-

361 1307 530 1362 raris.
555 1306 679 1363 Non
711 1311 899 1362 cesset
930 1323 1031 1377 pes
1067 1311 1226 1373 tuus,
1262 1322 1378 1362 non
1419 1309 1604 1360 cesset
1644 1321 1853 1359 manus
1885 1309 2004 1358 tua.

361 1393 551 1452 Natali
584 1395 981 1467 apostolorum
1009 1395 1206 1451 venies
1238 1396 1310 1451 ad
1343 1411 1455 1460 me,
1479 1399 1536 1449 et
1561 1393 1876 1449 retribuam
1902 1392 2004 1446 tibi

362 1483 688 1541 mercedem
721 1488 904 1540 tuam.
929 1485 1036 1551 Qui
1071 1489 1202 1556 post
1229 1501 1413 1540 annos
1445 1489 1668 1557 septem
1701 1483 1828 1556 ipso
1850 1487 2010 1537 nata-

362 1571 488 1629 litio
520 1571 918 1647 apostolorum
943 1573 1035 1629 die
1055 1589 1193 1629 cum
1227 1573 1547 1630 missarum
1571 1572 1857 1629 solemnia
1888 1587 2012 1644 per-

360 1662 597 1737 egisset,
629 1668 684 1720 et
719 1662 998 1736 mysteria
1018 1679 1193 1719 sacra:
1215 1662 1648 1719 communionis
1670 1661 2008 1734 accepisset,

363 1766 395 1806 e
425 1767 664 1826 corpore
693 1751 888 1808 exivit.

365 1879 498 1935 CAP.
540 1877 728 1934 XLIX.
751 1909 818 1920 —
852 1877 1126 1946 Quantum
1161 1892 1336 1934 sacra:
1377 1877 1666 1934 oblationis
1713 1875 2011 1933 immolatis
2048 1871 2098 1938 Β

755 1957 1094 2007 mortuorum
1121 1949 1410 2022 spiritibus
1435 1950 1630 2022 prosit.

445 2037 517 2109 (8)
535 2037 648 2094 Sed
674 2037 772 2108 qui
804 2035 1021 2092 mirum
1053 2037 1100 2094 si
1132 2037 1376 2092 humani
1421 2035 1651 2110 generis
1679 2052 1878 2092 verum
1905 2033 2014 2088 hoc

372 2130 431 2182 et
461 2124 758 2198 singulare
779 2124 1116 2197 praesidium
1141 2125 1199 2180 in
1225 2139 1462 2198 corpore
1486 2123 1861 2180 manentibus
1882 2122 2018 2178 fide.-

374 2214 531 2271 libus
573 2217 631 2269 et
673 2213 790 2270 Deo
818 2213 1013 2270 charis
1059 2215 1132 2272 ad
1178 2217 1522 2286 praesentem
1573 2217 1630 2268 et
1677 2217 2016 2287 perpetuam

377 2302 700 2378 opitulatur
718 2301 991 2370 salutem,
1013 2302 1248 2375 quando
1269 2301 1414 2358 illud
1439 2301 1546 2374 ipsi
1571 2302 1746 2357 etiam
1769 2305 2022 2358 mortuo-

379 2407 509 2448 rum
541 2391 785 2466 spiritus
815 2409 850 2448 a
875 2391 1204 2448 viventibus
1234 2396 1462 2465 petunt,
1483 2395 1541 2446 et
1569 2391 1738 2464 signa
1761 2391 2023 2446 iudicant

381 2481 598 2555 quibus
630 2497 732 2554 per
759 2481 867 2536 hoc
900 2479 1150 2536 absoluti
1199 2497 1328 2536 esse
1376 2477 1722 2536 videantur?
1751 2481 2024 2536 Testatur

381 2570 674 2643 siquidem
695 2586 846 2642 saepe
868 2569 1060 2626 dictus
1080 2569 1492 2625 sanctissimus
1515 2585 1667 2642 papa
1685 2568 2018 2642 Gregorius,

381 2675 486 2716 suo
516 2666 774 2732 tempore
815 2657 996 2714 fuisse
1027 2657 1342 2731 quemdam
1381 2662 1594 2714 sancta:
1635 2657 2022 2715 conversatio-

381 2747 471 2805 nis
529 2748 912 2816 sacerdotem,
961 2747 1056 2803 cui
1124 2748 1484 2803 consuetudo
1543 2748 1728 2803 fuerat
1781 2747 1838 2801 in
1899 2746 2024 2802 loco

383 2837 439 2893 in
497 2854 614 2910 quo
684 2853 847 2910 aquae
907 2834 1108 2892 calida:
1177 2852 1421 2910 vapores
1493 2835 1708 2891 nimios
1779 2835 2022 2904 faciunt,

379 2926 606 3000 quoties
665 2925 982 2982 necessitas
1031 2923 1385 2998 postulabat,
1437 2924 1666 2980 lavandi
1717 2942 1892 2982 causa
1931 2940 2024 2980 ve-

378 3015 524 3088 nire,
557 3019 666 3071 etc.

434 3143 568 3198 CAP.
604 3139 666 3196 L.
689 3171 757 3181 —-
783 3141 857 3214 De
882 3138 1116 3214 quodam
1141 3138 1404 3214 monacho
1433 3141 1530 3210 qui
1553 3154 1652 3214 per
1677 3139 1974 3195 salutarem

799 3210 1030 3268 hostium
1055 3210 1390 3284 supplicium
1417 3212 1604 3266 evasit.

453 3299 567 3360 Sed
597 3301 735 3374 quia
765 3301 837 3356 ad
867 3298 1400 3356 commendandam
1427 3298 1702 3354 virtutem
1735 3298 2023 3354 Dominici

385 3390 644 3466 corporis
667 3390 739 3446 de
767 3389 829 3445 Β.
849 3388 1112 3462 Gregorii
1144 3387 1375 3460 dialogo
1397 3386 1595 3460 aliqua
1617 3389 1743 3459 jam
1770 3387 2028 3461 capitula

382 3481 519 3539 huic
547 3478 749 3538 libello
795 3477 1104 3536 inserenda
1153 3476 1508 3550 putavimus,
1540 3493 1655 3532 non
1687 3477 1792 3533 abs
1823 3492 1884 3533 re
1913 3481 2024 3545 est,

384 3571 434 3629 si
484 3585 690 3644 pauca,
721 3585 849 3641 quae
897 3571 1140 3634 restant,
1171 3565 1482 3640 praeteritis
1533 3566 1708 3621 ﬁdem
1759 3554 2031 3622 facientia

385 3663 822 3718 connectamus.
853 3656 1199 3713 Corroborat
1253 3655 1415 3711 enim
1463 3654 1716 3712 maxime
1766 3655 2030 3712 ﬁdelium

386 3765 552 3824 spem
575 3749 646 3806 de
665 3747 848 3806 divini
871 3762 1105 3820 semper
1115 3744 1329 3818 judicii
1356 3749 1516 3801 metu
1540 3743 1853 3802 sollicitam
1876 3743 2031 3817 quod

385 3839 663 3914 praefatus
718 3837 1099 3895 beatissimus
1163 3852 1316 3909 papa
1378 3834 1694 3908 Gregorius
1759 3851 1820 3890 se
1889 3851 2032 3907 prae-

383 3934 552 3991 sente
597 3929 810 3987 asserit
855 3927 915 3982 in
964 3943 1071 3984 suo
1121 3924 1475 3983 monasterio
1523 3923 1862 3997 contigisse.
1897 3924 2033 3990 Qui-

387 4020 525 4079 dam
555 4033 809 4090 namque
849 4015 1193 4085 monachus,
1225 4015 1431 4073 Justus
1476 4013 1731 4082 nomine,
1768 4017 1888 4069 arte
1920 4027 2034 4067 me-

390 4108 578 4176 dicus,
609 4110 721 4164 etc.

425 4232 562 4289 CAP.
598 4229 689 4287 LI.
713 4260 780 4271 ——
804 4229 880 4286 De
907 4226 1140 4300 quodam
1171 4227 1325 4310 cujus
1353 4227 1574 4282 vincula
1605 4227 1664 4282 in
1694 4228 2003 4350 captivitate

603 4301 782 4350 οδω,
810 4306 1022 4350 uer-acto
1051 4299 1322 4350 sacriﬁcio
1349 4298 1696 4350 solvebantur
1725 4309 1738 4350 I
1785 4299 1822 4350 l.

603 4301 782 4362 oblato
807 4298 1022 4374 peracto
1051 4299 1322 4370 sacriﬁcio
1349 4298 1696 4355 solvebantur
1725 4298 1822 4370 (9).

461 4393 589 4451 Non
619 4390 790 4464 longe
818 4407 854 4446 a
881 4387 1101 4446 nostris
1149 4386 1334 4442 fertur
1379 4385 1743 4460 temporibus
1793 4386 2034 4454 factum,

389 4479 548 4559 quod
574 4480 819 4555 quidam
839 4478 913 4537 ab
934 4476 1207 4536 hostibus
1225 4479 1433 4549 captus
1465 4474 1636 4550 longe
1659 4475 2040 4534 transductus

391 4577 504 4644 est,
531 4576 644 4631 etc.

387 4690 522 4748 CAP.
558 4683 677 4746 LII.
716 4715 773 4725 --—
798 4685 872 4743 De
893 4681 1126 4757 quodam
1171 4689 1341 4739 nauta
1370 4683 1467 4756 qui
1500 4689 1623 4754 post
1659 4681 1818 4757 longa
1863 4681 2037 4736 maris

458 4759 785 4818 discrimina
836 4756 1112 4813 Dominici
1165 4757 1364 4810 virtute
1423 4756 1753 4810 sacramenti
1807 4759 2034 4810 mortem

454 4833 645 4892 evasit.

455 4920 572 4997 (10)
609 4916 836 4992 Agatho
890 4916 1133 4985 etenim,
1193 4914 1644 4972 Panormitanus
1700 4912 2031 4986 episcopus,

384 5011 540 5072 sicut
580 5006 782 5066 ﬁdeles
832 5006 977 5064 mihi
1026 5004 1398 5079 religiosique
1445 5003 1548 5059 viri
1609 5001 1780 5058 multi
1837 5001 2034 5059 testati

386 5105 547 5170 sunt,
579 5105 689 5158 etc.

458 5191 586 5249 Haec
615 5186 865 5260 exempli
897 5187 1087 5260 gratia
1117 5185 1272 5242 dicta
1301 5179 1457 5251 sunt,
1486 5188 1551 5240 ut
1579 5182 1773 5239 cuncti
1807 5179 2030 5253 liquido

384 5283 762 5358 cognoscant,
785 5275 928 5351 quia
963 5275 1012 5332 si
1055 5273 1399 5332 insolubiles
1429 5273 1612 5346 culpae
1645 5289 1759 5328 non
1793 5270 2028 5337 fuerint,

385 5371 460 5430 ad
488 5368 918 5430 absolutionem
965 5363 1242 5438 prodesse
1286 5364 1464 5422 etiam
1517 5362 1765 5420 mortuis
1794 5359 2032 5416 victima

383 5475 560 5518 sacra:
591 5454 911 5516 oblationis
942 5452 1148 5528 possit.

453 5583 530 5660 (8)
554 5583 702 5641 Vide
732 5583 793 5641 S.
826 5581 997 5656 Greg.
1030 5576 1258 5652 Dialog.
1292 5576 1393 5634 lib.
1427 5595 1480 5633 ιν
1513 5578 1574 5632 in
1607 5577 1706 5632 lin.

453 5675 529 5750 (9)
553 5671 698 5733 Vide
728 5671 790 5734 Β.
821 5668 1167 5746 Gregorium
1199 5667 1299 5729 ubi
1330 5683 1530 5742 supra.

2712 573 2938 628 mortuis
2970 573 3157 644 prosit.

2183 663 2290 716 Sed
2322 661 2625 717 sciendum
2648 661 2896 731 estquia
2927 659 3044 715 illis
3074 660 3313 715 victima
3344 657 3593 713 mortuis
3626 673 3758 729 pro-

2111 751 2260 814 dest,
2293 751 2390 822 qui
2417 750 2510 804 liic
2532 750 2913 804 obtinuerunt
2933 749 3194 816 vivendo,
3222 753 3282 803 ut
3306 765 3404 802 eos
3427 748 3600 800 etiam
3629 751 3764 817 post

2112 846 2357 893 mortem
2393 839 2542 892 bona
2575 839 2870 909 adjuvent,
2904 855 3030 909 quin
3063 837 3157 890 hic
3203 854 3306 908 pro
3347 836 3492 908 ipsis
3523 837 3595 890 ab
3627 834 3762 889 aliis

2112 930 2280 982 ﬁunt.
2309 929 2463 982 Inter
2491 927 2610 982 hinc
2644 933 2839 981 autem
2871 926 3238 997 pensandum
3261 931 3368 992 est,
3395 926 3546 996 quod
3581 925 3766 979 tutior

2110 1017 2203 1073 via
2233 1017 2328 1082 sit,
2360 1021 2422 1071 ut
2455 1017 2696 1082 bonum,
2719 1015 2874 1087 quod
2897 1015 3148 1087 quisque
3168 1019 3298 1086 post
3321 1019 3567 1068 mortem
3589 1029 3764 1068 suam

2113 1110 2307 1178 Sperat
2337 1106 2429 1177 agi
2463 1123 2566 1176 per
2595 1105 2760 1169 alios,
2785 1109 2920 1176 agat
2969 1105 3112 1176 ipse,
3160 1105 3298 1157 dum
3347 1103 3507 1170 vivit,
3543 1121 3646 1176 per
3677 1119 3763 1158 se.

2115 1195 2350 1250 Beatius
2371 1193 2582 1266 quippe
2603 1198 2692 1249 est
2718 1193 2967 1247 liberum
3001 1193 3154 1248 exire
3177 1209 3352 1264 quam
3382 1197 3512 1264 post
3531 1191 3770 1246 vincula

2117 1283 2440 1338 libertatem
2465 1299 2738 1354 quaerere.
2765 1282 3055 1337 Debemus
3085 1281 3280 1353 itaque
3311 1298 3567 1352 prmsens
3589 1297 3770 1334 siccu-

2117 1371 2264 1437 lum,
2295 1371 2381 1425 vel
2443 1371 2580 1442 quia
2629 1373 2756 1443 jam
2815 1371 3214 1442 conspicimus
3270 1370 3602 1437 deﬂuxisse,
3645 1374 3770 1426 tota

2119 1464 2314 1516 mente
2337 1465 2736 1526 contemnere;
2765 1459 3104 1530 quotidiana
3127 1459 3241 1514 Deo
3265 1457 3656 1531 lacrymarum
3680 1475 3773 1515 sa-

2117 1549 2735 1621 criﬁcia,quotidianas
2757 1547 2948 1603 carnis
2979 1549 3106 1618 ejus
3132 1553 3188 1603 et
3209 1548 3517 1620 sanguinis
3539 1547 3772 1604 hostias

2121 1637 2444 1693 immolare.
2498 1641 2628 1692 Haec
2681 1654 2934 1709 namque
2987 1636 3363 1709 singulariter
3406 1637 3642 1693 victima
3691 1638 3772 1693 ab

2121 1731 2335 1784 aeterno
2367 1727 2605 1783 interitu
2635 1726 2862 1782 animas
2885 1725 3218 1798 solvit,qua3
3240 1725 3400 1782 illam
3428 1727 3597 1782 nobis
3620 1744 3778 1784 mor-

2121 1822 2242 1872 tem
2299 1815 2593 1888 Unigeniti
2653 1832 2756 1887 per
2805 1815 3149 1888 mysterium
3197 1821 3445 1890 reparat.
3478 1817 3585 1882 Qui
3635 1816 3780 1874 licet.

2123 1921 2349 1976 surgens
2377 1921 2408 1960 a
2427 1907 2660 1960 mortuis
2679 1906 2802 1974 jam
2832 1921 2942 1960 non
2969 1908 3224 1972 moritur,
3255 1913 3307 1962 et
3332 1923 3478 1962 mors
3523 1909 3576 1962 ei
3618 1907 3776 1964 ultra

2121 2010 2232 2050 non
2271 1993 2665 2058 dominabitur,
2700 1993 2759 2048 in
2812 2010 2872 2047 se
2932 1994 3058 2064 ipso
3119 1995 3546 2062 immortaliter,
3595 2001 3777 2068 atque

2125 2081 2645 2155 incorruptibiliter
2691 2083 2887 2138 vivens
2919 2099 3020 2153 pro
3073 2083 3240 2137 nobis
3293 2083 3504 2140 iterum
3554 2085 3612 2140 in
3661 2084 3777 2139 hoc

2127 2173 2401 2244 mysterio
2432 2188 2609 2227 sacrae
2639 2170 2954 2227 oblationis
2992 2171 3350 2227 immolatur.
3385 2174 3524 2243 Ejus
3555 2175 3778 2247 quippe

2126 2261 2206 2317 ibi
2231 2277 2443 2333 corpus
2463 2260 2738 2330 sumitur,
2758 2259 2887 2330 ejus
2909 2275 3042 2315 caro
3069 2260 3126 2315 in
3151 2259 3350 2334 p0puli
3375 2261 3624 2318 salutem
3647 2281 3781 2337 par-

2128 2351 2292 2418 titur,
2317 2351 2446 2421 ejus
2475 2348 2717 2422 sanguis
2744 2363 2858 2404 non
2881 2349 3007 2420 jam
3032 2349 3089 2404 in
3115 2349 3387 2405 manibus
3421 2350 3776 2420 infidelium,

2132 2440 2232 2495 sed
2266 2439 2324 2494 in
2357 2455 2458 2494 ora
2489 2437 2751 2494 fidelium
2793 2436 3082 2492 funditur.
3118 2438 3261 2494 llinc
3292 2455 3426 2512 ergo
3458 2456 3782 2512 pensemus

2131 2528 2304 2602 quale
2335 2528 2412 2583 sit
2444 2545 2548 2600 pro
2580 2527 2750 2583 nobis
2773 2526 2878 2582 hoc
2910 2525 3286 2596 sacrificium,
3317 2544 3433 2599 quo
3462 2545 3566 2600 pro
3605 2531 3780 2586 abso-

2133 2618 2352 2674 lutione
2370 2621 2569 2672 nostra
2589 2615 2922 2688 passionem
2943 2615 3226 2688 unigeniti
3253 2617 3378 2671 Filii
3398 2635 3630 2692 semper
3653 2619 3787 2675 imi-

2132 2706 2496 2772 tamur.Quis
2517 2704 2672 2760 enim
2698 2703 2959 2759 fidelium
2992 2703 3204 2760 habere
3227 2705 3472 2762 dubium
3503 2709 3690 2779 possit
3719 2710 3783 2765 in

2135 2798 2262 2869 ipsa
2298 2791 2719 2866 immolationis
2747 2792 2889 2848 hora
2918 2793 2990 2848 ad
3031 2794 3351 2850 sacerdotis
3373 2812 3570 2852 vocem
3603 2798 3784 2854 coelos

2134 2883 2386 2958 aperiri?
2408 2885 2465 2940 in
2489 2881 2587 2938 illo
2601 2882 2632 2939 .l
2639 2899 2742 2938 esu
2761 2881 2974 2938 Christi
3001 2882 3274 2938 mzsterio
3289 2883 3564 2957 angeloru
3575 2903 3631 2941 m
3650 2886 3786 2942 cho—
3809 2952 3815 2958 ,

2136 2993 2232 3033 ros
2253 2973 2496 3032 adesse?
2517 2972 2769 3028 summis
2791 2971 2910 3028 ima
2930 2971 3180 3028 sociari?
3200 2977 3413 3030 terram
3436 2975 3785 3032 coelessibus

2127 3063 2342 3138 jungi?
2367 3079 2550 3118 unum
2573 3061 2810 3134 quidem
2834 3076 2901 3115 ex
2920 3060 3254 3117 visibilibus
3274 3065 3446 3135 atque
3478 3047 3762 3121 invisibili

2135 3157 2246 3213 bus
2275 3152 2440 3210 fieri?
2488 3151 2600 3208 Sed
2640 3166 2878 3206 necesse
2922 3153 3011 3204 est
3058 3155 3140 3218 ut,
3175 3168 3308 3207 cum
3353 3151 3473 3207 haec
3522 3154 3782 3227 agimus,

1954 3298 1965 3309 ,
2011 3299 2021 3310 ,
2055 3242 2098 3309 C
2129 3243 2522 3314 nosmetipsos
2554 3240 2668 3294 Deo
2713 3239 2771 3294 in
2823 3239 3016 3294 cordis
3047 3240 3397 3298 contritione
3429 3248 3780 3310 mactemus,

2135 3334 2293 3408 quia,
2313 3331 2410 3404 qui
2436 3327 2726 3403 passionis
2749 3327 3061 3384 Dominicae
3089 3330 3362 3401 mysteria
3389 3330 3780 3403 celebramus,

2137 3424 2419 3480 debemus
2440 3418 2654 3474 imitari
2687 3417 2841 3490 quod
2875 3418 3126 3491 agimus.
3151 3418 3316 3474 Tunc
3344 3435 3482 3494 ergo
3511 3438 3644 3477 vera
3675 3440 3783 3497 pro

2139 3512 2308 3568 nobis
2337 3511 2452 3566 Deo
2483 3507 2676 3564 hostia
2701 3507 2830 3574 erit,
2856 3523 2990 3562 cum
3018 3524 3124 3564 nos
3153 3507 3313 3580 ipsos
3343 3508 3596 3566 hostiam
3631 3512 3782 3568 fece-

2141 3603 2234 3658 rit.
2255 3601 2367 3658 Sed
2389 3598 2751 3655 studendum
2776 3597 2945 3652 nobis
2966 3602 3075 3666 est,
3097 3603 3159 3652 ut
3198 3597 3374 3653 etiam
3416 3604 3548 3671 post
3577 3601 3792 3658 oratio-

2141 3691 2234 3750 nis
2264 3694 2545 3761 tempora,
2572 3687 2630 3740 in
2661 3690 2946 3758 quantum
2979 3685 3094 3742 Deo
3134 3684 3417 3758 largiente
3448 3706 3790 3761 possumus,

2142 3783 2203 3838 in
2235 3781 2362 3854 ipso
2393 3777 2657 3834 animum
2697 3791 2805 3830 suo
2852 3775 3106 3846 pondere
3135 3780 3194 3830 et
3237 3776 3434 3848 vigore
3467 3795 3792 3851 servemus,

2145 3889 2215 3926 ne
2246 3871 2378 3942 post
2407 3865 2680 3940 cogitatio
2704 3864 2856 3919 ﬂuxa
2877 3863 3174 3932 dissolvat,
3211 3881 3282 3920 ne
3311 3882 3461 3922 vana
3491 3869 3668 3924 menti
3703 3868 3797 3926 lie-

2144 3960 2276 4017 titia
2305 3959 2583 4028 subrepat
2612 3957 2670 4010 et
2700 3953 2930 4009 lucrum
2965 3955 3437 4026 compunctionis
3460 3957 3659 4013 anima
3691 3974 3799 4031 per

2145 4047 2432 4106 incuriam
2466 4045 2630 4101 ﬂuxis
2649 4041 3024 4116 cogitationis
3051 4042 3274 4116 perdat.
3298 4043 3450 4100 Dum
3471 4049 3670 4119 autem
3691 4061 3802 4119 per

2147 4135 2358 4195 indulti
2381 4133 2662 4207 temporis
2693 4115 2947 4206 spatium
2975 4115 3290 4198 licet,dum
3313 4132 3498 4204 judex
3519 4115 3794 4203 su‘stiriot,

2148 4228 2290 4284 dum
2311 4223 2747 4282 conversionem
2771 4225 3030 4276 nostram
3055 4220 3230 4293 is,qui
3253 4219 3456 4293 culpas
3476 4223 3795 4291 examinat,

2148 4318 2460 4388 exspectat,
2493 4310 2816 4368 conﬂemus
2847 4309 2906 4364 in
2939 4307 3214 4381 lacrymis
3247 4308 3524 4366 duritiam
3554 4312 3795 4381 mentis,

2150 4407 2470 4461 formemus
2503 4401 2562 4456 in
2613 4397 2893 4472 proximis
2919 4397 3170 4471 gratiam
3221 4397 3622 4470 benignitatis,
3646 4405 3707 4456 et
3733 4401 3797 4456 ll-

2149 4495 2352 4552 denter
2380 4491 2532 4557 dico,
2565 4487 2703 4562 quia
2731 4485 2974 4544 salutari
3007 4486 3199 4542 hostia
3235 4491 3369 4560 post
3398 4492 3644 4544 mortem
3677 4505 3795 4546 non

2069 4616 2119 4684 Β
2151 4581 2566 4656 indigebimus,
2592 4579 2640 4635 si
2664 4581 2796 4635 ante
2820 4581 3068 4633 mortem
3110 4575 3225 4633 Deo
3256 4575 3449 4634 hostia
3479 4577 3591 4650 ipsi
3623 4577 3801 4635 fueri-

2148 4690 2303 4732 mus.
2327 4735 2339 4750 I

2144 4775 2278 4831 CAP.
2303 4769 2444 4828 LIV.
2467 4799 2536 4810 —
2558 4767 2675 4838 Qua
2699 4764 3020 4838 disciplina,
3065 4781 3174 4838 qua
3219 4763 3480 4822 modestia
3526 4764 3798 4822 orandum

2215 4846 2308 4913 sit,
2339 4858 2462 4898 cum
2491 4836 2735 4896 sacerdos
2782 4836 3159 4913 sacrificat,‘_ct
3199 4839 3573 4913 unusquisque
3605 4839 3664 4893 in.
3693 4853 3800 4893 suo

2215 4909 2406 4973 ordino
2433 4913 2624 4968 horam
2647 4924 2814 4966 sacra:
2840 4909 3242 4965 communionis
3269 4909 3558 4982 exspectat.

2217 4997 2532 5068 Postquam
2547 4991 2607 5048 in
2621 4989 3024 5063 superioribus
3039 4988 3107 5046 dc
3123 4993 3487 5046 sacramento
3501 4985 3796 5046 Dominici

2145 5084 2404 5158 corporis
2421 5087 2480 5139 et
2493 5079 2798 5154 sanguinis
2817 5077 3021 5152 pluraj
3030 5094 3122 5135 am
3143 5078 3198 5133 di
3207 5077 3798 5148 ximu§,consequens

2143 5179 2251 5242 est,
2276 5177 2340 5230 ut
2363 5189 2478 5245 qua
2509 5169 2846 5236 reverentia,
2872 5183 3058 5241 quove
3091 5182 3270 5233 more,
3296 5170 3582 5238 quantave
3615 5165 3798 5222 disci-

2142 5263 2322 5336 plina,
2347 5277 2482 5317 cum
2516 5258 2788 5315 sacerdos
2825 5272 3053 5314 sacram
3103 5254 3368 5312 immolat
3399 5255 3679 5321 hostiam,
3714 5254 3800 5309 di-

2139 5351 2294 5408 vinis
2315 5365 2420 5405 nos
2440 5350 2703 5422 oporteat
2722 5346 3004 5403 interesse
3028 5344 3344 5418 mysteriis,
3369 5349 3427 5400 et
3459 5343 3795 5418 percipien-

2143 5442 2226 5497 da:
2251 5440 2630 5498 sacrosanctae
2662 5435 3028 5492 eucharistia:
3058 5433 3263 5491 horam
3296 5432 3609 5500 sustinere,
3636 5431 3796 5489 sicut

2212 5568 2326 5641 (ιο)
2355 5563 2500 5623 Vide
2532 5563 2676 5620 ibid.
