4076 6174
268 338 368 400 ΔΟΙ

1083 327 1316 393 LIBER
1356 326 1458 387 DE
1502 324 1862 386 CORPORE
1906 322 2007 385 ET
2051 323 2449 391 SANGUINE
2490 325 2820 391 CHRISTI.

3530 332 3648 397 402

267 447 423 505 nobis
475 438 654 499 nostri
714 438 1002 497 tradidere
1050 437 1323 508 majores,
1354 438 1410 491 et
1440 451 1473 491 a
1503 429 1891 489 sanctissimis
1919 432 1977 500 Α
2004 434 2063 489 et
2091 431 2220 506 ipsa
2246 432 2499 491 ecclesias
2532 433 2729 503 facies,
2761 439 2820 492 et
2858 433 2984 509 ipsa
3011 452 3151 495 vasa
3189 436 3409 509 altaris,
3443 440 3543 497 sed
3592 443 3653 497 et

267 533 479 594 Domini
498 530 918 596 sacerdotibus,
935 527 1290 600 Cyprianum
1313 525 1441 581 dico
1464 526 1636 596 atque
1656 520 1895 577 Ambro-

265 607 427 691 sium,
460 623 643 677 edocti
676 616 1017 690 sumus,qui
1050 616 1108 671 in
1140 614 1263 670 suis
1293 614 1400 670 hoc
1434 613 1717 685 scriptum
1768 608 1895 665 reli-

264 732 425 790 quere
456 709 638 778 libris,
675 708 732 764 iu
765 708 877 762 line
910 706 1091 778 hujus
1131 702 1312 760 libelli
1351 704 1421 757 dc
1475 700 1674 756 multis
1708 716 1894 772 pauca

263 820 555 881 ponamus.
571 803 827 867 Quorum
852 814 1005 852 unus
1023 794 1347 867 Cyprianus
1369 791 1623 849 scilicet:
1650 790 1891 857 Quando

262 880 549 967 iuquit,iu
610 904 795 945 unum
852 902 986 941 cum
1044 883 1321 940 fratribus
1382 880 1782 946 convenimus,
1837 883 1893 934 et

260 981 529 1043 sacrificia
558 978 755 1033 divina
784 991 917 1030 cum
940 973 1041 1029 Dei
1074 972 1368 1029 sacerdote
1398 970 1890 1035 celebramus,ve-

262 1070 533 1130 recundiaz
566 1072 620 1122 et
643 1064 963 1138 disciplina}
988 1078 1272 1118 memores
1292 1076 1420 1116 esse
1439 1058 1752 1125 debemus;
1776 1075 1890 1113 non

260 1160 463 1236 passim
496 1156 771 1214 ventilare
803 1170 1002 1227 preces
1034 1154 1262 1208 nostras
1295 1148 1606 1205 inconditis
1629 1146 1887 1214 vocibus,

258 1235 353 1308 nec
399 1248 734 1322 petitionem
778 1241 1305 1300 commendandam
1352 1238 1610 1294 modeste
1646 1235 1891 1292 Domino

259 1340 612 1399 tumultuosa
633 1332 979 1407 loquacitate
992 1328 1383 1403 jactare,quia
1402 1328 1555 1384 Deus
1576 1344 1691 1383 non
1712 1325 1888 1394 vocis,

257 1432 347 1489 sed
377 1428 568 1485 cordis
597 1424 830 1481 auditor
858 1426 965 1479 est.
998 1422 1109 1477 Nec
1140 1419 1547 1476 admonendus
1574 1422 1662 1473 est
1684 1414 1894 1472 clamo-

258 1522 425 1587 ribus,
459 1517 561 1591 qui
592 1513 973 1589 cogitationes
1001 1510 1175 1566 videt.
1211 1508 1298 1565 Sit
1344 1511 1538 1564 autem
1587 1505 1892 1561 orantibus

257 1626 453 1677 sermo,
487 1610 548 1664 et
578 1602 831 1679 precatio
875 1617 1009 1657 cum
1056 1596 1387 1670 disciplina,
1421 1597 1673 1669 quietem
1716 1596 1893 1651 conti-

257 1716 386 1758 nens
417 1702 472 1754 et
503 1695 809 1769 pudorem.
827 1688 1162 1761 Cogitemus
1186 1704 1290 1742 nos
1322 1684 1431 1741 sub
1454 1686 1768 1756 conspectu
1791 1682 1891 1738 Dei

257 1794 415 1853 stare.
450 1783 806 1841 Placendum
838 1783 927 1837 est
956 1777 1170 1833 divinis
1200 1774 1386 1832 oculis
1417 1778 1472 1829 et
1524 1773 1726 1828 habitu
1766 1789 1892 1827 cor—

257 1877 401 1952 poris
422 1880 479 1931 et
500 1873 681 1930 modo
702 1870 879 1927 vocis.
896 1868 1042 1925 Nam
1069 1871 1135 1921 ut
1159 1864 1522 1938 impudentis
1541 1868 1631 1918 est
1650 1860 1888 1917 clamori

256 1950 355 2025 bus
375 1969 652 2037 strepere,
674 1962 755 2017 ita
776 1958 965 2031 magis
980 1955 1250 2029 congruit
1266 1953 1588 2009 verecundo
1612 1950 1893 2006 modestis

256 2055 515 2131 precibus
546 2068 729 2118 orare,
764 2054 874 2105 etc.
912 2047 1133 2119 Reliqua
1168 2043 1285 2100 ride
1309 2061 1396 2116 ap.
1430 2043 1480 2098 S.
1512 2044 1672 2114 Cypr.
1708 2040 1802 2096 lib.
1830 2040 1893 2096 de

257 2147 388 2202 Orat.
419 2144 617 2201 00min
626 2144 728 2198 ica.

257 2237 374 2297 CAP.
409 2234 525 2291 εν.
560 2263 630 2274 -κ
665 2229 802 2300 Quid
832 2229 1124 2300 cavendum
1162 2229 1215 2280 in
1262 2225 1503 2282 oratione
1548 2225 1639 2287 sit,
1670 2230 1720 2278 et
1769 2237 1897 2295 qua-

745 2303 887 2357 liter.
905 2298 1167 2373 faciemlw
1192 2313 1393 2370 preces.

318 2392 703 2452 Bcatissimus
725 2406 954 2464 quoque
976 2383 1892 2461 prcesulAmbrosius,prctiosum

257 2485 418 2542 divini
439 2481 659 2555 eloquii
681 2477 1185 2553 organumJocum
1208 2475 1375 2530 illum
1398 2473 1581 2529 sancti
1601 2472 1895 2546 Evangelii

257 2591 560 2647 exponens,
578 2588 692 2644 quo
716 2567 1000 2626 Dominus
1026 2567 1081 2621 in
1107 2562 1376 2621 cubiculo
1393 2564 1679 2618 orandum
1706 2561 1897 2633 prmci-

258 2666 351 2738 pit,
383 2679 566 2736 quam
601 2663 788 2724 caute,
823 2672 1006 2729 quave
1039 2653 1348 2726 disciplina
1382 2653 1499 2706 sint
1532 2650 1899 2723 imploranda

260 2752 517 2827 prmsidia
550 2749 694 2805 satis
740 2745 1065 2802 luculenter
1112 2743 1327 2798 indicat
1365 2759 1376 2797 :
1412 2740 1780 2806 Cubiculum,
1817 2738 1899 2793 in-

261 2842 582 2917 quit,tuum
608 2836 819 2893 mentis
842 2851 1141 2901 arcanum,
1158 2832 1457 2904 animique
1480 2834 1765 2885 secretum
1788 2831 1894 2882 est.

262 2932 317 2987 ln
346 2932 450 2987 hoc
478 2925 823 2985 cubiculum
857 2922 1216 2988 tuumintra,
1234 2920 1343 2975 hoc
1375 2923 1463 2975 est
1501 2920 1653 2974 intra
1688 2917 1747 2972 in
1781 2917 1901 2973 alta

260 3018 585 3094 praecordia,
618 3019 727 3072 etc.
756 3014 982 3085 Reliqua
1010 3010 1130 3067 vide
1160 3027 1248 3082 ap.
1281 3008 1337 3063 S.
1359 3007 1563 3076 Ambr.,
1586 3008 1622 3061 ι.
1649 3007 1675 3061 Ι
1689 3006 1754 3062 de
1775 3005 1901 3061 Abel

257 3118 301 3165 et
328 3111 481 3175 Cain,
517 3123 639 3177 cap.
670 3104 726 3158 9.

347 3199 467 3254 Car.
505 3194 649 3252 LVI.
684 3225 752 3233 —
785 3192 1091 3315 Cypriabtus
1118 3187 1188 3244 ad
1206 3190 1414 3244 clerum
1444 3186 1507 3241 de
1535 3184 1803 3258 precando

1024 3278 1167 3315 eum.

1024 3278 1167 3317 cum.

323 3360 429 3426 (11)
460 3354 789 3430 Cyprianus
822 3350 1175 3423 presbyteris
1208 3355 1264 3404 et
1313 3348 1657 3403 diaconibus
1709 3346 1897 3400 fratri-

262 3449 358 3503 bus
388 3446 665 3501 salutem.
699 3443 1045 3511 Quanquam
1078 3438 1281 3507 sciam,
1314 3438 1521 3493 fratres
1543 3434 1897 3501 charissimi,

263 3554 352 3609 pro
379 3551 599 3600 amore,
635 3547 808 3604 quem
834 3528 1050 3602 singuli
1085 3528 1365 3584 debemus
1396 3527 1510 3582 Deo
1542 3529 1649 3581 etc.

262 3626 381 3680 CAP.
419 3622 589 3680 LVII.
624 3651 692 3660 —-
723 3618 883 3692 Quod
909 3618 1182 3692 etiamin
1226 3616 1489 3692 exteriori
1533 3616 1682 3692 cultu
1720 3627 1899 3667 sacro-

470 3686 1028 3751 sanctum‘Dominici
1050 3689 1225 3744 altare
1250 3686 1559 3742 ornandum
1588 3688 1677 3739 sit.

326 3783 667 3858 Mysterium
685 3777 885 3835 altaris
910 3776 971 3831 in
992 3774 1326 3849 primordiis
1347 3773 1613 3830 Ecclesiae
1646 3789 1758 3827 nou
1784 3776 1903 3825 tam

260 3875 608 3945 frequenter,
639 3867 724 3924 uti
755 3884 910 3923 nunc
940 3866 1287 3929 celebratur,
1318 3869 1514 3920 tamen
1564 3866 1783 3935 quanto
1815 3878 1903 3915 ra-

266 3960 395 4029 rius,
423 3952 593 4015 tanto
625 3955 956 4028 religiosius
998 3954 1297 4025 agebatur.
1332 3954 1618 4024 Tempore
1651 3966 1906 4021 namque

267 4051 514 4122 priorum
546 4047 783 4102 Patrum
802 4043 920 4098 illis
939 4043 1375 4115 injungebatur,
1393 4046 1458 4097 ut
1477 4039 1707 4097 Eusebii
1734 4041 1909 4095 refert

269 4137 533 4204 Historia,
568 4132 933 4190 sacrificandi
968 4131 1250 4191 officium.
1272 4130 1373 4202 qui
1406 4129 1656 4185 naturali
1689 4127 1911 4199 simpli-

269 4227 428 4283 citate
459 4223 788 4297 fulgebant,
797 4221 966 4290 juxta
995 4219 1140 4274 illud
1165 4236 1177 4273 :
1202 4220 1346 4274 Cum
1387 4217 1757 4291 simplicibus
1788 4232 1908 4271 ser-

273 4313 576 4371 mocinatio
604 4311 750 4382 ejus.
772 4309 855 4363 Ad
878 4308 1033 4380 quod
1067 4307 1410 4379 mysterium
1431 4307 1529 4379 qui
1562 4305 1913 4378 participare

2004 521 2366 592 linteamina,
2411 541 2511 580 seu
2571 524 2841 596 quaelibet
2895 531 3121 595 czetera,
3164 545 3292 600 qua:
3350 530 3421 585 ad
3473 546 3649 587 usum

2002 611 2319 667 Dominica:
2359 613 2657 668 servitutis
2697 613 3011 684 pertinent,
3046 616 3353 696 manifeste
3388 616 3655 673 demons-

2002 703 2179 757 trant.
2216 701 2338 756 Non
2374 718 2609 757 necesse
2639 706 2725 757 est
2749 702 2981 775 singula
3011 703 3354 776 singillatim
3388 707 3651 778 prodere.

2002 789 2158 846 Satis
2192 794 2349 861 patet
2380 807 2505 863 qua:
2537 790 2860 846 studiosius
2893 793 3225 849 sacerdotes
3268 793 3488 862 colunt,
3522 813 3650 869 quae

2002 893 2111 932 sua
2140 882 2299 945 sunt,
2320 895 2389 932 an
2425 894 2551 950 qua:
2584 878 2804 933 altaris.
2840 879 2951 934 Sed
2984 880 3264 937 nimirum
3295 898 3429 938 cum
3461 883 3651 940 chari-

2001 970 2112 1033 tas,
2147 982 2274 1037 quae
2304 965 2604 1038 plenitudo
2635 965 2780 1039 legis
2813 970 2922 1032 est,
2957 984 3027 1023 ne
3060 972 3182 1024 tota
3202 970 3329 1041 jam
3363 971 3648 1046 refriguit,

2002 1055 2292 1127 quomodo
2324 1055 2382 1110 in
2414 1055 2797 1111 sacrificando
2827 1060 2987 1111 tanta
3010 1058 3373 1115 continuatio
3395 1077 3651 1133 perseve-

2000 1146 2111 1210 rat,
2144 1142 2255 1199 uisi
2288 1143 2426 1215 quia
2456 1142 2750 1215 malignus
2782 1143 2968 1201 hostis
2999 1144 3059 1201 in
3109 1145 3216 1202 hoc
3266 1148 3651 1206 sacrificanti-

2000 1231 2111 1287 bus
2143 1250 2256 1288 non
2286 1232 2650 1302 contradicit,
2667 1233 2727 1288 in
2749 1250 2864 1306 quo
2889 1234 3077 1307 magis
3097 1252 3196 1291 eos
3220 1238 3445 1310 gravari
3470 1238 3649 1296 novit.

2000 1322 2197 1393 Neque
2241 1320 2395 1378 enim
2446 1321 2661 1377 Judam
2706 1322 2889 1378 vetuit
2919 1324 3337 1382 eucharistiam
3386 1344 3648 1398 sumere;

2002 1410 2171 1467 scivit
2194 1411 2373 1479 enim,
2406 1410 2544 1483 quia
2574 1410 2728 1468 sicut
2756 1428 2792 1468 a
2819 1411 3040 1468 devotis
3070 1430 3173 1485 per
3202 1413 3362 1470 illius
3388 1417 3650 1489 mysterii

2002 1499 2434 1574 perceptionem
2466 1501 2595 1572 ejus
2644 1500 2803 1557 fraus
2850 1503 3264 1576 compescitur,
3297 1503 3381 1562 sic
3426 1505 3486 1561 in
3536 1504 3648 1574 bis,

2001 1590 2099 1663 qui
2151 1590 2301 1647 hanc
2352 1589 2577 1663 indigni
2630 1588 2979 1664 percipiunt,
3012 1590 3287 1650 licentius
3323 1599 3649 1667 grassatur.

2000 1680 2214 1737 Contra
2244 1678 2374 1736 illos
2405 1680 2623 1736 etenim
2651 1679 2750 1752 qui
2797 1680 3141 1738 exteriorem
3190 1681 3387 1756 gloria
3425 1683 3653 1743 cultum

2004 1768 2309 1842 negligunt
2366 1768 2650 1825 Dominus
2697 1785 2799 1841 per
2846 1768 3196 1827 Malachiam
3245 1771 3527 1845 quaeritur
3565 1775 3654 1830 di-

2003 1874 2139 1914 cens
2172 1875 2185 1912 :
2221 1856 2261 1912 0
2294 1874 2381 1914 vos
2411 1857 2730 1923 sacerdotes,
2757 1860 2853 1931 qui
2895 1857 3171 1932 despicitis
3213 1876 3409 1919 nomen
3449 1880 3653 1927 meum,

1999 1955 2051 2003 et
2098 1947 2320 2003 dixistis
2350 1965 2367 2001 :
2399 1946 2461 2002 In
2509 1951 2649 2019 quo?
2680 1947 2743 2002 In
2785 1946 2886 2003 hoc
2922 1946 3199 2020 despicitis
3226 1966 3421 2007 nomen
3454 1968 3655 2018 meum,

2001 2038 2279 2110 offerentes
2308 2052 2472 2108 super
2496 2035 2669 2093 altare
2692 2052 2875 2092 nwum
2895 2053 3096 2109 panem
3119 2038 3410 2110 pollutum,
3439 2048 3487 2095 ει
3516 2039 3654 2097 dici-

2001 2128 2069 2183 tis
2100 2145 2117 2181 :
2149 2126 2327 2182 Mensa
2355 2127 2577 2183 Domini
2599 2126 2810 2198 polluta
2854 2133 2951 2183 est.
2999 2126 3274 2183 Polluuut
3327 2129 3656 2187 sacerdotes

2002 2233 2237 2289 panem,
2294 2216 2351 2271 id
2408 2219 2497 2271 est
2568 2232 2780 2287 corpus
2836 2215 3070 2284 Christi,
3134 2219 3367 2289 quando
3430 2218 3653 2293 indigni

2004 2306 2287 2362 accedunt
2311 2304 2382 2361 ad
2415 2304 2616 2360 altare.
2651 2304 2913 2361 Mensam
2963 2320 3095 2362 vero
3137 2307 3492 2378 despectum,
3522 2306 3657 2364 licet

2002 2394 2194 2450 verbis
2228 2410 2341 2449 non
2370 2392 2587 2461 dicant,
2622 2397 2815 2449 tamen
2846 2411 2977 2448 cum
3013 2394 3118 2467 ipsi
3153 2395 3492 2451 exteriorem
3526 2396 3655 2468 ejus

2005 2483 2228 2539 cultum
2263 2500 2376 2538 non
2412 2486 2643 2550 ornant,
2676 2499 2801 2538 eam
2834 2482 3008 2537 etiam
3045 2483 3207 2539 laieis
3238 2484 3654 2556 despicabilem

2006 2572 2249 2635 faciunt,
2283 2571 2562 2644 quoniam
2597 2570 2919 2626 carnalium
2955 2588 3163 2626 sensus
3196 2574 3395 2629 deesse
3446 2577 3658 2646 putant

2006 2660 2393 2717 sanctimonia
2421 2659 2625 2715 divina:
2655 2659 2905 2729 virtutis,
2923 2659 3019 2723 ubi
3051 2661 3253 2717 deesse
3274 2662 3470 2719 vident
3494 2679 3661 2720 orna-

2006 2754 2131 2806 tum
2166 2749 2525 2805 ambitionis.

2005 2841 2141 2896 Car.
2178 2838 2370 2913 LVlll.
2407 2869 2473 2879 —
2516 2837 2664 2905 Quod
2711 2816 2860 2894 nihil
2906 2839 3294 2913 superonere
3346 2838 3660 2913 ponendum

2291 2911 2364 2965 sit
2387 2916 2586 2981 pra'ter
2612 2911 3009 2966 saerosan
3029 2911 3371 2967 oblatioan

2080 2999 2180 3055 Est
2226 2996 2473 3054 ecclesia
2519 2998 2701 3054 beatas
2742 2997 3083 3073 Walburgis
3113 3000 3173 3055 in
3214 3015 3331 3072 qua
3376 2998 3661 3056 miracula

2013 3088 2134 3143 ﬁeri
2164 3086 2449 3143 solebant.
2483 3086 2739 3159 Contigit
2769 3092 2964 3143 autem
3015 3088 3350 3161 aliquando,
3385 3091 3450 3144 ut
3503 3090 3659 3160 ejus-

1931 3186 1976 3252 ρ
2014 3178 2146 3232 dem
2181 3178 2395 3232 sanctae
2442 3174 2777 3249 Walburgis
2825 3175 3083 3248 reliquiae
3130 3193 3306 3250 super
3350 3176 3530 3233 altare
3560 3192 3664 3249 per

2009 3266 2235 3338 aliquot
2256 3265 2381 3319 dies
2414 3269 2739 3331 manerent,
2774 3265 2871 3320 sed
2908 3281 3041 3320 mox
3073 3265 3355 3321 miracula
3402 3281 3661 3323 cessave-

2010 3360 2168 3412 runt.
2203 3354 2465 3409 Tandem
2498 3370 2629 3409 vero
2662 3353 2791 3425 ipsa
2819 3352 2977 3426 virgo
3010 3354 3241 3410 cuidam
3293 3371 3362 3410 ex
3411 3354 3663 3412 inﬁrmis

2011 3459 2298 3517 apparens
2331 3460 2342 3496 :
2382 3442 2621 3505 Idcirco,
2656 3442 2869 3514 inquit.
2893 3459 3007 3497 non
3034 3442 3346 3511 sanamini,
3369 3442 3507 3515 quia
3536 3441 3665 3499 reli-

2011 3534 2161 3606 quia:
2194 3548 2333 3586 mea:
2364 3536 2500 3586 sunt
2534 3547 2711 3602 super
2742 3530 2922 3586 altare
2949 3529 3203 3599 Domini,
3237 3532 3335 3587 ubi
3385 3532 3663 3604 majestas

2012 3620 2189 3678 divini
2232 3619 2496 3692 mysterii
2538 3620 2709 3675 debet
2758 3620 3129 3675 solummodo
3176 3619 3665 3687 celebrari.0uod

2012 3724 2146 3764 cum
2176 3706 2275 3763 ille
2326 3706 2672 3762 custodibus
2722 3706 2981 3773 referret,
3015 3705 3281 3762 tulerunt
3320 3723 3579 3778 capsam,
3606 3709 3667 3761 et

2012 3796 2282 3870 protinus
2310 3793 2590 3849 miracula
2625 3795 2747 3849 fieri
2780 3798 3095 3866 eruperunt.
3122 3794 3180 3850 Si
3214 3794 3393 3867 igitur
3412 3795 3484 3851 ob
3506 3793 3666 3851 illius

2014 3884 2275 3958 mysterii
2307 3882 2685 3939 reverentiam
2716 3897 2822 3938 nec
2871 3882 2999 3954 ipsa
3043 3899 3153 3939 sua
3195 3883 3440 3957 pignora
3477 3882 3665 3939 sancti

2013 3974 2218 4030 volunt
2244 3971 2483 4044 propius
2509 3969 2770 4037 vicinari,
2788 3970 2927 4043 quid
2951 3972 3310 4028 censendum
3350 3974 3438 4028 est
3472 3971 3542 4028 de
3564 3972 3668 4029 im-

2017 4060 2364 4119 munditiis?

2015 4152 2152 4207 CAP.
2189 4150 2325 4207 LIX.
2360 4179 2426 4189 —-
2458 4148 2607 4217 Quod
2634 4164 2732 4221 pro
3113 4156 3167 4205 et
3210 4148 3515 4205 latronibus
3556 4164 3670 4205 non

2174 4264 2177 4267 ς
2568 4220 2650 4277 est
2672 4220 3114 4292 sacriﬁcandum.

2094 4310 2157 4366 In
2186 4327 2255 4376 ea
2299 4309 2391 4365 via
2427 4325 2555 4381 quae
2600 4307 2971 4366 Alvernensis
3008 4308 3348 4365 monasterii
3387 4308 3552 4365 ducit
3593 4309 3667 4365 ad

269 4398 951 4468 debebant,discalceatis
983 4396 1228 4470 pedibus
1272 4397 1644 4464 accedebant,
1678 4398 1915 4468 propter
2022 4400 2237 4470 forum,
2268 4403 2358 4455 est
2384 4396 2630 4454 ecclesia
2658 4399 2716 4454 S.
2752 4397 2924 4467 Petri,
2957 4414 3087 4469 quis
3117 4397 3335 4453 dicitur
3361 4398 3434 4453 ad
3478 4397 3667 4465 Salus,

272 4490 426 4559 illud,
458 4489 619 4564 quod
649 4487 833 4561 Moysi
884 4492 943 4544 et
982 4486 1161 4542 Josue
1210 4489 1560 4558 praeceptum
1591 4490 1682 4541 est
1714 4501 1726 4539 :
1760 4484 1917 4540 Solve
1947 4554 1984 4564 _
2025 4488 2083 4543 in
2107 4489 2277 4560 cujus
2300 4486 2514 4542 vicinia
2535 4487 2811 4543 manebat
2830 4486 3073 4559 quidam
3095 4486 3265 4556 latro,
3284 4487 3384 4560 qui
3405 4487 3555 4543 duos
3576 4486 3670 4543 iti-

273 4554 686 4636 ralreanientum
726 4554 793 4632 de
832 4576 1058 4648 pedibus
1106 4554 1244 4642 tuis,-
1275 4554 1425 4630 εστιν-ἀ
1473 4574 1643 4638 enim,
1703 4575 1763 4628 in
1808 4590 1916 4646 qua
1944 4554 1992 4619 Ῑ)
2024 4554 2478 4648 nerantes,quos
2507 4573 2763 4648 hospitio
2784 4554 3145 4648 susceperat,
3162 4554 3413 4649 spoliare
3450 4574 3670 4646 volens,

274 4678 393 4734 stas,
423 4680 574 4727 terra
610 4674 799 4723 sancta
841 4674 939 4721 est.
990 4666 1242 4721 Sanctus
1289 4679 1521 4735 quoque
1563 4662 1913 4718 Pachomius

276 4759 587 4830 pistoribus
648 4755 921 4827 prazccpit
985 4758 1067 4821 ut,
1121 4769 1257 4808 cum
1312 4752 1637 4808 oblationes
1702 4768 1912 4824 coque-

279 4853 417 4916 rent,
446 4845 733 4902 salutaria
763 4843 1206 4907 meditarentur,
1241 4840 1383 4896 nihil
1412 4858 1558 4896 vane
1588 4839 1913 4913 loquentes.

2025 4669 2192 4721 nocte
2222 4664 2547 4720 interficere
2577 4664 2838 4731 tentavit,
2854 4664 2954 4719 sed
2980 4662 3063 4719 illi
3100 4663 3475 4736 praavalentes
3504 4664 3678 4721 iuter-

2022 4755 2286 4810 fecerunt
2303 4770 2469 4821 eum;
2501 4769 2755 4825 cumque
2780 4751 3150 4826 sepeliendus
3165 4754 3238 4809 ad
3259 4753 3564 4809 ecclesiam
3585 4753 3681 4812 de-

2026 4844 2296 4910 ferretur,
2328 4842 2601 4898 sacerdos
2630 4858 2734 4914 pro
2765 4857 2830 4897 eo
2864 4841 3108 4897 missam
3158 4841 3452 4899 celebrare
3480 4841 3674 4915 cmpit.

279 4936 412 4995 Cum
434 4951 573 5007 ergo
608 4933 718 4987 hoc
764 4933 820 4986 in
874 4929 1227 4986 monasterio
1277 4930 1617 4986 Tabenense
1662 4931 1918 5003 quadam
2028 4932 2173 4988 Cum
2206 4947 2341 5003 ergo
2373 4930 2445 4985 ad
2477 4930 2651 4985 verba
2680 4928 3133 4985 consecrationis
3155 4929 3459 4987 Dominica
3485 4932 3679 4988 venire

281 5024 390 5079 vice
418 5023 756 5087 violaretur,
792 5019 990 5075 statim
1025 5016 1334 5073 Pachomio
1379 5018 1661 5074 divinitus
1703 5018 1923 5074 revela-

282 5116 399 5168 tum
425 5117 539 5167 est.
571 5110 679 5175 Qui
726 5108 993 5181 protinus
1041 5106 1412 5162 Theodorum
1464 5107 1707 5162 mittens
1749 5106 1927 5178 negli-

286 5200 531 5270 gentiam
564 5199 736 5262 hanc,
768 5196 925 5251 velut
974 5194 1151 5249 divini
1198 5195 1463 5266 praecepti
1506 5196 1924 5267 transgressio-

286 5304 428 5351 nem,
464 5286 765 5343 emendari
787 5284 991 5355 jussit.
1026 5283 1097 5339 Ut
1123 5301 1281 5340 nune
1311 5282 1475 5338 valde
1524 5283 1760 5354 quidem
1813 5285 1923 5338 fre-

289 5375 692 5446 quentius,sed
728 5372 1098 5446 quod,nimis
1128 5372 1444 5428 dolendum
1476 5375 1581 5439 est,
1608 5370 1794 5427 multo
1827 5388 1923 5428 ne-

288 5462 595 5538 gligentius
608 5462 1029 5536 frequentatur.
1050 5463 1231 5527 Quam
1251 5459 1472 5517 scilicet
1488 5459 1923 5533 negligentiam,

352 5595 467 5667 (11)
493 5593 637 5653 Vide
667 5610 760 5669 ep.
792 5596 846 5652 8.
881 5595 940 5653 S.
975 5593 1143 5668 Cypr.

2032 5020 2288 5087 deberet,
2322 5016 2596 5073 terribilis
2628 5034 2809 5073 sonus
2840 5017 2898 5072 in
2945 5020 3097 5073 tecto
3143 5018 3398 5075 ecclesia:
3446 5036 3679 5092 percre-

2034 5109 2182 5181 puit,
2207 5113 2265 5163 et
2294 5106 2472 5163 altare
2503 5123 2689 5178 usque
2719 5107 2791 5161 ad
2823 5106 3047 5162 radices
3068 5105 3318 5163 scissum
3344 5109 3679 5182 est.Sicque

2037 5197 2308 5253 sacerdos
2336 5211 2472 5250 cum
2503 5195 2778 5250 omnibus
2801 5194 3017 5266 ingenti
3041 5212 3248 5268 pavore
3272 5195 3575 5268 perculsus
3596 5198 3679 5253 fu-

2034 5287 2139 5358 git,
2170 5288 2227 5339 et
2257 5300 2359 5355 pro
2389 5287 2655 5354 apostata
2688 5281 3014 5339 sacrificare
3046 5283 3311 5340 cessavit.
3333 5284 3449 5340 Hoc
3483 5290 3679 5341 autem

2034 5375 2237 5429 contra
2265 5387 2365 5427 eos
2396 5371 2617 5426 dictum
2650 5370 2860 5442 sit,qui
2882 5388 2986 5443 pro
3011 5371 3307 5430 sceleratis
3340 5373 3411 5429 ob
3431 5374 3682 5446 gratiam

2036 5476 2236 5516 eorum
2269 5476 2330 5515 se
2360 5463 2625 5516 oraturos
2655 5458 3022 5531 pollicentur.
