  <div class='ocr_page' id='page_1' title='image "/cluster/home/n/w/nwhite01/storage/ocr_20150623/137/hvd.32044054759972/211.png"; bbox 0 0 4076 6174; ppageno 0'>
   <div class='ocr_carea' id='block_1_1' title="bbox 363 337 482 397">
    <p class='ocr_par' dir='ltr' id='par_1_1' title="bbox 363 337 482 397">
     <span class='ocr_line' id='line_1_1' title="bbox 363 337 482 397; baseline 0.008 -1"><span class='ocrx_word' id='word_1_1' title='bbox 363 337 482 397; x_wconf 77' lang='grc'><strong>403</strong></span> 
     </span>
    </p>
   </div>
   <div class='ocr_carea' id='block_1_2' title="bbox 1429 341 2713 406">
    <p class='ocr_par' dir='ltr' id='par_1_2' title="bbox 1429 341 2713 406">
     <span class='ocr_line' id='line_1_2' title="bbox 1429 341 2713 406; baseline 0.001 -1"><span class='ocrx_word' id='word_1_2' title='bbox 1429 342 1754 406; x_wconf 86' lang='lat' dir='ltr'><strong>GEZONIS</strong></span> <span class='ocrx_word' id='word_1_3' title='bbox 1798 341 2134 403; x_wconf 85' lang='lat' dir='ltr'><strong>ABBATIS</strong></span> <span class='ocrx_word' id='word_1_4' title='bbox 2179 342 2713 406; x_wconf 79' lang='lat' dir='ltr'><strong>DERTONENSIS</strong></span> 
     </span>
    </p>
   </div>
   <div class='ocr_carea' id='block_1_3' title="bbox 3657 345 3773 408">
    <p class='ocr_par' dir='ltr' id='par_1_3' title="bbox 3657 345 3773 408">
     <span class='ocr_line' id='line_1_3' title="bbox 3657 345 3773 408; baseline 0.017 -2"><span class='ocrx_word' id='word_1_5' title='bbox 3657 345 3773 408; x_wconf 73' lang='grc'><strong>404</strong></span> 
     </span>
    </p>
   </div>
   <div class='ocr_carea' id='block_1_4' title="bbox 364 467 3774 552">
    <p class='ocr_par' dir='ltr' id='par_1_4' title="bbox 364 467 3774 552">
     <span class='ocr_line' id='line_1_4' title="bbox 364 467 3774 552; baseline 0.003 -26"><span class='ocrx_word' id='word_1_6' title='bbox 364 467 500 526; x_wconf 79' lang='lat' dir='ltr'><strong>CAP.</strong></span> <span class='ocrx_word' id='word_1_7' title='bbox 535 470 645 528; x_wconf 81' lang='lat' dir='ltr'><strong>LX.</strong></span> <span class='ocrx_word' id='word_1_8' title='bbox 681 503 748 512; x_wconf 91' lang='lat'><strong>—</strong></span> <span class='ocrx_word' id='word_1_9' title='bbox 785 473 861 530; x_wconf 88' lang='lat' dir='ltr'><strong>De</strong></span> <span class='ocrx_word' id='word_1_10' title='bbox 917 471 1002 529; x_wconf 87' lang='lat' dir='ltr'><strong>his</strong></span> <span class='ocrx_word' id='word_1_11' title='bbox 1053 475 1164 546; x_wconf 80' lang='lat' dir='ltr'><strong>quiI</strong></span> <span class='ocrx_word' id='word_1_12' title='bbox 1204 475 1598 552; x_wconf 72' lang='lat' dir='ltr'><strong>eleemosynam</strong></span> <span class='ocrx_word' id='word_1_13' title='bbox 1656 477 1922 544; x_wconf 81' lang='lat' dir='ltr'><strong>tribuunt,</strong></span> <span class='ocrx_word' id='word_1_14' title='bbox 1967 483 2017 531; x_wconf 80' lang='lat' dir='ltr'><strong>et</strong></span> <span class='ocrx_word' id='word_1_15' title='bbox 2043 476 2098 542; x_wconf 87' lang='grc' dir='ltr'><strong>Α</strong></span> <span class='ocrx_word' id='word_1_16' title='bbox 2127 479 2377 547; x_wconf 82' lang='lat' dir='ltr'><strong>quodam</strong></span> <span class='ocrx_word' id='word_1_17' title='bbox 2414 481 2716 548; x_wconf 84' lang='lat' dir='ltr'><strong>monacho,</strong></span> <span class='ocrx_word' id='word_1_18' title='bbox 2751 479 2873 552; x_wconf 87' lang='lat' dir='ltr'><strong>qui,</strong></span> <span class='ocrx_word' id='word_1_19' title='bbox 2899 483 2962 535; x_wconf 92' lang='lat' dir='ltr'><strong>ut</strong></span> <span class='ocrx_word' id='word_1_20' title='bbox 2993 478 3186 548; x_wconf 85' lang='lat' dir='ltr'><strong>credo,</strong></span> <span class='ocrx_word' id='word_1_21' title='bbox 3211 496 3325 535; x_wconf 91' lang='lat' dir='ltr'><strong>non</strong></span> <span class='ocrx_word' id='word_1_22' title='bbox 3357 479 3504 536; x_wconf 84' lang='lat' dir='ltr'><strong>bene</strong></span> <span class='ocrx_word' id='word_1_23' title='bbox 3533 495 3774 552; x_wconf 91' lang='lat' dir='ltr'><strong>compos</strong></span> 
     </span>
    </p>
   </div>
   <div class='ocr_carea' id='block_1_5' title="bbox 841 545 1524 617">
    <p class='ocr_par' dir='ltr' id='par_1_5' title="bbox 841 545 1524 617">
     <span class='ocr_line' id='line_1_5' title="bbox 841 545 1524 617; baseline 0.003 -17"><span class='ocrx_word' id='word_1_24' title='bbox 841 545 1194 617; x_wconf 28' lang='lat' dir='ltr'><strong>peccam’non</strong></span> <span class='ocrx_word' id='word_1_25' title='bbox 1222 545 1524 604; x_wconf 70' lang='lat' dir='ltr'><strong>dimiittint.</strong></span> 
     </span>
    </p>
   </div>
   <div class='ocr_carea' id='block_1_6' title="bbox 439 656 2014 742">
    <p class='ocr_par' dir='ltr' id='par_1_6' title="bbox 439 656 2014 742">
     <span class='ocr_line' id='line_1_6' title="bbox 439 656 2014 742; baseline 0.003 -30"><span class='ocrx_word' id='word_1_26' title='bbox 439 658 545 724; x_wconf 88' lang='lat' dir='ltr'><strong>Qui</strong></span> <span class='ocrx_word' id='word_1_27' title='bbox 576 656 659 714; x_wconf 89' lang='lat' dir='ltr'><strong>ita</strong></span> <span class='ocrx_word' id='word_1_28' title='bbox 687 658 1116 742; x_wconf 73' lang='lat' dir='ltr'><strong>eleemosynam</strong></span> <span class='ocrx_word' id='word_1_29' title='bbox 1150 661 1374 730; x_wconf 78' lang='lat' dir='ltr'><strong>tribuit,</strong></span> <span class='ocrx_word' id='word_1_30' title='bbox 1408 667 1472 718; x_wconf 93' lang='lat' dir='ltr'><strong>ut</strong></span> <span class='ocrx_word' id='word_1_31' title='bbox 1503 663 1736 735; x_wconf 81' lang='lat' dir='ltr'>culpam</span> <span class='ocrx_word' id='word_1_32' title='bbox 1770 680 1884 718; x_wconf 90' lang='lat' dir='ltr'><strong>non</strong></span> <span class='ocrx_word' id='word_1_33' title='bbox 1929 661 2014 718; x_wconf 91' lang='lat' dir='ltr'><strong>di-</strong></span> 
     </span>
    </p>
   </div>
   <div class='ocr_carea' id='block_1_7' title="bbox 366 748 2015 826">
    <p class='ocr_par' dir='ltr' id='par_1_7' title="bbox 366 748 2015 826">
     <span class='ocr_line' id='line_1_7' title="bbox 366 748 2015 826; baseline 0.004 -24"><span class='ocrx_word' id='word_1_34' title='bbox 366 748 579 815; x_wconf 78' lang='lat' dir='ltr'><strong>mittat,</strong></span> <span class='ocrx_word' id='word_1_35' title='bbox 613 748 872 804; x_wconf 89' lang='lat' dir='ltr'><strong>animam</strong></span> <span class='ocrx_word' id='word_1_36' title='bbox 933 769 1044 806; x_wconf 90' lang='lat' dir='ltr'><strong>non</strong></span> <span class='ocrx_word' id='word_1_37' title='bbox 1092 751 1343 820; x_wconf 90' lang='lat' dir='ltr'><strong>redimit,</strong></span> <span class='ocrx_word' id='word_1_38' title='bbox 1377 771 1555 826; x_wconf 89' lang='lat' dir='ltr'><strong>quam</strong></span> <span class='ocrx_word' id='word_1_39' title='bbox 1606 771 1640 808; x_wconf 91' lang='lat' dir='ltr'><strong>a</strong></span> <span class='ocrx_word' id='word_1_40' title='bbox 1681 753 1838 809; x_wconf 81' lang='lat' dir='ltr'><strong>vitiis</strong></span> <span class='ocrx_word' id='word_1_41' title='bbox 1901 772 2015 808; x_wconf 89' lang='lat' dir='ltr'><strong>non</strong></span> 
     </span>
    </p>
   </div>
   <div class='ocr_carea' id='block_1_8' title="bbox 365 835 2016 914">
    <p class='ocr_par' dir='ltr' id='par_1_8' title="bbox 365 835 2016 914">
     <span class='ocr_line' id='line_1_8' title="bbox 365 835 2016 914; baseline 0.002 -23"><span class='ocrx_word' id='word_1_42' title='bbox 365 835 702 906; x_wconf 88' lang='lat' dir='ltr'><strong>compescit.</strong></span> <span class='ocrx_word' id='word_1_43' title='bbox 739 837 854 892; x_wconf 85' lang='lat' dir='ltr'><strong>Iloc</strong></span> <span class='ocrx_word' id='word_1_44' title='bbox 883 837 979 894; x_wconf 92' lang='lat' dir='ltr'><strong>ille</strong></span> <span class='ocrx_word' id='word_1_45' title='bbox 1009 841 1254 895; x_wconf 85' lang='lat' dir='ltr'><strong>cremita</strong></span> <span class='ocrx_word' id='word_1_46' title='bbox 1283 859 1388 897; x_wconf 91' lang='lat' dir='ltr'><strong>suo</strong></span> <span class='ocrx_word' id='word_1_47' title='bbox 1438 843 1586 897; x_wconf 90' lang='lat' dir='ltr'><strong>facto</strong></span> <span class='ocrx_word' id='word_1_48' title='bbox 1633 843 1857 914; x_wconf 88' lang='lat' dir='ltr'><strong>probat,</strong></span> <span class='ocrx_word' id='word_1_49' title='bbox 1891 841 2016 913; x_wconf 89' lang='lat' dir='ltr'><strong>qui,</strong></span> 
     </span>
    </p>
   </div>
   <div class='ocr_carea' id='block_1_9' title="bbox 365 923 2015 1002">
    <p class='ocr_par' dir='ltr' id='par_1_9' title="bbox 365 923 2015 1002">
     <span class='ocr_line' id='line_1_9' title="bbox 365 923 2015 1002; baseline 0.005 -25"><span class='ocrx_word' id='word_1_50' title='bbox 365 938 500 978; x_wconf 90' lang='lat' dir='ltr'><strong>cum</strong></span> <span class='ocrx_word' id='word_1_51' title='bbox 533 923 736 980; x_wconf 90' lang='lat' dir='ltr'><strong>multis</strong></span> <span class='ocrx_word' id='word_1_52' title='bbox 765 926 1085 984; x_wconf 80' lang='lat' dir='ltr'>virtutibus</span> <span class='ocrx_word' id='word_1_53' title='bbox 1106 947 1240 985; x_wconf 92' lang='lat' dir='ltr'><strong>cum</strong></span> <span class='ocrx_word' id='word_1_54' title='bbox 1263 931 1517 1001; x_wconf 88' lang='lat' dir='ltr'><strong>quodam</strong></span> <span class='ocrx_word' id='word_1_55' title='bbox 1544 948 1648 987; x_wconf 91' lang='lat' dir='ltr'><strong>suo</strong></span> <span class='ocrx_word' id='word_1_56' title='bbox 1667 931 1889 1002; x_wconf 80' lang='lat' dir='ltr'><strong>collega</strong></span> <span class='ocrx_word' id='word_1_57' title='bbox 1918 931 2015 985; x_wconf 84' lang='lat' dir='ltr'><strong>de-</strong></span> 
     </span>
    </p>
   </div>
   <div class='ocr_carea' id='block_1_10' title="bbox 367 1003 2014 1088">
    <p class='ocr_par' dir='ltr' id='par_1_10' title="bbox 367 1003 2014 1088">
     <span class='ocr_line' id='line_1_10' title="bbox 367 1003 2014 1088; baseline 0.002 -20"><span class='ocrx_word' id='word_1_58' title='bbox 367 1003 799 1079; x_wconf 65' lang='lat' dir='ltr'><strong>servisset,ha:c</strong></span> <span class='ocrx_word' id='word_1_59' title='bbox 820 1014 902 1068; x_wconf 89' lang='lat' dir='ltr'>illi</span> <span class='ocrx_word' id='word_1_60' title='bbox 929 1033 1031 1087; x_wconf 91' lang='lat' dir='ltr'><strong>per</strong></span> <span class='ocrx_word' id='word_1_61' title='bbox 1051 1017 1347 1072; x_wconf 88' lang='lat' dir='ltr'><strong>diabolum</strong></span> <span class='ocrx_word' id='word_1_62' title='bbox 1372 1018 1584 1088; x_wconf 88' lang='lat' dir='ltr'><strong>injecta</strong></span> <span class='ocrx_word' id='word_1_63' title='bbox 1613 1018 1886 1088; x_wconf 72' lang='lat' dir='ltr'>cogitatio</span> <span class='ocrx_word' id='word_1_64' title='bbox 1907 1021 2014 1083; x_wconf 88' lang='lat' dir='ltr'><strong>est,</strong></span> 
     </span>
    </p>
   </div>
   <div class='ocr_carea' id='block_1_11' title="bbox 368 1100 2020 1174">
    <p class='ocr_par' dir='ltr' id='par_1_11' title="bbox 368 1100 2020 1174">
     <span class='ocr_line' id='line_1_11' title="bbox 368 1100 2020 1174; baseline 0.002 -20"><span class='ocrx_word' id='word_1_65' title='bbox 368 1102 435 1154; x_wconf 88' lang='lat' dir='ltr'>ut</span> <span class='ocrx_word' id='word_1_66' title='bbox 463 1100 933 1174; x_wconf 88' lang='lat' dir='ltr'><strong>quandocunque</strong></span> <span class='ocrx_word' id='word_1_67' title='bbox 956 1101 1198 1159; x_wconf 83' lang='lat' dir='ltr'><strong>libidine</strong></span> <span class='ocrx_word' id='word_1_68' title='bbox 1224 1104 1675 1172; x_wconf 87' lang='lat' dir='ltr'><strong>titillaretur,sic</strong></span> <span class='ocrx_word' id='word_1_69' title='bbox 1698 1121 1895 1159; x_wconf 87' lang='lat' dir='ltr'><strong>semen</strong></span> <span class='ocrx_word' id='word_1_70' title='bbox 1927 1105 2020 1158; x_wconf 89' lang='lat' dir='ltr'><strong>de-</strong></span> 
     </span>
    </p>
   </div>
   <div class='ocr_carea' id='block_1_12' title="bbox 367 1187 2017 1265">
    <p class='ocr_par' dir='ltr' id='par_1_12' title="bbox 367 1187 2017 1265">
     <span class='ocr_line' id='line_1_12' title="bbox 367 1187 2017 1265; baseline 0.004 -23"><span class='ocrx_word' id='word_1_71' title='bbox 367 1187 509 1242; x_wconf 87' lang='lat' dir='ltr'><strong>tritu</strong></span> <span class='ocrx_word' id='word_1_72' title='bbox 540 1187 812 1260; x_wconf 83' lang='lat' dir='ltr'>genitalis</span> <span class='ocrx_word' id='word_1_73' title='bbox 841 1191 1086 1246; x_wconf 82' lang='lat' dir='ltr'><strong>membri</strong></span> <span class='ocrx_word' id='word_1_74' title='bbox 1111 1209 1339 1264; x_wconf 82' lang='lat' dir='ltr'><strong>egerere</strong></span> <span class='ocrx_word' id='word_1_75' title='bbox 1369 1194 1620 1260; x_wconf 80' lang='lat' dir='ltr'><strong>deberet,</strong></span> <span class='ocrx_word' id='word_1_76' title='bbox 1643 1199 1707 1249; x_wconf 88' lang='lat' dir='ltr'><strong>ut</strong></span> <span class='ocrx_word' id='word_1_77' title='bbox 1739 1199 2017 1265; x_wconf 89' lang='lat' dir='ltr'><strong>tauquam</strong></span> 
     </span>
    </p>
   </div>
   <div class='ocr_carea' id='block_1_13' title="bbox 267 1275 2016 1359">
    <p class='ocr_par' dir='ltr' id='par_1_13' title="bbox 267 1275 2016 1359">
     <span class='ocr_line' id='line_1_13' title="bbox 267 1275 2016 1359; baseline 0.002 -27"><span class='ocrx_word' id='word_1_78' title='bbox 267 1327 280 1338; x_wconf 81' lang='lat'><strong>,</strong></span> <span class='ocrx_word' id='word_1_79' title='bbox 368 1275 582 1347; x_wconf 83' lang='lat' dir='ltr'><strong>ﬂegma</strong></span> <span class='ocrx_word' id='word_1_80' title='bbox 610 1277 682 1333; x_wconf 90' lang='lat' dir='ltr'><strong>de</strong></span> <span class='ocrx_word' id='word_1_81' title='bbox 713 1279 954 1336; x_wconf 87' lang='lat' dir='ltr'><strong>naribus</strong></span> <span class='ocrx_word' id='word_1_82' title='bbox 985 1281 1311 1352; x_wconf 89' lang='lat' dir='ltr'><strong>projiceret.</strong></span> <span class='ocrx_word' id='word_1_83' title='bbox 1345 1282 1453 1348; x_wconf 91' lang='lat' dir='ltr'><strong>Qui</strong></span> <span class='ocrx_word' id='word_1_84' title='bbox 1484 1283 1556 1359; x_wconf 85' lang='lat' dir='ltr'><strong>ob</strong></span> <span class='ocrx_word' id='word_1_85' title='bbox 1589 1282 1668 1350; x_wconf 88' lang='lat' dir='ltr'><strong>id,</strong></span> <span class='ocrx_word' id='word_1_86' title='bbox 1703 1287 1760 1338; x_wconf 89' lang='lat' dir='ltr'><strong>et</strong></span> <span class='ocrx_word' id='word_1_87' title='bbox 1804 1283 2016 1337; x_wconf 69' lang='lat' dir='ltr'><strong>dreme-</strong></span> 
     </span>
    </p>
   </div>
   <div class='ocr_carea' id='block_1_14' title="bbox 370 1363 2020 1442">
    <p class='ocr_par' dir='ltr' id='par_1_14' title="bbox 370 1363 2020 1442">
     <span class='ocr_line' id='line_1_14' title="bbox 370 1363 2020 1442; baseline 0.004 -24"><span class='ocrx_word' id='word_1_88' title='bbox 370 1363 545 1420; x_wconf 89' lang='lat' dir='ltr'><strong>nibus</strong></span> <span class='ocrx_word' id='word_1_89' title='bbox 577 1366 1097 1435; x_wconf 89' lang='lat' dir='ltr'><strong>moriens,vidente</strong></span> <span class='ocrx_word' id='word_1_90' title='bbox 1121 1371 1564 1436; x_wconf 86' lang='lat' dir='ltr'><strong>socio,traditus</strong></span> <span class='ocrx_word' id='word_1_91' title='bbox 1589 1376 1694 1425; x_wconf 90' lang='lat' dir='ltr'><strong>est.</strong></span> <span class='ocrx_word' id='word_1_92' title='bbox 1731 1372 1873 1426; x_wconf 85' lang='lat' dir='ltr'><strong>Cum</strong></span> <span class='ocrx_word' id='word_1_93' title='bbox 1899 1369 2020 1442; x_wconf 91' lang='lat' dir='ltr'><strong>qui-</strong></span> 
     </span>
    </p>
   </div>
   <div class='ocr_carea' id='block_1_15' title="bbox 369 1452 2015 1532">
    <p class='ocr_par' dir='ltr' id='par_1_15' title="bbox 369 1452 2015 1532">
     <span class='ocr_line' id='line_1_15' title="bbox 369 1452 2015 1532; baseline 0.003 -23"><span class='ocrx_word' id='word_1_94' title='bbox 369 1452 502 1509; x_wconf 88' lang='lat' dir='ltr'><strong>dem</strong></span> <span class='ocrx_word' id='word_1_95' title='bbox 536 1453 722 1510; x_wconf 88' lang='lat' dir='ltr'><strong>isdem</strong></span> <span class='ocrx_word' id='word_1_96' title='bbox 755 1456 949 1513; x_wconf 90' lang='lat' dir='ltr'><strong>socius</strong></span> <span class='ocrx_word' id='word_1_97' title='bbox 983 1463 1206 1514; x_wconf 86' lang='lat' dir='ltr'><strong>reatum</strong></span> <span class='ocrx_word' id='word_1_98' title='bbox 1239 1460 1368 1530; x_wconf 86' lang='lat' dir='ltr'><strong>ejus</strong></span> <span class='ocrx_word' id='word_1_99' title='bbox 1398 1460 1810 1532; x_wconf 85' lang='lat' dir='ltr'><strong>ignorans,sed</strong></span> <span class='ocrx_word' id='word_1_100' title='bbox 1859 1477 2015 1514; x_wconf 87' lang='lat' dir='ltr'><strong>exer-</strong></span> 
     </span>
    </p>
   </div>
   <div class='ocr_carea' id='block_1_16' title="bbox 367 1538 2018 1620">
    <p class='ocr_par' dir='ltr' id='par_1_16' title="bbox 367 1538 2018 1620">
     <span class='ocr_line' id='line_1_16' title="bbox 367 1538 2018 1620; baseline 0.005 -26"><span class='ocrx_word' id='word_1_101' title='bbox 367 1538 506 1596; x_wconf 86' lang='lat' dir='ltr'><strong>citia</strong></span> <span class='ocrx_word' id='word_1_102' title='bbox 534 1541 820 1598; x_wconf 90' lang='lat' dir='ltr'><strong>virtutum</strong></span> <span class='ocrx_word' id='word_1_103' title='bbox 852 1545 1114 1602; x_wconf 80' lang='lat' dir='ltr'><strong>recolens</strong></span> <span class='ocrx_word' id='word_1_104' title='bbox 1162 1565 1306 1618; x_wconf 90' lang='lat' dir='ltr'><strong>pene</strong></span> <span class='ocrx_word' id='word_1_105' title='bbox 1337 1549 1663 1620; x_wconf 84' lang='lat' dir='ltr'><strong>desperavit</strong></span> <span class='ocrx_word' id='word_1_106' title='bbox 1693 1547 1893 1602; x_wconf 88' lang='lat' dir='ltr'><strong>dicens</strong></span> <span class='ocrx_word' id='word_1_107' title='bbox 1927 1564 1938 1601; x_wconf 93' lang='lat'>:</span> <span class='ocrx_word' id='word_1_108' title='bbox 1974 1547 2018 1602; x_wconf 91' lang='grc' dir='ltr'>Ο</span> 
     </span>
    </p>
   </div>
   <div class='ocr_carea' id='block_1_17' title="bbox 369 1627 2016 1708">
    <p class='ocr_par' dir='ltr' id='par_1_17' title="bbox 369 1627 2016 1708">
     <span class='ocr_line' id='line_1_17' title="bbox 369 1627 2016 1708; baseline 0.004 -25"><span class='ocrx_word' id='word_1_109' title='bbox 369 1627 505 1700; x_wconf 90' lang='lat' dir='ltr'>quis</span> <span class='ocrx_word' id='word_1_110' title='bbox 551 1632 767 1703; x_wconf 90' lang='lat' dir='ltr'><strong>poterit</strong></span> <span class='ocrx_word' id='word_1_111' title='bbox 813 1632 1009 1689; x_wconf 88' lang='lat' dir='ltr'><strong>salvus</strong></span> <span class='ocrx_word' id='word_1_112' title='bbox 1057 1651 1207 1701; x_wconf 90' lang='lat' dir='ltr'><strong>esse,</strong></span> <span class='ocrx_word' id='word_1_113' title='bbox 1241 1638 1475 1708; x_wconf 81' lang='lat' dir='ltr'><strong>quando</strong></span> <span class='ocrx_word' id='word_1_114' title='bbox 1525 1637 1633 1692; x_wconf 85' lang='lat' dir='ltr'><strong>iste</strong></span> <span class='ocrx_word' id='word_1_115' title='bbox 1675 1637 1884 1708; x_wconf 85' lang='lat' dir='ltr'><strong>periit?</strong></span> <span class='ocrx_word' id='word_1_116' title='bbox 1913 1636 2016 1690; x_wconf 85' lang='lat' dir='ltr'>Cui</span> 
     </span>
    </p>
   </div>
   <div class='ocr_carea' id='block_1_18' title="bbox 369 1719 2016 1792">
    <p class='ocr_par' dir='ltr' id='par_1_18' title="bbox 369 1719 2016 1792">
     <span class='ocr_line' id='line_1_18' title="bbox 369 1719 2016 1792; baseline 0.003 -19"><span class='ocrx_word' id='word_1_117' title='bbox 369 1733 505 1774; x_wconf 88' lang='lat' dir='ltr'><strong>mox</strong></span> <span class='ocrx_word' id='word_1_118' title='bbox 533 1719 780 1792; x_wconf 81' lang='lat' dir='ltr'><strong>angelus</strong></span> <span class='ocrx_word' id='word_1_119' title='bbox 811 1727 1011 1779; x_wconf 81' lang='lat' dir='ltr'><strong>astans</strong></span> <span class='ocrx_word' id='word_1_120' title='bbox 1054 1724 1200 1779; x_wconf 82' lang='lat' dir='ltr'>dixit</span> <span class='ocrx_word' id='word_1_121' title='bbox 1233 1741 1244 1778; x_wconf 94' lang='lat'>:</span> <span class='ocrx_word' id='word_1_122' title='bbox 1282 1725 1362 1781; x_wconf 90' lang='lat' dir='ltr'><strong>Ne</strong></span> <span class='ocrx_word' id='word_1_123' title='bbox 1399 1725 1674 1781; x_wconf 87' lang='lat' dir='ltr'><strong>turberis.</strong></span> <span class='ocrx_word' id='word_1_124' title='bbox 1697 1725 1810 1780; x_wconf 88' lang='lat' dir='ltr'><strong>Iste</strong></span> <span class='ocrx_word' id='word_1_125' title='bbox 1859 1725 2016 1780; x_wconf 88' lang='lat' dir='ltr'><strong>enim</strong></span> 
     </span>
    </p>
   </div>
   <div class='ocr_carea' id='block_1_19' title="bbox 2127 567 3774 642">
    <p class='ocr_par' dir='ltr' id='par_1_19' title="bbox 2127 567 3774 642">
     <span class='ocr_line' id='line_1_19' title="bbox 2127 567 3774 642; baseline 0.002 -20"><span class='ocrx_word' id='word_1_126' title='bbox 2127 567 2339 624; x_wconf 88' lang='lat' dir='ltr'><strong>nientis</strong></span> <span class='ocrx_word' id='word_1_127' title='bbox 2381 587 2498 624; x_wconf 74' lang='lat' dir='ltr'><strong>sua:</strong></span> <span class='ocrx_word' id='word_1_128' title='bbox 2541 573 2682 635; x_wconf 89' lang='lat' dir='ltr'><strong>erat,</strong></span> <span class='ocrx_word' id='word_1_129' title='bbox 2717 587 2820 641; x_wconf 91' lang='lat' dir='ltr'><strong>pro</strong></span> <span class='ocrx_word' id='word_1_130' title='bbox 2851 569 3105 642; x_wconf 84' lang='lat' dir='ltr'><strong>quadam</strong></span> <span class='ocrx_word' id='word_1_131' title='bbox 3137 570 3265 641; x_wconf 88' lang='lat' dir='ltr'><strong>ejus</strong></span> <span class='ocrx_word' id='word_1_132' title='bbox 3313 569 3567 642; x_wconf 85' lang='lat' dir='ltr'><strong>querela,</strong></span> <span class='ocrx_word' id='word_1_133' title='bbox 3593 585 3774 642; x_wconf 86' lang='lat' dir='ltr'><strong>quam</strong></span> 
     </span>
    </p>
   </div>
   <div class='ocr_carea' id='block_1_20' title="bbox 2125 656 3775 730">
    <p class='ocr_par' dir='ltr' id='par_1_20' title="bbox 2125 656 3775 730">
     <span class='ocr_line' id='line_1_20' title="bbox 2125 656 3775 730; baseline 0.002 -20"><span class='ocrx_word' id='word_1_134' title='bbox 2125 674 2239 712; x_wconf 90' lang='lat' dir='ltr'><strong>non</strong></span> <span class='ocrx_word' id='word_1_135' title='bbox 2270 656 2470 712; x_wconf 70' lang='lat' dir='ltr'><strong>statim</strong></span> <span class='ocrx_word' id='word_1_136' title='bbox 2493 657 2848 730; x_wconf 72' lang='lat' dir='ltr'><strong>expedierat,</strong></span> <span class='ocrx_word' id='word_1_137' title='bbox 2869 658 3410 714; x_wconf 87' lang='lat' dir='ltr'><strong>cxcommunicatus</strong></span> <span class='ocrx_word' id='word_1_138' title='bbox 3441 659 3775 714; x_wconf 81' lang='lat' dir='ltr'><strong>est.Etmo-</strong></span> 
     </span>
    </p>
   </div>
   <div class='ocr_carea' id='block_1_21' title="bbox 2126 746 3779 820">
    <p class='ocr_par' dir='ltr' id='par_1_21' title="bbox 2126 746 3779 820">
     <span class='ocr_line' id='line_1_21' title="bbox 2126 746 3779 820; baseline 0.002 -19"><span class='ocrx_word' id='word_1_139' title='bbox 2126 746 2350 802; x_wconf 90' lang='lat' dir='ltr'><strong>nachus</strong></span> <span class='ocrx_word' id='word_1_140' title='bbox 2373 747 2610 818; x_wconf 88' lang='lat' dir='ltr'><strong>quidem</strong></span> <span class='ocrx_word' id='word_1_141' title='bbox 2641 746 3243 802; x_wconf 85' lang='lat' dir='ltr'><strong>excommunicatione</strong></span> <span class='ocrx_word' id='word_1_142' title='bbox 3286 747 3343 802; x_wconf 91' lang='lat' dir='ltr'><strong>in</strong></span> <span class='ocrx_word' id='word_1_143' title='bbox 3395 748 3610 820; x_wconf 90' lang='lat' dir='ltr'><strong>petatio</strong></span> <span class='ocrx_word' id='word_1_144' title='bbox 3639 749 3779 804; x_wconf 89' lang='lat' dir='ltr'><strong>des-</strong></span> 
     </span>
    </p>
   </div>
   <div class='ocr_carea' id='block_1_22' title="bbox 2126 835 3777 909">
    <p class='ocr_par' dir='ltr' id='par_1_22' title="bbox 2126 835 3777 909">
     <span class='ocr_line' id='line_1_22' title="bbox 2126 835 3777 909; baseline 0.001 -19"><span class='ocrx_word' id='word_1_145' title='bbox 2126 836 2330 908; x_wconf 89' lang='lat' dir='ltr'><strong>cripta,</strong></span> <span class='ocrx_word' id='word_1_146' title='bbox 2364 840 2420 890; x_wconf 90' lang='lat' dir='ltr'><strong>et</strong></span> <span class='ocrx_word' id='word_1_147' title='bbox 2449 853 2564 906; x_wconf 90' lang='lat' dir='ltr'><strong>quo</strong></span> <span class='ocrx_word' id='word_1_148' title='bbox 2595 836 2668 890; x_wconf 91' lang='lat' dir='ltr'><strong>ab</strong></span> <span class='ocrx_word' id='word_1_149' title='bbox 2700 835 3051 908; x_wconf 81' lang='lat' dir='ltr'><strong>imperatore</strong></span> <span class='ocrx_word' id='word_1_150' title='bbox 3090 835 3347 891; x_wconf 84' lang='lat' dir='ltr'><strong>invenire</strong></span> <span class='ocrx_word' id='word_1_151' title='bbox 3395 841 3592 908; x_wconf 87' lang='lat' dir='ltr'><strong>posset</strong></span> <span class='ocrx_word' id='word_1_152' title='bbox 3639 855 3777 909; x_wconf 90' lang='lat' dir='ltr'><strong>pro-</strong></span> 
     </span>
    </p>
   </div>
   <div class='ocr_carea' id='block_1_23' title="bbox 2119 925 3777 999">
    <p class='ocr_par' dir='ltr' id='par_1_23' title="bbox 2119 925 3777 999">
     <span class='ocr_line' id='line_1_23' title="bbox 2119 925 3777 999; baseline 0 -19"><span class='ocrx_word' id='word_1_153' title='bbox 2119 927 2274 996; x_wconf 79' lang='lat' dir='ltr'><strong>jecta</strong></span> <span class='ocrx_word' id='word_1_154' title='bbox 2304 925 2678 981; x_wconf 78' lang='lat' dir='ltr'><strong>discessit.At</strong></span> <span class='ocrx_word' id='word_1_155' title='bbox 2717 925 3033 997; x_wconf 81' lang='lat' dir='ltr'><strong>imperator</strong></span> <span class='ocrx_word' id='word_1_156' title='bbox 3057 943 3170 980; x_wconf 90' lang='lat' dir='ltr'><strong>non</strong></span> <span class='ocrx_word' id='word_1_157' title='bbox 3205 925 3371 980; x_wconf 90' lang='lat' dir='ltr'><strong>illum</strong></span> <span class='ocrx_word' id='word_1_158' title='bbox 3394 943 3777 999; x_wconf 77' lang='lat' dir='ltr'><strong>gyrovagum,</strong></span> 
     </span>
    </p>
   </div>
   <div class='ocr_carea' id='block_1_24' title="bbox 2126 1014 3780 1086">
    <p class='ocr_par' dir='ltr' id='par_1_24' title="bbox 2126 1014 3780 1086">
     <span class='ocr_line' id='line_1_24' title="bbox 2126 1014 3780 1086; baseline 0 -16"><span class='ocrx_word' id='word_1_159' title='bbox 2126 1015 2226 1070; x_wconf 90' lang='lat' dir='ltr'><strong>sed</strong></span> <span class='ocrx_word' id='word_1_160' title='bbox 2257 1014 2553 1070; x_wconf 74' lang='lat' dir='ltr'><strong>ctelestem</strong></span> <span class='ocrx_word' id='word_1_161' title='bbox 2586 1015 2778 1086; x_wconf 84' lang='lat' dir='ltr'><strong>potius</strong></span> <span class='ocrx_word' id='word_1_162' title='bbox 2812 1031 3024 1084; x_wconf 84' lang='lat' dir='ltr'><strong>regem,</strong></span> <span class='ocrx_word' id='word_1_163' title='bbox 3061 1015 3232 1085; x_wconf 85' lang='lat' dir='ltr'><strong>cujus</strong></span> <span class='ocrx_word' id='word_1_164' title='bbox 3261 1014 3607 1070; x_wconf 84' lang='lat' dir='ltr'><strong>auctoritate</strong></span> <span class='ocrx_word' id='word_1_165' title='bbox 3630 1015 3780 1070; x_wconf 84' lang='lat' dir='ltr'><strong>solet</strong></span> 
     </span>
    </p>
   </div>
   <div class='ocr_carea' id='block_1_25' title="bbox 2126 1102 3777 1176">
    <p class='ocr_par' dir='ltr' id='par_1_25' title="bbox 2126 1102 3777 1176">
     <span class='ocr_line' id='line_1_25' title="bbox 2126 1102 3777 1176; baseline 0.001 -20"><span class='ocrx_word' id='word_1_166' title='bbox 2126 1103 2648 1158; x_wconf 82' lang='lat' dir='ltr'><strong>excommunicatio</strong></span> <span class='ocrx_word' id='word_1_167' title='bbox 2678 1102 2824 1168; x_wconf 79' lang='lat' dir='ltr'><strong>Iieri,</strong></span> <span class='ocrx_word' id='word_1_168' title='bbox 2859 1103 2914 1157; x_wconf 90' lang='lat' dir='ltr'><strong>in</strong></span> <span class='ocrx_word' id='word_1_169' title='bbox 2945 1121 3124 1159; x_wconf 85' lang='lat' dir='ltr'><strong>causa</strong></span> <span class='ocrx_word' id='word_1_170' title='bbox 3161 1104 3560 1168; x_wconf 81' lang='lat' dir='ltr'><strong>considerans,</strong></span> <span class='ocrx_word' id='word_1_171' title='bbox 3596 1121 3777 1176; x_wconf 83' lang='lat' dir='ltr'><strong>pran-</strong></span> 
     </span>
    </p>
   </div>
   <div class='ocr_carea' id='block_1_26' title="bbox 2127 1191 3775 1264">
    <p class='ocr_par' dir='ltr' id='par_1_26' title="bbox 2127 1191 3775 1264">
     <span class='ocr_line' id='line_1_26' title="bbox 2127 1191 3775 1264; baseline 0.001 -18"><span class='ocrx_word' id='word_1_172' title='bbox 2127 1193 2261 1248; x_wconf 91' lang='lat' dir='ltr'><strong>dere</strong></span> <span class='ocrx_word' id='word_1_173' title='bbox 2309 1191 2668 1257; x_wconf 82' lang='lat' dir='ltr'><strong>nullatenus,</strong></span> <span class='ocrx_word' id='word_1_174' title='bbox 2709 1209 2842 1246; x_wconf 90' lang='lat' dir='ltr'><strong>cum</strong></span> <span class='ocrx_word' id='word_1_175' title='bbox 2893 1191 3130 1264; x_wconf 84' lang='lat' dir='ltr'><strong>quidem</strong></span> <span class='ocrx_word' id='word_1_176' title='bbox 3190 1193 3554 1248; x_wconf 89' lang='lat' dir='ltr'><strong>incumberet</strong></span> <span class='ocrx_word' id='word_1_177' title='bbox 3609 1192 3775 1260; x_wconf 88' lang='lat' dir='ltr'><strong>hora,</strong></span> 
     </span>
    </p>
   </div>
   <div class='ocr_carea' id='block_1_27' title="bbox 2127 1281 3779 1354">
    <p class='ocr_par' dir='ltr' id='par_1_27' title="bbox 2127 1281 3779 1354">
     <span class='ocr_line' id='line_1_27' title="bbox 2127 1281 3779 1354; baseline 0.001 -18"><span class='ocrx_word' id='word_1_178' title='bbox 2127 1283 2518 1354; x_wconf 63' lang='lat' dir='ltr'><strong>p&#39;aasumpsit.</strong></span> <span class='ocrx_word' id='word_1_179' title='bbox 2544 1281 2857 1353; x_wconf 81' lang='lat' dir='ltr'><strong>Multisque</strong></span> <span class='ocrx_word' id='word_1_180' title='bbox 2883 1281 3172 1354; x_wconf 77' lang='lat' dir='ltr'><strong>episcopis</strong></span> <span class='ocrx_word' id='word_1_181' title='bbox 3201 1299 3396 1337; x_wconf 88' lang='lat' dir='ltr'><strong>coram</strong></span> <span class='ocrx_word' id='word_1_182' title='bbox 3418 1281 3779 1348; x_wconf 84' lang='lat' dir='ltr'><strong>astantibus,</strong></span> 
     </span>
    </p>
   </div>
   <div class='ocr_carea' id='block_1_28' title="bbox 2127 1368 3782 1441">
    <p class='ocr_par' dir='ltr' id='par_1_28' title="bbox 2127 1368 3782 1441">
     <span class='ocr_line' id='line_1_28' title="bbox 2127 1368 3782 1441; baseline 0.001 -17"><span class='ocrx_word' id='word_1_183' title='bbox 2127 1369 2302 1424; x_wconf 87' lang='lat' dir='ltr'><strong>etiam</strong></span> <span class='ocrx_word' id='word_1_184' title='bbox 2337 1368 2434 1423; x_wconf 91' lang='lat' dir='ltr'><strong>illo</strong></span> <span class='ocrx_word' id='word_1_185' title='bbox 2464 1370 2735 1440; x_wconf 86' lang='lat' dir='ltr'><strong>episcopo</strong></span> <span class='ocrx_word' id='word_1_186' title='bbox 2775 1369 2844 1422; x_wconf 90' lang='lat' dir='ltr'><strong>ad</strong></span> <span class='ocrx_word' id='word_1_187' title='bbox 2897 1371 3069 1440; x_wconf 85' lang='lat' dir='ltr'><strong>cujus</strong></span> <span class='ocrx_word' id='word_1_188' title='bbox 3117 1369 3413 1424; x_wconf 78' lang='lat' dir='ltr'><strong>dicecesim</strong></span> <span class='ocrx_word' id='word_1_189' title='bbox 3465 1369 3782 1441; x_wconf 71' lang='lat' dir='ltr'><strong>praedictus</strong></span> 
     </span>
    </p>
   </div>
   <div class='ocr_carea' id='block_1_29' title="bbox 2128 1457 3777 1530">
    <p class='ocr_par' dir='ltr' id='par_1_29' title="bbox 2128 1457 3777 1530">
     <span class='ocr_line' id='line_1_29' title="bbox 2128 1457 3777 1530; baseline 0.001 -18"><span class='ocrx_word' id='word_1_190' title='bbox 2128 1457 2451 1512; x_wconf 85' lang='lat' dir='ltr'><strong>monachus</strong></span> <span class='ocrx_word' id='word_1_191' title='bbox 2486 1458 2830 1529; x_wconf 87' lang='lat' dir='ltr'><strong>pertinebat,</strong></span> <span class='ocrx_word' id='word_1_192' title='bbox 2868 1457 3160 1514; x_wconf 88' lang='lat' dir='ltr'><strong>licentiam</strong></span> <span class='ocrx_word' id='word_1_193' title='bbox 3192 1457 3632 1530; x_wconf 86' lang='lat' dir='ltr'><strong>dantibus,cogi</strong></span> <span class='ocrx_word' id='word_1_194' title='bbox 3659 1475 3777 1514; x_wconf 90' lang='lat' dir='ltr'><strong>non</strong></span> 
     </span>
    </p>
   </div>
   <div class='ocr_carea' id='block_1_30' title="bbox 2127 1545 3780 1619">
    <p class='ocr_par' dir='ltr' id='par_1_30' title="bbox 2127 1545 3780 1619">
     <span class='ocr_line' id='line_1_30' title="bbox 2127 1545 3780 1619; baseline 0.001 -17"><span class='ocrx_word' id='word_1_195' title='bbox 2127 1546 2333 1618; x_wconf 92' lang='lat' dir='ltr'><strong>potuit,</strong></span> <span class='ocrx_word' id='word_1_196' title='bbox 2369 1551 2432 1601; x_wconf 92' lang='lat' dir='ltr'><strong>ut</strong></span> <span class='ocrx_word' id='word_1_197' title='bbox 2477 1546 2698 1619; x_wconf 89' lang='lat' dir='ltr'><strong>aliquid</strong></span> <span class='ocrx_word' id='word_1_198' title='bbox 2744 1553 3028 1618; x_wconf 82' lang='lat' dir='ltr'><strong>gustaret.</strong></span> <span class='ocrx_word' id='word_1_199' title='bbox 3064 1547 3253 1602; x_wconf 90' lang='lat' dir='ltr'><strong>Donec</strong></span> <span class='ocrx_word' id='word_1_200' title='bbox 3300 1545 3623 1603; x_wconf 85' lang='lat' dir='ltr'><strong>monachus</strong></span> <span class='ocrx_word' id='word_1_201' title='bbox 3671 1547 3780 1605; x_wconf 85' lang='lat' dir='ltr'><strong>diu</strong></span> 
     </span>
    </p>
   </div>
   <div class='ocr_carea' id='block_1_31' title="bbox 2127 1634 3780 1710">
    <p class='ocr_par' dir='ltr' id='par_1_31' title="bbox 2127 1634 3780 1710">
     <span class='ocr_line' id='line_1_31' title="bbox 2127 1634 3780 1710; baseline 0.001 -21"><span class='ocrx_word' id='word_1_202' title='bbox 2127 1636 2497 1707; x_wconf 88' lang='lat' dir='ltr'><strong>multumque</strong></span> <span class='ocrx_word' id='word_1_203' title='bbox 2527 1634 2831 1708; x_wconf 66' lang='lat' dir='ltr'><strong>quaesitus,</strong></span> <span class='ocrx_word' id='word_1_204' title='bbox 2857 1641 2912 1690; x_wconf 83' lang='lat' dir='ltr'><strong>et</strong></span> <span class='ocrx_word' id='word_1_205' title='bbox 2939 1635 3252 1708; x_wconf 82' lang='lat' dir='ltr'><strong>aliquando</strong></span> <span class='ocrx_word' id='word_1_206' title='bbox 3275 1641 3556 1708; x_wconf 86' lang='lat' dir='ltr'><strong>repertus,</strong></span> <span class='ocrx_word' id='word_1_207' title='bbox 3589 1636 3780 1710; x_wconf 87' lang='lat' dir='ltr'><strong>impe-</strong></span> 
     </span>
    </p>
   </div>
   <div class='ocr_carea' id='block_1_32' title="bbox 2125 1723 2848 1780">
    <p class='ocr_par' dir='ltr' id='par_1_32' title="bbox 2125 1723 2848 1780">
     <span class='ocr_line' id='line_1_32' title="bbox 2125 1723 2848 1780; baseline 0 -2"><span class='ocrx_word' id='word_1_208' title='bbox 2125 1723 2304 1780; x_wconf 89' lang='lat' dir='ltr'><strong>ratori</strong></span> <span class='ocrx_word' id='word_1_209' title='bbox 2336 1724 2630 1780; x_wconf 87' lang='lat' dir='ltr'><strong>licentiam</strong></span> <span class='ocrx_word' id='word_1_210' title='bbox 2664 1725 2848 1778; x_wconf 89' lang='lat' dir='ltr'><strong>daret.</strong></span> 
     </span>
    </p>
   </div>
   <div class='ocr_carea' id='block_1_33' title="bbox 369 1805 3775 1910">
    <p class='ocr_par' dir='ltr' id='par_1_33' title="bbox 369 1805 3775 1910">
     <span class='ocr_line' id='line_1_33' title="bbox 369 1805 3775 1910; baseline 0.003 -50"><span class='ocrx_word' id='word_1_211' title='bbox 369 1805 508 1910; x_wconf 68' lang='lat' dir='ltr'><strong>licet</strong></span> <span class='ocrx_word' id='word_1_212' title='bbox 558 1809 744 1910; x_wconf 76' lang='lat' dir='ltr'><strong>multa</strong></span> <span class='ocrx_word' id='word_1_213' title='bbox 793 1811 1010 1880; x_wconf 81' lang='lat' dir='ltr'><strong>fecerit,</strong></span> <span class='ocrx_word' id='word_1_214' title='bbox 1035 1817 1228 1869; x_wconf 89' lang='lat' dir='ltr'><strong>tamen</strong></span> <span class='ocrx_word' id='word_1_215' title='bbox 1281 1832 1382 1886; x_wconf 88' lang='lat' dir='ltr'><strong>per</strong></span> <span class='ocrx_word' id='word_1_216' title='bbox 1431 1814 1573 1870; x_wconf 93' lang='lat' dir='ltr'><strong>illud</strong></span> <span class='ocrx_word' id='word_1_217' title='bbox 1606 1814 1812 1870; x_wconf 90' lang='lat' dir='ltr'><strong>vitium</strong></span> <span class='ocrx_word' id='word_1_218' title='bbox 1861 1813 2014 1884; x_wconf 90' lang='lat' dir='ltr'><strong>quod</strong></span> <span class='ocrx_word' id='word_1_219' title='bbox 2047 1846 2095 1910; x_wconf 79' lang='grc' dir='ltr'>Β</span> <span class='ocrx_word' id='word_1_220' title='bbox 2124 1814 2258 1871; x_wconf 64' lang='lat' dir='ltr'><strong>Car.</strong></span> <span class='ocrx_word' id='word_1_221' title='bbox 2297 1814 2479 1870; x_wconf 82' lang='lat' dir='ltr'><strong>LXIV.</strong></span> <span class='ocrx_word' id='word_1_222' title='bbox 2507 1846 2573 1856; x_wconf 89' lang='lat'><strong>—-</strong></span> <span class='ocrx_word' id='word_1_223' title='bbox 2597 1815 2728 1870; x_wconf 86' lang='lat' dir='ltr'><strong>Item</strong></span> <span class='ocrx_word' id='word_1_224' title='bbox 2761 1813 2914 1868; x_wconf 85' lang='lat' dir='ltr'><strong>aliud</strong></span> <span class='ocrx_word' id='word_1_225' title='bbox 2933 1814 3432 1910; x_wconf 40' lang='lat' dir='ltr'><strong>exemplum-nimis</strong></span> <span class='ocrx_word' id='word_1_226' title='bbox 3444 1815 3775 1886; x_wconf 77' lang='lat' dir='ltr'><strong>pavendum,</strong></span> 
     </span>
    </p>
   </div>
   <div class='ocr_carea' id='block_1_34' title="bbox 368 1895 2018 1970">
    <p class='ocr_par' dir='ltr' id='par_1_34' title="bbox 368 1895 2018 1970">
     <span class='ocr_line' id='line_1_34' title="bbox 368 1895 2018 1970; baseline 0.004 -20"><span class='ocrx_word' id='word_1_227' title='bbox 368 1895 684 1967; x_wconf 86' lang='lat' dir='ltr'><strong>Apostolus</strong></span> <span class='ocrx_word' id='word_1_228' title='bbox 729 1904 893 1955; x_wconf 87' lang='lat' dir='ltr'><strong>vocat</strong></span> <span class='ocrx_word' id='word_1_229' title='bbox 917 1899 1374 1970; x_wconf 89' lang='lat' dir='ltr'><strong>immunditiam,</strong></span> <span class='ocrx_word' id='word_1_230' title='bbox 1407 1907 1618 1958; x_wconf 89' lang='lat' dir='ltr'><strong>cuncta</strong></span> <span class='ocrx_word' id='word_1_231' title='bbox 1641 1901 1896 1957; x_wconf 78' lang='lat' dir='ltr'><strong>ftedavit.</strong></span> <span class='ocrx_word' id='word_1_232' title='bbox 1937 1901 2018 1956; x_wconf 88' lang='lat' dir='ltr'><strong>De</strong></span> 
     </span>
    </p>
   </div>
   <div class='ocr_carea' id='block_1_35' title="bbox 371 1985 2062 2064">
    <p class='ocr_par' dir='ltr' id='par_1_35' title="bbox 371 1985 2062 2064">
     <span class='ocr_line' id='line_1_35' title="bbox 371 1985 2062 2064; baseline 0.005 -27"><span class='ocrx_word' id='word_1_233' title='bbox 371 1998 487 2055; x_wconf 89' lang='lat' dir='ltr'><strong>quo</strong></span> <span class='ocrx_word' id='word_1_234' title='bbox 507 1985 791 2058; x_wconf 86' lang='lat' dir='ltr'><strong>propheta</strong></span> <span class='ocrx_word' id='word_1_235' title='bbox 812 1989 925 2044; x_wconf 88' lang='lat' dir='ltr'><strong>ait:</strong></span> <span class='ocrx_word' id='word_1_236' title='bbox 951 1989 1140 2046; x_wconf 78' lang='lat' dir='ltr'><strong>Manus</strong></span> <span class='ocrx_word' id='word_1_237' title='bbox 1169 1999 1359 2048; x_wconf 72' lang='lat' dir='ltr'><strong>vestra:</strong></span> <span class='ocrx_word' id='word_1_238' title='bbox 1386 1993 1654 2064; x_wconf 80' lang='lat' dir='ltr'><strong>sanguine</strong></span> <span class='ocrx_word' id='word_1_239' title='bbox 1671 1993 1848 2063; x_wconf 79' lang='lat' dir='ltr'><strong>plena&#39;</strong></span> <span class='ocrx_word' id='word_1_240' title='bbox 1867 1997 2013 2058; x_wconf 85' lang='lat' dir='ltr'><strong>sunt,</strong></span> <span class='ocrx_word' id='word_1_241' title='bbox 2059 2029 2062 2032; x_wconf 62' lang='grc' dir='ltr'><em>η</em></span> 
     </span>
    </p>
   </div>
   <div class='ocr_carea' id='block_1_36' title="bbox 370 2071 2016 2153">
    <p class='ocr_par' dir='ltr' id='par_1_36' title="bbox 370 2071 2016 2153">
     <span class='ocr_line' id='line_1_36' title="bbox 370 2071 2016 2153; baseline 0.003 -25"><span class='ocrx_word' id='word_1_242' title='bbox 370 2071 672 2144; x_wconf 88' lang='lat' dir='ltr'><strong>Siquidem</strong></span> <span class='ocrx_word' id='word_1_243' title='bbox 691 2077 803 2132; x_wconf 87' lang='lat' dir='ltr'><strong>tale</strong></span> <span class='ocrx_word' id='word_1_244' title='bbox 823 2077 1044 2150; x_wconf 89' lang='lat' dir='ltr'><strong>aliquid</strong></span> <span class='ocrx_word' id='word_1_245' title='bbox 1067 2085 1264 2136; x_wconf 91' lang='lat' dir='ltr'><strong>nostro</strong></span> <span class='ocrx_word' id='word_1_246' title='bbox 1283 2086 1538 2152; x_wconf 88' lang='lat' dir='ltr'><strong>tempore</strong></span> <span class='ocrx_word' id='word_1_247' title='bbox 1560 2081 1821 2153; x_wconf 80' lang='lat' dir='ltr'><strong>contigit,</strong></span> <span class='ocrx_word' id='word_1_248' title='bbox 1838 2079 2016 2152; x_wconf 89' lang='lat' dir='ltr'><strong>quod,</strong></span> 
     </span>
    </p>
   </div>
   <div class='ocr_carea' id='block_1_37' title="bbox 371 2163 1784 2238">
    <p class='ocr_par' dir='ltr' id='par_1_37' title="bbox 371 2163 1784 2238">
     <span class='ocr_line' id='line_1_37' title="bbox 371 2163 1784 2238; baseline 0.005 -20"><span class='ocrx_word' id='word_1_249' title='bbox 371 2178 444 2218; x_wconf 92' lang='lat' dir='ltr'><strong>ne</strong></span> <span class='ocrx_word' id='word_1_250' title='bbox 473 2163 564 2224; x_wconf 80' lang='lat' dir='ltr'><strong>sui</strong></span> <span class='ocrx_word' id='word_1_251' title='bbox 597 2165 849 2223; x_wconf 87' lang='lat' dir='ltr'><strong>novitate</strong></span> <span class='ocrx_word' id='word_1_252' title='bbox 869 2167 1127 2238; x_wconf 89' lang='lat' dir='ltr'><strong>vilescat,</strong></span> <span class='ocrx_word' id='word_1_253' title='bbox 1153 2169 1643 2227; x_wconf 89' lang='lat' dir='ltr'><strong>considerandum</strong></span> <span class='ocrx_word' id='word_1_254' title='bbox 1675 2175 1784 2225; x_wconf 90' lang='lat' dir='ltr'><strong>est.</strong></span> 
     </span>
    </p>
   </div>
   <div class='ocr_carea' id='block_1_38' title="bbox 537 2279 1857 2359">
    <p class='ocr_par' dir='ltr' id='par_1_38' title="bbox 537 2279 1857 2359">
     <span class='ocr_line' id='line_1_38' title="bbox 537 2279 1857 2359; baseline 0.004 -24"><span class='ocrx_word' id='word_1_255' title='bbox 537 2279 674 2336; x_wconf 67' lang='lat' dir='ltr'><strong>Car.</strong></span> <span class='ocrx_word' id='word_1_256' title='bbox 711 2281 848 2338; x_wconf 87' lang='lat' dir='ltr'><strong>LXI.</strong></span> <span class='ocrx_word' id='word_1_257' title='bbox 883 2315 948 2324; x_wconf 94' lang='lat'><strong>-</strong></span> <span class='ocrx_word' id='word_1_258' title='bbox 977 2285 1312 2359; x_wconf 69' lang='lat' dir='ltr'><strong>Stupemlum</strong></span> <span class='ocrx_word' id='word_1_259' title='bbox 1338 2288 1508 2342; x_wconf 83' lang='lat' dir='ltr'><strong>nimis</strong></span> <span class='ocrx_word' id='word_1_260' title='bbox 1532 2286 1598 2343; x_wconf 89' lang='lat' dir='ltr'><strong>de</strong></span> <span class='ocrx_word' id='word_1_261' title='bbox 1626 2286 1857 2359; x_wconf 82' lang='lat' dir='ltr'><strong>quodam</strong></span> 
     </span>
    </p>
   </div>
   <div class='ocr_carea' id='block_1_39' title="bbox 1029 2357 1360 2431">
    <p class='ocr_par' dir='ltr' id='par_1_39' title="bbox 1029 2357 1360 2431">
     <span class='ocr_line' id='line_1_39' title="bbox 1029 2357 1360 2431; baseline -0.003 -18"><span class='ocrx_word' id='word_1_262' title='bbox 1029 2357 1360 2431; x_wconf 77' lang='lat' dir='ltr'><strong>presbytero.</strong></span> 
     </span>
    </p>
   </div>
   <div class='ocr_carea' id='block_1_40' title="bbox 442 2447 2018 2528">
    <p class='ocr_par' dir='ltr' id='par_1_40' title="bbox 442 2447 2018 2528">
     <span class='ocr_line' id='line_1_40' title="bbox 442 2447 2018 2528; baseline 0.004 -24"><span class='ocrx_word' id='word_1_263' title='bbox 442 2447 690 2513; x_wconf 85' lang='lat' dir='ltr'><strong>Quidam</strong></span> <span class='ocrx_word' id='word_1_264' title='bbox 722 2468 977 2525; x_wconf 89' lang='lat' dir='ltr'><strong>namque</strong></span> <span class='ocrx_word' id='word_1_265' title='bbox 1005 2454 1306 2528; x_wconf 80' lang='lat' dir='ltr'><strong>presbyter</strong></span> <span class='ocrx_word' id='word_1_266' title='bbox 1333 2455 1390 2510; x_wconf 89' lang='lat' dir='ltr'><strong>in</strong></span> <span class='ocrx_word' id='word_1_267' title='bbox 1439 2455 1589 2528; x_wconf 86' lang='lat' dir='ltr'><strong>Page</strong></span> <span class='ocrx_word' id='word_1_268' title='bbox 1627 2453 2018 2510; x_wconf 74' lang='lat' dir='ltr'><strong>Abitincatino</strong></span> 
     </span>
    </p>
   </div>
   <div class='ocr_carea' id='block_1_41' title="bbox 373 2534 2018 2618">
    <p class='ocr_par' dir='ltr' id='par_1_41' title="bbox 373 2534 2018 2618">
     <span class='ocr_line' id='line_1_41' title="bbox 373 2534 2018 2618; baseline 0.006 -29"><span class='ocrx_word' id='word_1_269' title='bbox 373 2534 446 2590; x_wconf 91' lang='lat' dir='ltr'><strong>de</strong></span> <span class='ocrx_word' id='word_1_270' title='bbox 475 2538 836 2606; x_wconf 73' lang='lat' dir='ltr'><strong>cpntinentia</strong></span> <span class='ocrx_word' id='word_1_271' title='bbox 865 2543 1291 2615; x_wconf 90' lang='lat' dir='ltr'><strong>desperaverat.</strong></span> <span class='ocrx_word' id='word_1_272' title='bbox 1327 2545 1428 2601; x_wconf 88' lang='lat' dir='ltr'><strong>llic</strong></span> <span class='ocrx_word' id='word_1_273' title='bbox 1473 2562 1576 2618; x_wconf 92' lang='lat' dir='ltr'><strong>per</strong></span> <span class='ocrx_word' id='word_1_274' title='bbox 1615 2562 1820 2601; x_wconf 86' lang='lat' dir='ltr'><strong>novem</strong></span> <span class='ocrx_word' id='word_1_275' title='bbox 1864 2546 2018 2601; x_wconf 88' lang='lat' dir='ltr'><strong>vices</strong></span> 
     </span>
    </p>
   </div>
   <div class='ocr_carea' id='block_1_42' title="bbox 373 2621 2020 2706">
    <p class='ocr_par' dir='ltr' id='par_1_42' title="bbox 373 2621 2020 2706">
     <span class='ocr_line' id='line_1_42' title="bbox 373 2621 2020 2706; baseline 0.005 -27"><span class='ocrx_word' id='word_1_276' title='bbox 373 2621 619 2682; x_wconf 81' lang='lat' dir='ltr'><strong>Romam</strong></span> <span class='ocrx_word' id='word_1_277' title='bbox 635 2628 838 2697; x_wconf 88' lang='lat' dir='ltr'><strong>adiit,a</strong></span> <span class='ocrx_word' id='word_1_278' title='bbox 852 2631 914 2686; x_wconf 92' lang='lat' dir='ltr'><strong>B.</strong></span> <span class='ocrx_word' id='word_1_279' title='bbox 930 2632 1095 2687; x_wconf 84' lang='lat' dir='ltr'><strong>Petro</strong></span> <span class='ocrx_word' id='word_1_280' title='bbox 1116 2633 1336 2690; x_wconf 89' lang='lat' dir='ltr'><strong>scilicet</strong></span> <span class='ocrx_word' id='word_1_281' title='bbox 1355 2634 1765 2706; x_wconf 86' lang='lat' dir='ltr'><strong>impunitatem</strong></span> <span class='ocrx_word' id='word_1_282' title='bbox 1785 2633 2020 2688; x_wconf 90' lang='lat' dir='ltr'><strong>sceleris</strong></span> 
     </span>
    </p>
   </div>
   <div class='ocr_carea' id='block_1_43' title="bbox 370 2713 2018 2794">
    <p class='ocr_par' dir='ltr' id='par_1_43' title="bbox 370 2713 2018 2794">
     <span class='ocr_line' id='line_1_43' title="bbox 370 2713 2018 2794; baseline 0.006 -26"><span class='ocrx_word' id='word_1_283' title='bbox 370 2713 539 2784; x_wconf 87' lang='lat' dir='ltr'><strong>quasi</strong></span> <span class='ocrx_word' id='word_1_284' title='bbox 572 2721 808 2790; x_wconf 86' lang='lat' dir='ltr'><strong>propter</strong></span> <span class='ocrx_word' id='word_1_285' title='bbox 826 2721 1187 2794; x_wconf 83' lang='lat' dir='ltr'><strong>frequentem</strong></span> <span class='ocrx_word' id='word_1_286' title='bbox 1212 2723 1320 2778; x_wconf 92' lang='lat' dir='ltr'><strong>loci</strong></span> <span class='ocrx_word' id='word_1_287' title='bbox 1342 2723 1734 2779; x_wconf 87' lang='lat' dir='ltr'><strong>visitationem</strong></span> <span class='ocrx_word' id='word_1_288' title='bbox 1774 2740 2018 2794; x_wconf 87' lang='lat' dir='ltr'><strong>sperans</strong></span> 
     </span>
    </p>
   </div>
   <div class='ocr_carea' id='block_1_44' title="bbox 369 2805 2018 2884">
    <p class='ocr_par' dir='ltr' id='par_1_44' title="bbox 369 2805 2018 2884">
     <span class='ocr_line' id='line_1_44' title="bbox 369 2805 2018 2884; baseline 0.005 -26"><span class='ocrx_word' id='word_1_289' title='bbox 369 2805 722 2874; x_wconf 59' lang='lat' dir='ltr'><strong>promereri;</strong></span> <span class='ocrx_word' id='word_1_290' title='bbox 751 2811 1022 2882; x_wconf 86' lang='lat' dir='ltr'><strong>quamvis</strong></span> <span class='ocrx_word' id='word_1_291' title='bbox 1051 2811 1208 2867; x_wconf 89' lang='lat' dir='ltr'><strong>enim</strong></span> <span class='ocrx_word' id='word_1_292' title='bbox 1237 2816 1538 2884; x_wconf 89' lang='lat' dir='ltr'><strong>peccatum</strong></span> <span class='ocrx_word' id='word_1_293' title='bbox 1582 2813 1847 2868; x_wconf 89' lang='lat' dir='ltr'><strong>deserere</strong></span> <span class='ocrx_word' id='word_1_294' title='bbox 1894 2811 2018 2866; x_wconf 86' lang='lat' dir='ltr'><strong>nol-</strong></span> 
     </span>
    </p>
   </div>
   <div class='ocr_carea' id='block_1_45' title="bbox 366 2887 2020 2973">
    <p class='ocr_par' dir='ltr' id='par_1_45' title="bbox 366 2887 2020 2973">
     <span class='ocr_line' id='line_1_45' title="bbox 366 2887 2020 2973; baseline 0.007 -29"><span class='ocrx_word' id='word_1_295' title='bbox 366 2887 468 2958; x_wconf 89' lang='lat' dir='ltr'><strong>let,</strong></span> <span class='ocrx_word' id='word_1_296' title='bbox 501 2895 697 2951; x_wconf 89' lang='lat' dir='ltr'><strong>tamen</strong></span> <span class='ocrx_word' id='word_1_297' title='bbox 726 2897 1100 2956; x_wconf 88' lang='lat' dir='ltr'><strong>vehementer</strong></span> <span class='ocrx_word' id='word_1_298' title='bbox 1129 2900 1393 2968; x_wconf 86' lang='lat' dir='ltr'><strong>timebat,</strong></span> <span class='ocrx_word' id='word_1_299' title='bbox 1427 2901 1705 2973; x_wconf 89' lang='lat' dir='ltr'><strong>quoniam</strong></span> <span class='ocrx_word' id='word_1_300' title='bbox 1759 2900 1866 2955; x_wconf 88' lang='lat' dir='ltr'><strong>iste</strong></span> <span class='ocrx_word' id='word_1_301' title='bbox 1893 2917 2020 2956; x_wconf 91' lang='lat' dir='ltr'><strong>mos</strong></span> 
     </span>
    </p>
   </div>
   <div class='ocr_carea' id='block_1_46' title="bbox 369 2983 2020 3071">
    <p class='ocr_par' dir='ltr' id='par_1_46' title="bbox 369 2983 2020 3071">
     <span class='ocr_line' id='line_1_46' title="bbox 369 2983 2020 3071; baseline 0.006 -37"><span class='ocrx_word' id='word_1_302' title='bbox 369 2983 462 3036; x_wconf 84' lang='lat' dir='ltr'><strong>est</strong></span> <span class='ocrx_word' id='word_1_303' title='bbox 503 2999 834 3054; x_wconf 81' lang='lat' dir='ltr'><strong>pravorum,</strong></span> <span class='ocrx_word' id='word_1_304' title='bbox 868 2991 936 3042; x_wconf 92' lang='lat' dir='ltr'><strong>ut</strong></span> <span class='ocrx_word' id='word_1_305' title='bbox 981 2988 1114 3044; x_wconf 90' lang='lat' dir='ltr'><strong>licet</strong></span> <span class='ocrx_word' id='word_1_306' title='bbox 1161 2989 1220 3044; x_wconf 93' lang='lat' dir='ltr'><strong>in</strong></span> <span class='ocrx_word' id='word_1_307' title='bbox 1269 2989 1444 3071; x_wconf 77' lang='lat' dir='ltr'><strong>culpa</strong></span> <span class='ocrx_word' id='word_1_308' title='bbox 1491 2989 1851 3061; x_wconf 89' lang='lat' dir='ltr'><strong>superbiant,</strong></span> <span class='ocrx_word' id='word_1_309' title='bbox 1887 2989 2020 3062; x_wconf 54' lang='lat' dir='ltr'><strong>lico;</strong></span> 
     </span>
    </p>
   </div>
   <div class='ocr_carea' id='block_1_47' title="bbox 367 3072 2020 3151">
    <p class='ocr_par' dir='ltr' id='par_1_47' title="bbox 367 3072 2020 3151">
     <span class='ocr_line' id='line_1_47' title="bbox 367 3072 2020 3151; baseline 0.007 -29"><span class='ocrx_word' id='word_1_310' title='bbox 367 3083 548 3138; x_wconf 88' lang='lat' dir='ltr'><strong>prava</strong></span> <span class='ocrx_word' id='word_1_311' title='bbox 579 3072 734 3128; x_wconf 89' lang='lat' dir='ltr'><strong>foras</strong></span> <span class='ocrx_word' id='word_1_312' title='bbox 761 3075 1038 3132; x_wconf 88' lang='lat' dir='ltr'><strong>audacter</strong></span> <span class='ocrx_word' id='word_1_313' title='bbox 1069 3077 1302 3145; x_wconf 82' lang='lat' dir='ltr'><strong>faciant,</strong></span> <span class='ocrx_word' id='word_1_314' title='bbox 1335 3077 1392 3132; x_wconf 92' lang='lat' dir='ltr'><strong>in</strong></span> <span class='ocrx_word' id='word_1_315' title='bbox 1425 3079 1595 3134; x_wconf 90' lang='lat' dir='ltr'><strong>corde</strong></span> <span class='ocrx_word' id='word_1_316' title='bbox 1624 3083 1818 3133; x_wconf 88' lang='lat' dir='ltr'><strong>tamen</strong></span> <span class='ocrx_word' id='word_1_317' title='bbox 1843 3080 2020 3151; x_wconf 85' lang='lat' dir='ltr'><strong>trepi-</strong></span> 
     </span>
    </p>
   </div>
   <div class='ocr_carea' id='block_1_48' title="bbox 369 3155 2014 3238">
    <p class='ocr_par' dir='ltr' id='par_1_48' title="bbox 369 3155 2014 3238">
     <span class='ocr_line' id='line_1_48' title="bbox 369 3155 2014 3238; baseline 0.008 -28"><span class='ocrx_word' id='word_1_318' title='bbox 369 3155 508 3211; x_wconf 85' lang='lat' dir='ltr'><strong>dare</strong></span> <span class='ocrx_word' id='word_1_319' title='bbox 537 3165 846 3230; x_wconf 89' lang='lat' dir='ltr'><strong>coguntur,</strong></span> <span class='ocrx_word' id='word_1_320' title='bbox 863 3168 928 3218; x_wconf 88' lang='lat' dir='ltr'><strong>ut</strong></span> <span class='ocrx_word' id='word_1_321' title='bbox 957 3163 1081 3235; x_wconf 88' lang='lat' dir='ltr'><strong>ipse</strong></span> <span class='ocrx_word' id='word_1_322' title='bbox 1111 3166 1287 3220; x_wconf 90' lang='lat' dir='ltr'><strong>timor</strong></span> <span class='ocrx_word' id='word_1_323' title='bbox 1303 3164 1378 3221; x_wconf 89' lang='lat' dir='ltr'><strong>sit</strong></span> <span class='ocrx_word' id='word_1_324' title='bbox 1397 3170 1571 3238; x_wconf 89' lang='lat' dir='ltr'><strong>aptus</strong></span> <span class='ocrx_word' id='word_1_325' title='bbox 1589 3167 1754 3222; x_wconf 89' lang='lat' dir='ltr'><strong>testis</strong></span> <span class='ocrx_word' id='word_1_326' title='bbox 1773 3167 2014 3222; x_wconf 89' lang='lat' dir='ltr'><strong>damna-</strong></span> 
     </span>
    </p>
   </div>
   <div class='ocr_carea' id='block_1_49' title="bbox 367 3242 2013 3328">
    <p class='ocr_par' dir='ltr' id='par_1_49' title="bbox 367 3242 2013 3328">
     <span class='ocr_line' id='line_1_49' title="bbox 367 3242 2013 3328; baseline 0.007 -29"><span class='ocrx_word' id='word_1_327' title='bbox 367 3242 565 3302; x_wconf 85' lang='lat' dir='ltr'><strong>tionis.</strong></span> <span class='ocrx_word' id='word_1_328' title='bbox 592 3245 753 3305; x_wconf 90' lang='lat' dir='ltr'><strong>Unde</strong></span> <span class='ocrx_word' id='word_1_329' title='bbox 780 3251 962 3306; x_wconf 86' lang='lat' dir='ltr'><strong>Adam</strong></span> <span class='ocrx_word' id='word_1_330' title='bbox 996 3257 1126 3324; x_wconf 89' lang='lat' dir='ltr'><strong>post</strong></span> <span class='ocrx_word' id='word_1_331' title='bbox 1154 3253 1387 3326; x_wconf 88' lang='lat' dir='ltr'><strong>culpam</strong></span> <span class='ocrx_word' id='word_1_332' title='bbox 1409 3255 1481 3310; x_wconf 86' lang='lat' dir='ltr'><strong>ad</strong></span> <span class='ocrx_word' id='word_1_333' title='bbox 1509 3254 1819 3311; x_wconf 90' lang='lat' dir='ltr'><strong>latibulum</strong></span> <span class='ocrx_word' id='word_1_334' title='bbox 1845 3256 2013 3328; x_wconf 87' lang='lat' dir='ltr'><strong>fugit,</strong></span> 
     </span>
    </p>
   </div>
   <div class='ocr_carea' id='block_1_50' title="bbox 370 3334 2017 3418">
    <p class='ocr_par' dir='ltr' id='par_1_50' title="bbox 370 3334 2017 3418">
     <span class='ocr_line' id='line_1_50' title="bbox 370 3334 2017 3418; baseline 0.007 -28"><span class='ocrx_word' id='word_1_335' title='bbox 370 3334 473 3390; x_wconf 84' lang='lat' dir='ltr'><strong>sed</strong></span> <span class='ocrx_word' id='word_1_336' title='bbox 507 3339 702 3394; x_wconf 90' lang='lat' dir='ltr'><strong>tamen</strong></span> <span class='ocrx_word' id='word_1_337' title='bbox 733 3341 910 3396; x_wconf 89' lang='lat' dir='ltr'><strong>etiam</strong></span> <span class='ocrx_word' id='word_1_338' title='bbox 937 3341 1150 3398; x_wconf 91' lang='lat' dir='ltr'><strong>timens</strong></span> <span class='ocrx_word' id='word_1_339' title='bbox 1182 3343 1618 3417; x_wconf 78' lang='lat' dir='ltr'><strong>fugit,multum</strong></span> <span class='ocrx_word' id='word_1_340' title='bbox 1642 3345 1858 3412; x_wconf 90' lang='lat' dir='ltr'><strong>timuit,</strong></span> <span class='ocrx_word' id='word_1_341' title='bbox 1878 3345 2017 3418; x_wconf 91' lang='lat' dir='ltr'><strong>quia</strong></span> 
     </span>
    </p>
   </div>
   <div class='ocr_carea' id='block_1_51' title="bbox 371 3423 2017 3508">
    <p class='ocr_par' dir='ltr' id='par_1_51' title="bbox 371 3423 2017 3508">
     <span class='ocr_line' id='line_1_51' title="bbox 371 3423 2017 3508; baseline 0.005 -27"><span class='ocrx_word' id='word_1_342' title='bbox 371 3423 490 3482; x_wconf 88' lang='lat' dir='ltr'><strong>Deo</strong></span> <span class='ocrx_word' id='word_1_343' title='bbox 519 3427 744 3485; x_wconf 88' lang='lat' dir='ltr'><strong>duriter</strong></span> <span class='ocrx_word' id='word_1_344' title='bbox 770 3433 1090 3504; x_wconf 88' lang='lat' dir='ltr'><strong>respondit.</strong></span> <span class='ocrx_word' id='word_1_345' title='bbox 1125 3433 1228 3489; x_wconf 83' lang='lat' dir='ltr'><strong>Hic</strong></span> <span class='ocrx_word' id='word_1_346' title='bbox 1258 3449 1395 3506; x_wconf 88' lang='lat' dir='ltr'><strong>ergo</strong></span> <span class='ocrx_word' id='word_1_347' title='bbox 1425 3435 1641 3490; x_wconf 90' lang='lat' dir='ltr'><strong>timens</strong></span> <span class='ocrx_word' id='word_1_348' title='bbox 1680 3434 1848 3508; x_wconf 88' lang='lat' dir='ltr'><strong>quasi</strong></span> <span class='ocrx_word' id='word_1_349' title='bbox 1879 3435 2017 3491; x_wconf 87' lang='lat' dir='ltr'><strong>reli-</strong></span> 
     </span>
    </p>
   </div>
   <div class='ocr_carea' id='block_1_52' title="bbox 369 3513 2014 3591">
    <p class='ocr_par' dir='ltr' id='par_1_52' title="bbox 369 3513 2014 3591">
     <span class='ocr_line' id='line_1_52' title="bbox 369 3513 2014 3591; baseline 0.006 -23"><span class='ocrx_word' id='word_1_350' title='bbox 369 3513 562 3587; x_wconf 82' lang='lat' dir='ltr'><strong>gionis</strong></span> <span class='ocrx_word' id='word_1_351' title='bbox 585 3518 934 3591; x_wconf 88' lang='lat' dir='ltr'><strong>obsequium</strong></span> <span class='ocrx_word' id='word_1_352' title='bbox 965 3521 1278 3578; x_wconf 81' lang='lat' dir='ltr'><strong>deferebat.</strong></span> <span class='ocrx_word' id='word_1_353' title='bbox 1307 3523 1418 3578; x_wconf 89' lang='lat' dir='ltr'><strong>Sed</strong></span> <span class='ocrx_word' id='word_1_354' title='bbox 1450 3526 1516 3577; x_wconf 93' lang='lat' dir='ltr'>ut</span> <span class='ocrx_word' id='word_1_355' title='bbox 1543 3522 1697 3577; x_wconf 89' lang='lat' dir='ltr'><strong>Deus</strong></span> <span class='ocrx_word' id='word_1_356' title='bbox 1747 3524 2014 3579; x_wconf 90' lang='lat' dir='ltr'><strong>ostende-</strong></span> 
     </span>
    </p>
   </div>
   <div class='ocr_carea' id='block_1_53' title="bbox 368 3603 2016 3683">
    <p class='ocr_par' dir='ltr' id='par_1_53' title="bbox 368 3603 2016 3683">
     <span class='ocr_line' id='line_1_53' title="bbox 368 3603 2016 3683; baseline 0.007 -27"><span class='ocrx_word' id='word_1_357' title='bbox 368 3603 476 3671; x_wconf 89' lang='lat' dir='ltr'><strong>ret,</strong></span> <span class='ocrx_word' id='word_1_358' title='bbox 509 3605 664 3676; x_wconf 90' lang='lat' dir='ltr'><strong>quod</strong></span> <span class='ocrx_word' id='word_1_359' title='bbox 694 3607 1152 3665; x_wconf 85' lang='lat' dir='ltr'><strong>satisfactionem</strong></span> <span class='ocrx_word' id='word_1_360' title='bbox 1185 3610 1294 3666; x_wconf 88' lang='lat' dir='ltr'><strong>nisi</strong></span> <span class='ocrx_word' id='word_1_361' title='bbox 1327 3626 1430 3682; x_wconf 88' lang='lat' dir='ltr'><strong>pro</strong></span> <span class='ocrx_word' id='word_1_362' title='bbox 1461 3609 1554 3666; x_wconf 89' lang='lat' dir='ltr'><strong>his</strong></span> <span class='ocrx_word' id='word_1_363' title='bbox 1586 3611 1856 3682; x_wconf 87' lang='lat' dir='ltr'><strong>peccatis,</strong></span> <span class='ocrx_word' id='word_1_364' title='bbox 1887 3628 2016 3683; x_wconf 65' lang='lat' dir='ltr'><strong>quas</strong></span> 
     </span>
    </p>
   </div>
   <div class='ocr_carea' id='block_1_54' title="bbox 367 3691 2013 3770">
    <p class='ocr_par' dir='ltr' id='par_1_54' title="bbox 367 3691 2013 3770">
     <span class='ocr_line' id='line_1_54' title="bbox 367 3691 2013 3770; baseline 0.005 -23"><span class='ocrx_word' id='word_1_365' title='bbox 367 3691 739 3763; x_wconf 88' lang='lat' dir='ltr'><strong>deseruntur,</strong></span> <span class='ocrx_word' id='word_1_366' title='bbox 773 3713 890 3752; x_wconf 89' lang='lat' dir='ltr'><strong>non</strong></span> <span class='ocrx_word' id='word_1_367' title='bbox 937 3697 1173 3770; x_wconf 88' lang='lat' dir='ltr'><strong>recepit,</strong></span> <span class='ocrx_word' id='word_1_368' title='bbox 1206 3714 1341 3754; x_wconf 89' lang='lat' dir='ltr'><strong>cum</strong></span> <span class='ocrx_word' id='word_1_369' title='bbox 1391 3698 1606 3754; x_wconf 88' lang='lat' dir='ltr'><strong>rediret</strong></span> <span class='ocrx_word' id='word_1_370' title='bbox 1662 3715 1816 3754; x_wconf 89' lang='lat' dir='ltr'><strong>nona</strong></span> <span class='ocrx_word' id='word_1_371' title='bbox 1873 3700 2013 3770; x_wconf 90' lang='lat' dir='ltr'><strong>vice,</strong></span> 
     </span>
    </p>
   </div>
   <div class='ocr_carea' id='block_1_55' title="bbox 363 3783 2016 3859">
    <p class='ocr_par' dir='ltr' id='par_1_55' title="bbox 363 3783 2016 3859">
     <span class='ocr_line' id='line_1_55' title="bbox 363 3783 2016 3859; baseline 0.004 -22"><span class='ocrx_word' id='word_1_372' title='bbox 363 3784 422 3837; x_wconf 90' lang='lat' dir='ltr'><strong>et</strong></span> <span class='ocrx_word' id='word_1_373' title='bbox 449 3783 616 3854; x_wconf 87' lang='lat' dir='ltr'><strong>quasi</strong></span> <span class='ocrx_word' id='word_1_374' title='bbox 649 3783 910 3841; x_wconf 88' lang='lat' dir='ltr'><strong>securior</strong></span> <span class='ocrx_word' id='word_1_375' title='bbox 937 3786 1315 3842; x_wconf 89' lang='lat' dir='ltr'><strong>concubitum</strong></span> <span class='ocrx_word' id='word_1_376' title='bbox 1349 3791 1652 3859; x_wconf 88' lang='lat' dir='ltr'><strong>repeteret,</strong></span> <span class='ocrx_word' id='word_1_377' title='bbox 1695 3787 1777 3842; x_wconf 88' lang='lat' dir='ltr'><strong>ita</strong></span> <span class='ocrx_word' id='word_1_378' title='bbox 1823 3786 2016 3843; x_wconf 87' lang='lat' dir='ltr'><strong>divino</strong></span> 
     </span>
    </p>
   </div>
   <div class='ocr_carea' id='block_1_56' title="bbox 352 3870 2019 3944">
    <p class='ocr_par' dir='ltr' id='par_1_56' title="bbox 352 3870 2019 3944">
     <span class='ocr_line' id='line_1_56' title="bbox 352 3870 2019 3944; baseline 0.001 -16"><span class='ocrx_word' id='word_1_379' title='bbox 352 3870 580 3944; x_wconf 89' lang='lat' dir='ltr'><strong>judicio</strong></span> <span class='ocrx_word' id='word_1_380' title='bbox 611 3871 790 3929; x_wconf 87' lang='lat' dir='ltr'><strong>miser</strong></span> <span class='ocrx_word' id='word_1_381' title='bbox 816 3873 1140 3941; x_wconf 88' lang='lat' dir='ltr'><strong>interiit,ut</strong></span> <span class='ocrx_word' id='word_1_382' title='bbox 1161 3892 1295 3930; x_wconf 90' lang='lat' dir='ltr'><strong>cum</strong></span> <span class='ocrx_word' id='word_1_383' title='bbox 1317 3891 1518 3931; x_wconf 89' lang='lat' dir='ltr'><strong>semen</strong></span> <span class='ocrx_word' id='word_1_384' title='bbox 1541 3875 1882 3943; x_wconf 76' lang='lat' dir='ltr'><strong>effunderet,</strong></span> <span class='ocrx_word' id='word_1_385' title='bbox 1898 3875 2019 3932; x_wconf 83' lang='lat' dir='ltr'><strong>ani-</strong></span> 
     </span>
    </p>
   </div>
   <div class='ocr_carea' id='block_1_57' title="bbox 361 3963 2012 4106">
    <p class='ocr_par' dir='ltr' id='par_1_57' title="bbox 361 3963 2012 4106">
     <span class='ocr_line' id='line_1_57' title="bbox 361 3963 2012 4106; baseline 0.001 -87"><span class='ocrx_word' id='word_1_386' title='bbox 361 3977 521 4106; x_wconf 61' lang='lat' dir='ltr'><strong>gnam</strong></span> <span class='ocrx_word' id='word_1_387' title='bbox 552 3963 771 4034; x_wconf 87' lang='lat' dir='ltr'><strong>pariter</strong></span> <span class='ocrx_word' id='word_1_388' title='bbox 793 3963 1109 4034; x_wconf 82' lang='lat' dir='ltr'><strong>exhalaret,</strong></span> <span class='ocrx_word' id='word_1_389' title='bbox 1141 3966 1294 4022; x_wconf 89' lang='lat' dir='ltr'><strong>sicut</strong></span> <span class='ocrx_word' id='word_1_390' title='bbox 1322 3965 1521 4022; x_wconf 87' lang='lat' dir='ltr'><strong>infelix</strong></span> <span class='ocrx_word' id='word_1_391' title='bbox 1561 3965 1773 4022; x_wconf 89' lang='lat' dir='ltr'><strong>mulier</strong></span> <span class='ocrx_word' id='word_1_392' title='bbox 1819 3967 2012 4040; x_wconf 90' lang='lat' dir='ltr'><strong>perhi-</strong></span> 
     </span>
     <span class='ocr_line' id='line_1_58' title="bbox 406 4049 514 4106; baseline -0.019 0"><span class='ocrx_word' id='word_1_393' title='bbox 406 4049 514 4106; x_wconf 92' lang='lat' dir='ltr'>uit.</span> 
     </span>
    </p>
   </div>
   <div class='ocr_carea' id='block_1_58' title="bbox 406 4049 514 4106">
    <p class='ocr_par' dir='ltr' id='par_1_58' title="bbox 406 4049 514 4106">
     <span class='ocr_line' id='line_1_59' title="bbox 406 4049 514 4106; baseline -0.019 0"><span class='ocrx_word' id='word_1_394' title='bbox 406 4049 514 4106; x_wconf 92' lang='lat' dir='ltr'>uit.</span> 
     </span>
    </p>
   </div>
   <div class='ocr_carea' id='block_1_59' title="bbox 366 4161 2012 4294">
    <p class='ocr_par' dir='ltr' id='par_1_59' title="bbox 366 4161 2012 4294">
     <span class='ocr_line' id='line_1_60' title="bbox 366 4161 2012 4294; baseline 0.006 -78"><span class='ocrx_word' id='word_1_395' title='bbox 366 4161 502 4217; x_wconf 77' lang='lat' dir='ltr'><strong>CAP.</strong></span> <span class='ocrx_word' id='word_1_396' title='bbox 538 4162 706 4248; x_wconf 56' lang='lat' dir='ltr'><strong>LXII.</strong></span> <span class='ocrx_word' id='word_1_397' title='bbox 733 4197 802 4208; x_wconf 88' lang='lat'><em>—</em></span> <span class='ocrx_word' id='word_1_398' title='bbox 831 4169 984 4294; x_wconf 45' lang='lat' dir='ltr'><strong>girded</strong></span> <span class='ocrx_word' id='word_1_399' title='bbox 1029 4169 1424 4254; x_wconf 70' lang='lat' dir='ltr'><strong>qualiscunque</strong></span> <span class='ocrx_word' id='word_1_400' title='bbox 1459 4169 1749 4225; x_wconf 75' lang='lat' dir='ltr'><strong>sacerdotis</strong></span> <span class='ocrx_word' id='word_1_401' title='bbox 1798 4185 2012 4226; x_wconf 77' lang='lat' dir='ltr'><strong>excom-</strong></span> 
     </span>
     <span class='ocr_line' id='line_1_61' title="bbox 435 4241 2012 4294; baseline 0.004 -7"><span class='ocrx_word' id='word_1_402' title='bbox 435 4243 736 4293; x_wconf 74' lang='lat' dir='ltr'><strong>municatto</strong></span> <span class='ocrx_word' id='word_1_403' title='bbox 781 4255 848 4293; x_wconf 84' lang='grc' dir='ltr'><strong>υα</strong></span> <span class='ocrx_word' id='word_1_404' title='bbox 982 4241 1331 4294; x_wconf 72' lang='grc' dir='ltr'><strong>[οντηιάαπάα</strong></span> <span class='ocrx_word' id='word_1_405' title='bbox 1367 4249 1457 4294; x_wconf 73' lang='lat' dir='ltr'><strong>sit.</strong></span> <span class='ocrx_word' id='word_1_406' title='bbox 1488 4257 1588 4294; x_wconf 84' lang='lat' dir='ltr'><strong>nec</strong></span> <span class='ocrx_word' id='word_1_407' title='bbox 1631 4241 2012 4294; x_wconf 80' lang='lat' dir='ltr'><strong>attendendum</strong></span> 
     </span>
    </p>
   </div>
   <div class='ocr_carea' id='block_1_60' title="bbox 435 4238 2015 4310">
    <p class='ocr_par' dir='ltr' id='par_1_60' title="bbox 435 4238 2015 4310">
     <span class='ocr_line' id='line_1_62' title="bbox 435 4238 2015 4310; baseline 0.006 -22"><span class='ocrx_word' id='word_1_408' title='bbox 435 4238 736 4310; x_wconf 56' lang='lat' dir='ltr'><strong>inunicatio</strong></span> <span class='ocrx_word' id='word_1_409' title='bbox 781 4238 936 4294; x_wconf 80' lang='lat' dir='ltr'><strong>valde</strong></span> <span class='ocrx_word' id='word_1_410' title='bbox 981 4238 1344 4310; x_wconf 58' lang='lat' dir='ltr'><strong>formidanda</strong></span> <span class='ocrx_word' id='word_1_411' title='bbox 1367 4243 1457 4308; x_wconf 87' lang='lat' dir='ltr'><strong>sit,</strong></span> <span class='ocrx_word' id='word_1_412' title='bbox 1488 4257 1588 4296; x_wconf 85' lang='lat' dir='ltr'><strong>nec</strong></span> <span class='ocrx_word' id='word_1_413' title='bbox 1631 4241 2015 4297; x_wconf 80' lang='lat' dir='ltr'><strong>attendendum</strong></span> 
     </span>
    </p>
   </div>
   <div class='ocr_carea' id='block_1_61' title="bbox 435 4305 2010 4388">
    <p class='ocr_par' dir='ltr' id='par_1_61' title="bbox 435 4305 2010 4388">
     <span class='ocr_line' id='line_1_63' title="bbox 435 4305 2010 4388; baseline 0.005 -28"><span class='ocrx_word' id='word_1_414' title='bbox 435 4305 594 4388; x_wconf 66' lang='lat' dir='ltr'><strong>cujus</strong></span> <span class='ocrx_word' id='word_1_415' title='bbox 862 4312 964 4388; x_wconf 81' lang='lat' dir='ltr'><strong>sit,</strong></span> <span class='ocrx_word' id='word_1_416' title='bbox 981 4305 1090 4388; x_wconf 72' lang='lat' dir='ltr'><strong>sed</strong></span> <span class='ocrx_word' id='word_1_417' title='bbox 1143 4313 1296 4382; x_wconf 80' lang='lat' dir='ltr'><strong>cujus</strong></span> <span class='ocrx_word' id='word_1_418' title='bbox 1349 4305 1665 4388; x_wconf 62' lang='lat' dir='ltr'><strong>auctoritate</strong></span> <span class='ocrx_word' id='word_1_419' title='bbox 1720 4313 1818 4368; x_wconf 85' lang='lat' dir='ltr'><strong>hoe</strong></span> <span class='ocrx_word' id='word_1_420' title='bbox 1857 4315 2010 4388; x_wconf 82' lang='lat' dir='ltr'><strong>facit,</strong></span> 
     </span>
    </p>
   </div>
   <div class='ocr_carea' id='block_1_62' title="bbox 435 4381 2011 4506">
    <p class='ocr_par' dir='ltr' id='par_1_62' title="bbox 435 4381 2011 4506">
     <span class='ocr_line' id='line_1_64' title="bbox 435 4381 2011 4506; baseline 0.005 -73"><span class='ocrx_word' id='word_1_421' title='bbox 435 4381 656 4506; x_wconf 62' lang='lat' dir='ltr'><strong>alitqmsi</strong></span> <span class='ocrx_word' id='word_1_422' title='bbox 697 4381 903 4454; x_wconf 77' lang='lat' dir='ltr'><strong>injuste</strong></span> <span class='ocrx_word' id='word_1_423' title='bbox 958 4381 1209 4448; x_wconf 73' lang='lat' dir='ltr'><strong>videtur,</strong></span> <span class='ocrx_word' id='word_1_424' title='bbox 1241 4382 1381 4455; x_wconf 85' lang='lat' dir='ltr'><strong>quod</strong></span> <span class='ocrx_word' id='word_1_425' title='bbox 1435 4381 1596 4448; x_wconf 87' lang='lat' dir='ltr'><strong>absit,</strong></span> <span class='ocrx_word' id='word_1_426' title='bbox 1639 4381 2011 4441; x_wconf 66' lang='lat' dir='ltr'><strong>excommuni-</strong></span> 
     </span>
     <span class='ocr_line' id='line_1_65' title="bbox 435 4466 594 4506; baseline 0.013 -2"><span class='ocrx_word' id='word_1_427' title='bbox 435 4466 498 4506; x_wconf 84' lang='lat' dir='ltr'><strong>ca</strong></span> <span class='ocrx_word' id='word_1_428' title='bbox 521 4466 594 4506; x_wconf 73' lang='lat' dir='ltr'><strong>to.</strong></span> 
     </span>
    </p>
   </div>
   <div class='ocr_carea' id='block_1_63' title="bbox 434 4466 594 4507">
    <p class='ocr_par' dir='ltr' id='par_1_63' title="bbox 434 4466 594 4507">
     <span class='ocr_line' id='line_1_66' title="bbox 434 4466 594 4507; baseline 0.013 -3"><span class='ocrx_word' id='word_1_429' title='bbox 434 4466 594 4507; x_wconf 80' lang='lat' dir='ltr'><strong>cano.</strong></span> 
     </span>
    </p>
   </div>
   <div class='ocr_carea' id='block_1_64' title="bbox 2199 1901 3778 1975">
    <p class='ocr_par' dir='ltr' id='par_1_64' title="bbox 2199 1901 3778 1975">
     <span class='ocr_line' id='line_1_67' title="bbox 2199 1901 3778 1975; baseline 0 -17"><span class='ocrx_word' id='word_1_430' title='bbox 2199 1901 2470 1975; x_wconf 75' lang='lat' dir='ltr'><strong>Legimus</strong></span> <span class='ocrx_word' id='word_1_431' title='bbox 2501 1903 2557 1957; x_wconf 92' lang='lat' dir='ltr'><strong>in</strong></span> <span class='ocrx_word' id='word_1_432' title='bbox 2592 1903 2844 1958; x_wconf 86' lang='lat' dir='ltr'><strong>Historia</strong></span> <span class='ocrx_word' id='word_1_433' title='bbox 2872 1903 3064 1975; x_wconf 81' lang='lat' dir='ltr'><strong>gentis</strong></span> <span class='ocrx_word' id='word_1_434' title='bbox 3109 1901 3428 1973; x_wconf 80' lang='lat' dir='ltr'><strong>Anglorum</strong></span> <span class='ocrx_word' id='word_1_435' title='bbox 3462 1904 3612 1975; x_wconf 90' lang='lat' dir='ltr'><strong>quod</strong></span> <span class='ocrx_word' id='word_1_436' title='bbox 3647 1904 3778 1975; x_wconf 90' lang='lat' dir='ltr'><strong>qui-</strong></span> 
     </span>
    </p>
   </div>
   <div class='ocr_carea' id='block_1_65' title="bbox 2125 1990 3777 2065">
    <p class='ocr_par' dir='ltr' id='par_1_65' title="bbox 2125 1990 3777 2065">
     <span class='ocr_line' id='line_1_68' title="bbox 2125 1990 3777 2065; baseline 0.002 -19"><span class='ocrx_word' id='word_1_437' title='bbox 2125 1991 2260 2047; x_wconf 86' lang='lat' dir='ltr'><strong>dam</strong></span> <span class='ocrx_word' id='word_1_438' title='bbox 2291 1991 2600 2064; x_wconf 85' lang='lat' dir='ltr'><strong>cpiscopus</strong></span> <span class='ocrx_word' id='word_1_439' title='bbox 2631 1993 2778 2046; x_wconf 89' lang='lat' dir='ltr'><strong>duos</strong></span> <span class='ocrx_word' id='word_1_440' title='bbox 2807 1992 3010 2046; x_wconf 88' lang='lat' dir='ltr'><strong>fratres</strong></span> <span class='ocrx_word' id='word_1_441' title='bbox 3043 1990 3334 2062; x_wconf 89' lang='lat' dir='ltr'><strong>palatinos</strong></span> <span class='ocrx_word' id='word_1_442' title='bbox 3363 1990 3516 2048; x_wconf 86' lang='lat' dir='ltr'><strong>viros</strong></span> <span class='ocrx_word' id='word_1_443' title='bbox 3547 2010 3647 2065; x_wconf 90' lang='lat' dir='ltr'><strong>pro</strong></span> <span class='ocrx_word' id='word_1_444' title='bbox 3679 2010 3777 2050; x_wconf 83' lang='lat' dir='ltr'><strong>re-</strong></span> 
     </span>
    </p>
   </div>
   <div class='ocr_carea' id='block_1_66' title="bbox 2126 2079 3780 2154">
    <p class='ocr_par' dir='ltr' id='par_1_66' title="bbox 2126 2079 3780 2154">
     <span class='ocr_line' id='line_1_69' title="bbox 2126 2079 3780 2154; baseline -0.001 -14"><span class='ocrx_word' id='word_1_445' title='bbox 2126 2085 2303 2154; x_wconf 87' lang='lat' dir='ltr'><strong>pudio</strong></span> <span class='ocrx_word' id='word_1_446' title='bbox 2335 2099 2578 2138; x_wconf 80' lang='lat' dir='ltr'><strong>uxorum</strong></span> <span class='ocrx_word' id='word_1_447' title='bbox 2609 2079 3151 2138; x_wconf 84' lang='lat' dir='ltr'><strong>excommunicavit.</strong></span> <span class='ocrx_word' id='word_1_448' title='bbox 3185 2080 3438 2154; x_wconf 83' lang='lat' dir='ltr'><strong>Contigit</strong></span> <span class='ocrx_word' id='word_1_449' title='bbox 3476 2087 3672 2138; x_wconf 86' lang='lat' dir='ltr'><strong>autem</strong></span> <span class='ocrx_word' id='word_1_450' title='bbox 3709 2089 3780 2139; x_wconf 90' lang='lat' dir='ltr'><strong>ut</strong></span> 
     </span>
    </p>
   </div>
   <div class='ocr_carea' id='block_1_67' title="bbox 2128 2169 3773 2245">
    <p class='ocr_par' dir='ltr' id='par_1_67' title="bbox 2128 2169 3773 2245">
     <span class='ocr_line' id='line_1_70' title="bbox 2128 2169 3773 2245; baseline -0.001 -16"><span class='ocrx_word' id='word_1_451' title='bbox 2128 2191 2223 2229; x_wconf 90' lang='lat' dir='ltr'><strong>rex</strong></span> <span class='ocrx_word' id='word_1_452' title='bbox 2255 2174 2440 2245; x_wconf 86' lang='lat' dir='ltr'><strong>ipsius</strong></span> <span class='ocrx_word' id='word_1_453' title='bbox 2470 2171 2660 2244; x_wconf 81' lang='lat' dir='ltr'><strong>gentis</strong></span> <span class='ocrx_word' id='word_1_454' title='bbox 2680 2172 2852 2240; x_wconf 84' lang='lat' dir='ltr'><strong>juxta</strong></span> <span class='ocrx_word' id='word_1_455' title='bbox 2879 2171 3121 2225; x_wconf 90' lang='lat' dir='ltr'><strong>domum</strong></span> <span class='ocrx_word' id='word_1_456' title='bbox 3169 2169 3432 2242; x_wconf 88' lang='lat' dir='ltr'><strong>ipsorum</strong></span> <span class='ocrx_word' id='word_1_457' title='bbox 3474 2172 3773 2229; x_wconf 84' lang='lat' dir='ltr'><strong>transiret.</strong></span> 
     </span>
    </p>
   </div>
   <div class='ocr_carea' id='block_1_68' title="bbox 2125 2258 3772 2333">
    <p class='ocr_par' dir='ltr' id='par_1_68' title="bbox 2125 2258 3772 2333">
     <span class='ocr_line' id='line_1_71' title="bbox 2125 2258 3772 2333; baseline -0.002 -13"><span class='ocrx_word' id='word_1_458' title='bbox 2125 2264 2232 2332; x_wconf 87' lang='lat' dir='ltr'><strong>Qui</strong></span> <span class='ocrx_word' id='word_1_459' title='bbox 2268 2263 2472 2320; x_wconf 90' lang='lat' dir='ltr'><strong>multis</strong></span> <span class='ocrx_word' id='word_1_460' title='bbox 2497 2259 2914 2317; x_wconf 89' lang='lat' dir='ltr'><strong>blandimentis</strong></span> <span class='ocrx_word' id='word_1_461' title='bbox 2945 2258 3243 2326; x_wconf 90' lang='lat' dir='ltr'><strong>delinitus,</strong></span> <span class='ocrx_word' id='word_1_462' title='bbox 3278 2263 3344 2314; x_wconf 91' lang='lat' dir='ltr'><strong>ut</strong></span> <span class='ocrx_word' id='word_1_463' title='bbox 3370 2261 3524 2333; x_wconf 90' lang='lat' dir='ltr'><strong>apud</strong></span> <span class='ocrx_word' id='word_1_464' title='bbox 3565 2278 3666 2316; x_wconf 90' lang='lat' dir='ltr'><strong>eos</strong></span> <span class='ocrx_word' id='word_1_465' title='bbox 3697 2263 3772 2318; x_wconf 86' lang='lat' dir='ltr'><strong>ad</strong></span> 
     </span>
    </p>
   </div>
   <div class='ocr_carea' id='block_1_69' title="bbox 2126 2347 3776 2426">
    <p class='ocr_par' dir='ltr' id='par_1_69' title="bbox 2126 2347 3776 2426">
     <span class='ocr_line' id='line_1_72' title="bbox 2126 2347 3776 2426; baseline -0.002 -16"><span class='ocrx_word' id='word_1_466' title='bbox 2126 2353 2533 2426; x_wconf 85' lang='lat' dir='ltr'><strong>prandendum</strong></span> <span class='ocrx_word' id='word_1_467' title='bbox 2565 2350 2892 2418; x_wconf 89' lang='lat' dir='ltr'><strong>diverteret,</strong></span> <span class='ocrx_word' id='word_1_468' title='bbox 2924 2348 3163 2403; x_wconf 89' lang='lat' dir='ltr'><strong>tandem</strong></span> <span class='ocrx_word' id='word_1_469' title='bbox 3191 2347 3506 2404; x_wconf 85' lang='lat' dir='ltr'><strong>consensit.</strong></span> <span class='ocrx_word' id='word_1_470' title='bbox 3536 2349 3776 2422; x_wconf 81' lang='lat' dir='ltr'><strong>Expleta</strong></span> 
     </span>
    </p>
   </div>
   <div class='ocr_carea' id='block_1_70' title="bbox 2126 2435 3771 2513">
    <p class='ocr_par' dir='ltr' id='par_1_70' title="bbox 2126 2435 3771 2513">
     <span class='ocr_line' id='line_1_73' title="bbox 2126 2435 3771 2513; baseline -0.005 -9"><span class='ocrx_word' id='word_1_471' title='bbox 2126 2450 2323 2504; x_wconf 88' lang='lat' dir='ltr'><strong>autem</strong></span> <span class='ocrx_word' id='word_1_472' title='bbox 2347 2441 2604 2499; x_wconf 89' lang='lat' dir='ltr'><strong>convivio</strong></span> <span class='ocrx_word' id='word_1_473' title='bbox 2625 2457 2758 2497; x_wconf 90' lang='lat' dir='ltr'><strong>cum</strong></span> <span class='ocrx_word' id='word_1_474' title='bbox 2779 2437 3008 2504; x_wconf 89' lang='lat' dir='ltr'><strong>rediret,</strong></span> <span class='ocrx_word' id='word_1_475' title='bbox 3023 2435 3274 2492; x_wconf 89' lang='lat' dir='ltr'><strong>obviavit</strong></span> <span class='ocrx_word' id='word_1_476' title='bbox 3291 2435 3655 2510; x_wconf 89' lang='lat' dir='ltr'><strong>episcopum,</strong></span> <span class='ocrx_word' id='word_1_477' title='bbox 3670 2440 3771 2513; x_wconf 88' lang='lat' dir='ltr'><strong>qui</strong></span> 
     </span>
    </p>
   </div>
   <div class='ocr_carea' id='block_1_71' title="bbox 2127 2527 3774 2600">
    <p class='ocr_par' dir='ltr' id='par_1_71' title="bbox 2127 2527 3774 2600">
     <span class='ocr_line' id='line_1_74' title="bbox 2127 2527 3774 2600; baseline -0.007 -6"><span class='ocrx_word' id='word_1_478' title='bbox 2127 2540 2336 2593; x_wconf 86' lang='lat' dir='ltr'><strong>fratres</strong></span> <span class='ocrx_word' id='word_1_479' title='bbox 2367 2535 2497 2590; x_wconf 87' lang='lat' dir='ltr'><strong>illos</strong></span> <span class='ocrx_word' id='word_1_480' title='bbox 2515 2527 3070 2588; x_wconf 87' lang='lat' dir='ltr'><strong>excommunicavit:</strong></span> <span class='ocrx_word' id='word_1_481' title='bbox 3106 2544 3282 2600; x_wconf 91' lang='lat' dir='ltr'><strong>quem</strong></span> <span class='ocrx_word' id='word_1_482' title='bbox 3331 2544 3465 2583; x_wconf 91' lang='lat' dir='ltr'><strong>eum</strong></span> <span class='ocrx_word' id='word_1_483' title='bbox 3507 2527 3774 2600; x_wconf 83' lang='lat' dir='ltr'><strong>vidisset,</strong></span> 
     </span>
    </p>
   </div>
   <div class='ocr_carea' id='block_1_72' title="bbox 2127 2615 3778 2690">
    <p class='ocr_par' dir='ltr' id='par_1_72' title="bbox 2127 2615 3778 2690">
     <span class='ocr_line' id='line_1_75' title="bbox 2127 2615 3778 2690; baseline -0.005 -7"><span class='ocrx_word' id='word_1_484' title='bbox 2127 2625 2456 2690; x_wconf 84' lang='lat' dir='ltr'><strong>intremuit,</strong></span> <span class='ocrx_word' id='word_1_485' title='bbox 2485 2627 2544 2678; x_wconf 92' lang='lat' dir='ltr'><strong>et</strong></span> <span class='ocrx_word' id='word_1_486' title='bbox 2569 2619 2841 2676; x_wconf 84' lang='lat' dir='ltr'><strong>exsilicus</strong></span> <span class='ocrx_word' id='word_1_487' title='bbox 2879 2619 2949 2673; x_wconf 91' lang='lat' dir='ltr'><strong>de</strong></span> <span class='ocrx_word' id='word_1_488' title='bbox 2993 2634 3144 2688; x_wconf 90' lang='lat' dir='ltr'><strong>equo</strong></span> <span class='ocrx_word' id='word_1_489' title='bbox 3192 2615 3252 2671; x_wconf 91' lang='lat' dir='ltr'><strong>in</strong></span> <span class='ocrx_word' id='word_1_490' title='bbox 3286 2616 3500 2683; x_wconf 87' lang='lat' dir='ltr'><strong>media,</strong></span> <span class='ocrx_word' id='word_1_491' title='bbox 3525 2622 3591 2672; x_wconf 91' lang='lat' dir='ltr'>ut</span> <span class='ocrx_word' id='word_1_492' title='bbox 3627 2625 3778 2685; x_wconf 87' lang='lat' dir='ltr'><strong>erat,</strong></span> 
     </span>
    </p>
   </div>
   <div class='ocr_carea' id='block_1_73' title="bbox 2123 2705 3778 2788">
    <p class='ocr_par' dir='ltr' id='par_1_73' title="bbox 2123 2705 3778 2788">
     <span class='ocr_line' id='line_1_76' title="bbox 2123 2705 3778 2788; baseline -0.005 -16"><span class='ocrx_word' id='word_1_493' title='bbox 2123 2718 2237 2785; x_wconf 89' lang='lat' dir='ltr'><strong>via,</strong></span> <span class='ocrx_word' id='word_1_494' title='bbox 2270 2712 2584 2788; x_wconf 89' lang='lat' dir='ltr'><strong>prostravit</strong></span> <span class='ocrx_word' id='word_1_495' title='bbox 2620 2727 2682 2765; x_wconf 90' lang='lat' dir='ltr'><strong>se</strong></span> <span class='ocrx_word' id='word_1_496' title='bbox 2731 2707 3024 2780; x_wconf 90' lang='lat' dir='ltr'><strong>episcopo.</strong></span> <span class='ocrx_word' id='word_1_497' title='bbox 3056 2708 3130 2761; x_wconf 84' lang='lat' dir='ltr'><strong>At</strong></span> <span class='ocrx_word' id='word_1_498' title='bbox 3161 2705 3258 2762; x_wconf 90' lang='lat' dir='ltr'><strong>ille</strong></span> <span class='ocrx_word' id='word_1_499' title='bbox 3297 2706 3652 2780; x_wconf 87' lang='lat' dir='ltr'><strong>appropians</strong></span> <span class='ocrx_word' id='word_1_500' title='bbox 3702 2710 3778 2763; x_wconf 86' lang='lat' dir='ltr'><strong>ad</strong></span> 
     </span>
    </p>
   </div>
   <div class='ocr_carea' id='block_1_74' title="bbox 2127 2795 3780 2872">
    <p class='ocr_par' dir='ltr' id='par_1_74' title="bbox 2127 2795 3780 2872">
     <span class='ocr_line' id='line_1_77' title="bbox 2127 2795 3780 2872; baseline -0.009 -7"><span class='ocrx_word' id='word_1_501' title='bbox 2127 2824 2262 2864; x_wconf 90' lang='lat' dir='ltr'><strong>eum</strong></span> <span class='ocrx_word' id='word_1_502' title='bbox 2295 2802 2499 2870; x_wconf 87' lang='lat' dir='ltr'><strong>ferula,</strong></span> <span class='ocrx_word' id='word_1_503' title='bbox 2533 2815 2710 2872; x_wconf 87' lang='lat' dir='ltr'><strong>quam</strong></span> <span class='ocrx_word' id='word_1_504' title='bbox 2742 2814 2920 2853; x_wconf 88' lang='lat' dir='ltr'><strong>manu</strong></span> <span class='ocrx_word' id='word_1_505' title='bbox 2953 2795 3204 2864; x_wconf 87' lang='lat' dir='ltr'><strong>tenebat,</strong></span> <span class='ocrx_word' id='word_1_506' title='bbox 3237 2795 3428 2867; x_wconf 83' lang='lat' dir='ltr'><strong>tetigit</strong></span> <span class='ocrx_word' id='word_1_507' title='bbox 3449 2795 3651 2852; x_wconf 89' lang='lat' dir='ltr'><strong>dicens</strong></span> <span class='ocrx_word' id='word_1_508' title='bbox 3684 2814 3698 2852; x_wconf 88' lang='lat'><strong>:</strong></span> <span class='ocrx_word' id='word_1_509' title='bbox 3731 2797 3780 2854; x_wconf 90' lang='grc' dir='ltr'>Ο</span> 
     </span>
    </p>
   </div>
   <div class='ocr_carea' id='block_1_75' title="bbox 2128 2883 3780 2965">
    <p class='ocr_par' dir='ltr' id='par_1_75' title="bbox 2128 2883 3780 2965">
     <span class='ocr_line' id='line_1_78' title="bbox 2128 2883 3780 2965; baseline -0.007 -12"><span class='ocrx_word' id='word_1_510' title='bbox 2128 2915 2244 2965; x_wconf 87' lang='lat' dir='ltr'><strong>rex,</strong></span> <span class='ocrx_word' id='word_1_511' title='bbox 2261 2912 2376 2952; x_wconf 89' lang='lat' dir='ltr'><strong>non</strong></span> <span class='ocrx_word' id='word_1_512' title='bbox 2410 2909 2604 2948; x_wconf 90' lang='lat' dir='ltr'><strong>meum</strong></span> <span class='ocrx_word' id='word_1_513' title='bbox 2624 2893 2713 2946; x_wconf 90' lang='lat' dir='ltr'><strong>est</strong></span> <span class='ocrx_word' id='word_1_514' title='bbox 2731 2887 3031 2958; x_wconf 87' lang='lat' dir='ltr'><strong>ignoscere</strong></span> <span class='ocrx_word' id='word_1_515' title='bbox 3063 2883 3343 2956; x_wconf 88' lang='lat' dir='ltr'><strong>tibi,quia</strong></span> <span class='ocrx_word' id='word_1_516' title='bbox 3361 2889 3563 2941; x_wconf 90' lang='lat' dir='ltr'><strong>contra</strong></span> <span class='ocrx_word' id='word_1_517' title='bbox 3592 2886 3780 2942; x_wconf 88' lang='lat' dir='ltr'><strong>Deum</strong></span> 
     </span>
    </p>
   </div>
   <div class='ocr_carea' id='block_1_76' title="bbox 2129 2970 3778 3054">
    <p class='ocr_par' dir='ltr' id='par_1_76' title="bbox 2129 2970 3778 3054">
     <span class='ocr_line' id='line_1_79' title="bbox 2129 2970 3778 3054; baseline -0.008 -15"><span class='ocrx_word' id='word_1_518' title='bbox 2129 2983 2336 3051; x_wconf 83' lang='lat' dir='ltr'><strong>fecisti,</strong></span> <span class='ocrx_word' id='word_1_519' title='bbox 2352 2980 2587 3054; x_wconf 87' lang='lat' dir='ltr'><strong>quando</strong></span> <span class='ocrx_word' id='word_1_520' title='bbox 2610 2981 2663 3032; x_wconf 89' lang='lat' dir='ltr'><strong>te</strong></span> <span class='ocrx_word' id='word_1_521' title='bbox 2679 2970 3480 3031; x_wconf 52' lang='lat' dir='ltr'><strong>excommunicatislscienter</strong></span> <span class='ocrx_word' id='word_1_522' title='bbox 3515 2972 3778 3028; x_wconf 86' lang='lat' dir='ltr'><strong>sociasti.</strong></span> 
     </span>
    </p>
   </div>
   <div class='ocr_carea' id='block_1_77' title="bbox 2131 3059 3780 3131">
    <p class='ocr_par' dir='ltr' id='par_1_77' title="bbox 2131 3059 3780 3131">
     <span class='ocr_line' id='line_1_80' title="bbox 2131 3059 3780 3131; baseline -0.01 0"><span class='ocrx_word' id='word_1_523' title='bbox 2131 3073 2348 3131; x_wconf 87' lang='lat' dir='ltr'><strong>Idcirco</strong></span> <span class='ocrx_word' id='word_1_524' title='bbox 2382 3071 2492 3126; x_wconf 87' lang='lat' dir='ltr'><strong>ista</strong></span> <span class='ocrx_word' id='word_1_525' title='bbox 2523 3064 2812 3124; x_wconf 87' lang='lat' dir='ltr'><strong>sententia</strong></span> <span class='ocrx_word' id='word_1_526' title='bbox 2841 3066 2930 3118; x_wconf 89' lang='lat' dir='ltr'><strong>est</strong></span> <span class='ocrx_word' id='word_1_527' title='bbox 2962 3061 3033 3117; x_wconf 90' lang='lat' dir='ltr'><strong>de</strong></span> <span class='ocrx_word' id='word_1_528' title='bbox 3065 3065 3118 3116; x_wconf 88' lang='lat' dir='ltr'><strong>te</strong></span> <span class='ocrx_word' id='word_1_529' title='bbox 3143 3077 3156 3114; x_wconf 92' lang='lat'>:</span> <span class='ocrx_word' id='word_1_530' title='bbox 3183 3059 3298 3115; x_wconf 86' lang='lat' dir='ltr'><strong>Iloc</strong></span> <span class='ocrx_word' id='word_1_531' title='bbox 3326 3077 3480 3115; x_wconf 90' lang='lat' dir='ltr'><strong>anno</strong></span> <span class='ocrx_word' id='word_1_532' title='bbox 3502 3061 3647 3116; x_wconf 90' lang='lat' dir='ltr'><strong>mori</strong></span> <span class='ocrx_word' id='word_1_533' title='bbox 3673 3060 3780 3116; x_wconf 89' lang='lat' dir='ltr'><strong>ha-</strong></span> 
     </span>
    </p>
   </div>
   <div class='ocr_carea' id='block_1_78' title="bbox 2128 3148 3780 3228">
    <p class='ocr_par' dir='ltr' id='par_1_78' title="bbox 2128 3148 3780 3228">
     <span class='ocr_line' id='line_1_81' title="bbox 2128 3148 3780 3228; baseline -0.009 -8"><span class='ocrx_word' id='word_1_534' title='bbox 2128 3165 2230 3220; x_wconf 88' lang='lat' dir='ltr'><strong>bes</strong></span> <span class='ocrx_word' id='word_1_535' title='bbox 2261 3162 2320 3217; x_wconf 91' lang='lat' dir='ltr'><strong>in</strong></span> <span class='ocrx_word' id='word_1_536' title='bbox 2351 3161 2523 3216; x_wconf 90' lang='lat' dir='ltr'><strong>domo</strong></span> <span class='ocrx_word' id='word_1_537' title='bbox 2544 3156 2692 3228; x_wconf 88' lang='lat' dir='ltr'><strong>ipsa,</strong></span> <span class='ocrx_word' id='word_1_538' title='bbox 2716 3153 2774 3208; x_wconf 90' lang='lat' dir='ltr'><strong>in</strong></span> <span class='ocrx_word' id='word_1_539' title='bbox 2809 3169 2923 3225; x_wconf 89' lang='lat' dir='ltr'><strong>qua</strong></span> <span class='ocrx_word' id='word_1_540' title='bbox 2948 3148 3603 3207; x_wconf 87' lang='lat' dir='ltr'><strong>cxcommunicationem</strong></span> <span class='ocrx_word' id='word_1_541' title='bbox 3637 3167 3780 3206; x_wconf 86' lang='lat' dir='ltr'><strong>con-</strong></span> 
     </span>
    </p>
   </div>
   <div class='ocr_carea' id='block_1_79' title="bbox 2131 3237 3779 3324">
    <p class='ocr_par' dir='ltr' id='par_1_79' title="bbox 2131 3237 3779 3324">
     <span class='ocr_line' id='line_1_82' title="bbox 2131 3237 3779 3324; baseline -0.008 -15"><span class='ocrx_word' id='word_1_542' title='bbox 2131 3249 2442 3324; x_wconf 88' lang='lat' dir='ltr'><strong>tempsisti.</strong></span> <span class='ocrx_word' id='word_1_543' title='bbox 2476 3245 2638 3313; x_wconf 85' lang='lat' dir='ltr'><strong>Quod</strong></span> <span class='ocrx_word' id='word_1_544' title='bbox 2673 3245 2888 3298; x_wconf 86' lang='lat' dir='ltr'><strong>factum</strong></span> <span class='ocrx_word' id='word_1_545' title='bbox 2920 3245 3028 3307; x_wconf 81' lang='lat' dir='ltr'><strong>est,</strong></span> <span class='ocrx_word' id='word_1_546' title='bbox 3061 3239 3216 3294; x_wconf 88' lang='lat' dir='ltr'><strong>sicut</strong></span> <span class='ocrx_word' id='word_1_547' title='bbox 3245 3239 3324 3294; x_wconf 92' lang='lat' dir='ltr'><strong>ibi</strong></span> <span class='ocrx_word' id='word_1_548' title='bbox 3364 3237 3596 3310; x_wconf 87' lang='lat' dir='ltr'><strong>legitur.</strong></span> <span class='ocrx_word' id='word_1_549' title='bbox 3632 3239 3779 3295; x_wconf 79' lang='lat' dir='ltr'><strong>Ecce</strong></span> 
     </span>
    </p>
   </div>
   <div class='ocr_carea' id='block_1_80' title="bbox 2127 3327 3776 3416">
    <p class='ocr_par' dir='ltr' id='par_1_80' title="bbox 2127 3327 3776 3416">
     <span class='ocr_line' id='line_1_83' title="bbox 2127 3327 3776 3416; baseline -0.008 -20"><span class='ocrx_word' id='word_1_550' title='bbox 2127 3358 2225 3396; x_wconf 86' lang='lat' dir='ltr'><strong>rex</strong></span> <span class='ocrx_word' id='word_1_551' title='bbox 2255 3355 2369 3394; x_wconf 89' lang='lat' dir='ltr'><strong>non</strong></span> <span class='ocrx_word' id='word_1_552' title='bbox 2403 3335 2590 3409; x_wconf 92' lang='lat' dir='ltr'><strong>potuit</strong></span> <span class='ocrx_word' id='word_1_553' title='bbox 2609 3333 2768 3388; x_wconf 91' lang='lat' dir='ltr'><strong>hunc</strong></span> <span class='ocrx_word' id='word_1_554' title='bbox 2793 3334 3019 3385; x_wconf 91' lang='lat' dir='ltr'><strong>reatum</strong></span> <span class='ocrx_word' id='word_1_555' title='bbox 3051 3328 3162 3383; x_wconf 88' lang='lat' dir='ltr'><strong>nisi</strong></span> <span class='ocrx_word' id='word_1_556' title='bbox 3189 3327 3488 3416; x_wconf 71' lang='lat' dir='ltr'><strong>moriendo</strong></span> <span class='ocrx_word' id='word_1_557' title='bbox 3521 3327 3776 3400; x_wconf 87' lang='lat' dir='ltr'><strong>expiare.</strong></span> 
     </span>
    </p>
   </div>
   <div class='ocr_carea' id='block_1_81' title="bbox 2125 3415 3778 3500">
    <p class='ocr_par' dir='ltr' id='par_1_81' title="bbox 2125 3415 3778 3500">
     <span class='ocr_line' id='line_1_84' title="bbox 2125 3415 3778 3500; baseline -0.008 -14"><span class='ocrx_word' id='word_1_558' title='bbox 2125 3431 2268 3486; x_wconf 87' lang='lat' dir='ltr'><strong>Ecce</strong></span> <span class='ocrx_word' id='word_1_559' title='bbox 2295 3426 2605 3500; x_wconf 89' lang='lat' dir='ltr'><strong>episcopus</strong></span> <span class='ocrx_word' id='word_1_560' title='bbox 2636 3439 2739 3477; x_wconf 89' lang='lat' dir='ltr'><strong>nec</strong></span> <span class='ocrx_word' id='word_1_561' title='bbox 2773 3421 3061 3492; x_wconf 86' lang='lat' dir='ltr'><strong>prostrato</strong></span> <span class='ocrx_word' id='word_1_562' title='bbox 3087 3417 3205 3490; x_wconf 92' lang='lat' dir='ltr'><strong>regi</strong></span> <span class='ocrx_word' id='word_1_563' title='bbox 3237 3415 3297 3472; x_wconf 90' lang='lat' dir='ltr'><strong>in</strong></span> <span class='ocrx_word' id='word_1_564' title='bbox 3328 3415 3560 3489; x_wconf 90' lang='lat' dir='ltr'><strong>pulvere</strong></span> <span class='ocrx_word' id='word_1_565' title='bbox 3584 3416 3778 3488; x_wconf 86' lang='lat' dir='ltr'><strong>potuit</strong></span> 
     </span>
    </p>
   </div>
   <div class='ocr_carea' id='block_1_82' title="bbox 2125 3503 3782 3592">
    <p class='ocr_par' dir='ltr' id='par_1_82' title="bbox 2125 3503 3782 3592">
     <span class='ocr_line' id='line_1_85' title="bbox 2125 3503 3782 3592; baseline -0.008 -18"><span class='ocrx_word' id='word_1_566' title='bbox 2125 3519 2442 3592; x_wconf 87' lang='lat' dir='ltr'><strong>ignoscere.</strong></span> <span class='ocrx_word' id='word_1_567' title='bbox 2458 3515 2538 3570; x_wconf 85' lang='lat' dir='ltr'><strong>Ex</strong></span> <span class='ocrx_word' id='word_1_568' title='bbox 2551 3510 2647 3567; x_wconf 89' lang='lat' dir='ltr'><strong>his</strong></span> <span class='ocrx_word' id='word_1_569' title='bbox 2660 3526 2798 3582; x_wconf 84' lang='lat' dir='ltr'><strong>ergo</strong></span> <span class='ocrx_word' id='word_1_570' title='bbox 2821 3506 3215 3579; x_wconf 82' lang='lat' dir='ltr'><strong>colligendum</strong></span> <span class='ocrx_word' id='word_1_571' title='bbox 3232 3509 3341 3573; x_wconf 89' lang='lat' dir='ltr'><strong>est,</strong></span> <span class='ocrx_word' id='word_1_572' title='bbox 3358 3503 3499 3577; x_wconf 86' lang='lat' dir='ltr'><strong>quia</strong></span> <span class='ocrx_word' id='word_1_573' title='bbox 3529 3521 3634 3561; x_wconf 87' lang='lat' dir='ltr'><strong>nec</strong></span> <span class='ocrx_word' id='word_1_574' title='bbox 3653 3505 3782 3578; x_wconf 90' lang='lat' dir='ltr'><strong>ipse</strong></span> 
     </span>
    </p>
   </div>
   <div class='ocr_carea' id='block_1_83' title="bbox 2125 3593 3782 3681">
    <p class='ocr_par' dir='ltr' id='par_1_83' title="bbox 2125 3593 3782 3681">
     <span class='ocr_line' id='line_1_86' title="bbox 2125 3593 3782 3681; baseline -0.01 -17"><span class='ocrx_word' id='word_1_575' title='bbox 2125 3608 2452 3681; x_wconf 88' lang='lat' dir='ltr'><strong>episcopus,</strong></span> <span class='ocrx_word' id='word_1_576' title='bbox 2468 3603 2639 3672; x_wconf 88' lang='lat' dir='ltr'><strong>cujus</strong></span> <span class='ocrx_word' id='word_1_577' title='bbox 2660 3595 3185 3655; x_wconf 85' lang='lat' dir='ltr'><strong>excommunicatio</strong></span> <span class='ocrx_word' id='word_1_578' title='bbox 3207 3593 3628 3660; x_wconf 87' lang='lat' dir='ltr'><strong>contemnitur,</strong></span> <span class='ocrx_word' id='word_1_579' title='bbox 3649 3593 3782 3649; x_wconf 87' lang='lat' dir='ltr'><strong>sine</strong></span> 
     </span>
    </p>
   </div>
   <div class='ocr_carea' id='block_1_84' title="bbox 2123 3681 3780 3784">
    <p class='ocr_par' dir='ltr' id='par_1_84' title="bbox 2123 3681 3780 3784">
     <span class='ocr_line' id='line_1_87' title="bbox 2123 3681 3780 3784; baseline -0.009 -32"><span class='ocrx_word' id='word_1_580' title='bbox 2123 3695 2469 3770; x_wconf 85' lang='lat' dir='ltr'><strong>gravissima</strong></span> <span class='ocrx_word' id='word_1_581' title='bbox 2499 3686 2838 3765; x_wconf 87' lang='lat' dir='ltr'><strong>poenitentia</strong></span> <span class='ocrx_word' id='word_1_582' title='bbox 2857 3682 3198 3758; x_wconf 89' lang='lat' dir='ltr'><strong>hujusmodi</strong></span> <span class='ocrx_word' id='word_1_583' title='bbox 3228 3681 3780 3784; x_wconf 74' lang='lat' dir='ltr'><strong>facinusignoscere</strong></span> 
     </span>
    </p>
   </div>
   <div class='ocr_carea' id='block_1_85' title="bbox 2125 3790 2332 3858">
    <p class='ocr_par' dir='ltr' id='par_1_85' title="bbox 2125 3790 2332 3858">
     <span class='ocr_line' id='line_1_88' title="bbox 2125 3790 2332 3858; baseline -0.019 -15"><span class='ocrx_word' id='word_1_584' title='bbox 2125 3790 2332 3858; x_wconf 90' lang='lat' dir='ltr'><strong>potest.</strong></span> 
     </span>
    </p>
   </div>
   <div class='ocr_carea' id='block_1_86' title="bbox 2123 3877 3784 3956">
    <p class='ocr_par' dir='ltr' id='par_1_86' title="bbox 2123 3877 3784 3956">
     <span class='ocr_line' id='line_1_89' title="bbox 2123 3877 3784 3956; baseline -0.01 -6"><span class='ocrx_word' id='word_1_585' title='bbox 2123 3897 2256 3950; x_wconf 78' lang='lat' dir='ltr'><strong>CAP.</strong></span> <span class='ocrx_word' id='word_1_586' title='bbox 2293 3890 2452 3946; x_wconf 86' lang='lat' dir='ltr'><strong>LXV.</strong></span> <span class='ocrx_word' id='word_1_587' title='bbox 2484 3920 2552 3929; x_wconf 97' lang='lat'><strong>—</strong></span> <span class='ocrx_word' id='word_1_588' title='bbox 2583 3888 2799 3956; x_wconf 74' lang='lat' dir='ltr'><strong>Quanta</strong></span> <span class='ocrx_word' id='word_1_589' title='bbox 2814 3884 3112 3956; x_wconf 81' lang='lat' dir='ltr'><strong>reverentia</strong></span> <span class='ocrx_word' id='word_1_590' title='bbox 3161 3881 3456 3956; x_wconf 73' lang='lat' dir='ltr'><strong>episcopali</strong></span> <span class='ocrx_word' id='word_1_591' title='bbox 3480 3877 3784 3956; x_wconf 71' lang='lat' dir='ltr'><strong>_cathcdrar</strong></span> 
     </span>
    </p>
   </div>
   <div class='ocr_carea' id='block_1_87' title="bbox 2192 3951 3776 4022">
    <p class='ocr_par' dir='ltr' id='par_1_87' title="bbox 2192 3951 3776 4022">
     <span class='ocr_line' id='line_1_90' title="bbox 2192 3951 3776 4022; baseline -0.011 -2"><span class='ocrx_word' id='word_1_592' title='bbox 2192 3967 2266 4020; x_wconf 90' lang='lat' dir='ltr'><strong>sit</strong></span> <span class='ocrx_word' id='word_1_593' title='bbox 2317 3960 2581 4018; x_wconf 76' lang='lat' dir='ltr'><strong>habenda.</strong></span> <span class='ocrx_word' id='word_1_594' title='bbox 2601 3951 2712 4013; x_wconf 48' lang='lat' dir='ltr'><strong>&#39;De</strong></span> <span class='ocrx_word' id='word_1_595' title='bbox 2767 3955 2962 4011; x_wconf 85' lang='lat' dir='ltr'><strong>domno</strong></span> <span class='ocrx_word' id='word_1_596' title='bbox 3021 3951 3204 4010; x_wconf 55' lang='lat' dir='ltr'><strong>Petro&#39;</strong></span> <span class='ocrx_word' id='word_1_597' title='bbox 3249 3951 3623 4008; x_wconf 60' lang='lat' dir='ltr'><strong>Alexandrino</strong></span> <span class='ocrx_word' id='word_1_598' title='bbox 3675 3967 3776 4022; x_wconf 84' lang='lat' dir='ltr'><strong>pa-</strong></span> 
     </span>
    </p>
   </div>
   <div class='ocr_carea' id='block_1_88' title="bbox 2125 4035 3779 4190">
    <p class='ocr_par' dir='ltr' id='par_1_88' title="bbox 2125 4035 3779 4190">
     <span class='ocr_line' id='line_1_91' title="bbox 2125 4035 3779 4190; baseline -0.01 -9"><span class='ocrx_word' id='word_1_599' title='bbox 2125 4035 2627 4180; x_wconf 49' lang='lat' dir='ltr'><strong>&quot;?l&#39;ifihainstante</strong></span> <span class='ocrx_word' id='word_1_600' title='bbox 2658 4114 2948 4190; x_wconf 88' lang='lat' dir='ltr'><strong>passionis</strong></span> <span class='ocrx_word' id='word_1_601' title='bbox 2978 4110 3224 4169; x_wconf 89' lang='lat' dir='ltr'><strong>articulo</strong></span> <span class='ocrx_word' id='word_1_602' title='bbox 3253 4109 3524 4168; x_wconf 85' lang='lat' dir='ltr'><strong>Christus</strong></span> <span class='ocrx_word' id='word_1_603' title='bbox 3547 4126 3648 4183; x_wconf 87' lang='lat' dir='ltr'><strong>per</strong></span> <span class='ocrx_word' id='word_1_604' title='bbox 3683 4128 3779 4165; x_wconf 87' lang='lat' dir='ltr'><strong>so-</strong></span> 
     </span>
    </p>
   </div>
   <div class='ocr_carea' id='block_1_89' title="bbox 2125 4198 3778 4278">
    <p class='ocr_par' dir='ltr' id='par_1_89' title="bbox 2125 4198 3778 4278">
     <span class='ocr_line' id='line_1_92' title="bbox 2125 4198 3778 4278; baseline -0.008 -10"><span class='ocrx_word' id='word_1_605' title='bbox 2125 4215 2354 4270; x_wconf 88' lang='lat' dir='ltr'><strong>mnium</strong></span> <span class='ocrx_word' id='word_1_606' title='bbox 2381 4207 2563 4264; x_wconf 90' lang='lat' dir='ltr'><strong>nimio</strong></span> <span class='ocrx_word' id='word_1_607' title='bbox 2593 4204 2900 4278; x_wconf 87' lang='lat' dir='ltr'><strong>splendore</strong></span> <span class='ocrx_word' id='word_1_608' title='bbox 2941 4201 3172 4273; x_wconf 85' lang='lat' dir='ltr'><strong>fulgens</strong></span> <span class='ocrx_word' id='word_1_609' title='bbox 3219 4198 3509 4272; x_wconf 86' lang='lat' dir='ltr'><strong>apparuit,</strong></span> <span class='ocrx_word' id='word_1_610' title='bbox 3533 4199 3778 4254; x_wconf 89' lang='lat' dir='ltr'><strong>indutus</strong></span> 
     </span>
    </p>
   </div>
   <div class='ocr_carea' id='block_1_90' title="bbox 2122 4287 3775 4359">
    <p class='ocr_par' dir='ltr' id='par_1_90' title="bbox 2122 4287 3775 4359">
     <span class='ocr_line' id='line_1_93' title="bbox 2122 4287 3775 4359; baseline -0.009 -2"><span class='ocrx_word' id='word_1_611' title='bbox 2122 4299 2391 4357; x_wconf 89' lang='lat' dir='ltr'><strong>videlicet</strong></span> <span class='ocrx_word' id='word_1_612' title='bbox 2417 4294 2643 4354; x_wconf 89' lang='lat' dir='ltr'><strong>colobio</strong></span> <span class='ocrx_word' id='word_1_613' title='bbox 2673 4291 2850 4349; x_wconf 90' lang='lat' dir='ltr'><strong>nimis</strong></span> <span class='ocrx_word' id='word_1_614' title='bbox 2869 4287 3313 4353; x_wconf 88' lang='lat' dir='ltr'><strong>candidissimo,</strong></span> <span class='ocrx_word' id='word_1_615' title='bbox 3344 4287 3446 4344; x_wconf 84' lang='lat' dir='ltr'><strong>sed</strong></span> <span class='ocrx_word' id='word_1_616' title='bbox 3472 4303 3659 4359; x_wconf 91' lang='lat' dir='ltr'><strong>usque</strong></span> <span class='ocrx_word' id='word_1_617' title='bbox 3702 4288 3775 4342; x_wconf 84' lang='lat' dir='ltr'><strong>ad</strong></span> 
     </span>
    </p>
   </div>
   <div class='ocr_carea' id='block_1_91' title="bbox 2126 4375 3778 4464">
    <p class='ocr_par' dir='ltr' id='par_1_91' title="bbox 2126 4375 3778 4464">
     <span class='ocr_line' id='line_1_94' title="bbox 2126 4375 3778 4464; baseline -0.012 -17"><span class='ocrx_word' id='word_1_618' title='bbox 2126 4390 2298 4464; x_wconf 89' lang='lat' dir='ltr'><strong>pedes</strong></span> <span class='ocrx_word' id='word_1_619' title='bbox 2321 4385 2540 4452; x_wconf 88' lang='lat' dir='ltr'><strong>scisso;</strong></span> <span class='ocrx_word' id='word_1_620' title='bbox 2574 4381 2730 4454; x_wconf 86' lang='lat' dir='ltr'><strong>quod</strong></span> <span class='ocrx_word' id='word_1_621' title='bbox 2753 4385 2944 4435; x_wconf 88' lang='lat' dir='ltr'><strong>tamen</strong></span> <span class='ocrx_word' id='word_1_622' title='bbox 2969 4375 3261 4434; x_wconf 89' lang='lat' dir='ltr'><strong>colobium</strong></span> <span class='ocrx_word' id='word_1_623' title='bbox 3282 4375 3572 4432; x_wconf 87' lang='lat' dir='ltr'><strong>ambabus</strong></span> <span class='ocrx_word' id='word_1_624' title='bbox 3594 4375 3778 4442; x_wconf 77' lang='lat' dir='ltr'><strong>mani-</strong></span> 
     </span>
    </p>
   </div>
   <div class='ocr_carea' id='block_1_92' title="bbox 2123 4465 3774 4547">
    <p class='ocr_par' dir='ltr' id='par_1_92' title="bbox 2123 4465 3774 4547">
     <span class='ocr_line' id='line_1_95' title="bbox 2123 4465 3774 4547; baseline -0.01 -11"><span class='ocrx_word' id='word_1_625' title='bbox 2123 4481 2234 4536; x_wconf 91' lang='lat' dir='ltr'><strong>bus</strong></span> <span class='ocrx_word' id='word_1_626' title='bbox 2265 4477 2338 4534; x_wconf 88' lang='lat' dir='ltr'><strong>ad</strong></span> <span class='ocrx_word' id='word_1_627' title='bbox 2383 4478 2586 4547; x_wconf 90' lang='lat' dir='ltr'><strong>pectus</strong></span> <span class='ocrx_word' id='word_1_628' title='bbox 2633 4486 2809 4528; x_wconf 91' lang='lat' dir='ltr'><strong>suum</strong></span> <span class='ocrx_word' id='word_1_629' title='bbox 2849 4466 3196 4540; x_wconf 85' lang='lat' dir='ltr'><strong>stringebat,</strong></span> <span class='ocrx_word' id='word_1_630' title='bbox 3227 4465 3556 4521; x_wconf 87' lang='lat' dir='ltr'><strong>nuditatem</strong></span> <span class='ocrx_word' id='word_1_631' title='bbox 3601 4481 3774 4521; x_wconf 83' lang='lat' dir='ltr'><strong>suam</strong></span> 
     </span>
    </p>
   </div>
   <div class='ocr_carea' id='block_1_93' title="bbox 435 4549 3777 4642">
    <p class='ocr_par' dir='ltr' id='par_1_93' title="bbox 435 4549 3777 4642">
     <span class='ocr_line' id='line_1_96' title="bbox 435 4549 3777 4642; baseline 0.001 -38"><span class='ocrx_word' id='word_1_632' title='bbox 435 4549 750 4642; x_wconf 59' lang='lat' dir='ltr'><strong>Cum_ante</strong></span> <span class='ocrx_word' id='word_1_633' title='bbox 781 4551 888 4642; x_wconf 82' lang='lat' dir='ltr'><strong>hos</strong></span> <span class='ocrx_word' id='word_1_634' title='bbox 917 4569 1104 4642; x_wconf 79' lang='lat' dir='ltr'><strong>annos</strong></span> <span class='ocrx_word' id='word_1_635' title='bbox 1125 4551 1311 4642; x_wconf 82' lang='lat' dir='ltr'><strong>sancti</strong></span> <span class='ocrx_word' id='word_1_636' title='bbox 1323 4552 1571 4642; x_wconf 17' lang='lat' dir='ltr'><strong>iAndreaa</strong></span> <span class='ocrx_word' id='word_1_637' title='bbox 1589 4551 1932 4642; x_wconf 85' lang='lat' dir='ltr'><strong>solemnitas</strong></span> <span class='ocrx_word' id='word_1_638' title='bbox 1952 4555 2011 4608; x_wconf 86' lang='lat' dir='ltr'><strong>in</strong></span> <span class='ocrx_word' id='word_1_639' title='bbox 2044 4577 2090 4642; x_wconf 76' lang='grc' dir='ltr'><strong>Ι)</strong></span> <span class='ocrx_word' id='word_1_640' title='bbox 2123 4562 2555 4642; x_wconf 78' lang='lat' dir='ltr'><strong>quodammodo</strong></span> <span class='ocrx_word' id='word_1_641' title='bbox 2585 4558 2868 4632; x_wconf 88' lang='lat' dir='ltr'><strong>operiens.</strong></span> <span class='ocrx_word' id='word_1_642' title='bbox 2891 4558 3072 4621; x_wconf 86' lang='lat' dir='ltr'><strong>Quem</strong></span> <span class='ocrx_word' id='word_1_643' title='bbox 3105 4551 3404 4642; x_wconf 83' lang='lat' dir='ltr'><strong>Christum</strong></span> <span class='ocrx_word' id='word_1_644' title='bbox 3425 4568 3552 4609; x_wconf 88' lang='lat' dir='ltr'><strong>esse</strong></span> <span class='ocrx_word' id='word_1_645' title='bbox 3568 4551 3777 4642; x_wconf 58' lang='lat' dir='ltr'><strong>Petrus</strong></span> 
     </span>
    </p>
   </div>
   <div class='ocr_carea' id='block_1_94' title="bbox 361 4637 2008 4712">
    <p class='ocr_par' dir='ltr' id='par_1_94' title="bbox 361 4637 2008 4712">
     <span class='ocr_line' id='line_1_97' title="bbox 361 4637 2008 4712; baseline 0.002 -20"><span class='ocrx_word' id='word_1_646' title='bbox 361 4637 554 4710; x_wconf 84' lang='lat' dir='ltr'><strong>prima</strong></span> <span class='ocrx_word' id='word_1_647' title='bbox 583 4637 886 4696; x_wconf 90' lang='lat' dir='ltr'><strong>Dominica</strong></span> <span class='ocrx_word' id='word_1_648' title='bbox 916 4641 1203 4696; x_wconf 92' lang='lat' dir='ltr'><strong>Dominici</strong></span> <span class='ocrx_word' id='word_1_649' title='bbox 1253 4641 1552 4696; x_wconf 88' lang='lat' dir='ltr'><strong>Adventus</strong></span> <span class='ocrx_word' id='word_1_650' title='bbox 1597 4641 2008 4712; x_wconf 90' lang='lat' dir='ltr'><strong>concurrisset,</strong></span> 
     </span>
    </p>
   </div>
   <div class='ocr_carea' id='block_1_95' title="bbox 359 4725 2012 4802">
    <p class='ocr_par' dir='ltr' id='par_1_95' title="bbox 359 4725 2012 4802">
     <span class='ocr_line' id='line_1_98' title="bbox 359 4725 2012 4802; baseline 0.002 -20"><span class='ocrx_word' id='word_1_651' title='bbox 359 4725 600 4798; x_wconf 89' lang='lat' dir='ltr'><strong>quidam</strong></span> <span class='ocrx_word' id='word_1_652' title='bbox 634 4730 906 4786; x_wconf 87' lang='lat' dir='ltr'><strong>sacerdos</strong></span> <span class='ocrx_word' id='word_1_653' title='bbox 933 4729 1290 4802; x_wconf 85' lang='lat' dir='ltr'><strong>pagensibus</strong></span> <span class='ocrx_word' id='word_1_654' title='bbox 1318 4729 1443 4785; x_wconf 88' lang='lat' dir='ltr'><strong>suis</strong></span> <span class='ocrx_word' id='word_1_655' title='bbox 1477 4734 1752 4802; x_wconf 90' lang='lat' dir='ltr'><strong>utrasque</strong></span> <span class='ocrx_word' id='word_1_656' title='bbox 1797 4729 2012 4787; x_wconf 87' lang='lat' dir='ltr'><strong>missas</strong></span> 
     </span>
    </p>
   </div>
   <div class='ocr_carea' id='block_1_96' title="bbox 356 4817 2011 4894">
    <p class='ocr_par' dir='ltr' id='par_1_96' title="bbox 356 4817 2011 4894">
     <span class='ocr_line' id='line_1_99' title="bbox 356 4817 2011 4894; baseline -0.004 -14"><span class='ocrx_word' id='word_1_657' title='bbox 356 4823 560 4880; x_wconf 84' lang='lat' dir='ltr'><strong>audire</strong></span> <span class='ocrx_word' id='word_1_658' title='bbox 581 4819 872 4894; x_wconf 67' lang='lat' dir='ltr'><strong>praecepit.</strong></span> <span class='ocrx_word' id='word_1_659' title='bbox 891 4821 1048 4876; x_wconf 89' lang='lat' dir='ltr'><strong>Inter</strong></span> <span class='ocrx_word' id='word_1_660' title='bbox 1065 4837 1212 4893; x_wconf 90' lang='lat' dir='ltr'><strong>quos</strong></span> <span class='ocrx_word' id='word_1_661' title='bbox 1234 4822 1357 4874; x_wconf 87' lang='lat' dir='ltr'><strong>erat</strong></span> <span class='ocrx_word' id='word_1_662' title='bbox 1385 4817 1671 4884; x_wconf 88' lang='lat' dir='ltr'><strong>medicus,</strong></span> <span class='ocrx_word' id='word_1_663' title='bbox 1686 4817 1787 4890; x_wconf 92' lang='lat' dir='ltr'><strong>qui</strong></span> <span class='ocrx_word' id='word_1_664' title='bbox 1811 4819 2011 4874; x_wconf 90' lang='lat' dir='ltr'><strong>audita</strong></span> 
     </span>
    </p>
   </div>
   <div class='ocr_carea' id='block_1_97' title="bbox 356 4906 2006 4987">
    <p class='ocr_par' dir='ltr' id='par_1_97' title="bbox 356 4906 2006 4987">
     <span class='ocr_line' id='line_1_100' title="bbox 356 4906 2006 4987; baseline -0.005 -17"><span class='ocrx_word' id='word_1_665' title='bbox 356 4914 548 4987; x_wconf 86' lang='lat' dir='ltr'><strong>prima</strong></span> <span class='ocrx_word' id='word_1_666' title='bbox 577 4911 759 4968; x_wconf 87' lang='lat' dir='ltr'><strong>missa</strong></span> <span class='ocrx_word' id='word_1_667' title='bbox 789 4910 1079 4966; x_wconf 89' lang='lat' dir='ltr'><strong>discessit.</strong></span> <span class='ocrx_word' id='word_1_668' title='bbox 1113 4910 1298 4974; x_wconf 87' lang='lat' dir='ltr'><strong>Quem</strong></span> <span class='ocrx_word' id='word_1_669' title='bbox 1327 4923 1463 4963; x_wconf 91' lang='lat' dir='ltr'><strong>cum</strong></span> <span class='ocrx_word' id='word_1_670' title='bbox 1497 4906 1772 4961; x_wconf 89' lang='lat' dir='ltr'><strong>sacerdos</strong></span> <span class='ocrx_word' id='word_1_671' title='bbox 1822 4907 2006 4962; x_wconf 90' lang='lat' dir='ltr'><strong>incre-</strong></span> 
     </span>
    </p>
   </div>
   <div class='ocr_carea' id='block_1_98' title="bbox 356 4994 2008 5080">
    <p class='ocr_par' dir='ltr' id='par_1_98' title="bbox 356 4994 2008 5080">
     <span class='ocr_line' id='line_1_101' title="bbox 356 4994 2008 5080; baseline -0.008 -16"><span class='ocrx_word' id='word_1_672' title='bbox 356 5010 578 5080; x_wconf 85' lang='lat' dir='ltr'><strong>passet,</strong></span> <span class='ocrx_word' id='word_1_673' title='bbox 607 5003 752 5060; x_wconf 89' lang='lat' dir='ltr'><strong>dure</strong></span> <span class='ocrx_word' id='word_1_674' title='bbox 781 4999 834 5056; x_wconf 91' lang='lat' dir='ltr'><strong>ei</strong></span> <span class='ocrx_word' id='word_1_675' title='bbox 864 4998 1185 5072; x_wconf 90' lang='lat' dir='ltr'><strong>respondit.</strong></span> <span class='ocrx_word' id='word_1_676' title='bbox 1235 4998 1308 5050; x_wconf 87' lang='lat' dir='ltr'><strong>At</strong></span> <span class='ocrx_word' id='word_1_677' title='bbox 1337 4995 1433 5050; x_wconf 92' lang='lat' dir='ltr'><strong>ille</strong></span> <span class='ocrx_word' id='word_1_678' title='bbox 1482 4994 2008 5050; x_wconf 88' lang='lat' dir='ltr'><strong>excommunicavit</strong></span> 
     </span>
    </p>
   </div>
   <div class='ocr_carea' id='block_1_99' title="bbox 355 5082 2006 5152">
    <p class='ocr_par' dir='ltr' id='par_1_99' title="bbox 355 5082 2006 5152">
     <span class='ocr_line' id='line_1_102' title="bbox 355 5082 2006 5152; baseline -0.009 0"><span class='ocrx_word' id='word_1_679' title='bbox 355 5112 513 5152; x_wconf 89' lang='lat' dir='ltr'><strong>eum.</strong></span> <span class='ocrx_word' id='word_1_680' title='bbox 546 5095 620 5149; x_wconf 86' lang='lat' dir='ltr'><strong>At</strong></span> <span class='ocrx_word' id='word_1_681' title='bbox 645 5109 778 5147; x_wconf 84' lang='lat' dir='ltr'><strong>vero</strong></span> <span class='ocrx_word' id='word_1_682' title='bbox 800 5089 986 5144; x_wconf 90' lang='lat' dir='ltr'><strong>iratus</strong></span> <span class='ocrx_word' id='word_1_683' title='bbox 1019 5085 1283 5142; x_wconf 90' lang='lat' dir='ltr'><strong>medicus</strong></span> <span class='ocrx_word' id='word_1_684' title='bbox 1315 5086 1387 5140; x_wconf 88' lang='lat' dir='ltr'><strong>ad</strong></span> <span class='ocrx_word' id='word_1_685' title='bbox 1420 5100 1590 5138; x_wconf 90' lang='lat' dir='ltr'><strong>suam</strong></span> <span class='ocrx_word' id='word_1_686' title='bbox 1623 5083 1864 5138; x_wconf 89' lang='lat' dir='ltr'><strong>domum</strong></span> <span class='ocrx_word' id='word_1_687' title='bbox 1894 5082 2006 5138; x_wconf 87' lang='lat' dir='ltr'><strong>dis-</strong></span> 
     </span>
    </p>
   </div>
   <div class='ocr_carea' id='block_1_100' title="bbox 356 5171 2006 5249">
    <p class='ocr_par' dir='ltr' id='par_1_100' title="bbox 356 5171 2006 5249">
     <span class='ocr_line' id='line_1_103' title="bbox 356 5171 2006 5249; baseline -0.008 -8"><span class='ocrx_word' id='word_1_688' title='bbox 356 5183 552 5249; x_wconf 82' lang='lat' dir='ltr'><strong>cessit,</strong></span> <span class='ocrx_word' id='word_1_689' title='bbox 583 5185 642 5238; x_wconf 88' lang='lat' dir='ltr'><strong>et</strong></span> <span class='ocrx_word' id='word_1_690' title='bbox 669 5179 729 5234; x_wconf 91' lang='lat' dir='ltr'><strong>in</strong></span> <span class='ocrx_word' id='word_1_691' title='bbox 762 5181 1167 5249; x_wconf 88' lang='lat' dir='ltr'><strong>contemptum</strong></span> <span class='ocrx_word' id='word_1_692' title='bbox 1199 5171 1820 5230; x_wconf 88' lang='lat' dir='ltr'><strong>excommunicationis</strong></span> <span class='ocrx_word' id='word_1_693' title='bbox 1873 5188 2006 5228; x_wconf 85' lang='lat' dir='ltr'><strong>mox</strong></span> 
     </span>
    </p>
   </div>
   <div class='ocr_carea' id='block_1_101' title="bbox 267 5253 2000 5348">
    <p class='ocr_par' dir='ltr' id='par_1_101' title="bbox 267 5253 2000 5348">
     <span class='ocr_line' id='line_1_104' title="bbox 267 5253 2000 5348; baseline -0.009 -17"><span class='ocrx_word' id='word_1_694' title='bbox 267 5253 280 5260; x_wconf 41' lang='lat'><strong>-</strong></span> <span class='ocrx_word' id='word_1_695' title='bbox 355 5275 560 5348; x_wconf 91' lang='lat' dir='ltr'><strong>potum</strong></span> <span class='ocrx_word' id='word_1_696' title='bbox 591 5267 836 5340; x_wconf 88' lang='lat' dir='ltr'><strong>accepit,</strong></span> <span class='ocrx_word' id='word_1_697' title='bbox 858 5270 1034 5338; x_wconf 89' lang='lat' dir='ltr'><strong>atque</strong></span> <span class='ocrx_word' id='word_1_698' title='bbox 1066 5263 1330 5336; x_wconf 87' lang='lat' dir='ltr'><strong>protinus</strong></span> <span class='ocrx_word' id='word_1_699' title='bbox 1358 5259 1550 5316; x_wconf 82' lang='lat' dir='ltr'><strong>vexari</strong></span> <span class='ocrx_word' id='word_1_700' title='bbox 1573 5259 2000 5332; x_wconf 74' lang='lat' dir='ltr'><strong>cmpit,quous-</strong></span> 
     </span>
    </p>
   </div>
   <div class='ocr_carea' id='block_1_102' title="bbox 354 5353 1098 5435">
    <p class='ocr_par' dir='ltr' id='par_1_102' title="bbox 354 5353 1098 5435">
     <span class='ocr_line' id='line_1_105' title="bbox 354 5353 1098 5435; baseline -0.016 -16"><span class='ocrx_word' id='word_1_701' title='bbox 354 5379 468 5435; x_wconf 90' lang='lat' dir='ltr'><strong>que</strong></span> <span class='ocrx_word' id='word_1_702' title='bbox 495 5360 754 5418; x_wconf 83' lang='lat' dir='ltr'><strong>animam</strong></span> <span class='ocrx_word' id='word_1_703' title='bbox 785 5353 1098 5413; x_wconf 88' lang='lat' dir='ltr'><strong>exhalaret.</strong></span> 
     </span>
    </p>
   </div>
   <div class='ocr_carea' id='block_1_103' title="bbox 350 5465 1998 5538">
    <p class='ocr_par' dir='ltr' id='par_1_103' title="bbox 350 5465 1998 5538">
     <span class='ocr_line' id='line_1_106' title="bbox 350 5465 1998 5538; baseline -0.01 -2"><span class='ocrx_word' id='word_1_704' title='bbox 350 5479 482 5537; x_wconf 79' lang='lat' dir='ltr'><strong>CAP.</strong></span> <span class='ocrx_word' id='word_1_705' title='bbox 522 5477 711 5534; x_wconf 85' lang='lat' dir='ltr'><strong>LXIII.</strong></span> <span class='ocrx_word' id='word_1_706' title='bbox 747 5505 814 5514; x_wconf 89' lang='lat'><strong>——</strong></span> <span class='ocrx_word' id='word_1_707' title='bbox 868 5469 1158 5527; x_wconf 69' lang='lat' dir='ltr'><strong>laudabile</strong></span> <span class='ocrx_word' id='word_1_708' title='bbox 1203 5469 1373 5522; x_wconf 86' lang='lat' dir='ltr'><strong>nimis</strong></span> <span class='ocrx_word' id='word_1_709' title='bbox 1415 5467 1726 5538; x_wconf 75' lang='lat' dir='ltr'><strong>exempl-um</strong></span> <span class='ocrx_word' id='word_1_710' title='bbox 1771 5465 1998 5535; x_wconf 76' lang='lat' dir='ltr'><strong>gloriosi</strong></span> 
     </span>
    </p>
   </div>
   <div class='ocr_carea' id='block_1_104' title="bbox 841 5539 1503 5610">
    <p class='ocr_par' dir='ltr' id='par_1_104' title="bbox 841 5539 1503 5610">
     <span class='ocr_line' id='line_1_107' title="bbox 841 5539 1503 5610; baseline -0.012 -10"><span class='ocrx_word' id='word_1_711' title='bbox 841 5543 1114 5600; x_wconf 85' lang='lat' dir='ltr'><strong>Thcodosti</strong></span> <span class='ocrx_word' id='word_1_712' title='bbox 1143 5539 1503 5610; x_wconf 83' lang='lat' dir='ltr'><strong>imperatoris.</strong></span> 
     </span>
    </p>
   </div>
   <div class='ocr_carea' id='block_1_105' title="bbox 2121 4639 3774 4725">
    <p class='ocr_par' dir='ltr' id='par_1_105' title="bbox 2121 4639 3774 4725">
     <span class='ocr_line' id='line_1_108' title="bbox 2121 4639 3774 4725; baseline -0.01 -12"><span class='ocrx_word' id='word_1_713' title='bbox 2121 4639 2478 4725; x_wconf 74' lang='lat' dir='ltr'><strong>intelligens,</strong></span> <span class='ocrx_word' id='word_1_714' title='bbox 2511 4664 2646 4705; x_wconf 91' lang='lat' dir='ltr'><strong>cum</strong></span> <span class='ocrx_word' id='word_1_715' title='bbox 2680 4645 2902 4718; x_wconf 86' lang='lat' dir='ltr'><strong>ingenti</strong></span> <span class='ocrx_word' id='word_1_716' title='bbox 2943 4644 3183 4700; x_wconf 86' lang='lat' dir='ltr'><strong>horrore</strong></span> <span class='ocrx_word' id='word_1_717' title='bbox 3226 4641 3510 4697; x_wconf 89' lang='lat' dir='ltr'><strong>attonitus</strong></span> <span class='ocrx_word' id='word_1_718' title='bbox 3531 4639 3614 4694; x_wconf 85' lang='lat' dir='ltr'><strong>ait</strong></span> <span class='ocrx_word' id='word_1_719' title='bbox 3643 4656 3658 4694; x_wconf 89' lang='lat'><strong>:</strong></span> <span class='ocrx_word' id='word_1_720' title='bbox 3696 4640 3774 4696; x_wconf 78' lang='lat' dir='ltr'><strong>Mi</strong></span> 
     </span>
    </p>
   </div>
   <div class='ocr_carea' id='block_1_106' title="bbox 2119 4728 3778 4807">
    <p class='ocr_par' dir='ltr' id='par_1_106' title="bbox 2119 4728 3778 4807">
     <span class='ocr_line' id='line_1_109' title="bbox 2119 4728 3778 4807; baseline -0.01 -7"><span class='ocrx_word' id='word_1_721' title='bbox 2119 4743 2382 4807; x_wconf 90' lang='lat' dir='ltr'><strong>Domine,</strong></span> <span class='ocrx_word' id='word_1_722' title='bbox 2416 4737 2678 4802; x_wconf 89' lang='lat' dir='ltr'><strong>Domine,</strong></span> <span class='ocrx_word' id='word_1_723' title='bbox 2711 4735 2844 4807; x_wconf 87' lang='lat' dir='ltr'><strong>quis</strong></span> <span class='ocrx_word' id='word_1_724' title='bbox 2880 4733 2988 4789; x_wconf 90' lang='lat' dir='ltr'><strong>hoc</strong></span> <span class='ocrx_word' id='word_1_725' title='bbox 3022 4731 3194 4788; x_wconf 80' lang='lat' dir='ltr'><strong>fecit?</strong></span> <span class='ocrx_word' id='word_1_726' title='bbox 3221 4732 3295 4785; x_wconf 84' lang='lat' dir='ltr'><strong>At</strong></span> <span class='ocrx_word' id='word_1_727' title='bbox 3323 4728 3419 4784; x_wconf 91' lang='lat' dir='ltr'><strong>ille</strong></span> <span class='ocrx_word' id='word_1_728' title='bbox 3449 4728 3530 4784; x_wconf 89' lang='lat' dir='ltr'><strong>ait</strong></span> <span class='ocrx_word' id='word_1_729' title='bbox 3552 4745 3566 4781; x_wconf 87' lang='lat'><strong>:</strong></span> <span class='ocrx_word' id='word_1_730' title='bbox 3588 4728 3778 4784; x_wconf 85' lang='lat' dir='ltr'><strong>Anius</strong></span> 
     </span>
    </p>
   </div>
   <div class='ocr_carea' id='block_1_107' title="bbox 2119 4815 3777 4895">
    <p class='ocr_par' dir='ltr' id='par_1_107' title="bbox 2119 4815 3777 4895">
     <span class='ocr_line' id='line_1_110' title="bbox 2119 4815 3777 4895; baseline -0.008 -9"><span class='ocrx_word' id='word_1_731' title='bbox 2119 4830 2263 4886; x_wconf 90' lang='lat' dir='ltr'><strong>mihi</strong></span> <span class='ocrx_word' id='word_1_732' title='bbox 2297 4830 2404 4883; x_wconf 89' lang='lat' dir='ltr'><strong>hoc</strong></span> <span class='ocrx_word' id='word_1_733' title='bbox 2438 4827 2592 4882; x_wconf 90' lang='lat' dir='ltr'><strong>fecit.</strong></span> <span class='ocrx_word' id='word_1_734' title='bbox 2612 4823 2715 4880; x_wconf 91' lang='lat' dir='ltr'><strong>llic</strong></span> <span class='ocrx_word' id='word_1_735' title='bbox 2735 4841 2870 4895; x_wconf 87' lang='lat' dir='ltr'><strong>ergo</strong></span> <span class='ocrx_word' id='word_1_736' title='bbox 2897 4823 3100 4877; x_wconf 88' lang='lat' dir='ltr'><strong>Petrus</strong></span> <span class='ocrx_word' id='word_1_737' title='bbox 3121 4823 3380 4890; x_wconf 90' lang='lat' dir='ltr'><strong>tempore</strong></span> <span class='ocrx_word' id='word_1_738' title='bbox 3400 4815 3777 4888; x_wconf 84' lang='lat' dir='ltr'><strong>episcopatus</strong></span> 
     </span>
    </p>
   </div>
   <div class='ocr_carea' id='block_1_108' title="bbox 2118 4907 3777 4990">
    <p class='ocr_par' dir='ltr' id='par_1_108' title="bbox 2118 4907 3777 4990">
     <span class='ocr_line' id='line_1_111' title="bbox 2118 4907 3777 4990; baseline -0.009 -14"><span class='ocrx_word' id='word_1_739' title='bbox 2118 4935 2418 4990; x_wconf 88' lang='lat' dir='ltr'><strong>nunquam</strong></span> <span class='ocrx_word' id='word_1_740' title='bbox 2452 4915 2511 4970; x_wconf 93' lang='lat' dir='ltr'><strong>in</strong></span> <span class='ocrx_word' id='word_1_741' title='bbox 2540 4913 2815 4970; x_wconf 88' lang='lat' dir='ltr'><strong>cathedra</strong></span> <span class='ocrx_word' id='word_1_742' title='bbox 2845 4928 2954 4966; x_wconf 87' lang='lat' dir='ltr'><strong>sua</strong></span> <span class='ocrx_word' id='word_1_743' title='bbox 2983 4910 3184 4966; x_wconf 89' lang='lat' dir='ltr'><strong>sedere</strong></span> <span class='ocrx_word' id='word_1_744' title='bbox 3223 4907 3428 4971; x_wconf 89' lang='lat' dir='ltr'><strong>voluit,</strong></span> <span class='ocrx_word' id='word_1_745' title='bbox 3461 4907 3558 4962; x_wconf 89' lang='lat' dir='ltr'><strong>sed</strong></span> <span class='ocrx_word' id='word_1_746' title='bbox 3594 4923 3777 4978; x_wconf 86' lang='lat' dir='ltr'><strong>super</strong></span> 
     </span>
    </p>
   </div>
   <div class='ocr_carea' id='block_1_109' title="bbox 2117 4995 3770 5075">
    <p class='ocr_par' dir='ltr' id='par_1_109' title="bbox 2117 4995 3770 5075">
     <span class='ocr_line' id='line_1_112' title="bbox 2117 4995 3770 5075; baseline -0.008 -11"><span class='ocrx_word' id='word_1_747' title='bbox 2117 5006 2434 5064; x_wconf 88' lang='lat' dir='ltr'><strong>scabellum</strong></span> <span class='ocrx_word' id='word_1_748' title='bbox 2469 5002 2654 5075; x_wconf 89' lang='lat' dir='ltr'><strong>ipsius</strong></span> <span class='ocrx_word' id='word_1_749' title='bbox 2687 5000 2976 5056; x_wconf 70' lang='lat' dir='ltr'><strong>cathedra:</strong></span> <span class='ocrx_word' id='word_1_750' title='bbox 3009 4997 3318 5054; x_wconf 88' lang='lat' dir='ltr'><strong>residebat.</strong></span> <span class='ocrx_word' id='word_1_751' title='bbox 3342 4997 3582 5067; x_wconf 88' lang='lat' dir='ltr'><strong>Propter</strong></span> <span class='ocrx_word' id='word_1_752' title='bbox 3612 4995 3770 5066; x_wconf 88' lang='lat' dir='ltr'><strong>quod</strong></span> 
     </span>
    </p>
   </div>
   <div class='ocr_carea' id='block_1_110' title="bbox 2116 5082 3774 5168">
    <p class='ocr_par' dir='ltr' id='par_1_110' title="bbox 2116 5082 3774 5168">
     <span class='ocr_line' id='line_1_113' title="bbox 2116 5082 3774 5168; baseline -0.008 -17"><span class='ocrx_word' id='word_1_753' title='bbox 2116 5097 2448 5168; x_wconf 85' lang='lat' dir='ltr'><strong>frequenter</strong></span> <span class='ocrx_word' id='word_1_754' title='bbox 2475 5091 2665 5146; x_wconf 88' lang='lat' dir='ltr'><strong>clerus</strong></span> <span class='ocrx_word' id='word_1_755' title='bbox 2695 5095 2752 5144; x_wconf 90' lang='lat' dir='ltr'><strong>et</strong></span> <span class='ocrx_word' id='word_1_756' title='bbox 2781 5087 3032 5160; x_wconf 88' lang='lat' dir='ltr'><strong>populus</strong></span> <span class='ocrx_word' id='word_1_757' title='bbox 3061 5089 3264 5142; x_wconf 86' lang='lat' dir='ltr'><strong>contra</strong></span> <span class='ocrx_word' id='word_1_758' title='bbox 3293 5101 3426 5140; x_wconf 90' lang='lat' dir='ltr'><strong>eum</strong></span> <span class='ocrx_word' id='word_1_759' title='bbox 3447 5082 3774 5155; x_wconf 83' lang='lat' dir='ltr'><strong>quereban-</strong></span> 
     </span>
    </p>
   </div>
   <div class='ocr_carea' id='block_1_111' title="bbox 2114 5171 3771 5252">
    <p class='ocr_par' dir='ltr' id='par_1_111' title="bbox 2114 5171 3771 5252">
     <span class='ocr_line' id='line_1_114' title="bbox 2114 5171 3771 5252; baseline -0.008 -12"><span class='ocrx_word' id='word_1_760' title='bbox 2114 5189 2234 5248; x_wconf 90' lang='lat' dir='ltr'><strong>tur,</strong></span> <span class='ocrx_word' id='word_1_761' title='bbox 2252 5183 2350 5238; x_wconf 86' lang='lat' dir='ltr'><strong>sed</strong></span> <span class='ocrx_word' id='word_1_762' title='bbox 2386 5195 2756 5252; x_wconf 89' lang='lat' dir='ltr'><strong>nequaquam</strong></span> <span class='ocrx_word' id='word_1_763' title='bbox 2786 5171 3508 5248; x_wconf 87' lang='lat' dir='ltr'><strong>acquiescebat,quoniam</strong></span> <span class='ocrx_word' id='word_1_764' title='bbox 3535 5171 3771 5242; x_wconf 87' lang='lat' dir='ltr'><strong>quoties</strong></span> 
     </span>
    </p>
   </div>
   <div class='ocr_carea' id='block_1_112' title="bbox 2113 5245 3804 5336">
    <p class='ocr_par' dir='ltr' id='par_1_112' title="bbox 2113 5245 3804 5336">
     <span class='ocr_line' id='line_1_115' title="bbox 2113 5245 3804 5336; baseline -0.008 -8"><span class='ocrx_word' id='word_1_765' title='bbox 2113 5245 2537 5328; x_wconf 68' lang='lat' dir='ltr'><strong>thisiasteriuin</strong></span> <span class='ocrx_word' id='word_1_766' title='bbox 2570 5245 2942 5333; x_wconf 75' lang='lat' dir='ltr'><strong>ascendebat,</strong></span> <span class='ocrx_word' id='word_1_767' title='bbox 2965 5262 3241 5336; x_wconf 87' lang='lat' dir='ltr'><strong>splendor</strong></span> <span class='ocrx_word' id='word_1_768' title='bbox 3284 5261 3490 5334; x_wconf 87' lang='lat' dir='ltr'><strong>igneus</strong></span> <span class='ocrx_word' id='word_1_769' title='bbox 3537 5259 3609 5314; x_wconf 90' lang='lat' dir='ltr'><strong>de</strong></span> <span class='ocrx_word' id='word_1_770' title='bbox 3636 5245 3804 5330; x_wconf 56' lang='lat' dir='ltr'><strong>ipsa.</strong></span> 
     </span>
    </p>
   </div>
   <div class='ocr_carea' id='block_1_113' title="bbox 2111 5347 3768 5432">
    <p class='ocr_par' dir='ltr' id='par_1_113' title="bbox 2111 5347 3768 5432">
     <span class='ocr_line' id='line_1_116' title="bbox 2111 5347 3768 5432; baseline -0.009 -14"><span class='ocrx_word' id='word_1_771' title='bbox 2111 5363 2248 5420; x_wconf 89' lang='lat' dir='ltr'><strong>sede</strong></span> <span class='ocrx_word' id='word_1_772' title='bbox 2278 5358 2579 5432; x_wconf 86' lang='lat' dir='ltr'><strong>egrediens</strong></span> <span class='ocrx_word' id='word_1_773' title='bbox 2608 5355 2658 5412; x_wconf 90' lang='lat' dir='ltr'><strong>ei</strong></span> <span class='ocrx_word' id='word_1_774' title='bbox 2692 5353 3028 5427; x_wconf 81' lang='lat' dir='ltr'><strong>apparebat.</strong></span> <span class='ocrx_word' id='word_1_775' title='bbox 3059 5351 3242 5422; x_wconf 89' lang='lat' dir='ltr'><strong>Cujus</strong></span> <span class='ocrx_word' id='word_1_776' title='bbox 3272 5351 3510 5420; x_wconf 91' lang='lat' dir='ltr'><strong>aepectu</strong></span> <span class='ocrx_word' id='word_1_777' title='bbox 3555 5347 3635 5401; x_wconf 87' lang='lat' dir='ltr'><strong>ita</strong></span> <span class='ocrx_word' id='word_1_778' title='bbox 3676 5347 3768 5403; x_wconf 87' lang='lat' dir='ltr'><strong>vir</strong></span> 
     </span>
    </p>
   </div>
   <div class='ocr_carea' id='block_1_114' title="bbox 2105 5436 3764 5514">
    <p class='ocr_par' dir='ltr' id='par_1_114' title="bbox 2105 5436 3764 5514">
     <span class='ocr_line' id='line_1_117' title="bbox 2105 5436 3764 5514; baseline -0.008 -7"><span class='ocrx_word' id='word_1_779' title='bbox 2105 5456 2344 5508; x_wconf 89' lang='lat' dir='ltr'><strong>sanctus</strong></span> <span class='ocrx_word' id='word_1_780' title='bbox 2379 5446 2902 5514; x_wconf 88' lang='lat' dir='ltr'><strong>accendebatur,ut</strong></span> <span class='ocrx_word' id='word_1_781' title='bbox 2936 5440 3185 5497; x_wconf 88' lang='lat' dir='ltr'><strong>nesciret</strong></span> <span class='ocrx_word' id='word_1_782' title='bbox 3214 5455 3276 5494; x_wconf 84' lang='lat' dir='ltr'><strong>se</strong></span> <span class='ocrx_word' id='word_1_783' title='bbox 3304 5436 3600 5492; x_wconf 87' lang='lat' dir='ltr'><strong>interdum</strong></span> <span class='ocrx_word' id='word_1_784' title='bbox 3632 5452 3764 5493; x_wconf 84' lang='lat' dir='ltr'><strong>esse</strong></span> 
     </span>
    </p>
   </div>
   <div class='ocr_carea' id='block_1_115' title="bbox 2101 5523 3764 5614">
    <p class='ocr_par' dir='ltr' id='par_1_115' title="bbox 2101 5523 3764 5614">
     <span class='ocr_line' id='line_1_118' title="bbox 2101 5523 3764 5614; baseline -0.009 -18"><span class='ocrx_word' id='word_1_785' title='bbox 2101 5559 2162 5614; x_wconf 70' lang='lat' dir='ltr'><strong>in</strong></span> <span class='ocrx_word' id='word_1_786' title='bbox 2194 5554 2452 5611; x_wconf 85' lang='lat' dir='ltr'><strong>corpore.</strong></span> <span class='ocrx_word' id='word_1_787' title='bbox 2485 5538 2629 5590; x_wconf 82' lang='lat' dir='ltr'><strong>Cum</strong></span> <span class='ocrx_word' id='word_1_788' title='bbox 2661 5535 2856 5587; x_wconf 86' lang='lat' dir='ltr'><strong>autem</strong></span> <span class='ocrx_word' id='word_1_789' title='bbox 2884 5530 3141 5602; x_wconf 88' lang='lat' dir='ltr'><strong>quadam</strong></span> <span class='ocrx_word' id='word_1_790' title='bbox 3174 5523 3544 5584; x_wconf 86' lang='lat' dir='ltr'><strong>solemnitate</strong></span> <span class='ocrx_word' id='word_1_791' title='bbox 3567 5523 3764 5581; x_wconf 88' lang='lat' dir='ltr'><strong>clerus</strong></span> 
     </span>
    </p>
   </div>
   <div class='ocr_carea' id='block_1_116' title="bbox 415 5614 3763 5708">
    <p class='ocr_par' dir='ltr' id='par_1_116' title="bbox 415 5614 3763 5708">
     <span class='ocr_line' id='line_1_119' title="bbox 415 5614 3763 5708; baseline -0.01 -5"><span class='ocrx_word' id='word_1_792' title='bbox 415 5643 777 5704; x_wconf 88' lang='lat' dir='ltr'><strong>Theodosius</strong></span> <span class='ocrx_word' id='word_1_793' title='bbox 821 5642 1082 5698; x_wconf 85' lang='lat' dir='ltr'><strong>famosus</strong></span> <span class='ocrx_word' id='word_1_794' title='bbox 1139 5635 1454 5708; x_wconf 86' lang='lat' dir='ltr'><strong>imperator</strong></span> <span class='ocrx_word' id='word_1_795' title='bbox 1501 5633 1754 5705; x_wconf 88' lang='lat' dir='ltr'><strong>quadam</strong></span> <span class='ocrx_word' id='word_1_796' title='bbox 1802 5632 1924 5688; x_wconf 91' lang='lat' dir='ltr'><strong>vice</strong></span> <span class='ocrx_word' id='word_1_797' title='bbox 1957 5650 1991 5687; x_wconf 89' lang='lat' dir='ltr'><strong>a</strong></span> <span class='ocrx_word' id='word_1_798' title='bbox 2099 5634 2158 5686; x_wconf 90' lang='lat' dir='ltr'><strong>et</strong></span> <span class='ocrx_word' id='word_1_799' title='bbox 2189 5625 2466 5702; x_wconf 72' lang='lat' dir='ltr'><strong>episcopi,</strong></span> <span class='ocrx_word' id='word_1_800' title='bbox 2501 5622 2600 5696; x_wconf 91' lang='lat' dir='ltr'><strong>qui</strong></span> <span class='ocrx_word' id='word_1_801' title='bbox 2632 5622 2892 5689; x_wconf 88' lang='lat' dir='ltr'><strong>aderant,</strong></span> <span class='ocrx_word' id='word_1_802' title='bbox 2925 5620 2996 5675; x_wconf 91' lang='lat' dir='ltr'><strong>de</strong></span> <span class='ocrx_word' id='word_1_803' title='bbox 3018 5617 3292 5690; x_wconf 69' lang='lat' dir='ltr'><strong>praedicta</strong></span> <span class='ocrx_word' id='word_1_804' title='bbox 3322 5614 3580 5672; x_wconf 89' lang='lat' dir='ltr'><strong>sessione</strong></span> <span class='ocrx_word' id='word_1_805' title='bbox 3612 5630 3763 5686; x_wconf 76' lang='lat' dir='ltr'><strong>que-</strong></span> 
     </span>
    </p>
   </div>
  </div>
