4116 6176
267 390 384 451 417

269 541 405 579 cum
437 521 843 579 oblationibus
875 519 1206 577 hostiarum
1228 522 1505 590 defertur,
1532 522 1650 576 imo
1685 522 1809 592 ipse
1841 520 1936 574 bo-

269 613 386 670 stia
414 613 566 684 viva,
601 616 810 668 sancta
858 611 999 679 Deo,
1041 611 1299 684 placens,
1323 611 1582 667 oﬂ‘ertur.
1617 610 1699 665 lbi
1735 608 1850 662 illis
1881 608 1938 662 in

223 753 232 759 .
269 702 538 760 oratione
567 701 1062 773 pernoctantibus
1109 701 1380 772 apparuit
1408 701 1497 754 vir
1525 699 1806 754 mthereos
1837 695 1938 750 ha-

267 793 419 848 bens
448 789 747 856 vultus,et
767 789 963 844 locum
987 789 1134 844 dixit
1167 807 1279 844 non
1312 789 1496 844 multo
1531 793 1662 860 post
1685 792 1943 856 tempore

267 879 746 946 sublimandum,
783 895 1034 950 puerum
1067 877 1284 932 ibidem
1318 877 1432 932 Deo
1466 875 1938 947 relinquendum.

267 975 332 1026 et
363 970 604 1025 beatum
652 967 824 1022 illum
878 985 983 1038 per
1030 967 1244 1022 saicula
1297 966 1757 1038 prmdicandum.
1791 963 1940 1018 Tum

267 1058 568 1115 mensoris
592 1055 926 1111 funiculum
953 1073 1056 1128 per
1076 1055 1249 1126 plana
1277 1054 1408 1110 atrii
1441 1054 1764 1110 extendens
1788 1069 1800 1106 :
1825 1052 1942 1114 Sic,

271 1147 492 1219 inquit,
507 1145 904 1201 azrlilicabitur
931 1144 1096 1200 locus
1127 1145 1232 1198 iste
1264 1145 1335 1198 ad
1368 1143 1751 1216 praiparanda
1770 1141 1945 1195 corda

275 1236 517 1290 illorum
554 1235 808 1289 Domino
842 1234 940 1306 qui
974 1235 1032 1286 in
1069 1233 1175 1288 hoc
1207 1231 1328 1288 loco
1363 1250 1464 1304 per
1493 1232 1651 1287 hunc
1697 1246 1944 1302 puerum

273 1325 400 1380 Deo
427 1323 706 1378 credituri
745 1321 1078 1389 sunt.Quia
1099 1320 1179 1376 illi
1201 1321 1548 1376 revelatione
1575 1319 1950 1373 vehementer

277 1413 494 1486 gavisi,
527 1413 859 1467 immensas
888 1409 1275 1481 omnipotenti
1331 1411 1446 1464 Deo
1492 1408 1698 1463 laudes
1730 1405 1946 1478 persol-

279 1506 450 1568 vunt,
485 1500 978 1556 commendantes
1027 1515 1273 1570 puerum
1325 1499 1385 1552 in
1429 1495 1668 1569 templo,
1701 1500 1765 1550 ut
1796 1499 1949 1550 esset

285 1589 458 1645 Levis
493 1589 768 1654 Domino,
800 1592 860 1642 et
893 1587 1083 1660 portio
1135 1587 1292 1642 illius
1341 1585 1626 1642 Dominus
1655 1585 1945 1648 existeret,

283 1677 797 1751 quemadmodum
860 1675 1042 1748 Moysi
1095 1676 1315 1730 dictum
1343 1681 1452 1742 est,
1486 1691 1622 1730 cum
1669 1673 1952 1728 divideret

281 1767 624 1824 Judzeorum
657 1781 766 1839 per
799 1765 996 1821 tribus
1051 1763 1314 1836 singulas
1357 1762 1670 1818 incolatus.
1702 1761 1818 1816 Non
1847 1763 1955 1817 erit

283 1856 462 1914 tribui
482 1857 612 1912 Levi
635 1872 755 1912 sors
777 1857 927 1910 inter
942 1856 1141 1926 fratres
1171 1869 1318 1919 suos,
1347 1853 1483 1908 dicit
1509 1853 1789 1917 Dominus,
1823 1852 1950 1922 quia

1889 380 2096 446 VITA.

3571 387 3694 451 M8

1982 555 2020 618 λ
2049 517 2170 570 ᾒειιο
2205 517 2420 572 ibidem
2451 517 2508 571 in
2543 517 2788 575 Domino
2839 522 3129 594 quievisse
3158 525 3514 598 perhibetur.
3547 527 3692 582 Cum

2051 621 2186 676 ergo
2217 604 2277 660 hi
2309 604 2456 662 tales
2484 605 2592 661 viri
2619 606 2837 665 talibus
2865 611 2936 667 de
2966 613 3161 668 causis
3218 614 3577 672 Glestoniam
3607 633 3698 673 ve-

2052 693 2252 759 nisset,
2287 711 2390 750 nec
2419 699 2615 750 tamen
2665 697 2952 770 quidquid
2991 700 3101 756 sibi
3124 702 3518 758 necessarium
3550 709 3694 771 erat,

2050 783 2548 838 sul‘licientissime
2571 785 2626 839 in
2649 785 2774 840 loco
2799 788 3168 858 reperissent,
3193 791 3522 865 suscipiunt
3545 792 3698 849 filios

2055 869 2335 926 nobilium
2392 870 2736 930 liberalibus
2787 877 3000 932 studiis
3044 878 3411 948 imbuendus,
3447 887 3511 936 ut
3539 883 3696 953 quod

2053 959 2249 1014 minus
2273 961 2341 1014 ad
2365 978 2536 1015 usum
2568 961 2677 1016 loci
2705 963 2940 1020 ubertas
2971 967 3286 1036 exhiberet,
3314 985 3516 1024 eorum
3549 985 3699 1042 quos

2052 1047 2337 1103 docebant
2368 1049 2713 1105 liberalitate
2745 1053 3116 1109 redundaret.

2267 1136 2444 1192 Morbo
2471 1148 2746 1211 correptus
2777 1143 2920 1197 mira
2945 1146 3079 1212 facit
3105 1145 3298 1215 angelo
3331 1145 3482 1202 dum.

2121 1227 2177 1278 7.
2192 1226 2369 1279 Adest
2389 1242 2524 1297 ergo
2538 1228 2942 1284 nobilissimus
2967 1232 3020 1285 in
3043 1231 3120 1287 Ch
3133 1234 3272 1290 risto
3294 1253 3439 1305 puer
3455 1237 3704 1292 Dunsta—

2055 1312 2507 1369 nusinterelios
2538 1333 2712 1384 unus,
2743 1317 2859 1372 imo
2891 1337 3006 1390 prae
3037 1321 3166 1378 aliis
3197 1323 3377 1392 solus,
3393 1325 3490 1379 ubi
3523 1325 3703 1397 paulo

2057 1400 2393 1474 diligentius
2415 1419 2594 1472 quam
2619 1405 2912 1482 imbecilla
2939 1414 3078 1464 actas
3100 1410 3246 1466 ferre
3268 1413 3706 1484 posset,littera-

2058 1507 2188 1545 rum
2222 1490 2414 1544 studio
2465 1491 2726 1548 intentus
2775 1497 3058 1554 acerrimo
3106 1499 3162 1554 in
3214 1501 3424 1558 tenello
3465 1519 3706 1576 corpore

2058 1577 2336 1650 languore
2359 1579 2804 1652 fatigatur,adeo
2827 1591 2889 1638 ut
2912 1602 3012 1657 per
3039 1587 3261 1660 aliquot
3291 1589 3414 1646 dies
3435 1609 3540 1663 nec
3561 1592 3706 1664 quid

2058 1673 2274 1739 ageret,
2331 1684 2436 1724 nec
2495 1669 2632 1742 quid
2692 1673 2764 1728 ab
2821 1673 2952 1730 aliis
3017 1683 3286 1749 ageretur
3359 1679 3704 1736 intenderet.

2061 1755 2258 1810 Flebat
2281 1761 2472 1812 autem
2507 1758 2990 1830 scholasticorum
3013 1770 3300 1822 comtanea
3319 1769 3512 1838 turba,
3533 1769 3711 1826 ﬂebat

2058 1846 2182 1898 tota
2209 1843 2441 1912 domus,
2477 1847 2698 1904 familia
2727 1849 2874 1922 ipsa,
2903 1853 3168 1910 doctores
3200 1858 3566 1914 recordantes
3591 1874 3713 1914 mo-

281 1947 552 2003 Domiﬂu‘
582 1947 724 2001 Deus
748 1960 884 2018 pars
930 1920 1157 2000 morum
1201 1951 1297 1998 ρει,
1331 1941 1494 1998 Unde
1523 1940 1726 1996 petrus
1757 1920 1951 1996 οεῇρη.
1982 1920 2030 1986 Β
2060 1931 2308 1987 destiam
2357 1934 2543 2005 pueri,
2595 1920 2922 2010 ingenium,
2985 1941 3368 2012 nobilitatem,
3423 1947 3714 2002 educatio-

285 2036 434 2091 dens
463 2049 529 2090 se
557 2035 894 2107 portionem
926 2031 987 2086 in
1027 2031 1144 2088 Deo
1185 2031 1417 2098 habere,
1454 2046 1570 2085 non
1599 2028 1656 2083 in
1693 2029 1902 2084 smculo
1933 2045 1948 2084 :

287 2127 604 2195 Argentum,
639 2122 856 2195 inquit,
888 2129 943 2177 et
987 2137 1188 2177 aurum
1215 2136 1326 2174 non
1354 2119 1543 2183 habeo,
1573 2117 1664 2172 sed
1694 2118 1833 2190 quod
1862 2119 1954 2173 ha-

289 2213 384 2270 beo
412 2213 513 2269 hoc
542 2212 644 2268 tibi
672 2211 740 2267 do
775 2230 796 2266 :
826 2212 895 2265 In
942 2211 1165 2265 nomine
1207 2211 1360 2266 Iesus
1406 2211 1681 2266 Nazareni
1717 2225 1878 2279 surge
1905 2215 1956 2263 et

289 2301 535 2357 ambula.
571 2301 688 2358 Hoc
719 2304 815 2356 est
849 2316 862 2353 :
897 2301 1123 2354 Aurum
1173 2315 1285 2352 non
1319 2302 1408 2352 est
1439 2297 1627 2366 portio
1661 2313 1828 2362 mea;
1863 2315 1952 2351 ar-

291 2395 536 2464 gentum
559 2406 674 2446 non
698 2392 788 2444 est
810 2387 1006 2460 portio
1022 2404 1180 2442 mea:
1197 2387 1386 2458 portio
1410 2402 1540 2440 mea
1559 2385 1828 2442 Christus
1843 2389 1952 2440 est.

292 2480 412 2535 Hoc
463 2496 675 2534 nomen
731 2477 1112 2542 muniﬁcum,
1141 2475 1251 2531 hoc
1297 2491 1507 2531 nomen
1541 2473 1685 2530 mihi
1715 2479 1806 2530 est
1838 2475 1955 2528 l‘ru-

290 2575 591 2623 ctuosum.
624 2566 787 2622 Talis
835 2581 975 2638 ergo
1023 2564 1308 2636 partionis
1338 2567 1593 2619 fructum
1629 2563 1958 2620 tirunculus

291 2655 514 2712 Christi
536 2655 595 2710 in
617 2655 826 2711 timore
848 2657 1055 2710 sancto
1077 2653 1954 2720 assecutus,assiduaministra-

291 2745 458 2800 tione
516 2743 766 2800 Domino
829 2738 1140 2808 serviebat,
1177 2741 1487 2814 proficiens
1545 2741 1802 2814 quotidie
1839 2748 1960 2798 tam

294 2835 355 2890 in
388 2834 636 2890 scientia
666 2831 908 2906 pietatis
939 2847 1118 2903 quam
1151 2830 1210 2885 in
1244 2831 1456 2886 virtute
1483 2829 1835 2886 sanctitatis.

365 2924 422 2978 6.
455 2923 537 2978 Ea
567 2927 914 2994 tempestate
964 2919 1262 2976 Glestonia
1309 2917 1605 2990 regalibus
1651 2917 1960 2991 stipendiis

294 3011 535 3067 addicta
565 3009 904 3066 monastic-a3
955 3007 1252 3082 religionis
1295 3005 1530 3081 penitus
1575 3011 1699 3061 erat
1735 3006 1960 3078 ignara.

295 3100 576 3156 Nondum
615 3099 773 3155 enim
808 3099 866 3152 in
901 3097 1108 3170 Anglia
1136 3098 1212 3169 (4)
1241 3095 1575 3152 communis
1628 3095 1756 3150 vita:
1811 3097 1960 3152 ratio

295 3188 618 3256 colebatur,
652 3205 768 3244 non
803 3204 953 3243 usus
982 3185 1286 3242 deserendi
1319 3184 1584 3258 proprias
1632 3185 1962 3242 voluntates

2062 2037 2217 2076 nem.
2268 2021 2554 2102 Cumque,
2595 2025 2723 2095 jam
2772 2028 2832 2083 in
2882 2029 3082 2086 limine
3129 2047 3287 2090 mors
3346 2035 3551 2092 adesse
3597 2053 3712 2109 pu-

2061 2114 2304 2178 taretur,
2339 2110 2602 2183 nihilque
2654 2115 2811 2172 aliud
2859 2135 3034 2190 quam
3085 2120 3310 2177 funeris
3361 2124 3712 2197 obsequium

2065 2197 2464 2265 meditaretur,
2557 2217 2691 2258 ecce
2785 2205 3138 2281 intempesta
3230 2216 3396 2267 nocte
3459 2213 3715 2271 cmlestis

2067 2286 2232 2341 illum
2289 2289 2580 2345 medicina
2638 2294 2856 2365 revisit,
2898 2312 3076 2368 quam
3131 2297 3182 2353 ei
3231 2316 3336 2371 per
3382 2301 3714 2374 angelicum

2068 2377 2458 2432 ministerium
2491 2379 2760 2438 Christus
2789 2385 3070 2440 exhibuit.
3118 2389 3210 2452 At,
3257 2406 3330 2444 ne
3360 2407 3477 2462 qua
3503 2391 3716 2450 salutis

2066 2465 2458 2522 innecteretur
2488 2485 2674 2536 mora,
2695 2473 2794 2528 ubi
2817 2473 3014 2530 divina
3042 2485 3380 2547 provenerat
3402 2479 3714 2550 medicina,

2066 2553 2372 2610 confestim
2406 2557 2476 2610 de
2507 2555 2718 2615 lectulo
2775 2577 3025 2633 surgens
3054 2563 3292 2633 doloris,
3324 2569 3395 2622 ad
3430 2569 3718 2640 templum

2069 2642 2182 2696 Deo
2214 2644 2432 2714 gratias
2463 2650 2703 2702 acturus
2735 2651 3032 2706 moderata
3061 2652 3364 2710 velocitate
3393 2657 3594 2725 currit,
3615 2658 3720 2714 ha-

2068 2731 2210 2786 bens
2233 2731 2399 2788 illum
2433 2733 2493 2788 in
2520 2733 2726 2792 itinere
2759 2738 3268 2811 ductorem,quem
3289 2741 3348 2798 in
3371 2745 3720 2816 aegritudine

2067 2819 2276 2876 habuit
2349 2822 2718 2880 salvatorem.
2786 2826 3105 2898 Stupefacti
3171 2829 3244 2884 de
3310 2833 3724 2904 magnitudine

2066 2909 2200 2963 facti
2235 2911 2333 2982 qui
2374 2913 2547 2968 domo
2594 2919 2782 2982 erant,
2821 2915 2922 2987 qui
2953 2918 3290 2989 aegrotantis
3321 2920 3480 2977 illius
3509 2923 3719 2980 curam

2066 2999 2360 3069 gerebant,
2395 2999 2551 3056 lento
2581 3003 2724 3074 pede
2765 3005 3062 3076 pereuntis
3103 3007 3349 3081 vestigia
3395 3015 3614 3081 terunt,
3648 3013 3720 3068 ﬁ-

2066 3104 2198 3142 nem
2228 3088 2308 3143 rei
2355 3089 2586 3146 curiosa
2623 3091 2880 3164 agilitate
2911 3093 3298 3166 explorantes.
3332 3099 3591 3156 Necdum
3623 3101 3722 3156 iti-

2068 3176 2223 3231 neris
2239 3178 2496 3234 medium
2520 3181 3011 3247 confecerat,cum
3025 3183 3322 3258 malignus
3340 3190 3586 3261 spiritus
3597 3192 3723 3250 sive

298 3277 644 3333 hominibus
673 3277 1078 3332 aliectabatur.
1109 3275 1352 3331 Abbatis
1400 3290 1614 3329 nomen
1663 3273 1756 3328 vix
1786 3275 1954 3346 quis-
1981 3286 2026 3352 ρ
2065 3267 2195 3336 ejus
2227 3265 2402 3322 saluti
2427 3269 2709 3339 invidens,
2733 3289 2837 3327 seu
2868 3273 3128 3328 futuram
3160 3275 3499 3350 religionem
3519 3297 3724 3355 suspe-

302 3383 486 3440 quam
515 3366 819 3434 audierat;
853 3368 1172 3420 conventus
1213 3363 1633 3420 monachorum
1665 3381 1780 3419 non
1813 3364 1957 3420 satis

302 3454 898 3530 quispiam,viderat;
941 3454 1041 3509 sed
1082 3453 1176 3509 cui
1221 3453 1367 3508 forte
1389 3452 1448 3507 id
1468 3451 1785 3508 voluntatis
1813 3459 1958 3522 erat,

303 3545 370 3598 in
393 3543 730 3616 percginam
750 3543 924 3599 vellet
944 3531 1263 3616 transigere
1283 3542 1485 3609 vitam,
1509 3541 1559 3596 is
1582 3543 1754 3598 modo
1777 3543 1958 3611 solus,

306 3632 486 3688 modo
515 3631 717 3704 paucis
762 3631 1028 3703 ejusdem
1077 3630 1358 3705 propositi
1396 3630 1713 3686 comitatus
1740 3632 1962 3704 patrios

303 3722 458 3778 ﬁnes
485 3721 913 3794 egrediebatur,
943 3725 1001 3776 et
1031 3737 1146 3792 qua
1195 3717 1602 3794 opportunitas
1633 3718 1860 3774 vivendi
1891 3719 1959 3775 li-

302 3810 560 3866 centiam
589 3808 916 3877 dabat,illic
938 3807 1266 3882 alienigena
1283 3807 1462 3862 vitam
1495 3808 1720 3880 agebat.
1744 3808 1960 3881 Hicqne

303 3914 438 3954 mos
459 3915 591 3954 cum
623 3898 954 3971 plerosque,
986 3903 1113 3954 tum
1141 3899 1514 3954 vehementer
1541 3897 1733 3952 adhuc
1765 3903 1962 3954 manet

303 3987 594 4042 Hibernos
619 4005 634 4056 ;
659 3987 799 4060 quia
829 3987 984 4059 quod
1015 3987 1146 4042 aliis
1178 3987 1330 4042 bona
1352 3985 1624 4042 voluntas
1644 3984 1704 4042 in
1720 4003 1960 4044 consue-

303 4075 594 4144 tudinem,
625 4075 734 4131 hoc
784 4075 904 4132 illis
949 4076 1309 4132 consuetudo
1355 4075 1527 4131 vertit
1572 4075 1631 4130 in
1663 4080 1959 4146 naturam,

306 4180 562 4236 quorum
595 4164 762 4220 multi
787 4169 967 4236 atque
997 4163 1254 4220 illustres
1284 4163 1390 4218 viri
1422 4163 1634 4219 divinis
1667 4181 1734 4222 ac
1778 4181 1956 4222 saecu-

306 4251 532 4309 laribus
561 4252 772 4309 litteris
802 4252 1076 4310 nobiliter
1104 4253 1342 4320 eruditi,
1363 4252 1734 4322 dum,relicta
1766 4253 1960 4311 Hiber-

306 4341 430 4410 nia,
461 4340 520 4396 in
553 4345 768 4398 terram
816 4341 1136 4416 Anglorum
1181 4339 1606 4412 peregrinaturi
1640 4341 1956 4410 venissent,

305 4430 626 4504 locumque
655 4430 1036 4488 habitationis
1055 4446 1175 4486 suae
1196 4429 1555 4486 Glestoniam
1581 4429 1960 4503 delegissent,

306 4523 614 4592 propterea
641 4521 796 4594 quod
818 4524 1000 4588 esset,
1034 4523 1092 4574 et
1111 4535 1146 4574 a
1162 4517 1318 4573 civili
1350 4517 1732 4574 multitudine
1751 4535 1959 4592 seque-

307 4612 557 4676 stratus,
590 4612 648 4664 et
679 4607 958 4664 humanis
991 4606 1200 4662 usibus
1227 4605 1662 4674 accommodus,
1694 4611 1752 4662 et
1780 4608 1956 4680 (quod

307 4695 562 4752 maxime
593 4689 964 4765 affectabunt)
994 4693 1287 4769 peregrini
1317 4693 1544 4750 Patricii
1578 4697 1658 4765 (5)
1691 4695 1961 4768 religiosa

303 4785 677 4842 veneratione
729 4785 1041 4859 gloriosus,
1069 4784 1172 4856 qui
1217 4783 1362 4840 olim
1399 4785 1846 4857 evangelizando
1870 4802 1956 4842 re-

301 4889 491 4946 gnum
516 4872 616 4930 Dei
638 4873 776 4930 illuc
805 4873 1168 4948 perveniens,
1191 4871 1330 4940 vita,
1365 4873 1651 4940 doctrina,
1685 4874 1870 4947 signis
1899 4880 1958 4930 ct

308 4959 678 5019 mirabilibus
712 4961 1110 5036 multipliciter
1157 4960 1458 5031 claruisse,
1493 4966 1548 5017 et
1588 4967 1719 5033 post
1759 4963 1958 5020 omnia

379 5105 459 5174 (4)
491 5105 700 5162 Iisdem
733 5102 928 5162 verbis
969 5103 1232 5176 loquitur
1271 5103 1588 5176 Gcrvasius
1620 5105 1956 5176 monachus

307 5177 787 5256 Dorobemensis,
801 5177 915 5256 nisi
939 5175 1094 5256 quod
1117 5175 1390 5256 posthaec
1411 5175 1954 5256 verbainterponit,

303 5247 674 5322 praeterquam
705 5252 764 5306 in
793 5246 1180 5322 Camuarienlii
1228 5246 1788 5322 EcclesianDieeres‘
1817 5265 1954 5322 nus-

307 5315 492 5400 quam
517 5315 698 5400 inisse
727 5325 898 5400 antea
927 5318 1244 5400 monachos
1271 5317 1331 5400 in
1359 5315 1586 5400 Anglia.
1618 5317 1730 5400 S_ed
1765 5319 1846 5374 ita
1872 5321 1955 5400 l_o-

305 5387 694 5471 quunturisti
712 5396 980 5471 auctores
1001 5391 1203 5471 habita
1225 5389 1447 5471 ratione
1458 5387 1624 5471 illius
1653 5393 1954 5471 temporis,

305 5460 422 5538 quo
472 5463 826 5538 monasteria
873 5464 994 5520 fere
1031 5461 1230 5538 omnia
1259 5460 1332 5538 ad
1361 5460 1705 5538 clericorum
1737 5460 1955 5522 sortem

306 5529 915 5592 fransierant.Eodem
945 5533 1120 5604 modo
1149 5531 1328 5604 locuti
1357 5534 1498 5588 sunt
1543 5529 1786 5604 quidam
1818 5538 1956 5593 tunc

306 5607 592 5680 temporis
617 5606 934 5680 scriptores
953 5603 1267 5680 Gallicani.

378 5675 456 5753 (5)
485 5677 554 5737 Et
576 5675 818 5738 maxime
845 5677 909 5738 ob
949 5677 1089 5738 beati
1131 5676 1366 5734 Patricii
1399 5675 1648 5752 junioris
1699 5675 1959 5740 honorem

1990 4655 2038 4721 D

2065 3360 2218 3410 ctam
2243 3355 2833 3437 habens,latrantium
2847 3379 3062 3417 canum
3081 3363 3455 3423 multitudine
3467 3367 3722 3442 stipatus

2069 3445 2342 3512 occurrit,
2371 3446 2644 3520 viamque
2665 3450 2826 3504 eunti
2851 3450 3239 3510 intercludere
3258 3455 3576 3512 contendit.
3611 3459 3721 3515 Ex-

2068 3531 2286 3589 clamat
2307 3534 2502 3608 itaque
2524 3553 2666 3609 puer
2683 3538 2984 3595 Christum
3007 3557 3216 3612 pavore
3235 3545 3719 3614 conterritus,sed

2069 3621 2328 3679 ductoris
2359 3625 2451 3680 sui
2471 3626 2740 3696 praesidio
2762 3627 3258 3701 vallatus,virgam
3288 3634 3516 3706 arripit,
3539 3651 3718 3706 quam

2069 3710 2128 3765 in
2163 3710 2369 3768 faciem
2399 3713 2740 3771 obsistentis
2762 3717 3063 3772 simulacri
3089 3717 3343 3789 vibrans,
3366 3723 3563 3794 ipsum
3583 3739 3718 3781 cum

2069 3801 2228 3855 omni
2275 3802 2556 3858 comitatu
2597 3803 2657 3858 in
2700 3805 2898 3875 fugam
2939 3806 3256 3877 compellit.
3288 3809 3333 3864 Ο
3363 3814 3634 3866 sanctum
3660 3818 3721 3869 et

2070 3883 2339 3946 terribile'
2355 3890 2570 3946 Christi
2600 3905 2835 3961 nomen,
2867 3893 3233 3966 sapientibus
3279 3898 3714 3970 absconditum,

2068 3979 2329 4053 parvulis
2358 3981 2676 4038 revelatum
2701 3982 2714 4038 ἔ
2747 4000 2877 4038 ecce
2925 3983 3098 4039 draco
3142 4002 3318 4058 quem
3349 3987 3584 4044 initium
3611 3990 3716 4064 fig-

2068 4071 2364 4129 menti-sui
2396 4071 2565 4126 ﬁnxit
2593 4071 2748 4126 Deus
2777 4073 2848 4128 ad
2880 4071 3246 4130 illudendum
3278 4077 3352 4146 ei,
3377 4094 3492 4133 non
3523 4077 3716 4138 solum

2068 4161 2142 4217 ab
2165 4161 2388 4234 angelis
2419 4159 2520 4216 Dei
2551 4159 2832 4230 illuditur,
2865 4179 3066 4218 verum
3107 4163 3282 4222 etiam
3315 4184 3350 4224 a
3379 4184 3557 4241 puero
3585 4186 3716 4242 par-

2066 4249 2202 4306 vulo
2223 4249 2704 4322 superatur.Vcre
2727 4250 2989 4308 detracta
3005 4255 3183 4309 estad
3205 4253 3423 4313 inferos
3442 4259 3718 4330 superbia

2067 4338 2118 4408 ej
2129 4354 2221 4406 us,
2244 4338 2302 4394 in
2321 4338 2678 4410 profundum
2699 4337 2808 4396 laci
2831 4340 3087 4397 concidit
3108 4343 3352 4400 cadaver
3399 4345 3579 4402 illius.
3601 4347 3715 4402 Sed

2069 4425 2128 4482 in
2166 4443 2284 4499 quo
2314 4428 2429 4483 ista
2457 4433 2657 4484 noster
2686 4428 2880 4501 potuit
2919 4430 3218 4501 parvulus,
3251 4433 3364 4489 nisi
3392 4433 3452 4488 in
3482 4433 3583 4490 illo
3612 4434 3714 4506 qui

2067 4532 2205 4572 cum
2227 4515 2304 4572 sit
2323 4515 2478 4572 Deus
2497 4533 2676 4588 super
2693 4517 2894 4574 omnia
2913 4518 3254 4576 benedictus
3269 4521 3329 4576 in
3343 4521 3574 4590 saecula,
3590 4539 3716 4593 par-

2067 4605 2241 4661 vulus
2261 4605 2332 4660 de
2350 4605 2588 4678 Virgine
2609 4611 2781 4663 natus
2797 4612 2889 4664 est
2910 4608 3334 4677 nobis,Filiusa
3356 4610 3520 4665 Patre
3540 4611 3712 4668 datus

2067 4698 2158 4750 est
2176 4694 2979 4768 nobis.Dunstanusigiturad
2997 4703 3224 4770 portam
3237 4697 3438 4770 templi
3450 4699 3711 4768 veniens,

2067 4783 2168 4839 sed
2189 4784 2452 4840 eamdem
2473 4783 2766 4857 repagulis
2789 4784 3118 4841 obaeratam
3143 4787 3463 4854 inveniens,
3493 4789 3712 4846 scalam

2065 4871 2159 4928 cui
2181 4871 2352 4928 inniti
2375 4871 2774 4944 solebant,qui
2807 4873 3106 4944 superiora
3125 4875 3327 4948 templi
3357 4877 3708 4945 sarciebant,

2065 4961 2403 5036 ignoranter
2430 4967 2488 5016 et
2516 4961 2684 5033 quasi
2718 4979 2820 5033 per
2849 4977 3150 5018 excessum
3173 4965 3396 5021 mentis
3427 4965 3708 5022 ascendit.

2065 5106 2160 5178 qui
2187 5106 2399 5176 faustus
2432 5103 2712 5178 ibidcmjn
2733 5103 3256 5178 Dominoquievisse
3281 5117 3562 5165 narratur.
3586 5110 3712 5167 Non

2065 5174 2215 5257 ergo.
2232 5191 2481 5257 magnus
2503 5175 2604 5257 ille
2621 5174 2926 5257 Patricius,
3041 5177 3314 5257 Germani
3355 5181 3714 5257 Autissiodu-

2063 5244 2251 5320 rensis
2271 5244 2525 5320 episcopi
2549 5244 3256 5320 discipu_lus,ut0pinatns
3275 5251 3711 5309 estWillelmus

2063 5315 2602 5398 hlalmesburiensis
2629 5315 2830 5398 in’lib.‘
2863 5335 2904 5398 i1
2945 5315 3038 5376 De'
3061 5322 3460 5398 pontificibus,
3491 5341 3620 5398 cap.
3651 5326 3708 5381 5.

2064 5391 2346 5462 Patricius
2378 5391 2487 5462 iste
2509 5387 2713 5462 junior
2743 5388 2972 5462 videtur
3019 5387 3147 5448 esse
3193 5395 3440 5450 senioris
3472 5387 3708 5462 tiliolus,

2065 5461 2166 5540 qui
2194 5463 2326 5540 ejus
2354 5459 2545 5540 ΥΠ,ωῂ
2599 5459 2908 5540 scripsisse
2956 5463 3173 5540 dicitur
3216 5483 3252 5540 a
3296 5466 3579 5535 Jocelino,
3609 5459 3711 5540 qui

2065 5532 2204 5590 item
2227 5532 2558 5603 Benignum
2587 5532 2786 5603 (cujus
2811 5547 2947 5590 ossa
2973 5535 3282 5592 Glastonite
3311 5544 3538 5594 servata
3567 5532 3715 5596 dicit

2065 5551 2204 5590 item
2233 5551 2370 5590 ben]
2419 5551 2558 5588 num
2587 5551 2786 5603 rcujus
2811 5551 2947 5590 ossa
2973 5551 3282 5592 Uiastomte
3311 5551 3538 5594 servata
3572 5551 3708 5596 dicit

2063 5551 2416 5737 gngimuii
2448 5603 2710 5680 aliosque
2739 5603 2886 5663 duos
2917 5606 3181 5681 ejusdem
3210 5607 3349 5668 Vitae
3395 5610 3708 5690 scriptores

2087 5695 2284 5738 ααααι.
