4116 6176
469 383 587 444 449

1451 378 1514 439 S.
1561 376 2030 440 DUNSTA‘NUS
2075 373 2438 438 ARCHIEP.
2485 377 2880 458 CANTUAR.

3756 376 3888 441 420

471 517 607 572 Inde
639 516 709 571 ad
743 514 986 572 alteram
1015 513 1148 568 tecti
1181 516 1424 584 partem,
1458 527 1572 582 qua
1620 507 1820 566 nullus
1859 513 1983 566 erat
2014 510 2110 566 de-
2142 512 2195 579 Α
2226 511 2485 582 gentiam
2511 528 2522 565 :
2549 514 2782 567 auctore
2805 511 2920 567 Deo
2944 511 3025 567 sic
3047 515 3292 583 utraque
3322 509 3606 584 praeditus
3636 517 3783 580 erat,
3818 517 3890 566 ut

467 621 732 671 scensns,
765 602 1160 675 progrediens,
1196 599 1472 672 angelicis
1512 599 1788 656 manibus
1819 600 1889 655 ad
1925 598 2115 655 solum

464 693 798 765 deponitur,
831 697 888 747 et
923 692 978 745 in
1030 688 1309 744 interiora
1355 687 1556 760 templi
1613 706 1726 744 non
1777 689 2114 761 patentibus

461 781 735 836 claustris
760 781 1078 835 inducitur.
1108 780 1244 834 Orta
1277 783 1472 834 autem
1507 777 1656 846 luce,
1692 779 1832 833 dum
1865 796 1968 850 per
1984 777 2115 833 vici-

460 888 566 926 nas
590 870 795 925 domos
827 870 1068 941 quaestio
1103 870 1172 924 de
1201 886 1378 939 puero
1407 869 1557 923 facta
1591 868 1816 934 Γυὶοερῐ,
1851 875 2114 940 repertus

457 965 546 1015 est
569 960 628 1014 in
652 959 870 1031 templo
894 975 1026 1013 cum
1054 959 1146 1013 his
1177 959 1274 1028 qui
1312 963 1629 1013 nocturnus
1656 957 1952 1012 custodias
1981 973 2111 1028 age-

458 1049 604 1104 bant
631 1047 746 1103 leni
779 1063 983 1118 sopore
1015 1047 1262 1101 offusus.
1289 1047 1548 1118 Rogatus
1579 1051 1642 1100 ut
1673 1052 1790 1100 tam
1823 1044 2114 1101 mirabilis

459 1143 703 1194 eventus
728 1137 968 1192 modum
995 1141 1323 1206 exponeret,
1345 1154 1459 1190 non
1484 1153 1609 1192 esse
1635 1135 1739 1190 hoc
1768 1135 1822 1188 in
1849 1153 1956 1189 sua
1977 1151 2110 1189 eon-

456 1228 700 1283 scientia
723 1226 1104 1298 respondit,et
1127 1225 1518 1295 ignorantium
1535 1228 1758 1280 mentes
1775 1224 1976 1294 majori
1999 1240 2118 1280 am-

457 1315 635 1387 biguo
658 1314 1036 1368 deduxit.Sed
1058 1313 1112 1366 hi
1129 1329 1274 1382 quos
1299 1312 1634 1381 explorandi
1658 1311 1847 1390 gratia
1867 1327 2112 1381 puerum

453 1408 685 1460 secutos
707 1403 889 1458 fuisse
916 1401 1312 1474 praediximus,
1329 1402 1398 1454 de
1413 1401 1688 1456 omnibus
1701 1419 1826 1472 qua:
1841 1418 2024 1472 usque
2039 1401 2110 1455 ad

453 1509 728 1566 suprema
748 1491 948 1563 templi
975 1491 1209 1562 fastigia
1231 1488 1845 1562 eontigeraut,claroct
1868 1489 2109 1561 probato

456 1599 726 1640 sermone
761 1581 1157 1636 testiﬁcantur
1186 1597 1198 1634 :
1235 1586 1442 1634 extera
1473 1595 1625 1645 vero,
1658 1577 1932 1649 quoniam
1979 1576 2108 1634 illos

449 1679 508 1728 et
533 1687 778 1746 puerum
804 1667 1312 1738 latuerunt,solius
1346 1668 1444 1723 Dei
1477 1666 1735 1739 potentia
1762 1667 2110 1722 mirabiliter

449 1765 679 1836 patrata
701 1759 880 1815 fuisse
903 1757 1260 1814 claruerunt.
1287 1757 1496 1829 Magno
1529 1755 1707 1828 igitur
1732 1755 1938 1812 timore
1969 1773 2104 1811 con-

449 1851 606 1907 cussi
631 1865 836 1906 omnes
857 1847 955 1919 qui
980 1847 1315 1913 audierunt,
1341 1845 1678 1916 cogitabant
1705 1844 1988 1916 quidnam
2019 1861 2105 1900 es-

450 1904 714 2001 set‘qu—od
737 1904 917 2000 puer‘o
940 1904 1578 1996 contigissetﬁiebntes
1609 1925 1678 1980 ad
1711 1904 2058 1980 alterutrum
2089 1945 2102 1984 :
2138 1904 2183 1968 Β

449 2000 599 2079 Quid
622 2009 734 2068 sibi
757 2010 882 2062 vult
902 2000 1048 2079 pu'er
1081 2005 1313 2073 iste,cui
1347 2009 1431 2060 tot
1461 2010 1517 2060 et
1550 2009 1669 2060 tam
1700 2009 1904 2059 sancta
1962 2021 2104 2076 prte-

447 2101 614 2158 conia
637 2101 989 2156 attestantur
1009 2095 1036 2150 ?
1057 2095 1157 2166 qui
1177 2099 1311 2150 ante
1328 2094 1534 2148 beatus
1567 2110 1746 2165 quam
1771 2099 2106 2162 natus,ante

445 2191 632 2245 virtus
653 2185 912 2260 prodidit
932 2183 1252 2258 gloriosum
1277 2199 1454 2255 quam
1485 2187 1624 2238 aetas
1656 2182 1925 2255 probaret
1947 2183 2104 2238 adul-

448 2285 596 2335 tum.
651 2274 947 2348 Singulari
999 2273 1155 2328 hunc
1204 2273 1390 2344 gratia
1437 2271 1746 2344 praeditum
1811 2272 2099 2340 videmus,

446 2382 621 2441 quem
653 2362 898 2436 angelus
929 2367 1210 2435 aegrotum
1247 2361 1492 2428 sanavit,
1527 2359 1796 2416 diabolus
1827 2365 2099 2417 sanatum

446 2453 824 2521 contremuit,
884 2450 1141 2508 Ecclesia
1197 2450 1428 2522 signata
1486 2450 1728 2521 excepit.
1783 2450 1853 2504 Et
1909 2451 2098 2506 denuo

446 2545 978 2614 oranteszAugeat,
1020 2539 1313 2611 inquiunt,
1343 2538 1498 2594 Deus
1524 2538 1794 2594 meritum
1829 2540 1990 2610 pueri
2027 2539 2099 2596 ad

453 2633 705 2708 gloriam
753 2630 866 2686 sui.
917 2631 990 2684 At
1023 2627 1118 2684 ille
1149 2627 1404 2700 regentis
1436 2644 1497 2682 se
1527 2626 1738 2683 Christi
1773 2627 1982 2699 spiritu
2018 2644 2104 2685 re-

451 2723 847 2797 pletus,aures
877 2719 1115 2790 quidem
1145 2715 1406 2789 corporis
1437 2734 1470 2771 a
1501 2716 1625 2772 suis
1657 2715 1930 2774 laudibus
1951 2735 2106 2774 aver-

454 2810 750 2878 tebat,sed
787 2809 840 2862 in
875 2811 1096 2864 secreto
1129 2804 1448 2878 pectusculi
1483 2805 1665 2860 Deum
1699 2805 2098 2862 benedieebat.

439 2901 524 2956 Ab
551 2899 650 2954 illo
681 2899 878 2968 itaque
901 2896 995 2951 die
1025 2896 1080 2950 in
1118 2897 1280 2950 tanta
1311 2894 1694 2951 admiratione
1721 2894 1958 2950 habitus
1989 2900 2095 2964 est,

445 2995 510 3044 ut
541 2987 797 3060 plurima
823 2985 990 3040 illum
1020 2985 1326 3056 utriusque
1350 3001 1521 3038 sexus
1548 2983 2095 3056 multitudo,quam-

441 3079 530 3134 vis
558 3077 753 3132 adhuc
813 3073 1150 3140 delicatum,
1209 3073 1402 3128 videre
1461 3078 1716 3144 cuperet.
1779 3073 1906 3144 Ipse
1965 3091 2095 3130 vero

443 3171 666 3239 quanto
696 3162 1102 3220 excellentiora
1151 3162 1444 3231 audiebat,
1481 3166 1639 3216 tanto
1671 3163 1740 3217 de
1773 3180 1834 3218 se.
1867 3163 2096 3220 minora

443 3256 679 3312 sentire.

565 3361 794 3418 Ordines
828 3363 1068 3416 minores
1099 3361 1346 3430 .mscipit.
1384 3360 1620 3414 Lectioni
1651 3368 1701 3414 et
1729 3362 1973 3415 seimtiis

1084 3433 1177 3486 dat
1215 3448 1452 3503 operam.

513 3526 568 3578 8.
601 3523 852 3593 Jamque
904 3536 1160 3576 vernans
1197 3524 1338 3574 aetas
1367 3518 1768 3575 adolescentiae
1802 3521 1982 3576 decus
2017 3520 2103 3575 in-

447 3613 676 3681 duerat,
708 3627 842 3666 cum
873 3625 1008 3664 eum
1033 3612 1302 3680 parentes
1334 3607 1425 3664 sui
1448 3625 1644 3664 sacros
1675 3609 1909 3665 ordines
1933 3625 2097 3683 roga-

441 3706 573 3757 rent
603 3700 996 3770 suscipere,ut
1025 3697 1123 3768 qui
1161 3697 1349 3752 fuerat
1369 3715 1404 3752 a
1431 3698 1706 3770 primaeva
1725 3704 1892 3756 aetate
1909 3699 2101 3755 Domi-

440 3808 515 3848 no
537 3787 1244 3860 electus,perhujusmodi
1267 3786 1516 3858 gratiam
1539 3787 1726 3842 eidem
1749 3789 1876 3860 conj
1887 3792 2099 3844 unctus

441 3880 783 3939 adhaereret.
817 3877 1076 3942 Quorum
1113 3875 1208 3930 ille
1235 3874 1516 3931 voluntati
1559 3876 1862 3934 humiliter
1890 3893 2101 3949 parens

443 3967 702 4023 minores
728 3965 946 4038 gradus
971 3965 1047 4036 (6)
1068 3971 1124 4019 et
1154 3963 1357 4019 habitu
1390 3965 1648 4038 suscepit
1679 3971 1736 4020 et
1765 3966 1893 4020 vita:
1915 3965 2100 4022 bone-

442 4060 593 4111 state
643 4053 914 4110 servavit.
939 4055 1090 4108 Tum
1119 4069 1252 4108 vero
1285 4053 1442 4124 quod
1475 4053 1556 4109 illi
1589 4055 1742 4110 aetati
1774 4071 1890 4110 non
1924 4072 2098 4128 parvo

441 4146 786 4200 ornamento
824 4145 930 4209 est,
965 4142 1230 4197 certabat
1287 4159 1492 4199 omnes
1554 4143 1744 4200 officio
1796 4161 2097 4217 superare,

441 4233 630 4306 gratia
650 4234 708 4287 et
727 4229 1069 4286 affabilitate
1101 4247 1304 4286 omnes
1337 4233 1576 4298 anteire,
1611 4250 1838 4290 servare
1870 4234 2096 4306 pudici-

439 4322 810 4393 tiam,fugere
834 4319 1132 4376 lasciviam
1157 4338 1170 4387 ;
1195 4322 1488 4394 appetitor
1518 4322 2101 4396 honesti,turpitudi'

440 4411 532 4468 nis
555 4415 905 4477 exsecratur,
933 4411 1222 4481 majorum
1257 4415 1397 4467 natu
1428 4410 1736 4485 colloquiis
1768 4414 2100 4486 adessc,ju-

437 4517 652 4556 venum
673 4499 902 4555 ludicra
922 4499 1242 4567 declinare;
1263 4501 1529 4557 ciborum
1551 4502 1872 4572 abstinens,
1889 4521 2094 4560 somno

441 4595 796 4662 temperans,
833 4589 1063 4645 incessu
1097 4590 1328 4660 gravis;
1363 4607 1550 4663 neque
1580 4591 1745 4647 facile
1777 4595 1992 4650 moveri
2019 4593 2096 4648 lo-

2225 604 2281 654 et
2310 599 2585 656 facilitate
2635 601 2854 673 ingenii
2907 600 3230 673 quamlibet
3259 616 3382 656 rem
3417 601 3762 657 acutissime
3792 601 3887 657 in-

2225 687 2529 760 telligeret,
2566 694 2620 745 et
2660 691 3037 762 occupatione
3082 691 3258 746 studii
3292 690 3685 762 quodcunque
3715 689 3890 746 intel-

2224 776 2441 834 lectum
2493 778 2702 834 fuisset
2750 779 3086 834 ﬁrmissime
3135 779 3430 835 retineret.
3462 779 3543 834 Ex
3570 795 3686 851 quo
3718 779 3886 836 brevi

2225 867 2440 922 factum
2462 871 2570 938 est,
2595 873 2660 922 ut
2680 883 2866 940 neque
2889 868 3341 940 praeceptoribus
3371 868 3498 923 suis
3529 867 3884 940 imperitior,

2222 961 2277 1009 et
2317 956 2848 1027 condiscipulorum
2898 957 3269 1028 peritissimis
3315 956 3502 1013 multo
3549 961 3706 1014 esset
3751 959 3888 1031 ipse

2224 1043 2480 1114 peritior.
2517 1042 3002 1116 Philosophorum
3037 1045 3335 1114 scientias,
3376 1062 3524 1118 quas
3551 1062 3754 1102 carum
3789 1063 3886 1103 re-

2223 1147 2352 1186 rum
2389 1150 2512 1203 quae
2547 1137 2704 1201 sunt,
2731 1138 2787 1189 et
2814 1151 2939 1205 qua:
2972 1133 3141 1190 aliter
3167 1151 3292 1190 esse
3327 1152 3443 1190 non
3477 1142 3744 1207 possunt,
3779 1153 3885 1193 co-

2224 1220 2545 1292 gnitionem
2577 1221 2837 1278 veritatis
2881 1227 3139 1279 vetustas
3183 1240 3311 1278 esse
3349 1224 3600 1294 diffluit;
3639 1231 3702 1281 ut
3731 1231 3887 1282 sunt

2224 1310 2745 1380 magnitudines,et
2767 1329 2966 1366 earum
2990 1311 3113 1366 aliae
3139 1318 3444 1370 manentes
3468 1320 3747 1387 motuque
3778 1333 3884 1372 ca~

2221 1403 2432 1466 rentes,
2469 1397 2593 1453 alia:
2625 1416 2759 1455 vero
2806 1418 2930 1472 quae
2973 1400 3172 1456 mobili
3225 1418 3460 1474 semper
3501 1407 3723 1462 ratione
3752 1423 3884 1460 ver-

2219 1491 2444 1556 tuntur,
2481 1505 2582 1543 nec
2615 1489 2748 1544 ullis
2782 1491 3143 1562 temporibus
3173 1491 3572 1564 acquiescant,
3606 1493 3888 1550 multitu-

2217 1575 2383 1631 dines
2415 1595 2665 1650 quoque,
2701 1584 2756 1634 ct
2786 1596 2985 1634 earum
3037 1579 3425 1638 nihilominus
3469 1580 3593 1638 alia:
3641 1599 3746 1656 per
3787 1601 3880 1653 se,

2216 1664 2338 1720 aliae
2373 1666 2431 1720 in
2465 1666 2741 1723 relatione
2765 1669 2990 1740 positae.
3027 1669 3558 1744 llorum,inquam,
3587 1673 3884 1732 scientias

2214 1752 2480 1826 diligenti
2531 1755 2784 1812 excoluit
2833 1758 3077 1824 ratione,
3112 1774 3390 1831 magnam
3421 1760 3480 1816 in
3518 1760 3612 1817 his
3643 1765 3704 1818 et
3730 1778 3879 1819 con-

2213 1848 2467 1901 stantem
2492 1845 2852 1918 perspiciens
2876 1863 3002 1903 esse
3024 1847 3440 1920 perfectionem
3465 1867 3479 1918 ;
3512 1856 3570 1906 et
3598 1853 3879 1924 quamvis

2214 1934 2490 1991 omnibus
2519 1932 2610 1990 his
2638 1935 2866 1992 artibus
2897 1937 3209 2010 magniﬁce
3241 1937 3648 2013 polleret,ejus
3671 1944 3876 1999 tamen

2217 2022 2616 2080 multitudinis
2647 2041 2772 2096 quze
2807 2023 3094 2081 musicam
3127 2025 3391 2096 instruit,
3422 2043 3551 2084 eam
3595 2029 3878 2088 videlicet

2215 2113 3051 2186 quminstrumentisagitatur,
3077 2114 3315 2188 speciali
3337 2117 3590 2188 quadam
3615 2119 3874 2176 aﬂ‘ectio-

2214 2217 2283 2256 ne
2307 2202 2612 2258 scientiam
2632 2202 2984 2270 vindicabat,
3008 2203 3163 2259 sicut
3183 2204 3364 2261 David
3389 2205 3730 2278 psalterium
3762 2226 3872 2266 su-

2212 2305 2398 2357 mens,
2457 2291 2742 2347 citharam
2801 2292 3154 2364 percuticns,
3217 2293 3565 2351 moditicans
3620 2312 3871 2370 orgtma,

2211 2379 2477 2452 cymbala
2509 2381 2883 2452 tangens,sed
2911 2397 3027 2436 non
3048 2382 3200 2438 sicut
3223 2382 3284 2438 hi
3306 2401 3557 2456 quorum
3590 2385 3868 2443 inertiam

2209 2473 2263 2525 et
2297 2468 2662 2526 luxuriosum
2707 2471 2893 2526 otium
2943 2475 3140 2528 noster
3187 2473 3562 2545 propheticus
3601 2475 3872 2548 increpat

2207 2559 2597 2615 armentarius
2621 2575 2633 2615 :
2657 2559 2762 2627 Qui
2779 2558 3052 2630 dormitis,
3077 2559 3292 2632 inquit,
3317 2564 3375 2617 in
3406 2563 3555 2619 lectis
3583 2564 3867 2632 eburneis,

2213 2655 2264 2702 et
2281 2647 2540 2703 lascivius
2575 2649 2633 2703 in
2664 2650 2849 2704 stratis
2880 2650 3089 2716 vestris,
3126 2652 3224 2722 qui
3259 2651 3539 2708 comeditis
3560 2669 3768 2724 agnum
3799 2654 3870 2711 da

2209 2753 2386 2808 grege,
2429 2745 2480 2792 ct
2525 2738 2720 2792 vitulos
2751 2737 2814 2793 de
2846 2738 3021 2794 medio
3048 2741 3305 2809 armenti,
3329 2742 3426 2812 qui
3451 2743 3650 2798 canitis
3673 2742 3746 2800 ad
3768 2760 3866 2800 vo-

2208 2842 2322 2881 cem
2346 2826 2598 2896 mouerit
2639 2829 2783 2883 sicut
2836 2828 3026 2894 David,
3053 2836 3386 2900 putaverunt
3417 2847 3474 2886 se
3504 2848 3632 2888 vasa
3659 2835 3870 2890 cantici

2206 2914 2402 2970 habere
2433 2914 2666 2972 bibentes
2701 2918 2758 2972 in
2785 2915 2994 2988 phiatis
3017 2917 3349 2975 vinum.Nec
3369 2935 3436 2974 eo
3469 2919 3582 2976 ista
3611 2937 3869 2978 comme-

2207 3019 2530 3072 moramus,
2579 3021 2694 3076 quo
2725 3003 2817 3060 his
2851 3022 2996 3077 opus
3029 3023 3156 3062 esse
3187 3007 3260 3062 ad
3295 3008 3708 3080 perfectionem
3743 3015 3868 3067 ten-

2204 3091 2362 3147 denti
2389 3093 2758 3160 arbitremur,
2795 3095 2895 3149 sed
2932 3099 2995 3149 ut
3028 3094 3384 3168 multiplices
3415 3097 3513 3152 Dei
3545 3100 3767 3170 gratias
3801 3101 3862 3154 in

2192 3181 2408 3251 juvene
2438 3183 2939 3240 commendemus.
2973 3187 3120 3240 Nam
3151 3185 3430 3241 omnibus
3471 3186 3862 3244 saecularibus

2121 3283 2164 3350 α
2203 3269 2414 3326 studiis
2436 3271 2775 3342 praeferebat
2807 3272 3114 3328 scientiam
3147 3273 3406 3344 pietatis,
3435 3291 3564 3346 qua:
3595 3277 3655 3331 in
3686 3293 3859 3340 evan-

2210 3358 2411 3432 gelicis
2442 3365 2498 3415 et
2526 3359 2864 3432 apostolicis
2909 3361 3244 3418 continetur
3289 3361 3522 3433 litteris,
3553 3365 3698 3420 dum
3746 3384 3860 3423 sua

2210 3465 2440 3521 semper
2471 3449 2704 3521 ingenia
2731 3457 3070 3508 sanctorum
3105 3451 3340 3507 Patrum
3365 3454 3698 3510 auctoritati
3723 3472 3861 3512 con-

2208 3538 2470 3605 tradens,
2489 3543 2544 3594 et
2573 3539 2778 3595 ambas
2807 3555 2898 3596 res
2920 3541 2991 3595 ad
3014 3541 3248 3596 easdem
3279 3541 3504 3598 litteras
3523 3542 3855 3613 conferens,

2211 3627 2382 3682 ﬁdem
2417 3644 2632 3697 veram,
2657 3645 2887 3684 morum
2911 3629 3372 3702 disciplinam,et
3389 3631 3564 3704 (quod
3590 3649 3776 3689 unum
3795 3650 3860 3689 ac

2210 3715 2399 3773 solum
2431 3733 2546 3788 pro:
2578 3717 2853 3774 omnibus
2885 3717 3058 3774 rebus
3089 3719 3470 3791 quaerendum
3517 3724 3630 3790 est)
3678 3723 3860 3780 vitam

2209 3811 2487 3862 aeternam
2511 3823 2572 3862 se
2606 3805 2895 3864 invenisse
2925 3807 3240 3880 gaudebat.
3275 3808 3442 3865 Sicut
3486 3809 3670 3866 David
3720 3828 3862 3885 ergo

2208 3900 2406 3952 noster
2427 3894 2834 3968 symphonista
2852 3913 2993 3953 vasa
3013 3896 3223 3952 cantici
3247 3897 3456 3954 habuit
3478 3915 3492 3966 ;
3517 3899 3652 3972 quia
3683 3917 3862 3956 usum

2205 3982 2440 4040 illorum
2465 4001 2581 4040 non
2602 3983 2714 4040 nisi
2736 3984 2794 4040 in
2836 3984 3048 4042 divinis
3077 3984 3356 4043 laudibus
3385 3988 3681 4061 expendit.
3718 3989 3864 4045 Prae-

2209 4079 2364 4128 terea
2385 4089 2563 4128 manu
2585 4076 2756 4146 aptus
2779 4074 2848 4130 ad
2873 4074 3090 4143 omnia,
3123 4091 3297 4146 posse
3333 4074 3522 4133 facere
3542 4077 3859 4150 picturam,

2207 4160 2432 4218 litteras
2491 4161 2761 4230 formare,
2796 4161 3072 4236 scalpello
3101 4161 3462 4236 imprimere,
3493 4181 3562 4222 ex
3590 4182 3757 4235 auro,
3789 4183 3860 4222 ex

2206 4255 2465 4322 argento,
2501 4266 2608 4304 aere
2639 4255 2696 4306 et
2725 4251 2889 4306 ferro-
2908 4251 3194 4324 quidquid
3227 4251 3436 4310 liberet
3462 4254 3712 4326 operari.

2472 4339 2548 4394 Ab
2577 4339 2818 4396 Athetmo
2843 4341 3081 4396 traditur
3111 4341 3230 4413 regi
3257 4341 3586 4400 Ethétstano.

2275 4429 2328 4483 9.
2355 4428 2518 4484 Tunc
2541 4428 2741 4484 audita
2761 4429 2916 4486 fama
2929 4429 3388 4487 venerabilisviri
3403 4431 3855 4490 Cantuariorum

2206 4516 2627 4589 archiepiscopi
2654 4516 2905 4572 Athelmi
2935 4518 3034 4588 (7),
3082 4519 3256 4589 cujus
3285 4520 3409 4592 ipse
3437 4525 3563 4576 erat
3593 4538 3773 4594 nepos
3797 4527 3859 4580 et

2207 4605 2362 4662 {ilius
2397 4606 2609 4674 fratris,
2619 4606 2910 4678 permissu
2942 4611 3255 4678 parentum
3277 4625 3520 4666 suorum
3543 4611 3862 4682 proficisci-

565 4657 582 4662 -
1101 4657 1124 4660 -ν
1453 4657 1472 4663 -
2207 4657 2360 4662 ---νη-
2397 4657 2524 4662 --πη
2542 4657 2910 4678 -ηιν--η---ν-
2942 4657 3036 4678 rm
3055 4657 3255 4663 v-—-—--—-
3277 4657 3407 4666 v—v-
3423 4657 3520 4664 —-—
3543 4657 3603 4682 κν-
3617 4657 3836 4666 vum--

437 4695 522 4746 CO,
557 4695 746 4750 neque
777 4679 1025 4752 abrupte
1056 4677 1213 4750 loqui
1242 4697 1255 4747 ;
1291 4697 1514 4752 magna:
1559 4681 1810 4737 fidentia:
1842 4683 1914 4737 ad
1947 4683 2088 4737 inci-
2124 4657 2168 4721 D
2203 4699 2297 4750 tur
2326 4696 2398 4751 ad
2428 4695 2723 4762 eumdem,
2756 4700 3047 4766 quatenus
3081 4696 3228 4752 tanti
3275 4697 3538 4770 parentis
3568 4703 3626 4754 et,
3654 4701 3858 4773 cogni-

439 4767 718 4838 piendum
744 4767 982 4836 bonum,
999 4769 1341 4822 constantiae
1365 4769 1434 4822 ad
1461 4769 1880 4840 perficiendum
1899 4789 1912 4839 ;
1929 4773 2087 4843 prin-

437 4857 486 4911 ci
494 4856 656 4927 pium
681 4856 826 4910 bene
847 4857 1054 4928 agendi
1072 4858 1254 4912 Deum
1276 4873 1507 4929 semper
1529 4858 1943 4927 habereﬁnem
1957 4877 2088 4916 vero

437 4944 625 5000 eidem
650 4945 1082 5000 commendare.
1109 4945 1371 5000 Moribus
1400 4961 1632 5018 quoque
1655 4945 1822 5002 bonis
1843 4950 2090 5006 accessit

437 5033 703 5089 studium
727 5051 904 5090 saera:
927 5033 1214 5100 lectionis,
1236 5037 1408 5106 cujus
1428 5035 1696 5092 exercitio
1729 5039 1783 5091 et
1813 5037 2085 5094 vitiorum

439 5123 914 5194 importunitates
941 5123 1197 5178 evitabat
1235 5128 1290 5180 et
1320 5124 1600 5179 virtutum
1635 5132 1946 5198 augmenta
1980 5145 2085 5183 nu-

438 5211 670 5266 triebat.
707 5213 774 5267 Et
806 5213 1081 5283 quoniam
1114 5213 1376 5269 studium
1411 5231 1646 5286 parvam
1680 5216 1855 5272 habet
1892 5218 2084 5274 effica-

436 5299 586 5354 ciam
621 5298 716 5354 ubi
751 5300 1015 5356 naturale
1048 5303 1346 5374 ingenium
1405 5321 1518 5358 non
1579 5306 1842 5378 suggerit
1873 5307 2082 5363 intelli-

505 5442 582 5520 (6)
617 5442 711 5498 B.:
748 5464 781 5520 «_
805 5442 1080 5520 Videntes
1104 5445 1626 5520 itaqueuparentes
1678 5452 2080 5520 pramominati

436 5514 659 5589 tantam
693 5515 782 5568 sui
813 5514 1220 5568 excellentiam
1251 5514 1619 5589 tilii,dignam
1653 5514 1742 5575 sui
1776 5522 2082 5580 clericatus

433 5581 766 5661 imposuere
813 5591 1114 5661 tonsuram
1144 5581 1368 5661 ofﬁcii,
1394 5581 1570 5661 inque
1601 5592 1824 5652 famoso
1856 5597 2080 5654 Glesto-

436 5653 657 5712 nie‘nsis
714 5655 980 5713 Ecclesiae
1040 5656 1405 5722 sociaverant
1462 5653 1743 5736 coenobio,
1787 5653 2080 5740 quatenus

2198 4783 2414 4839 tionem
2448 4783 2708 4844 haberet.
2745 4788 2802 4838 et
2849 4784 2980 4839 vitae
3034 4783 3194 4840 illius
3251 4784 3517 4859 exemplo
3562 4787 3860 4859 juveniles

2199 4889 2388 4928 mores
2412 4872 3113 4930 informaret.Lzetabatur
3132 4874 3330 4946 itaque
3347 4875 3658 4949 episcopus
3674 4877 3858 4934 nimis

2197 4961 2254 5016 in
2289 4961 2538 5018 adventu
2576 4962 2827 5033 nepotis,
2851 4962 3231 5020 considerans
3261 4962 3323 5019 in
3355 4963 3454 5021 illo
3482 4970 3858 5022 venustatem

2197 5051 2476 5122 corporis,
2513 5050 2692 5105 animi
2723 5051 3004 5122 vigorem,
3038 5068 3106 5108 ac
3137 5052 3318 5108 totius
3347 5051 3675 5110 honestatis
3707 5055 3881 5131 εᾱῐῐιὶ-Χ

2198 5139 2478 5196 nentiam.
2510 5137 2673 5194 Unde
2705 5157 2772 5194 eo
2804 5157 2920 5212 quo
2953 5141 3190 5196 afﬂatus
3236 5145 3328 5196 est
3371 5141 3473 5197 Dei
3505 5141 3724 5215 spiritu
3753 5159 3858 5200 vas

2195 5229 2362 5283 illum
2385 5227 2686 5284 electionis
2707 5229 2974 5284 futurum
2997 5245 3388 5301 prmnoscens,
3420 5230 3633 5304 potiori
3663 5215 3856 5305 gradu

2195 5318 2484 5386 decorare,
2510 5321 2568 5372 et
2597 5317 2716 5389 regi
2746 5315 3086 5374 Ethelstano
3120 5316 3394 5376 familiari
3424 5319 3856 5376 contestatione

2193 5459 2409 5535 ibidem
2439 5458 2535 5535 die
2565 5463 2857 5531 noctuque
2887 5459 3002 5517 Deo
3034 5459 3251 5534 Deique
3297 5460 3566 5535 genitrici
3600 5462 3858 5522 deservi-

2192 5535 2278 5586 ret
2309 5529 2523 5594 Mariae,
2557 5551 2584 5579 ›ι
2621 5535 2730 5586 etc.

2262 5606 2336 5678 (7)
2372 5602 2448 5678 De
2465 5619 2531 5678 ep
2553 5605 2751 5678 actum
2781 5603 2960 5678 estad
2993 5603 3252 5677 elogium
3285 5603 3630 5678 Plegmundi
3659 5605 3856 5664 archi-

2189 5673 2446 5746 episcopi
2478 5671 2938 5730 Cantuariensis.
