4056 6178
287 299 393 367 425

1866 314 2073 378 Vl'l‘A.

3549 332 3669 392 426

282 436 471 535 sancto
497 436 663 491 actus
697 434 890 493 furore
919 436 1186 535 celeriter
1216 457 1283 498 ea
1312 443 1384 498 de
1416 444 1550 518 igne
1590 448 1759 518 rapit,
1795 446 1908 503 lar-
1937 450 1994 517 Α
2024 450 2277 507 multum
2308 453 2688 523 deviat),dum
2710 457 2965 529 quodam
2988 462 3251 532 tempore
3273 460 3549 535 preafatus
3571 480 3668 520 rex

281 520 455 580 valem
484 522 692 581 faciem
726 525 1012 584 tenaculis
1042 528 1387 602 includit,et
1406 533 1545 589 totis
1574 535 1797 592 viribus
1819 552 1906 592 re-

280 611 459 668 nitens
474 616 807 669 monstrum
824 614 1146 674 introrsum
1163 619 1363 677 trahit.
1382 622 1416 679 J
1419 639 1515 679 am
1528 624 1737 680 stando
1758 625 1907 682 vires

276 700 530 756 sumebat
557 701 920 773 Dunstanus,
955 722 1089 761 cum
1122 707 1172 763 is
1202 708 1306 782 qui
1342 712 1651 768 tenebatur
1680 731 1714 768 a
1744 713 1905 770 nullo

260 787 502 861 .pariete,
531 791 784 846 tenentis
813 808 875 848 se
896 793 1172 852 manibus
1192 798 1516 870 aufugerat,
1532 800 1679 857 tales
1702 802 1907 858 imma-

275 877 327 932 ni
356 877 547 949 rugitu
574 878 827 937 fremens
848 880 1142 940 ululatus:
1166 886 1210 941 Ο
1232 885 1375 958 quid
1398 889 1533 944 fecit
1553 889 1750 946 calvus
1771 890 1904 962 iste,

274 980 303 1020 ο
331 965 464 1037 quid
495 964 630 1021 fecit
652 967 851 1025 calvus
873 969 981 1027 iste
1002 971 1015 1027 l
1040 973 1225 1029 Tenui
1249 992 1503 1050 namque
1525 980 1626 1034 sed
1650 980 1906 1037 formosa

275 1055 494 1109 caesarie
524 1059 669 1124 erat,
703 1061 761 1113 et
787 1075 855 1114 ea
884 1076 944 1116 re
974 1061 1115 1118 talia
1162 1063 1233 1119 de
1281 1064 1518 1122 homine
1565 1067 1904 1126 clamitabat

274 1143 427 1198 Mane
455 1147 651 1200 autem
682 1146 1209 1237 facto,congregata
1231 1156 1320 1208 est
1339 1154 1411 1209 ad
1433 1170 1568 1211 eum
1590 1174 1703 1212 non
1727 1174 1905 1230 parva

272 1232 568 1304 propinqui
602 1234 800 1306 populi
826 1232 1479 1309 multitudo,sciscitans
1509 1245 1781 1318 quisnam
1805 1245 1902 1304 ille

268 1318 474 1376 clamor
502 1322 728 1395 fugsset,
762 1324 863 1397 qui
894 1328 1058 1382 tanta
1088 1346 1185 1383 eos
1218 1328 1585 1390 vehementia
1613 1335 1903 1391 dormien-

265 1412 344 1464 tes
391 1411 716 1467 terruisset.
755 1413 1116 1485 «Dmmonis,
1154 1419 1252 1487 ait,
1288 1421 1398 1475 fuit
1445 1421 1540 1478 ille
1584 1424 1762 1493 furor,
1798 1425 1899 1496 qui

231 1514 545 1570 _nusquam
585 1517 681 1557 me
725 1501 915 1559 vivere
964 1506 1125 1561 sinit.
1160 1509 1201 1563 E
1233 1508 1379 1567 cella
1425 1529 1657 1585 quoque
1713 1517 1901 1570 tentat

259 1586 473 1658 ejicere.
505 1586 686 1647 Caute
709 1608 812 1649 vos
843 1592 995 1666 agite
1026 1595 1097 1650 ab
1130 1597 1249 1667 illo,
1284 1600 1424 1672 quia
1454 1600 1503 1656 si
1533 1618 1731 1658 vocem
1766 1603 1897 1659 irati

258 1672 394 1732 ferre
423 1694 542 1733 non
570 1679 869 1751 potuistis,
904 1684 1241 1743 societatem
1272 1688 1534 1746 damnati
1566 1707 1682 1763 quo
1727 1697 1895 1764 pacto

255 1764 664 1824 sustinebitis?
693 1791 721 1819 »
757 1769 892 1827 Post
922 1772 1079 1829 hunc
1109 1774 1262 1832 diem
1285 1777 1624 1836 Dunstanus
1646 1781 1813 1853 quasi
1834 1780 1893 1838 in

258 1855 550 1929 procinctu
582 1857 719 1914 belli
742 1876 998 1931 manere,
1017 1862 1333 1922 virtutibus
1356 1866 1653 1925 diabolum
1677 1870 1750 1925 ad
1772 1886 1893 1927 cer-

257 1949 437 2001 tamen
466 1944 777 2018 lacessere,
811 1965 1023 2023 eorpus
1054 1951 1249 2010 inedia
1290 1971 1603 2029 macerare,
1636 1958 1894 2017 animam

256 2028 611 2091 orationibus
642 2037 933 2109 decorare,
970 2039 1160 2099 sciens
1192 2043 1251 2099 in
1283 2045 1446 2101 nulla
1477 2063 1535 2103 re
1559 2028 1747 2122 magis
1769 2048 1892 2106 dia-

256 2122 441 2179 bolum
475 2126 743 2197 superari
774 2144 964 2200 posse,
997 2147 1174 2203 quam
1208 2132 1267 2189 in
1298 2151 1366 2191 ea
1396 2152 1572 2210 quam
1606 2136 1892 2195 Dominus

256 2211 467 2269 dicebat
492 2214 725 2287 jejunio
745 2222 804 2272 et
827 2219 1108 2277 oratione.
1130 2221 1289 2280 Unde
1311 2241 1445 2281 cum
1468 2225 1750 2298 pudicitia
1774 2244 1894 2283 cor-

253 2301 396 2373 poris
421 2306 654 2361 tantam
685 2306 879 2363 cordis
901 2310 1254 2371 munditiam
1276 2313 1625 2382 obtinuit,ut
1642 2316 1735 2372 vix
1755 2334 1890 2373 eum

252 2389 416 2447 latere
446 2397 652 2464 posset
673 2394 958 2468 quidquid
977 2397 1216 2458 sinister
1228 2402 1475 2475 spiritus
1491 2402 1731 2461 molitus
1747 2407 1889 2462 fuis-

172 2501 183 2507 ·
251 2484 346 2535 set.
379 2479 564 2536 Fama
592 2480 792 2556 itaque
814 2487 1069 2545 nominis
1099 2490 1227 2561 ejus
1248 2492 1581 2549 unit'ersa'm
1604 2495 1891 2566 percurrit

251 2569 559 2641 regionem,
595 2588 723 2643 qua:
755 2574 826 2629 ad
850 2575 1158 2634 visendum
1178 2576 1479 2638 hominem
1502 2582 1601 2639 Dei
1625 2584 1889 2641 omnium

251 2658 413 2714 corda
438 2659 730 2717 accendit.
765 2662 968 2744 Omnis
997 2671 1159 2735 mtas,
1190 2673 1434 2744 ulerqne
1455 2689 1649 2739 sexus,
1672 2673 1886 2741 clarus,

252 2745 541 2819 ignobilis,
572 2751 767 2806 tenuis
796 2757 852 2808 et
873 2742 1246 2827 pecuniosus,
1272 2742 1532 2831 privatus
1554 2765 1762 2817 etcum
1787 2779 1888 2834 po-

250 2839 464 2906 testate,
503 2854 710 2895 omnes
740 2842 981 2899 omnino
1012 2843 1383 2905 Dunstanum
1413 2848 1756 2922 loquuntur,
1789 2868 1887 2907 sa-

250 2923 522 2995 pientiam
546 2926 882 3001 praedicant,
917 2930 1188 2991 virtutem
1221 2936 1623 3011 magnificant.

248 3038 476 3098 latrone
526 3045 677 3116 regia
713 3043 785 3100 ad
830 3046 1174 3106 Dunstauum
1220 3052 1443 3124 accedit,
1475 3055 1540 3120 Β,
1572 3054 1764 3115 Maria:
1800 3058 1889 3115 de-

558 3140 699 3189 vota.
732 3134 925 3206 Regem
946 3147 1154 3196 recreat
1171 3157 1269 3214 0pc
1294 3142 1560 3216 Dciparw.

309 3238 390 3293 15.
410 3237 1373 3323 MulierquaedammomineElgifu
1387 3251 1518 3324 (17),
1535 3254 1713 3327 regali
1726 3273 1885 3313 exor-

244 3329 296 3382 ta
322 3327 622 3401 progenie,
655 3346 1005 3404 magnarum
1036 3335 1395 3408 divitiarum,
1427 3358 1555 3413 quae
1586 3360 1758 3401 omne
1789 3363 1882 3402 se-

244 3430 364 3478 men
398 3415 631 3490 regium
665 3424 927 3478 materno
958 3440 1192 3497 semper
1220 3427 1432 3485 affectu
1463 3430 1761 3502 dilexerat,
1799 3436 1880 3491 fo-

244 3509 405 3571 verat,
438 3505 751 3575 nutrierat,
784 3508 985 3567 innixa
1014 3513 1295 3573 manibus
1318 3534 1562 3576 suorum
1592 3523 1665 3578 ad
1686 3523 1880 3579 homi-

242 3609 363 3651 nem
391 3594 496 3651 Dei
531 3597 799 3669 accessit,
833 3600 1208 3661 sanctissimo
1232 3604 1392 3663 illius
1431 3609 1721 3684 colloquio
1751 3629 1880 3685 per-

243 3680 344 3738 frui
371 3683 738 3742 desiderans.
771 3688 907 3754 Qum
937 3706 1073 3748 cum
1104 3708 1174 3748 ex
1202 3709 1300 3751 ore
1329 3694 1489 3753 illius
1518 3680 1770 3757 verbum
1785 3680 1883 3759 au-

243 3770 433 3860 disset,
465 3772 618 3829 adeo
648 3774 934 3835 delectata
959 3784 1051 3837 est
1095 3780 1406 3842 dulcedine
1454 3786 1583 3843 vita:
1632 3793 1877 3860 aeterna,

245 3863 301 3915 ut
320 3859 578 3949 ulterius
605 3879 794 3937 neque
823 3865 1066 3927 domum
1097 3875 1377 3944 repetere,
1401 3891 1590 3949 neque
1619 3876 1746 3935 loco
1767 3859 1883 3937 dis-

243 3948 450 4017 aedere,
482 3951 593 4007 sed
632 3968 766 4009 cum
816 3954 986 4015 beato
1032 3957 1337 4019 Dunstano
1378 3948 1636 4035 manere,
1670 3967 1881 4039 vivere,

244 4038 379 4097 mori
406 4038 716 4113 deligeret.
749 4042 998 4103 Proinde
1028 4046 1452 4110 habitationem
1476 4054 1589 4111 sibi
1611 4055 1671 4112 in
1694 4038 1884 4114 afﬁni?

245 4128 349 4183 tate
376 4128 532 4184 sacri
564 4130 765 4203 templi
797 4136 1186 4207 constituens,
1216 4141 1507 4201 audiendo
1554 4145 1729 4204 verbo
1778 4147 1879 4204 Dei

246 4214 431 4309 sedulo
459 4216 1007 4309 adesse,_famelicis
1031 4225 1243 4299 stipem
1266 4229 1424 4300 dare,
1446 4238 1668 4291 vestem
1689 4233 1882 4309 algen-

246 4300 414 4377 tibus,
430 4305 565 4378 ipsa
595 4306 791 4365 multa:
822 4312 1193 4373 continentiae
1225 4334 1459 4389 operam
1475 4300 1881 4396 dare,prorsus

244 4391 309 4445 ad
335 4408 509 4450 omne
538 4411 686 4468 opus
707 4398 954 4468 justiliee
986 4406 1427 4477 promptissima
1447 4391 1883 4472 existere.Circa

242 4482 662 4539 venerationem
691 4486 872 4543 beata:
901 4489 1144 4563 virginis
1175 4493 1369 4551 Maria:
1390 4497 1472 4553 ita
1486 4498 1714 4557 fervens
1733 4508 1876 4573 erat,

246 4569 301 4620 ut
330 4567 385 4622 in
415 4570 635 4642 templo
667 4570 829 4630 illius
861 4560 1039 4647 quam
1070 4576 1269 4650 plures
1292 4583 1441 4637 sacri
1473 4585 1695 4642 ordinis
1726 4560 1879 4649 viros
1908 4560 1957 4628 ί)

243 4651 463 4727 locaret,
499 4660 718 4731 quibus
748 4661 878 4734 ipsa
910 4681 1270 4740 quaecunque
1318 4674 1648 4732 necessaria
1693 4676 1880 4735 forent

244 4758 341 4799 sua
367 4745 718 4805 liberalitate
747 4750 1059 4809 exhiberet.
1087 4758 1213 4822 Qua
1227 4758 1297 4814 de
1315 4776 1374 4816 re
1389 4759 1450 4816 in
1469 4767 1699 4821 tantum
1722 4768 1878 4840 apud

245 4834 498 4891 eamdem
525 4835 827 4910 Virginem
861 4842 990 4913 ejus
1021 4845 1230 4901 merita
1258 4848 1581 4915 valuere,ut
1610 4854 1657 4909 si
1694 4834 1877 4927 quan-

245 4919 309 5014 do
324 4925 671 5017 necessitate
688 4935 886 4985 coacta
903 4932 1205 5005 quidpiam
1226 4938 1667 5009 postularet,vix
1682 4919 1881 5017 aliqua

248 5005 629 5072 intercedente
659 5018 888 5076 merula
919 5021 991 5077 ab
1022 5005 1690 5101 eadem—susciperetUt
1720 5005 1877 5090 enim

248 5096 359 5154 sine
388 5102 561 5193 taedio
595 5104 916 5178 legentium
949 5109 1378 5184 aliquantulam
1411 5096 1482 5173 ab
1511 5118 1762 5193 inccepto
1793 5124 1880 5179 di-

248 5188 596 5256 gressionem
628 5194 839 5252 faciam
871 5200 1083 5272 (neque
1110 5202 1267 5259 enim
1287 5221 1320 5258 a
1337 5223 1395 5260 re
1412 5223 1589 5278 quam
1612 5188 1878 5267 tenemus

584 5310 924 5396 ‘ape'l‘latur‘
945 5313 1287 5396 Oetaei/teda,
1347 5320 1587 5396 Osberto
1640 5325 1876 5396 Elsgiva.

243 5370 659 5466 dliis‘lﬁllleda:
694 5382 924 5466 Haeqad
953 5370 1338 5466 occidenitaleIm
1354 5370 1878 5466 Eialtivpaﬁiiﬁi

245 5444 433 5533 casula
461 5446 757 5531 habitasse
787 5454 1005 5513 dicitur
1026 5444 1183 5532 apud
1201 5444 1265 5516 B.

245 5516 571 5598 stani‘re‘gis
599 5533 812 5598 neptem
840 5534 1023 5585 vocat.

304 5587 417 5660 (18)
446 5587 515 5647 ΒῙ
544 5587 968 5657 ιιηο’γοοξὼυιο
989 5602 1300 5662 medonem
1327 5606 1580 5682 appellat
1605 5608 1762 5668 hune
1782 5629 1880 5689 po-

549 5718 812 5790 ΡΑτιιοι.
859 5726 1205 5797 CXXXVII.

2018 543 2252 610 propter
2279 539 2390 597 loci
2408 542 2748 616 religionem
2771 544 3131 603 Glestoniam
3153 549 3429 618 venisset,
3452 549 3554 606 illa
3574 566 3667 607 ve-

2016 630 2197 683 terem
2227 645 2458 687 servare
2488 632 2691 690 volens
2721 634 3230 705 consuetudinem,
3265 652 3384 710 qua
3429 638 3668 711 regibus

2014 715 2352 774 ministrare
2382 719 2627 792 solebat,
2657 724 2786 777 orat
2806 724 3103 795 eumdem,
3132 730 3198 780 ut
3218 726 3290 781 ad
3313 742 3374 782 se
3397 725 3664 796 divertat,

2013 806 2328 877 prandium
2355 811 2508 881 quod
2542 811 2653 866 sibi
2684 818 2988 884 paraverat
3017 815 3327 888 dignanter
3358 816 3662 889 suscipiat.

2013 894 2175 960 Quod
2208 913 2305 951 rex
2336 913 2453 953 non
2483 899 2611 955 sine
2640 901 2990 957 verecundia
3021 920 3289 960 annuens
3319 908 3456 973 (non
3507 905 3661 961 enim

2012 980 2322 1055 ignorabat
2352 986 2493 1057 quid
2510 986 2568 1041 in
2587 1004 2872 1060 pauperes
2890 988 3106 1046 Christi
3125 992 3253 1064 ipsa
3270 995 3661 1067 expenderet),

2012 1071 2285 1144 przecepit
2312 1073 2483 1146 regiae
2514 1074 2967 1132 ministrationis
2999 1079 3417 1150 provisoribus,
3450 1085 3515 1136 ut
3545 1082 3662 1137 sci-

2012 1162 2139 1214 rent
2160 1160 2209 1214 si
2227 1161 2427 1218 omnia
2442 1165 2746 1220 commode
2764 1182 2829 1221 ac
2848 1167 3144 1223 moderate
3162 1172 3368 1239 parata
3390 1169 3660 1226 fuissent.

2012 1246 2100 1303 Illi
2132 1253 2330 1305 autem
2361 1250 2804 1326 circumspectis
2854 1255 3132 1311 omnibus
3185 1256 3419 1313 abunde
3467 1258 3666 1314 omnia

2008 1352 2137 1392 esse
2168 1339 2530 1407 renuntiant,
2556 1341 2604 1394 si
2628 1341 2757 1414 ejus
2777 1345 3186 1401 tantummodo
3203 1347 3502 1418 potus,qui
3526 1347 3666 1403 mel-

2008 1424 2082 1479 lis
2113 1426 2222 1499 (18)
2253 1443 2319 1482 ac
2352 1428 2527 1501 myrti
2557 1431 2863 1503 aspergine
2892 1433 3218 1501 conﬁcitur,
3244 1434 3659 1491 sufﬁcientiam

2006 1512 2310 1571 haberent.
2335 1516 2557 1583 Quibus
2586 1517 2689 1574 illa
2719 1536 2734 1575 :
2766 1519 2892 1576 Non
2912 1521 3185 1593 patietur,
3204 1522 3662 1594 inquit,domina

2006 1616 2137 1658 mea
2167 1608 2355 1660 mater
2383 1604 2616 1661 Domini
2648 1607 2763 1664 mei
2806 1608 2948 1666 Jesu
2999 1609 3213 1666 Christi
3264 1611 3467 1680 Maria,
3503 1617 3567 1667 ut
3598 1613 3657 1668 in

2004 1691 2283 1750 omnibus
2315 1694 2492 1750 rebus
2514 1711 2643 1766 quae
2666 1696 2887 1770 regiam
2904 1697 3112 1755 decent
3134 1700 3656 1773 magnificentiam,

1924 1821 1973 1888 Β
2003 1779 2207 1837 deesse
2237 1781 2544 1855 quidpiam
2576 1783 2783 1841 valeat.
2816 1787 2888 1842 Et
2914 1802 3228 1843 accurrens
3257 1787 3318 1843 in
3367 1789 3654 1888 templum

2005 1867 2359 1926 beatissimus
2390 1871 2669 1945 Virginis,
2690 1877 2857 1947 rogat
2875 1891 2978 1947 per
2992 1875 3121 1946 ejus
3140 1874 3472 1949 largiﬂuam
3497 1877 3657 1935 boni-

2003 1959 2183 2013 tatem
2214 1957 2413 2031 augeri
2445 1959 2600 2031 quod
2630 1958 2689 2015 in
2723 1960 2901 2034 regali
2934 1961 3262 2017 ministerio
3285 1962 3483 2019 minus
3506 1963 3659 2020 vide-

2003 2044 2178 2101 batur
2205 2045 2431 2103 haberi.
2465 2046 2627 2103 Sedit
2654 2047 2855 2122 itaque
2883 2065 2983 2106 rex
3010 2050 3123 2123 (19)
3168 2050 3353 2107 multo
3402 2051 3653 2124 stipatus

2002 2134 2270 2203 satellite,
2303 2134 2584 2192 hauriunt
2609 2136 2865 2194 ministri
2897 2139 3196 2196 modicum
3225 2139 3375 2197 illud
3405 2141 3653 2199 confecti

2000 2220 2246 2295 liquoris
2279 2239 2293 2278 :
2326 2223 2411 2280 ita
2440 2224 2743 2282 vasculum
2773 2227 3098 2299 permansit
3149 2228 3552 2298 imminutum,
3588 2234 3653 2286 ut

2001 2310 2264 2367 mulieris
2293 2315 2640 2385 Sareptena),
2671 2313 2761 2370 vel
2792 2313 3063 2388 hydriam
3111 2315 3331 2385 farinae,
3365 2316 3453 2373 vel
3499 2316 3648 2392 lecy-

1999 2398 2170 2457 thum
2212 2399 2322 2457 olei
2371 2406 2629 2473 putares.
2663 2402 2924 2475 Denique
2983 2407 3105 2462 tota
3152 2405 3246 2463 die
3293 2406 3366 2462 de
3414 2406 3649 2463 vasculo

1999 2486 2300 2559 hauriunt,
2336 2494 2458 2549 tota
2488 2491 2875 2551 nihilominus
2904 2492 2997 2553 die
3027 2493 3439 2552 inexhaustum
3486 2512 3648 2568 repe-

2000 2577 2179 2635 riunt.
2213 2580 2298 2635 Ad
2330 2582 2486 2652 quod
2516 2582 2738 2638 factum
2771 2598 2870 2638 rex
2891 2586 3085 2638 mente
3106 2582 3455 2641 immutatus
3487 2585 3651 2641 :Pec-

1997 2668 2280 2739 cavimus,
2316 2670 2420 2739 ait,
2450 2670 2627 2726 nimis
2656 2670 2717 2726 in
2761 2670 3046 2726 famulam
3095 2671 3218 2741 Dei,
3251 2672 3649 2730 multitudinis

1999 2759 2209 2810 nostra:
2241 2756 2642 2829 superﬂuitate
2662 2773 2793 2813 eam
2817 2763 3224 2831 aggravantes.
3244 2760 3328 2815 Ita
3343 2760 3649 2833 dixit,post

1996 2841 2221 2898 dictum
2246 2843 2455 2899 faciem
2486 2844 2710 2914 avertit,
2742 2844 2835 2901 via
2863 2846 2991 2917 qua‘
3009 2846 3184 2919 cmpit
3212 2847 3506 2919 profectus
3532 2852 3644 2906 est.

1994 2957 2281 3029 lEgrotans
2318 2975 2403 3015 res
2427 2975 2554 3015 suas
2582 2960 2669 3015 dis
2740 2962 2824 3016 nit
2869 2962 2930 3016 in
2975 2977 3175 3017 manus
3223 2961 3515 3028 Dunstani,
3549 2965 3646 3035 qui

2064 3029 2293 3085 mobilia
2319 3029 2414 3085 dat
2434 2976 2788 3103 ρααρενίῖεης.
2821 3063 2885 3074 -
2914 3032 3025 3088 Illa
3066 3034 3295 3104 spiritus
3341 3036 3518 3090 sancti
3554 3034 3648 3090 ad-

2068 3108 2229 3157 ventu
2285 3110 2548 3170 recreata,
2588 3106 2843 3159 unctione
2892 3120 2958 3160 ac
2998 3105 3195 3161 viatico
3243 3107 3462 3161 munita
3512 3106 3641 3162 obit.

2065 3172 2377 3256 Dunstanus
2407 3173 2773 3231 [nereditatem
2798 3177 3057 3232 convertit
3084 3178 3144 3231 in
3172 3177 3423 3233 ecclesias
3448 3184 3500 3232 et
3526 3193 3644 3233 mo-

2066 3252 2325 3301 nasteria.

2064 3343 2150 3397 16.
2183 3342 2296 3400 Sed
2317 3342 2445 3415 jam
2478 3348 2541 3401 ut
2562 3343 2619 3399 id
2652 3344 2808 3416 quod
2836 3344 3207 3403 instituimus
3257 3347 3640 3421 attingamus,

1990 3436 2286 3488 transacto
2317 3430 2585 3488 laborum
2617 3450 2859 3490 suorum
2883 3433 3136 3507 glorioso
3158 3436 3495 3509 certamine,
3517 3455 3643 3510 gra-

1989 3518 2044 3574 vi
2077 3519 2336 3594 corporis
2366 3520 2707 3578 infirmitate
2733 3523 2907 3596 coepit
2935 3521 3058 3579 haec
3100 3523 3304 3580 eadem
3354 3523 3639 3583 laborare.

1989 3607 2079 3663 Ad
2111 3626 2287 3681 quam
2320 3610 2463 3666 dum
2512 3627 2765 3667 mmrens
2813 3616 2980 3684 pater
3008 3611 3347 3670 Dunstanus
3374 3614 3640 3686 intraret,

1990 3701 2125 3769 post
2155 3696 2483 3755 uberrimas
2514 3698 2926 3756 alterutrarum
2957 3699 3352 3773 lacrymarum
3389 3701 3639 3760 inunda-

1989 3785 2200 3853 tiones,
2231 3790 2364 3860 post
2391 3786 2786 3844 humillimam
2818 3788 2923 3861 piae
2954 3789 3339 3846 confessionis
3376 3790 3639 3848 devotio-

1990 3890 2145 3943 nem,
2178 3879 2314 3949 post
2344 3875 2751 3933 dulcissimam
2775 3877 2845 3933 de
2867 3877 3038 3934 beata
3059 3895 3160 3951 spe
3182 3882 3240 3935 et
3260 3878 3512 3935 adventu
3533 3880 3641 3937 Do-

1990 3965 2136 4024 mini
2180 3964 2485 4024 salvatoris
2534 3966 3011 4037 consolationem,
3046 3966 3317 4025 hortatur
3361 3968 3523 4026 illam
3573 3974 3642 4027 ut

1991 4056 2211 4113 nudam
2243 4073 2306 4113 se
2336 4056 2408 4114 ab
2448 4055 2609 4114 omni
2657 4057 2958 4113 mundana
3005 4057 3199 4131 specie
3246 4057 3441 4129 faciat,
3476 4077 3546 4116 ne
3578 4060 3638 4116 in

1990 4151 2330 4204 transeunte
2361 4146 2685 4220 quidquam
2716 4164 2893 4204 suum
2924 4147 3195 4221 princeps
3227 4146 3435 4205 mundi
3480 4150 3637 4208 inve-

1990 4234 2131 4292 niat.
2164 4234 2269 4292 Cui
2300 4233 2401 4291 illa
2434 4252 2446 4292 :
2480 4234 2807 4304 Neminem,
2840 4234 3052 4309 inquit,
3074 4234 3135 4291 in
3166 4236 3386 4296 mundo
3409 4237 3561 4295 sicut
3582 4243 3639 4295 te

1989 4320 2405 4379 charissimam
2434 4321 2639 4390 habeo,
2673 4327 2979 4396 propterea
3010 4324 3165 4396 quod
3198 4329 3252 4380 te
3275 4325 3636 4398 praecipuum

1988 4409 2198 4467 salutis
2228 4427 2369 4467 mea:
2392 4409 2510 4468 scio
2544 4413 3027 4480 auctorem,salvo
3045 4429 3112 4469 eo
3135 4413 3288 4484 quod
3312 4414 3496 4469 Deum
3517 4431 3639 4470 om-

1990 4498 2349 4573 nipotentem
2383 4499 2560 4556 totius
2584 4500 2861 4556 bonitatis
2881 4501 3276 4574 principatum
3298 4506 3491 4559 tenere
3512 4519 3634 4560 cre-

1987 4589 2085 4646 do.
2116 4588 2288 4645 lllum
2319 4604 2455 4661 ergo
2486 4605 2681 4644 rerum
2724 4606 2989 4645 mearum
3038 4589 3324 4646 heeredem
3376 4590 3543 4661 facio,
3578 4597 3635 4650 te

1987 4695 2118 4735 vero
2167 4677 2522 4735 haereditalis
2572 4682 2825 4735 tutorem
2874 4680 3187 4748 constituo,
3229 4684 3296 4736 ut
3345 4680 3633 4753 quidquid

1986 4767 2155 4841 illum
2184 4768 2522 4841 cognoveris
2552 4766 2719 4837 velle,
2752 4768 2840 4824 tui
2871 4768 3097 4824 arbitrii
3127 4768 3204 4825 sit
3223 4769 3453 4826 effectui
3477 4787 3636 4826 man-

1986 4858 2369 4929 cipare.Quod
2402 4858 2607 4913 beatus
2638 4858 2978 4913 Dunstanus
3010 4859 3339 4926 audiens,et
3367 4861 3633 4932 quamvis

1988 4946 2205 5004 invitus
2236 4946 2364 5017 ejus
2393 4945 2680 5002 voluntati
2715 4964 2935 5002 morem
2958 4964 3156 5020 gerere
3177 4948 3633 5018 volens,univer-

1988 5052 2085 5091 sas
2112 5052 2285 5107 gazas
2315 5035 2464 5105 ejus,
2499 5052 2628 5106 quae
2662 5034 2719 5090 in
2752 5024 2935 5091 rebus»
2967 5037 3285 5094 mobilibus
3327 5056 3634 5111 superesse

1988 5123 2576 5197 poterant,extemplo
2600 5123 2957 5196 pauperibus
2979 5126 3288 5198 erogabat;
3313 5132 3520 5184 caetera
3538 5145 3635 5184 au-

1988 5217 2105 5268 tem
2139 5213 2209 5268 ad
2241 5210 2633 5268 Ecclesiarum
2660 5211 3120 5271 sublevationem
3144 5217 3531 5274 reservabat.J
3537 5234 3632 5274 am

1987 5333 2141 5410 tum,
2172 5326 2764 5411 item_que_sterlus,
2796 5328 2897 5400 qui
2930 5329 3108 5399 addit,
3144 5349 3247 5404 quo
3280 5334 3443 5405 Angli
3467 5350 3633 5406 quam

1984 5401 2228 5454 minae
2255 5399 2340 5454 uti
2366 5399 2625 5458 solebant.

2061 5471 2172 5555 (1.9)
2298 5471 2379 5525 ait
2408 5469 2467 5526 id
2521 5470 2737 5527 factum
2782 5482 2905 5546 post
2951 5490 3176 5548 precum
3228 5477 3633 5555 missamqu

1987 5542 2386 5601 celebrationes.

3210 5748 3286 5813 14
