4116 6176
278 416 408 476 429
1906 404 1959 465 ν

2074 410 2121 468 1.
3616 425 3735 485 430

278 550 417 621 ejus
452 544 836 602 Eadmundus
868 543 1102 617 imperii
1132 542 1534 598 monarchiam
1562 541 1962 613 suseepit.Qni
1996 543 2047 607 Α
2082 544 2293 598 11101110
2310 546 3070 619 periculoconsistenti,nec
3088 552 3483 607 reminiscaris
3504 553 3738 623 injuria-

276 654 423 694 cum
472 635 654 691 sciret
683 638 908 707 quanta
960 632 1103 688 olim
1151 633 1365 687 virtute
1395 632 1768 686 venerandus
1801 634 1970 703 pater
2081 647 2214 685 rum
2241 633 2398 690 fideli
2421 640 2520 691 tuo
2544 636 2847 694 Dunstano
2871 657 2972 711 per
2992 656 3083 695 me
3106 640 3399 696 illatarum
3422 660 3433 709 ;
3460 642 3736 713 quoniam

277 727 634 783 Dunstanus
655 724 713 779 in
735 721 957 794 palatio
981 719 1663 793 fulsisset,quamjustis
1685 719 1968 792 operibus
2080 718 2129 773 si
2162 736 2258 775 me
2288 722 2478 794 ipsius
2524 725 2751 781 meritis
2798 745 2832 781 a
2880 729 3149 799 praesenti
3199 735 3383 785 morte
3430 730 3736 802 eripueris,

271 819 339 872 et
370 814 553 871 rectis
582 810 841 869 consiliis
876 810 1166 883 praaditus
1200 809 1430 875 fuisset,
1465 824 1532 863 ac
1568 824 1674 879 per
1704 808 1814 864 hoc
1847 809 1967 863 fra-
2080 810 2275 879 quoad
2307 811 2499 867 vivam
2521 815 2793 873 devotum
2829 833 2922 870 me
2953 817 3039 871 tui
3070 817 3325 872 nominis
3349 823 3405 872 et
3432 818 3590 873 illius
3612 819 3742 874 lau-

271 908 452 961 terno
474 918 706 975 semper
721 916 927 956 amore
951 899 1119 954 illum
1140 896 1709 965 dilexisset,directis
1730 898 1801 953 ad
1825 913 1965 953 eum
2078 890 2344 955 datorem
2380 901 2643 957 habebis.
2671 904 2785 958 Nec
2807 906 2949 958 dum
2982 904 3149 975 plene
3179 907 3353 960 verba
3385 907 3631 974 finierat,
3658 912 3738 974 et,

273 993 513 1051 nuntiis
544 994 671 1047 orat
698 990 991 1062 dignetur
1024 989 1096 1044 ad
1129 1005 1191 1044 se
1216 987 1435 1053 venire,
1461 988 1528 1040 ut
1557 1002 1737 1057 quem
1770 987 1964 1042 omni-
2078 988 2233 1057 quod
2260 989 2421 1044 dictu
2440 995 2530 1045 est
2552 992 2910 1060 incredibile,
2931 994 3030 1047 sed
3052 994 3166 1048 Deo
3188 994 3332 1047 nihil
3350 995 3735 1066 impossibile,

274 1083 505 1157 potenti
560 1081 672 1137 Deo
715 1082 968 1133 noverat
1015 1082 1345 1148 acceptum,
1378 1090 1512 1131 eum
1560 1075 1720 1131 inter
1768 1076 1963 1148 regios
2076 1077 2245 1147 quasi
2272 1078 2469 1134 divina
2492 1096 2669 1135 manu
2694 1086 2983 1136 retentum
3009 1082 3307 1136 animalin
3331 1100 3562 1137 summo
3579 1100 3738 1138 vora-

271 1188 555 1246 proceres
584 1173 639 1225 et
667 1166 970 1241 palatinos
1006 1164 1299 1238 principes
1328 1163 1441 1237 (24)
1477 1181 1783 1220 summum
1815 1166 1965 1220 face-
2073 1163 2230 1235 ginis
2267 1167 2447 1222 ﬁxum
2490 1171 2783 1223 manebat.
2817 1170 2891 1225 At
2936 1168 3034 1224 ille
3082 1172 3252 1225 corde
3303 1169 3518 1242 pariter
3546 1175 3603 1225 et
3635 1187 3734 1225 ore

273 1267 367 1318 ret
397 1265 597 1317 tenere
631 1256 1066 1330 principatum.
1092 1257 1167 1310 At
1202 1254 1545 1309 Dunstanus
1577 1253 1698 1309 sive
1743 1267 1958 1326 11111100-
2071 1254 2333 1310 excelsas
2367 1256 2482 1311 Deo
2515 1258 2735 1329 gratias
2760 1258 3034 1325 referens,
3061 1259 3430 1314 Dunstanum
3455 1258 3735 1313 0111011110-

270 1352 396 1424 ptis
429 1345 759 1422 apostolicis
790 1344 1047 1400 obedire
1067 1341 1513 1416 volens,quibus
1542 1342 1736 1398 omnis
1757 1342 1961 1397 anima
2071 1339 2318 1396 rationis
2350 1348 2649 1398 auctorem
2686 1345 2959 1400 accersiri
2988 1346 3247 1415 jubet,et
3268 1364 3396 1417 quae
3428 1363 3528 1417 per
3557 1346 3725 1400 illum

272 1437 557 1513 potestati
578 1432 911 1493 sublimiori
939 1431 1182 1487 subdita
1203 1449 1334 1488 esse
1357 1431 1567 1487 debere
1596 1430 1954 1503 przecipitur,

269 1528 400 1586 sive
432 1541 675 1600 regnum
697 1521 984 1595 ¹1110111110,
1010 1521 1165 1593 quod
1194 1538 1263 1577 ex
1296 1536 1512 1593 magna
1540 1524 1704 1591 parte
1726 1519 1954 1576 obsole-

267 1621 465 1685 verat,
496 1616 556 1670 in
602 1618 749 1670 terra
795 1609 1136 1683 Anglorum
1189 1609 1445 1666 exaltare
1478 1609 1740 1681 cupiens,
1776 1609 1955 1681 regiis

262 1702 658 1779 petitionibus
688 1714 1011 1754 assensum
1042 1697 1272 1766 tribuit,
1307 1696 1637 1753 consistens
1668 1714 1772 1769 pro
1803 1702 1951 1751 tem-

261 1810 487 1867 porum
510 1787 919 1849 vicissitudine
940 1785 999 1840 in
1028 1786 1267 1857 palatio,
1288 1791 1346 1842 et
1366 1791 1488 1841 tam
1513 1786 1707 1857 ipsum
1730 1802 1947 1858 regem,

262 1899 456 1956 quam
488 1896 693 1937 omnes
719 1876 1051 1951 Anglorum
1103 1874 1398 1948 principes
1437 1875 1688 1947 justitiae
1721 1874 1951 1948 legibus

256 1971 652 2030 submittens.
676 1966 787 2023 Sed
823 1981 964 2020 cum
998 1965 1114 2019 fere
1147 1965 1269 2034 ﬁat,
1290 1968 1357 2019 ut
1387 1980 1457 2020 ex
1486 1963 1737 2019 aliorum
1771 1963 1944 2017 indu-

260 2061 419 2118 stria
450 2057 701 2114 aliorum
726 2057 957 2112 crescat
988 2051 1226 2119 invidia,
1245 2068 1498 2125 cumque
1529 2052 1602 2108 ad
1627 2068 1806 2124 quam
1827 2050 1947 2105 vir-

265 2153 467 2206 tutem
498 2143 792 2220 pessimus
824 2143 942 2214 (25)
973 2140 1223 2213 quisque
1266 2157 1383 2197 non
1427 2142 1582 2198 valet
1612 2155 1946 2212 assurgere,

262 2254 404 2294 eam
428 2236 490 2291 in
515 2238 859 2305 assurgente
889 2233 1133 2286 conetur
1152 2247 1488 2303 expugnare
1512 2247 1525 2285 :
1555 2231 1773 2285 iterum
1794 2228 1949 2283 sicut

264 2325 415 2383 olim
448 2341 484 2380 a
511 2321 809 2396 plerisque
859 2316 1171 2386 nobilium,
1195 2318 1254 2374 in
1307 2336 1622 2392 prosperos
1654 2316 1946 2373 Dunstani

266 2428 592 2471 successus
623 2414 713 2468 est
733 2411 1049 2475 offensum,
1076 2411 1132 2463 et
1162 2408 1305 2479 regi,
1330 2413 1397 2464 ut
1426 2426 1460 2464 a
1490 2406 1788 2464 consortio
1818 2404 1949 2459 illo-

271 2519 412 2560 rum
447 2500 763 2574 pelleretur
794 2497 945 2553 falsa
977 2494 1383 2552 criminatione
1423 2500 1796 2570 suggestum.
1831 2493 1949 2548 Rex

271 2596 481 2649 autem
503 2589 636 2661 plus
657 2587 904 2644 honesto
927 2583 1095 2640 falsis
1126 2584 1379 2640 favorem
1401 2585 1758 2650 attribucns,
1784 2581 1949 2637 Dun-

273 2687 524 2738 stanum
545 2680 605 2733 et
624 2677 802 2732 rebus
822 2678 881 2731 et
904 2672 1061 2747 regia
1081 2672 1271 2743 gratia
1292 2672 1607 2745 privatum,
1623 2671 1790 2726 curia
1810 2687 1948 2742 pro-

274 2768 510 2826 turbari
533 2766 704 2839 jubet
723 2765 857 2837 (26).
877 2762 973 2819 Sic
1004 2762 1211 2833 primo,
1240 2761 1323 2817 sic
1346 2763 1604 2818 secundo
1629 2762 1724 2816 die
1754 2764 1948 2814 trans-

275 2861 456 2914 itum.
497 2856 747 2927 Jamque
802 2852 976 2908 tertia
1023 2849 1122 2905 lux
1171 2851 1502 2920 advenerat,
1556 2855 1615 2907 et
1663 2866 1764 2904 rex
1813 2864 1949 2903 cum

280 2946 417 3005 suis
440 2948 715 3001 venatum
745 2941 887 2997 ibat.
913 2940 1132 2996 Nemus
1157 2944 1355 2997 autem
1377 2941 1532 3013 quod
1552 2936 1805 2996 venandi
1826 2953 1953 3009 gra-

277 3038 369 3093 tia
426 3036 748 3100 invenerat,
801 3047 973 3086 mons
1017 3029 1335 3085 Cedrorum
1370 3028 1454 3102 [Β.
1491 3025 1806 3099 Ceodrum]
1850 3042 1954 3097 per

277 3124 551 3183 excelsus
571 3119 845 3193 concipit,
865 3119 965 3190 qui
1001 3117 1193 3173 medio
1216 3117 1308 3173 sui
1330 3118 1718 3189 interruptus,
1744 3114 1953 3187 ingens

279 3212 630 3271 baratth
663 3212 723 3266 et
754 3209 1011 3266 immane
1041 3205 1427 3279 praecipitium
1450 3207 1521 3262 de
1552 3219 1789 3261 summo
1820 3220 1951 3275 spe-

2067 1427 2355 1485 Divinitas
2378 1437 2615 1503 operata
2642 1433 2737 1500 sit,
2755 1450 2949 1488 coram
2983 1433 3143 1488 omni
3174 1435 3435 1505 principe
3466 1435 3724 1504 exponit,

2065 1522 2123 1573 et
2152 1519 2523 1590 apprehensa
2573 1522 2807 1577 dextera
2854 1522 2961 1576 viri
3014 1522 3314 1578 osculatus
3360 1528 3450 1578 est
3497 1538 3623 1578 eam
3669 1526 3728 1576 et

2066 1606 2260 1661 dixit:
2311 1611 2598 1681 Agnosco,
2632 1610 2890 1665 virorum
2941 1610 3332 1677 sanctissime,
3368 1611 3508 1682 quid
3558 1611 3615 1664 in
3670 1615 3725 1664 te

2064 1695 2465 1751 commiserim
2496 1697 2657 1763 mali,
2692 1716 2807 1753 non
2852 1715 2955 1770 per
2999 1698 3171 1753 fidem
3204 1716 3396 1752 meam
3430 1700 3585 1769 quod
3617 1714 3723 1769 ego

2060 1783 2366 1851 voluerim,
2384 1787 2483 1847 sed
2509 1788 2663 1858 quod
2687 1805 2720 1841 a
2744 1786 3019 1858 pessimis
3044 1786 3383 1843 hominibus
3405 1793 3641 1841 coactus
3663 1786 3723 1840 id

2065 1871 2326 1927 fecerim.
2361 1874 2591 1931 Gratias
2614 1892 2750 1947 ergo
2774 1874 3098 1929 clementiae
3121 1875 3242 1943 Dei,
3260 1893 3386 1947 quae
3408 1892 3522 1929 non
3548 1875 3723 1929 modo

2058 1960 2323 2017 debitum
2357 1962 2502 2018 mihi
2528 1963 2891 2035 supplicium
2926 1980 3043 2018 non
3074 1963 3521 2032 inferre,verum
3544 1963 3722 2018 etiam

2056 2047 2389 2106 indebitum
2417 2051 2604 2106 voluit
2634 2052 2988 2107 beneﬁcium
3024 2069 3366 2126 praerogare,
3394 2053 3535 2107 dum
3565 2068 3657 2108 me
3688 2069 3724 2108 a

2056 2136 2377 2208 praecipitio
2407 2139 2616 2195 mortis
2648 2139 2925 2212 eripiens,
2961 2139 3242 2213 longioris
3270 2142 3400 2195 vita:
3438 2140 3629 2211 spatia
3659 2140 3720 2196 in

2058 2224 2177 2280 tuis
2208 2226 2551 2285 nominibus
2592 2228 2905 2284 concessit.
2938 2227 3025 2284 Sit
3074 2246 3210 2303 ergo
3242 2230 3519 2300 deinceps
3566 2228 3721 2283 inter

2060 2329 2164 2368 nos
2198 2315 2464 2384 perfectae
2496 2316 2916 2371 familiaritatis
2963 2322 3243 2389 perpetua
3274 2314 3605 2389 integritas,
3642 2316 3719 2372 sit

2058 2401 2439 2474 disponendis
2471 2406 2531 2461 in
2562 2404 2778 2477 palatio
2811 2407 2986 2462 rebus
3014 2406 3198 2463 libera
3228 2423 3463 2480 semper
3492 2405 3595 2460 tibi
3633 2408 3716 2462 fa-

2058 2490 2268 2559 cultas,
2288 2493 2367 2549 sit
2389 2494 2448 2550 in
2472 2500 2591 2551 toto
2610 2495 2933 2567 Anglorum
2966 2496 3209 2567 imperio
3234 2495 3544 2568 judicandi
3567 2494 3720 2551 inter

2057 2577 2249 2633 virum
2281 2587 2338 2637 et
2368 2582 2701 2654 proximum
2726 2585 2853 2655 ejus
2880 2600 3115 2641 summa
3144 2589 3421 2656 potestas.
3447 2586 3631 2655 Atque
3654 2590 3720 2642 ut

2060 2667 2241 2721 animi
2274 2669 2389 2725 mei
2414 2671 2688 2727 all‘ectum
2712 2672 2866 2727 circa
2884 2675 2939 2727 te
2960 2673 3259 2745 cognitum
3282 2672 3519 2738 habeas,
3547 2671 3715 2728 illum

2059 2754 2165 2809 tibi
2198 2753 2395 2812 locum
2427 2757 2488 2812 in
2518 2774 2633 2829 quo
2684 2764 2740 2814 te
2785 2759 3072 2832 genitum,
3105 2761 3443 2825 educatum,
3479 2774 3716 2813 conver-

2060 2848 2257 2898 satum
2290 2846 2508 2919 accepi,
2534 2852 2813 2919 perpetuo
2827 2848 2963 2918 jure
2994 2849 3414 2920 possidendum
3438 2847 3625 2913 trado,
3651 2854 3719 2904 ut

2061 2932 2456 3006 quodcunque
2503 2936 2574 2991 de
2621 2934 2720 2990 illo
2749 2935 2892 2991 velis
2921 2941 3200 3008 statuere,
3224 2936 3308 2991 tui
3358 2935 3584 2991 arbitrii
3638 2938 3719 2993 sit

2061 3020 2454 3079 considerare.
2488 3026 2649 3091 Quod
2683 3025 2732 3079 si
2786 3025 2843 3079 id
2875 3026 3034 3081 cordi
3068 3030 3169 3081 tuo
3216 3024 3590 3097 potissimum
3624 3043 3716 3081 se-

2064 3110 2237 3178 derit,
2260 3116 2327 3166 ut
2356 3113 2486 3184 ejus
2508 3112 2730 3169 ordinis
2755 3113 2931 3182 viros,
2955 3115 3126 3186 cujus
3148 3120 3212 3170 tu
3236 3114 3501 3169 habitum
3532 3115 3713 3186 geris,

2061 3197 2282 3254 ibidem
2315 3217 2632 3275 aggregare
2682 3201 2987 3275 placuerit,
3022 3203 3307 3275 quidqnid
3338 3202 3423 3258 eis
3466 3204 3523 3256 in
3572 3221 3715 3275 qua-

280 3297 874 3359 ctantibusostendit.
893 3274 1077 3368 Igitur
1096 3312 1193 3349 rex
1211 3274 1955 3367 perdevexamontisl'rena
1984 3274 2028 3341 C
2058 3304 2291 3359 cunque
2323 3306 2384 3345 re
2415 3274 2828 3363 defuerit,‘ego
2860 3292 2932 3346 ob
2976 3274 3225 3364 gratiam
3261 3292 3343 3346 tui
3379 3291 3537 3363 regia
3568 3292 3717 3348 libe-

282 3391 505 3457 laxare,
538 3393 597 3445 et
626 3404 728 3461 per
758 3385 927 3442 devia
956 3401 1203 3456 quasque
1246 3384 1568 3457 fugientem
1601 3398 1838 3438 cervum
1869 3381 1953 3437 in-

286 3478 523 3537 sectari.
559 3476 904 3549 Fatigantur
934 3472 1167 3545 utrique
1218 3490 1316 3529 rex
1366 3491 1469 3545 pro
1522 3488 1715 3538 cervo,
1748 3487 1953 3527 cervus

288 3586 396 3643 pro
428 3566 643 3640 seipse.
666 3564 839 3621 Omni
862 3562 1100 3618 tandem
1124 3562 1689 3635 fugiendi_libertate
1723 3563 1950 3632 negata,

289 3657 484 3714 bestia
513 3653 900 3727 praecipitium
925 3651 1091 3725 petit,
1110 3649 1248 3719 ruit,
1265 3668 1330 3706 ac
1353 3652 1409 3705 in
1444 3654 1643 3723 partes
1678 3647 1954 3704 minutis-

290 3747 479 3802 simas
498 3743 799 3799 conscissa
820 3740 1064 3814 deperit.
1090 3740 1477 3812 Sequentium
1504 3754 1719 3793 canum
1744 3736 1955 3794 similis

289 3833 590 3901 interitus,
622 3831 899 3887 ultimum
930 3845 1128 3902 regem
1158 3829 1395 3902 sonipes
1431 3826 1680 3894 advexit,
1698 3826 1797 3898 qui
1833 3826 1956 3884 viso

292 3922 566 3980 cominus
613 3920 770 3993 quod
829 3937 946 3992 prie
1004 3935 1068 3975 se
1130 3918 1365 3974 fortuna
1414 3918 1668 3991 pararat,
1704 3915 1959 3971 retraxit

294 4012 884 4077 habenas,vectorem
921 4023 1154 4080 quoque
1179 4006 1473 4063 reﬂectere
1493 4004 1682 4073 nisus,
1707 4021 1840 4075 cum
1864 4022 1959 4062 re-

296 4105 468 4175 pente
498 4097 688 4171 ruptis
717 4096 919 4165 frenis,
944 4100 1003 4152 et
1032 4095 1106 4151 de
1127 4112 1309 4151 manu
1331 4111 1505 4169 porro
1528 4093 1781 4166 rejectis,
1805 4093 1961 4150 volu-

296 4185 380 4244 cri
403 4202 582 4243 cursu
606 4200 894 4241 sessorem
919 4199 1115 4257 regem
1135 4199 1328 4255 equus
1348 4186 1629 4256 asportet.
1646 4181 1797 4249 Quid
1829 4182 1959 4256 plu-

297 4275 400 4332 ra?
425 4275 667 4332 omnino
688 4273 758 4330 de
779 4289 842 4329 se
862 4271 1246 4340 difﬁdens,de
1267 4270 1369 4327 Dei
1392 4287 1528 4327 vero
1560 4269 1963 4333 1010011001ὥο

300 4361 571 4422 nonnihil
603 4361 924 4430 conﬁdens,
958 4358 1193 4418 01010010
1224 4359 1508 4416 auxilium
1540 4357 1836 4430 implorat,
1857 4359 1965 4415 sic-

304 4470 419 4526 que
449 4450 778 4508 conﬁtendo
828 4454 956 4507 orat
1011 4465 1024 4504 :
1079 4448 1255 4518 Deus,
1290 4465 1387 4503 rex
1438 4446 1833 4519 omnipotens,
1861 4448 1962 4520 qui

307 4558 446 4597 cum
478 4540 561 4596 sis
591 4557 767 4613 super
796 4539 996 4597 omnia
1025 4536 1311 4604 excelsus,
1343 4535 1593 4591 humilia
1620 4536 1884 4608 respicis,
1907 4540 1966 4594 et

2062 3376 2294 3432 ralitate
2324 3378 2611 3452 supplebo
2642 3381 2776 3451 (27).

2064 3502 2356 3561 Glaktoniw
2384 3506 2779 3561 monasterium
2801 3506 3007 3561 celebre
3034 3506 3228 3561 reddit.
3253 3507 3526 3563 Damonis
3546 3507 3719 3563 cludit

2136 3577 2444 3649 terriculas.
2484 3577 2542 3630 S.
2574 3577 2899 3649 Andrcazse
2935 3579 3238 3647 committit.
3294 3579 3511 3649 Angelis
3548 3581 3714 3649 fami-

2092 3692 2114 3712 ,
2136 3646 2317 3715 tiaris,
2347 3646 2548 3718 Edgarz'
2569 3656 2767 3703 sortem
2796 3647 2976 3703 discit.
3008 3646 3261 3703 Absentia
3288 3646 3448 3703 videt.

2139 3743 2225 3800 19.
2251 3743 2437 3817 Igitur
2461 3744 2801 3801 Dunstanus
2834 3750 3072 3817 accepta
3101 3748 3388 3816 potestate
3419 3762 3596 3817 super
3627 3763 3713 3800 re-

2065 3832 2225 3905 giam
2247 3832 2613 3889 mansionem
2636 3850 2763 3905 qua:
2785 3832 3568 3903 Glastoniavocabatur,post
3582 3852 3721 3906 pau-

2067 3937 2167 3977 cos
2182 3920 2306 3977 dies
2327 3922 2685 3994 angustioris
2702 3920 2957 3977 ecclesiae
2976 3922 3361 3977 fundamenta
3380 3922 3725 3992 jacere,ofﬁ-

2068 4009 2231 4066 cinas
2263 4010 2589 4067 secundum
2606 4008 2901 4082 exemplar
2917 4009 3056 4065 olim
3077 4009 3188 4066 sibi
3221 4014 3524 4066 ostensum
3555 4029 3723 4069 cons-

2069 4103 2284 4170 truere,
2307 4104 2365 4157 et
2400 4099 2830 4156 consummatis
2871 4100 3147 4155 omnibus
3188 4115 3471 4172 magnum
3510 4103 3729 4175 pariter

2071 4192 2246 4261 atque
2260 4188 2559 4262 egregium
2579 4188 3003 4244 monachorum
3024 4205 3236 4262 agmen
3268 4189 3486 4246 ibidem
3509 4193 3726 4248 coadu-

2072 4295 2244 4335 nare:
2270 4278 2485 4351 quibus
2508 4279 2633 4351 ipse
2656 4278 2884 4352 primus
2909 4278 3090 4335 abbas
3112 4279 3376 4350 011⁸001110,
3392 4281 3462 4336 ad
3499 4285 3723 4337 tantam

2070 4367 2482 4440 perfectionem
2495 4370 2519 4441 j
2530 4367 2741 4424 ustitize
2754 4384 2957 4424 omnes
2969 4367 3372 4425 cohabitantes
3389 4368 3498 4424 add
3507 4368 3723 4435 uxit,ut

2073 4455 2240 4529 quasi
2258 4455 2383 4514 cccli
2407 4455 2724 4514 luminaria
2745 4457 2816 4512 ad
2837 4457 3181 4529 eﬂ‘ugandas
3198 4456 3378 4512 totius
3395 4456 3606 4513 erroris
3627 4474 3722 4513 ne-

2073 4546 2243 4604 bulas
2283 4550 2342 4603 01
2371 4551 2742 4619 peccatorum
2774 4546 3045 4602 tenebras
3064 4545 3415 4600 viderentur.
3452 4546 3614 4599 Tunc
3644 4545 3718 4601 ad

312 4635 434 4685 ἱὶῐίίι
454 4645 684 4702 semper
703 4646 736 4685 ει
759 4627 927 4701 10080
944 4626 1268 4700 cognoscis,
1285 4625 1484 4681 adesto
1506 4642 1663 4680 Πυηο
1681 4642 1796 4682 non
1820 4626 1961 4698 regi.
1994 4645 2043 4712 D
2073 4652 2278 4693 omnes
2300 4636 2756 4708 circumquaque
2776 4634 3063 4691 Ecclesias
3086 4651 3153 4690 ex
3174 4633 3392 4690 eisdem
3416 4634 3719 4690 monachis

310 4719 414 4774 sed
436 4717 662 4774 homini
682 4718 905 4773 caeteris
928 4714 1275 4771 mortalibus
1293 4713 1677 4786 simili,inque
1693 4731 1968 4787 supremo

343 4943 354 4955 ο
380 4872 501 4952 (24)
531 4870 751 4943 Nempe
784 4886 936 4927 anno
967 4868 1092 4936 940,
1126 4872 1273 4923 teste
1295 4867 1586 4925 Willelmo
1613 4867 1967 4924 Malmesbu-

312 4960 510 4998 nensn.

396 5031 508 5158 g5)
540 5031 804 5156 Edgar'us
834 5047 931 5085 rex
979 5029 1035 5084 in
1069 5029 1327 5084 oratione
1359 5045 1533 5099 quam
1567 5028 1973 5113 adepiscepos

396 5154 397 5157 η
447 5120 605 5157 111000
669 5108 844 5157 1011111
860 5102 1016 5158 apud
1031 5100 1339 5155 Avlredum
1363 5106 1419 5156 et
1440 5101 1973 5158 liarusleldmmnta

323 5100 605 5158 habuisse
628 5100 844 5173 dicitur
860 5102 1016 5173 apud
1031 5100 1339 5155 Avlredum
1363 5106 1419 5156 et
1440 5100 1978 5173 llarpsl'eldium,ita

326 5174 664 5243 loquentem
696 5172 924 5229 inducit
955 5178 1178 5243 patrem
1211 5189 1385 5226 suum
1412 5172 1787 5225 Edmundum
1815 5188 1865 5225 ει(
1889 5172 1978 5243 Tu

326 5192 381 5230 ΙΟ
427 5192 664 5230 uemem
696 5192 924 5229 1111111011
955 5192 1178 5243 patrem
1211 5192 1385 5226 suum
1412 5192 1787 5225 LGHIUDGUID
1815 5192 1865 5225 ξι(
1890 5192 1977 5225 ’111

325 5192 496 5314 mibi,
523 5251 686 5318 pater
715 5245 1035 5318 Dunist‘ane,
1055 5244 1130 5318 de
1154 5242 1562 5318 construendis
1584 5242 1977 5318 monasteriis.

327 5318 399 5373 de
451 5312 715 5372 ecclesiis
772 5314 1129 5370 aedificandis
1175 5314 1487 5370 consilium
1536 5312 1769 5368 salubre
1819 5313 1981 5367 dedi-

328 5389 438 5454 sti;
476 5394 535 5443 tu
568 5387 713 5443 mihi
745 5388 979 5459 adjutor
1016 5386 1073 5440 in
1123 5386 1398 5441 omnibus
1427 5390 1484 5440 et
1515 5388 1855 5456 cooperator
1883 5401 1982 5439 ex-

328 5458 558 5527 stitisti,
585 5481 613 5509 n
645 5463 754 5514 etc.

344 5550 347 5551 ί
408 5558 523 5629 (26)
558 5557 620 5612 B.
646 5556 767 5629 haec
801 5555 1153 5627 interponit:
1184 5578 1211 5605 ‹‹
1232 5555 1413 5611 Erant
1444 5557 1638 5629 ειμι-θαι
1668 5553 1829 5629 apud
1854 5552 1990 5629 (ἕθεν

336 5624 574 5699 derum,
608 5628 710 5685 ubi
768 5629 889 5684 haec
951 5624 1102 5699 facta
1158 5629 1388 5699 fuerant
1445 5625 1573 5693 viri,
1602 5624 1987 5691 venerabiles,

340 5700 509 5778 regni
559 5697 832 5758 'videlicet
884 5697 1136 5758 Orientis
1193 5697 1407 5768 nuntii,
1464 5714 1599 5755 cum
1657 5714 1790 5776 rege
1848 5702 1988 5754 tunc

2076 4725 2381 4798 pontifices
2412 4723 2567 4797 eligi,
2591 4728 2730 4779 tunc
2761 4724 3003 4779 abbates
3034 4721 3277 4790 assumi,
3303 4727 3441 4779 tunc
3473 4721 3724 4794 denique

2081 4876 2471 4948 hospitantes,
2507 4891 2653 4945 quos
2687 4872 2779 4927 ille
2811 4872 3126 4948 quasijam
3159 4872 3360 4927 exsilio
3389 4874 3725 4948 deputatus,

2081 4943 2240 5003 aliud
2301 4947 2412 5001 sibi
2470 4943 2746 5018 ignorans
2790 4943 3121 5018 consilium,
3165 4960 3478 5018 aggressus
3527 4949 3636 5013 est,
3668 4944 3726 5018 id

2083 5036 2279 5083 orans,
2314 5036 2385 5073 110
2425 5014 2512 5071 se‘
2540 5016 2804 5070 relictum
2838 5031 2871 5068 a
2903 5031 3032 5084 rege
3078 5014 3189 5084 ipsi
3241 5016 3590 5081 desererent,
3627 5014 3728 5069 sed

2087 5107 2285 5145 secum
2309 5089 2381 5143 ad
2405 5086 2675 5211 patriam,
2693 5085 2957 5165 quamvis
2980 5086 3049 5139 ad
3076 5084 3414 5151 incolatum,
3460 5087 3731 5156 perduce-

2089 5166 2237 5211 rent.
2270 5162 2341 5211 At
2374 5159 2409 5211 il
2439 5159 2455 5211 i
2487 5158 2775 5211 mosstilize
2807 5155 2991 5211 iusius
3025 5156 3465 5211 combatientcs.
3491 5174 3731 5211 011011011-

2089 5166 2237 5215 10111.
2270 5162 2341 5214 Α1
2374 5155 2455 5212 illi
2487 5155 2775 5212 mosstilize
2807 5155 3736 5228 ipsiuscompatientes,spopon-

2092 5232 2301 5287 derunt
2332 5230 2382 5283 ei
2434 5245 2669 5301 qamque
2722 5226 2883 5299 regni
2930 5226 3021 5281 sui
3074 5226 3402 5295 commoda,
3436 5228 3484 5282 si
3522 5226 3733 5283 secum

2093 5301 2406 5358 comitatus
2437 5300 2642 5354 adiret.
2667 5321 2694 5347 n

2167 5391 2277 5461 (27)
2299 5386 2633 5461 Willelmus
2665 5387 2721 5440 in
2752 5384 2853 5461 lib.
2881 5403 2937 5461 11Δ
2952 5387 3032 5441 De
3061 5387 3315 5460 regibus,
3345 5404 3470 5459 cap.
3502 5390 3561 5461 7,
3590 5388 3736 5461 inte-

2096 5458 2267 5535 grum
2301 5458 2669 5535 privil_egiu_m
2701 5459 2877 5535 refert
2907 5458 3111 5513 datum
3134 5458 3295 5535 anno
3323 5460 3449 5526 944,
3477 5482 3503 5507 ‹‹
3528 5458 3740 5514 litteris

2096 5528 2560 5658 aureis—hntlibro
2589 5528 3033 5603 Evangeliorum
3064 5529 3412 5603 scriptum,»
3441 5548 3611 5604 quem
3643 5546 3742 5587 rex

2096 5620 2221 5679 ipse
2290 5619 2320 5659 e
2365 5620 2383 5657 1
2415 5645 2427 5660 .
