4068 6172
410 441 522 501 431

1387 436 1451 498 S.
1497 431 1970 498 DUNSTANUS
2013 429 2378 492 ARCHIEP.
2427 428 2816 490 CANTUAB.

3691 425 3809 486 432

413 577 772 633 diversorum
795 573 1119 631 ofﬁciorum
1142 569 1432 644 praepositi
1457 568 1688 624 institui
1715 583 1726 622 :
1751 570 2056 639 propterea
2081 565 2139 632 Α
2167 562 2550 636 Stupentibus
2601 561 2839 634 quidem
2890 561 3185 629 omnibus,
3219 564 3278 616 et
3306 560 3400 614 vix
3431 559 3607 616 {idem
3637 559 3813 615 dictis

408 665 562 738 quod
586 665 782 720 essent
802 665 860 717 et
886 659 1184 734 religionis
1205 659 1410 714 merito
1439 655 1736 730 praecipui,
1760 660 1818 712 et
1839 653 2050 712 doctri-

402 771 489 809 na:
511 751 799 825 sapientia
821 747 1156 817 clarissimi,
1183 753 1238 804 et
1259 749 1332 803 ad
1355 744 1654 802 catholicas
1687 744 1823 800 ﬁdei
1855 743 2052 800 defen-

404 841 628 898 sionem
649 837 1121 913 praestantissimi
1145 837 1395 910 (28).Sed
1417 839 1593 891 tanta:
1617 833 1914 906 religionis
1936 831 2052 905 spi-

405 924 552 986 ritus
584 929 867 984 daemonis
899 927 1094 983 malus
1125 925 1461 998 impatiens,
1485 941 1602 996 quo
1622 927 1792 996 pacto
1813 923 2004 977 virum
2023 938 2057 976 a

407 1023 564 1075 statu
589 1015 960 1074 rectitudinis
983 1015 1239 1088 dejiciat,
1267 1014 1504 1086 quantis
1523 1013 1675 1070 valet
1695 1011 1927 1067 insidiis
1947 1010 2056 1066 cla-

410 1107 787 1178 borat.Cujus
803 1103 990 1161 oculis
1009 1103 1070 1158 in
1088 1101 1360 1160 cubiculo
1377 1102 1631 1174 quadam
1653 1103 1820 1156 nocte
1837 1099 2058 1154 orantis

415 1195 730 1250 immanem
750 1211 812 1249 se
832 1193 1039 1266 lupum
1061 1191 1298 1264 ingerit,
1314 1191 1644 1262 iterumque
1665 1193 1797 1262 post
1815 1189 2058 1264 paulum

411 1283 649 1356 vulpem
671 1281 1066 1339 blandientem
1089 1279 1388 1352 conﬁngit,
1405 1295 1581 1352 quam
1603 1278 1702 1334 ille
1731 1277 2060 1351 specierum

415 1371 752 1428 varietatem
787 1369 1128 1438 subridens;
1153 1369 1196 1425 Ο
1219 1374 1292 1437 te,
1317 1369 1527 1440 inquit,
1555 1386 1658 1440 per
1687 1367 1884 1422 omnia
1905 1366 2063 1422 simi-

415 1458 530 1514 lem
564 1459 700 1515 tibi!
737 1476 770 1513 o
803 1459 1021 1514 formas
1064 1462 1176 1513 tuae
1209 1457 1422 1512 actioni
1457 1457 1777 1530 congruas!
1827 1456 1969 1511 dum
2001 1455 2061 1510 in

417 1549 596 1605 altero
618 1552 946 1616 cruentum,
973 1547 1031 1603 in
1061 1546 1241 1603 altero
1273 1551 1328 1602 te
1358 1546 1702 1619 comprobes
1733 1545 2064 1602 fraudulen-

415 1642 566 1702 tum.
589 1637 749 1694 Vade
761 1638 909 1710 jam,
933 1635 1190 1705 inimice,
1216 1636 1495 1708 quoniam
1517 1636 1576 1690 in
1599 1637 1727 1707 ejus
1749 1635 1986 1692 nomine
2008 1638 2064 1690 te

420 1728 652 1783 vineam
685 1726 744 1782 in
775 1725 912 1799 lupo
943 1728 1000 1782 et
1025 1723 1217 1798 vulpe,
1242 1725 1356 1797 qui-
1373 1730 1428 1782 te
1459 1725 1518 1780 iu
1548 1724 1714 1805 leone
1739 1727 1796 1780 et
1815 1723 2065 1780 dracone

421 1815 734 1888 superavit.
759 1815 1014 1871 Cernens
1035 1819 1233 1870 autem
1257 1831 1318 1870 se
1341 1830 1616 1888 magnam
1639 1830 1672 1870 a
1703 1813 2066 1869 daamonibus

421 1904 701 1960 invidiam
733 1902 874 1976 pati,
899 1919 1005 1959 nec
1025 1903 1150 1960 suis
1171 1908 1273 1959 aut
1293 1902 1549 1960 ﬁliorum
1580 1919 1822 1960 suorum
1844 1901 2068 1958 viribus
2096 1936 2147 2004 Β

425 1993 568 2051 satis
609 1993 927 2059 confidens,
971 1991 1241 2048 adhibuit
1274 1991 1405 2048 vita:
1445 2008 1562 2047 sua:
1601 1995 1913 2064 patronum
1951 1993 2066 2046 An-

427 2083 627 2139 dream
679 2079 1030 2153 apostolum,
1073 2083 1137 2136 ut
1183 2084 1338 2138 esset
1383 2070 1536 2137 fidus
1585 2081 1874 2154 interpres
1913 2077 2068 2153 apud

427 2171 632 2240 Deum,
657 2169 932 2226 assiduus
963 2169 1025 2224 in
1061 2173 1218 2226 terra
1247 2186 1462 2239 eomes,
1499 2173 1673 2243 atque
1704 2170 1763 2227 in
1790 2165 2068 2228 Omnibus

426 2259 607 2334 hujus
637 2257 844 2315 mundi
871 2257 1208 2314 turbinibus
1255 2263 1452 2316 custos
1492 2259 1857 2316 indeﬁciens.
1883 2259 2070 2332 Hujus

427 2351 553 2424 ipse
583 2347 824 2406 assidua
854 2347 1208 2420 protectionc
1230 2348 1398 2420 quasi
1421 2364 1590 2404 muro
1618 2343 1888 2417 vallatus,
1912 2363 2073 2404 secu-

427 2455 529 2496 rus
559 2437 712 2494 infra
741 2435 948 2493 cellam
969 2436 1178 2509 agebat
1205 2440 1455 2504 aetatem,
1479 2436 1706 2494 excelsa
1725 2431 1920 2494 mente
1941 2427 2071 2493 uni-

427 2543 594 2584 versa
623 2524 832 2582 mundi
859 2525 1302 2595 transcendens,
1325 2529 1383 2581 et
1411 2525 1471 2581 in
1513 2542 1711 2584 amere
1750 2519 2074 2582 divinitatis

422 2615 555 2690 jugi
587 2614 967 2672 meditatione
999 2613 1562 2686 requiescens.Unde
1591 2614 1958 2672 suavissimis
1983 2629 2078 2672 su-

432 2720 748 2778 pernorum
792 2703 1112 2777 spirituum
1159 2702 1542 2762 concentibus
1597 2718 1750 2778 saepe
1795 2705 2078 2784 interesse

434 2793 776 2867 promeruit,
801 2793 1016 2850 bonam
1056 2791 1266 2850 futuris
1297 2791 1583 2850 mercedis
1611 2803 1779 2866 spem
1817 2793 1935 2852 Deo
1967 2793 2078 2852 tri-

402 2905 414 2911 -
435 2883 679 2952 buente;
703 2887 769 2940 ut
787 2881 891 2955 qui
911 2879 1253 2955 angelorum
1275 2881 1771 2940 conversationem
1790 2874 2000 2956 agebat
2016 2883 2078 2941 tn

433 2977 610 3042 terra,
631 2972 870 3029 illorum
891 2970 1231 3028 societatem
1253 2975 1594 3042 agnosceret
1623 2971 1685 3026 in
1715 2971 1880 3029 cmlo.
1903 2973 2080 3029 Deni-

436 3078 549 3134 que
572 3077 708 3116 cum
729 3060 966 3132 przefato
987 3059 1108 3131 regi
1143 3059 1490 3115 Eadmundo
1523 3059 1682 3117 filius
1719 3047 2076 3131 nasceretur,

435 3149 672 3204 nomine
691 3149 976 3220 Edgarus,
995 3162 1141 3219 puer
1157 3146 1429 3203 videlicet
1449 3149 1612 3220 pacis
1634 3165 1700 3204 ac
1713 3149 1958 3220 justitia":
1984 3149 2082 3206 ba-

2154 651 2594 720 .exhibentibus,
2624 650 2840 708 velocis
2888 650 3144 706 cursoris
3193 649 3306 722 (30)
3355 648 3712 716 testimonio,
3753 652 3816 704 et

2162 757 2322 798 mors
2351 745 2408 797 et
2437 741 2643 796 mortis
2675 741 2818 798 hora
2849 741 3174 796 secundum
3198 739 3305 795 viri
3337 727 3814 796 testiﬁcationem

2161 847 2296 886 vera
2329 830 2632 902 probatur.
3787 833 3798 845 ‘

2249 929 2406 1000 Regis
2432 935 2660 984 mortem
2683 931 2993 1000 praenoscit,
3017 930 3180 1054 lcij
3205 944 3398 1000 corpus
3431 927 3726 985 Glastoniaz

2890 1016 3013 1054 sene
3040 1017 3056 1054 ι
3087 1041 3100 1054 .

2890 1009 3100 1072 sepelit.

2233 1089 2326 1143 21.
2359 1089 2682 1162 Regressus
2721 1093 2918 1144 autem
2949 1106 2983 1144 a
3011 1087 3136 1144 loco
3181 1093 3246 1144 ut
3289 1105 3484 1161 regem
3535 1087 3814 1160 loquendi

2167 1177 2279 1234 sibi
2313 1176 2764 1250 cupidissimum
2797 1179 3004 1244 adiret,
3026 1177 3327 1234 diabolum
3356 1195 3568 1234 scurrae
3589 1177 3821 1240 similli-

2168 1283 2333 1322 mum
2355 1283 2552 1322 coram
2575 1267 2976 1339 equitantibus
2998 1267 3380 1339 deprehendit
3401 1267 3736 1335 saltantem,
3760 1272 3822 1322 et

2170 1357 2334 1428 quasi
2361 1357 2430 1411 de
2453 1357 2648 1412 futuro
2671 1355 2867 1429 aliquo
2889 1356 3052 1412 lucro
3071 1355 3418 1430 gloriantem
3446 1374 3460 1411 :
3484 1358 3656 1428 cujus
3677 1373 3823 1430 pra:-

2166 1445 2420 1502 sentiam
2454 1445 2596 1500 dum
2629 1445 2916 1502 coessenti
2946 1445 3161 1518 populo
3193 1447 3304 1518 (31)
3335 1446 3673 1515 indicasset,
3708 1445 3823 1501 for-

2171 1550 2447 1606 mamque
2468 1534 2732 1589 omnium
2757 1535 3166 1608 eonspectibus
3187 1534 3527 1591 horribilem
3549 1551 3617 1592 ex
3635 1535 3824 1608 impe-

2172 1621 2258 1678 rio
2306 1622 2682 1692 denudasset,
2729 1623 3050 1696 requisitus
3101 1629 3302 1696 postea
3348 1623 3488 1696 quid
3547 1624 3821 1696 eiusdem

2173 1710 2422 1766 monstri
2452 1713 2573 1766 tam
2605 1709 2878 1784 petulans
2907 1708 3109 1766 laetitia
3128 1711 3517 1782 portenderet,
3541 1710 3641 1767 illo
3661 1723 3824 1768 mor-

2173 1803 2291 1857 tem
2323 1798 2478 1871 regis
2509 1799 2792 1872 regnique
2814 1797 3199 1854 mutationem
3231 1797 3556 1871 proximam
3573 1815 3706 1856 esse
3728 1801 3826 1858 de-

2176 1886 2539 1942 nuntiat.Cui
2564 1903 2698 1944 mox
2715 1887 3032 1960 prophetia:
3054 1904 3249 1943 rerum
3266 1889 3479 1945 veritas
3497 1893 3826 1949 contestata

2176 1975 2496 2048 respondit.
2513 1975 2786 2032 Nondum
2807 1976 2963 2032 enim
2985 1975 3072 2032 sol
3095 1977 3309 2048 septies
3326 1977 3480 2034 diem
3503 1971 3820 2048 creaverat;

2177 2069 2236 2120 et
2256 2079 2357 2120 rex
2371 2062 2623 2120 occiditu
2633 2067 2741 2132 r,et
2760 2079 3007 2137 regnum
3030 2068 3316 2120 mutatur.
3331 2065 3412 2120 Ex
3431 2080 3549 2138 quo
3570 2057 3715 2122 satis
3728 2060 3832 2124 est

2178 2153 2494 2222 advertere,
2515 2156 2734 2226 quanta
2761 2151 2942 2224 hujus
2961 2152 3070 2208 viri
3102 2157 3303 2225 pectus
3327 2151 3517 2226 gratia
3537 2154 3639 2212 Dei
3660 2171 3828 2228 rege-

2179 2243 2300 2310 bat,
2325 2239 2426 2314 qui
2455 2240 2809 2298 invisibilem
2831 2241 3063 2298 hostem
3089 2246 3210 2297 tam
3233 2241 3401 2298 facile
3422 2243 3828 2315 deprehende-

2180 2346 2262 2399 re,
2295 2334 2352 2387 et
2379 2331 2510 2404 ejus
2555 2329 2878 2404 prestigias
2909 2334 3031 2386 tam
3075 2330 3356 2387 veraciter
3399 2337 3598 2405 posset
3635 2332 3830 2389 denu-

2182 2419 2341 2476 dare.
2363 2419 2683 2476 Translata:
2716 2423 2912 2475 autem
2943 2425 3082 2476 sunt
3107 2421 3394 2492 exsequias
3423 2421 3579 2494 regis
3598 2420 3827 2478 διεδω-

2183 2508 2363 2577 niam,
2397 2508 2597 2581 ibique
2629 2525 2665 2565 a
2695 2509 2864 2565 beato
2893 2508 3196 2565 Dunstano
3235 2510 3359 2565 sub'
3377 2527 3592 2584 magna
3619 2510 3829 2585 lugen-

2183 2597 2262 2654 tis
2292 2596 2492 2671 populi
2523 2595 2852 2670 frequentia
2881 2602 3043 2654 terrm
3072 2597 3514 2656 commendata.

2665 2694 2873 2753 Edredo
2899 2697 3018 2768 regi
3043 2695 3243 2754 Charus
3266 2698 3346 2770 ﬁt.

2253 2788 2348 2843 22.
2382 2783 2678 2842 Successit
2717 2784 2778 2840 in
2829 2801 3075 2858 regnum
3117 2785 3252 2858 jure
3297 2787 3497 2844 fratris
3543 2775 3832 2864 Edredus,

2186 2873 2457 2948 egregius
2473 2873 2582 2940 vir,
2600 2873 2776 2936 homo
2805 2871 2994 2930 cultor
3007 2874 3255 2953 justitia:
3277 2891 3343 2931 ac
3363 2875 3620 2953 pictatis,
3644 2862 3836 2934 Deum

2184 2963 2353 3022 valde
2383 2961 2654 3037 diligens,
2686 2966 2744 3020 et
2789 2963 2913 3036 ipse
2943 2979 2978 3020 a
3006 2963 3122 3020 Deo
3167 2952 3428 3021 multum
3460 2963 3732 3034 dilectus,

2187 3067 2292 3126 per
2317 3052 2428 3109 hoc
2457 3057 2700 3126 paterno
2729 3052 2968 3109 verbere
3009 3053 3178 3125 quasi
3220 3053 3410 3110 bonus
3441 3053 3598 3111 ﬁlius
3628 3040 3838 3112 crebre

2188 3143 2260 3198 ab
2291 3141 2391 3198 illo
2423 3141 2770 3214 ﬁagellatus.
2809 3141 2872 3198 In
2915 3141 3096 3214 hujus
3137 3147 3453 3216 conspectu
3483 3141 3838 3200 venerabilis

425 3236 593 3309 julus
625 3238 882 3305 futurus,
906 3234 1130 3291 audivit
1169 3235 1324 3290 idem
1355 3236 1564 3292 beatus
1610 3237 1812 3293 beatos
1842 3237 1902 3292 in
1932 3238 2076 3296 ecclo
2116 3304 2146 3309 _
2188 3235 2352 3302 pater
2379 3231 2722 3288 Dunstanus
2751 3231 2892 3288 adeo
2922 3234 3048 3287 erat
3075 3232 3385 3304 pretiOSUS,
3411 3238 3476 3288 ut
3503 3249 3639 3289 eum
3670 3231 3838 3309 omni

434 3304 674 3400 angelos
721 3324 1106 3398 gratulantes,
1139 3328 1196 3380 et
1238 3341 1374 3380 cum
1423 3341 1638 3398 magna
1685 3325 2076 3399 gratulatione
2104 3304 2148 3372 (ἶ
2185 3317 2383 3410 generi
2399 3319 2658 3376 humano
2673 3320 3330 3410 praferrctmrincipcm
3347 3307 3837 3410 testamentorum

430 3414 748 3489 psallentes
777 3414 891 3486 (29)
914 3430 928 3468 :
953 3413 1041 3469 Sit
1061 3429 1194 3486 pax,
1219 3412 1298 3468 sit
1318 3429 1533 3487 magna
1549 3414 1870 3488 Anglorum
1891 3416 2081 3474 Eccle-

430 3505 530 3562 siae
561 3503 781 3570 laetitia,
805 3501 1066 3575 quandiu
1087 3519 1233 3574 puer
1254 3505 1428 3558 natus
1449 3519 1696 3576 regnum
1723 3505 1997 3573 tenuerit,
2019 3511 2079 3563 et

430 3598 629 3650 noster
656 3592 998 3649 Dunstanus
1028 3589 1296 3648 mortalis
1324 3590 1452 3646 vita
1489 3595 1676 3649 metas
1707 3595 2074 3668 transegerit.

431 3683 593 3752 Quod
623 3681 847 3738 dictum
880 3684 1102 3753 quanta
1129 3679 1210 3736 sit
1241 3696 1437 3740 rerum
1457 3679 1700 3738 veritate
1731 3675 2075 3757 subnixum,

430 3789 649 3846 congru
657 3788 728 3830 us
737 3771 878 3826 ordo
892 3769 1197 3844 praesentis
1208 3769 1478 3826 lectionis
1494 3768 2075 3831 facietmanifestum.

497 3863 590 3917 20.
619 3861 701 3917 Ea
727 3859 906 3917 etiam
927 3862 1283 3932 tempestate
1321 3858 1410 3914 vir
1449 3858 1550 3916 Dei
1590 3861 1862 3933 precibus
1898 3857 2076 3936 regiis

431 3950 755 4018 devinctus,
775 3947 1124 4006 Bathensem
1138 3946 1459 4004 Ecclesium
1477 3946 1693 4004 divinis
1715 3948 1973 4008 cultibus
1993 3951 2077 4008 in-

429 4038 789 4097 stituendam
814 4037 1063 4094 invisere
1091 4034 1320 4110 pergit:
1345 4035 1447 4092 ubi
1467 4036 1610 4092 dum
1631 4036 1785 4094 facta
1813 4039 2072 4096 refectio-

434 4142 506 4183 ne
550 4125 852 4182 solitarius
899 4129 1107 4193 oraret,
1141 4129 1377 4197 repente
1422 4125 1496 4180 ad
1545 4141 1802 4198 superna
1847 4132 2071 4200 raptus,

433 4215 743 4288 cujusdam
773 4213 1046 4286 discipuli
1077 4213 1350 4269 nobiliter
1378 4231 1412 4269 a
1441 4231 1502 4270 se
1528 4214 1684 4286 apud
1715 4214 2072 4275 Glestoniam

431 4303 660 4361 educati
693 4301 952 4359 animam
993 4301 1305 4358 innumera
1355 4299 1696 4374 angelorum
1749 4303 2076 4378 frequentia

431 4393 567 4450 hinc
597 4391 732 4448 inde
754 4391 1051 4464 stipatam,
1075 4394 1252 4462 atque
1275 4390 1548 4446 immensi
1579 4390 1822 4448 luminis
1853 4393 2074 4469 fulgore

428 4481 746 4553 perfusam,
771 4479 842 4536 ad
877 4478 1004 4535 οωΙὶ
1025 4476 1311 4552 palatium
1335 4478 1571 4552 provehi
1593 4481 1895 4554 conspicit.
1923 4484 2075 4542 Mox-

427 4587 540 4642 que
572 4571 632 4626 in
679 4586 892 4626 manus
923 4567 1130 4624 divinae
1164 4567 1398 4641 pietatis
1449 4585 1579 4626 eam
1627 4574 2070 4646 commendans,

2187 3409 2298 3482 (32)
2321 3411 2620 3478 statueret,
2646 3408 2956 3466 thesauros
2985 3409 3037 3466 ei
3069 3409 3380 3483 delegaret,
3407 3411 3690 3478 animam,
3713 3408 3836 3468 cor;

2187 3509 2320 3570 pus,
2343 3501 2400 3552 et
2429 3513 2672 3570 regnum
2700 3497 3118 3568 committeret;
3144 3516 3249 3556 nec
3275 3499 3588 3573 quisquam
3619 3500 3680 3556 in
3709 3505 3836 3556 toto

2187 3601 2365 3661 regno
2393 3586 2716 3660 Anglorum
2739 3591 2912 3656 esset,
2925 3587 3028 3660 qui
3051 3587 3273 3668 absque
3291 3590 3420 3661 ejus
3448 3587 3695 3663 imperio
3715 3606 3839 3647 ma-

2186 3692 2330 3732 num
2360 3674 2446 3732 vel
2479 3675 2686 3749 pedem
2711 3680 2988 3732 moveret.
3012 3675 3258 3734 Proinde
3287 3677 3629 3734 Dunstanus
3659 3679 3834 3752 quasi

2187 3781 2285 3822 rex
2322 3768 2380 3822 et
2425 3764 2580 3838 regis
2611 3763 2929 3838 imperator
2957 3765 3218 3836 effectus,
3247 3766 3471 3843 virgam
3515 3767 3832 3840 aequitatis,

2184 3848 2408 3928 virgam
2442 3853 2604 3926 regni
2635 3853 2738 3910 Dei
2769 3869 2874 3926 per
2891 3870 3095 3910 omnes
3123 3854 3443 3934 Anglorum
3468 3855 3614 3912 ﬁnes
3642 3861 3840 3914 exten-

2186 3943 2341 4011 dere,
2363 3941 2640 4000 ecclesias
2657 3956 2808 4016 quas
2829 3947 2932 3999 aut
2948 3942 3073 4016 ipse
3093 3944 3458 4016 fundaverat,
3480 3949 3582 4000 aut
3601 3945 3676 4001 ab
3698 3943 3837 4004 aliis

2186 4031 2462 4088 fundatas
2485 4036 2714 4106 egestas
2735 4036 3125 4106 oppresserat,
3150 4032 3363 4106 amplis
3392 4033 3837 4094 hiereditatibus'

2185 4135 2512 4188 munerare,
2537 4137 2778 4194 prorsus
2795 4137 3076 4195 magnam
3099 4121 3330 4196 populis
3359 4121 3618 4179 latitiam
3640 4123 3701 4180 in
3724 4118 3845 4182 sua

2185 4209 2444 4282 potentia
2474 4209 2681 4279 facere,
2707 4211 2850 4267 dum
2883 4227 2994 4283 pax
3023 4215 3080 4268 et
3101 4211 3336 4285 justitia
3366 4212 3424 4268 in
3455 4215 3693 4269 mutuos
3714 4227 3835 4270 am-

2184 4295 2390 4371 plexus
2420 4302 2838 4370 converterent,
2863 4303 2919 4356 et
2949 4297 3252 4384 osculandi
3293 4317 3510 4356 munus
3540 4318 3644 4374 pro
3677 4300 3832 4358 invi-

2184 4403 2308 4444 cem
2345 4385 2615 4444 libarent.

2325 4485 2510 4557 Elfcgo
2538 4493 2750 4542 mortuo
2787 4484 2967 4570 sedem
3002 4485 3422 4544 Wintonicnscm
3451 4497 3684 4546 recusat.

2251 4573 2342 4629 23.
2375 4573 2528 4630 Dum
2576 4573 2698 4628 haec
2745 4573 2826 4630 ita
2873 4579 3182 4648 geruntur,
3228 4575 3464 4650 Elfegus
3513 4577 3623 4650 (33)
3673 4579 3832 4652 apud

427 4659 698 4716 dominos
725 4675 958 4732 quoque
985 4656 1096 4714 loci
1137 4657 1210 4714 ad
1259 4659 1794 4717 commendandum
1842 4661 2070 4720 invitat.
2101 4675 2150 4742 D
2183 4678 2358 4734 quem
2393 4660 2560 4718 illum
2592 4661 2732 4718 olim
2763 4667 3169 4720 convcrsatum
3204 4664 3385 4721 fuisse
3427 4665 3832 4738 praediximus,

381 4825 396 4833 -
456 4775 608 4848 77(28)
630 4775 776 4832 Huic
809 4773 932 4832 loco
953 4778 1115 4848 aptat
1137 4773 1418 4848 Osbertus
1449 4779 1782 4848 portentum
1815 4777 1886 4832 de
1907 4795 2073 4838 ceree

430 4846 781 4915 illuminato,
816 4846 1186 4919 supra‘num.
1223 4847 1254 4900 4
1285 4851 1349 4902 ut
1383 4867 1411 4896 «
1443 4846 1596 4902 sicut
1635 4865 1705 4919 ex
1743 4864 1907 4905 cereo
1947 4867 2071 4906 ma-

427 4919 540 4976 tris
563 4917 854 4974 Dunstani
885 4917 1042 4973 totus
1063 4917 1318 4973 ecclesiae
1342 4922 1660 4974 conventus
1683 4918 1879 4975 lumen
1903 4922 2076 4978 amis-

427 5007 561 5046 sum
593 4989 958 5062 recuperavit
989 5005 1002 5044 :
1037 4989 1119 5044 ita
1149 5005 1217 5044 ex
1249 4988 1358 5044 hoc
1388 4988 1535 5062 loco,
1569 4989 2074 5062 ipsiusgDunstani

427 5061 698 5135 doctrina
713 5059 770 5135 e't
790 5060 1062 5135 instituto
1083 5077 1288 5116 omnes
1309 5059 1824 5135 ecclesias'Anglize
1846 5069 2075 5122 constat

423 5149 569 5189 vera:
599 5131 900 5205 religionis
932 5131 1132 5188 lumen
1164 5131 1512 5204 sumpsisse.
1541 5153 1570 5182 ››

496 5229 618 5357 (2935
637 5231 765 5286 Haec
817 5229 972 5302 apud
1003 5228 1342 5288 Willelmun
1381 5230 1443 5286 in
1485 5229 1587 5287 lib.
1621 5247 1662 5286 ιι
1693 5231 1774 5288 De
1805 5233 2066 5307 regibus,

497 5319 550 5357 ο.
624 5343 636 5356 .
1053 5342 1070 5349 -

423 5319 550 5375 cap.
583 5319 636 5357 δ.
1053 5342 1070 5349 -

491 5390 604 5466 (30)
625 5390 698 5466 Β.
735 5389 815 5446 ait
845 5388 1168 5466 Qeolwium
1218 5392 1616 5466 prmpositum,
1643 5391 1750 5466 qui
1799 5409 1892 5451 res
1943 5412 2066 5452 mo-

419 5461 671 5536 nasterii
691 5478 825 5518 cum
860 5461 1165 5518 Dunstano
1199 5461 1553 5520 tractaturus
1587 5461 1919 5536 advenerat,
1943 5483 2064 5523 rem

417 5533 848 5606 comprobasse.

483 5631 599 5702 (3i),
647 5631 708 5685 Β.
762 5648 947 5687 unum
997 5637 1284 5688 memorat
1339 5631 1716 5702 Elfstanum,
1769 5634 2060 5692 Dunstani

2181 4779 2422 4862 videret,
2437 4781 2638 4862 orante
2655 4778 2958 4862 Dunstano
2973 4796 3208 4862 carpere
3225 4764 3839 4862 meruerit.l']admun-

2184 4849 2244 4930 di
2265 4849 2418 4930 regis
2443 4849 2629 4930 caedes
2653 4850 2868 4930 accidit
2887 4869 3040 4930 anno
3054 4853 3240 4930 949a
3259 4851 3596 4930 latrun_cul_o_
3620 4870 3836 4930 perpe-

2181 4921 2355 5006 trata,
2397 4921 2652 5006 nomine;
2676 4921 3412 5006 Eeqt',apud_Willelmum
3445 4925 3504 5006 i_n
3537 4921 3642 4980 lib'.
3676 4921 3838 5006 ιζρδ

2183 4993 2440 5066 regibus,
2467 5008 2594 5064 cap.
2615 4994 2672 5046 7.
2695 4993 2816 5049 Sub
2845 4993 2999 5074 idem
3030 4998 3283 5076 tempus,
3307 4994 3364 5050 id
3396 4999 3486 5077 est
3513 5012 3671 5051 anno
3699 4997 3830 5065 948,

2181 5063 2524 5146 Dunstanus
2553 5063 2734 5146 abbas
2765 5063 3084 5146 subscribit
3115 5065 3417 5138 diplomati
3447 5080 3554 5139 pro
3583 5066 3834 5124 Crulan-

2180 5135 2462 5192 densibus
2491 5135 2648 5208 apud
2681 5134 2998 5262 Ingulfum.
3176 5134 3220 5219 ί
3263 5207 3274 5218 .
3347 5208 3358 5218 _
3413 5134 3469 5219 ξ
3712 5209 3726 5223 .

2250 5208 2362 5280 (32)
2384 5207 2446 5262 Β.
2482 5223 2605 5263 rem
2637 5223 2744 5280 exp
2771 5211 2920 5264 icat:
2949 5229 2978 5258 «
2999 5206 3306 5264 Commisit
3344 5207 3428 5264 ιΙΙι
3467 5226 3567 5266 rex
3604 5215 3836 5282 optima

2180 5294 2426 5338 quisque
2455 5277 2970 5338 suppellectilium.
2990 5295 3168 5338 quam
3201 5279 3398 5338 plures
3417 5280 3642 5338 scilicet
3662 5286 3832 5338 rura;

2180 5294 2426 5405 quaeqlue
2455 5294 2970 5350 suppenecuuum,
2990 5295 3168 5352 quam
3201 5294 3398 5352 plures
3417 5294 3642 5338 scilicet
3662 5294 3831 5338 rurae

2177 5350 2262 5427 les
2292 5367 2322 5407 c
2369 5348 2611 5418 artulas,
2634 5349 2810 5406 etiam
2839 5354 3060 5427 veteres
3090 5351 3830 5427 prmcedcntiumqregnum

2175 5420 2509 5490 thesauros,
2541 5437 2768 5507 necnon
2814 5426 2872 5502 et
2911 5420 3172 5504 diversas
3218 5423 3464 5507 propriae
3493 5420 3829 5507 adeptionis

2174 5510 2293 5550 sua:
2325 5493 2638 5564 gazassub
2682 5493 3012 5550 munimine
3043 5493 3384 5551 monasterii
3438 5495 3531 5550 sui
3573 5493 3832 5553 fideliter

2171 5563 2648 5622 custodiendum.
2678 5586 2706 5615 ››

2263 5637 2407 5710 33)};
2445 5634 2670 5710 Eathel.
2707 5676 2732 5710 ._
2760 5675 2825 5710 ._.
2857 5635 3312 5710 Chrydionensis
3360 5636 3632 5710 Ecclesia:
3681 5654 3830 5710 pro.

406 5701 636 5788 itineris
668 5701 962 5772 comitem,
988 5703 1090 5775 qni
1120 5720 1255 5760 cum
1283 5703 1565 5762 daemonis
1594 5701 1912 5780 prcstigias
1943 5724 2058 5766 non
2167 5701 2262 5768 sul
2283 5728 2311 5760 η
2336 5701 2562 5766 dicitur
2582 5707 2737 5783 apud
2770 5707 2834 5764 Β.
2857 5701 3319 5767 Wintoniensem
3351 5707 3536 5768 fuisse
3564 5701 3729 5784 patet
3757 5719 3831 5773 et
