  <div class='ocr_page' id='page_1' title='image "/cluster/home/n/w/nwhite01/storage/ocr_20150623/137/hvd.32044054759972/227.png"; bbox 0 0 4056 6178; ppageno 0'>
   <div class='ocr_carea' id='block_1_1' title="bbox 337 256 452 319">
    <p class='ocr_par' dir='ltr' id='par_1_1' title="bbox 337 256 452 319">
     <span class='ocr_line' id='line_1_1' title="bbox 337 256 452 319; baseline -0.035 0"><span class='ocrx_word' id='word_1_1' title='bbox 337 256 452 319; x_wconf 79' lang='grc'><strong>435</strong></span> 
     </span>
    </p>
   </div>
   <div class='ocr_carea' id='block_1_2' title="bbox 1331 252 2753 326">
    <p class='ocr_par' dir='ltr' id='par_1_2' title="bbox 1331 252 2753 326">
     <span class='ocr_line' id='line_1_2' title="bbox 1331 252 2753 326; baseline -0.006 0"><span class='ocrx_word' id='word_1_2' title='bbox 1331 263 1394 326; x_wconf 90' lang='lat' dir='ltr'><strong>S.</strong></span> <span class='ocrx_word' id='word_1_3' title='bbox 1440 255 1909 324; x_wconf 83' lang='lat' dir='ltr'><strong>DUNSTANUS</strong></span> <span class='ocrx_word' id='word_1_4' title='bbox 1951 252 2310 315; x_wconf 78' lang='lat' dir='ltr'><strong>ARCHIEP.</strong></span> <span class='ocrx_word' id='word_1_5' title='bbox 2359 253 2753 320; x_wconf 76' lang='lat' dir='ltr'><strong>CANTUAR.</strong></span> 
     </span>
    </p>
   </div>
   <div class='ocr_carea' id='block_1_3' title="bbox 3625 261 3741 325">
    <p class='ocr_par' dir='ltr' id='par_1_3' title="bbox 3625 261 3741 325">
     <span class='ocr_line' id='line_1_3' title="bbox 3625 261 3741 325; baseline -0.017 0"><span class='ocrx_word' id='word_1_6' title='bbox 3625 261 3741 325; x_wconf 69' lang='lat'><strong>436</strong></span> 
     </span>
    </p>
   </div>
   <div class='ocr_carea' id='block_1_4' title="bbox 335 387 3743 468">
    <p class='ocr_par' dir='ltr' id='par_1_4' title="bbox 335 387 3743 468">
     <span class='ocr_line' id='line_1_4' title="bbox 335 387 3743 468; baseline 0 -16"><span class='ocrx_word' id='word_1_7' title='bbox 335 394 544 452; x_wconf 86' lang='lat' dir='ltr'><strong>medici</strong></span> <span class='ocrx_word' id='word_1_8' title='bbox 564 397 1525 468; x_wconf 71' lang='lat' dir='ltr'><strong>promittebamt.Celcbriteritaque</strong></span> <span class='ocrx_word' id='word_1_9' title='bbox 1544 391 1781 450; x_wconf 89' lang='lat' dir='ltr'><strong>nuntios</strong></span> <span class='ocrx_word' id='word_1_10' title='bbox 1801 388 1976 460; x_wconf 77' lang='lat' dir='ltr'><strong>legat,</strong></span> <span class='ocrx_word' id='word_1_11' title='bbox 2007 387 2063 455; x_wconf 80' lang='grc' dir='ltr'><strong>Α</strong></span> <span class='ocrx_word' id='word_1_12' title='bbox 2092 392 2296 444; x_wconf 88' lang='lat' dir='ltr'><strong>sancta</strong></span> <span class='ocrx_word' id='word_1_13' title='bbox 2319 391 2618 446; x_wconf 89' lang='lat' dir='ltr'><strong>excederet</strong></span> <span class='ocrx_word' id='word_1_14' title='bbox 2645 391 2902 460; x_wconf 82' lang='lat' dir='ltr'><strong>devotio;</strong></span> <span class='ocrx_word' id='word_1_15' title='bbox 2934 391 3043 448; x_wconf 93' lang='lat' dir='ltr'><strong>hoc</strong></span> <span class='ocrx_word' id='word_1_16' title='bbox 3072 391 3131 447; x_wconf 90' lang='lat' dir='ltr'><strong>in</strong></span> <span class='ocrx_word' id='word_1_17' title='bbox 3163 390 3288 448; x_wconf 88' lang='lat' dir='ltr'><strong>loco</strong></span> <span class='ocrx_word' id='word_1_18' title='bbox 3311 393 3488 450; x_wconf 90' lang='lat' dir='ltr'><strong>turris</strong></span> <span class='ocrx_word' id='word_1_19' title='bbox 3515 399 3743 452; x_wconf 86' lang='lat' dir='ltr'><strong>exstru-</strong></span> 
     </span>
    </p>
   </div>
   <div class='ocr_carea' id='block_1_5' title="bbox 339 476 1986 556">
    <p class='ocr_par' dir='ltr' id='par_1_5' title="bbox 339 476 1986 556">
     <span class='ocr_line' id='line_1_5' title="bbox 339 476 1986 556; baseline -0.006 -16"><span class='ocrx_word' id='word_1_20' title='bbox 339 484 437 556; x_wconf 88' lang='lat' dir='ltr'><strong>qui</strong></span> <span class='ocrx_word' id='word_1_21' title='bbox 467 490 685 555; x_wconf 85' lang='lat' dir='ltr'><strong>patrem</strong></span> <span class='ocrx_word' id='word_1_22' title='bbox 719 487 845 542; x_wconf 70' lang='lat' dir='ltr'><strong>vitm</strong></span> <span class='ocrx_word' id='word_1_23' title='bbox 879 505 996 543; x_wconf 68' lang='lat' dir='ltr'><strong>sua:</strong></span> <span class='ocrx_word' id='word_1_24' title='bbox 1029 489 1398 542; x_wconf 81' lang='lat' dir='ltr'><strong>Dunstanuni</strong></span> <span class='ocrx_word' id='word_1_25' title='bbox 1429 483 1770 551; x_wconf 86' lang='lat' dir='ltr'><strong>accersiant,</strong></span> <span class='ocrx_word' id='word_1_26' title='bbox 1804 482 1869 534; x_wconf 89' lang='lat' dir='ltr'><strong>ut</strong></span> <span class='ocrx_word' id='word_1_27' title='bbox 1908 476 1986 531; x_wconf 89' lang='lat' dir='ltr'><strong>sit</strong></span> 
     </span>
    </p>
   </div>
   <div class='ocr_carea' id='block_1_6' title="bbox 339 566 1982 644">
    <p class='ocr_par' dir='ltr' id='par_1_6' title="bbox 339 566 1982 644">
     <span class='ocr_line' id='line_1_6' title="bbox 339 566 1982 644; baseline -0.005 -16"><span class='ocrx_word' id='word_1_28' title='bbox 339 573 530 628; x_wconf 90' lang='lat' dir='ltr'><strong>ultimi</strong></span> <span class='ocrx_word' id='word_1_29' title='bbox 565 575 788 630; x_wconf 77' lang='lat' dir='ltr'><strong>arbitrii</strong></span> <span class='ocrx_word' id='word_1_30' title='bbox 823 576 1448 644; x_wconf 82' lang='lat' dir='ltr'><strong>testis,confessionum</strong></span> <span class='ocrx_word' id='word_1_31' title='bbox 1481 573 1783 642; x_wconf 77' lang='lat' dir='ltr'><strong>susceptor</strong></span> <span class='ocrx_word' id='word_1_32' title='bbox 1813 571 1869 623; x_wconf 91' lang='lat' dir='ltr'><strong>et</strong></span> <span class='ocrx_word' id='word_1_33' title='bbox 1917 566 1982 620; x_wconf 83' lang='lat' dir='ltr'><strong>fi-</strong></span> 
     </span>
    </p>
   </div>
   <div class='ocr_carea' id='block_1_7' title="bbox 341 655 1984 734">
    <p class='ocr_par' dir='ltr' id='par_1_7' title="bbox 341 655 1984 734">
     <span class='ocr_line' id='line_1_7' title="bbox 341 655 1984 734; baseline -0.004 -18"><span class='ocrx_word' id='word_1_34' title='bbox 341 662 487 718; x_wconf 88' lang='lat' dir='ltr'><strong>delis</strong></span> <span class='ocrx_word' id='word_1_35' title='bbox 518 665 670 734; x_wconf 86' lang='lat' dir='ltr'><strong>apud</strong></span> <span class='ocrx_word' id='word_1_36' title='bbox 707 665 889 719; x_wconf 87' lang='lat' dir='ltr'><strong>Deum</strong></span> <span class='ocrx_word' id='word_1_37' title='bbox 920 665 1288 720; x_wconf 65' lang='lat' dir='ltr'><strong>intercessor.</strong></span> <span class='ocrx_word' id='word_1_38' title='bbox 1321 662 1712 720; x_wconf 88' lang='lat' dir='ltr'><strong>Contristatus</strong></span> <span class='ocrx_word' id='word_1_39' title='bbox 1745 674 1880 730; x_wconf 87' lang='lat' dir='ltr'><strong>ergo</strong></span> <span class='ocrx_word' id='word_1_40' title='bbox 1911 655 1984 710; x_wconf 87' lang='lat' dir='ltr'><strong>ad</strong></span> 
     </span>
    </p>
   </div>
   <div class='ocr_carea' id='block_1_8' title="bbox 340 744 1984 825">
    <p class='ocr_par' dir='ltr' id='par_1_8' title="bbox 340 744 1984 825">
     <span class='ocr_line' id='line_1_8' title="bbox 340 744 1984 825; baseline -0.005 -19"><span class='ocrx_word' id='word_1_41' title='bbox 340 753 596 806; x_wconf 84' lang='lat' dir='ltr'><strong>animam</strong></span> <span class='ocrx_word' id='word_1_42' title='bbox 630 753 991 823; x_wconf 86' lang='lat' dir='ltr'><strong>Dunstanus,</strong></span> <span class='ocrx_word' id='word_1_43' title='bbox 1023 757 1245 825; x_wconf 89' lang='lat' dir='ltr'><strong>quanta</strong></span> <span class='ocrx_word' id='word_1_44' title='bbox 1273 752 1574 808; x_wconf 89' lang='lat' dir='ltr'><strong>velocitate</strong></span> <span class='ocrx_word' id='word_1_45' title='bbox 1615 744 1984 822; x_wconf 88' lang='lat' dir='ltr'><strong>potuit,ami-</strong></span> 
     </span>
    </p>
   </div>
   <div class='ocr_carea' id='block_1_9' title="bbox 339 834 1985 916">
    <p class='ocr_par' dir='ltr' id='par_1_9' title="bbox 339 834 1985 916">
     <span class='ocr_line' id='line_1_9' title="bbox 339 834 1985 916; baseline -0.003 -22"><span class='ocrx_word' id='word_1_46' title='bbox 339 856 474 894; x_wconf 88' lang='lat' dir='ltr'><strong>cum</strong></span> <span class='ocrx_word' id='word_1_47' title='bbox 507 858 698 912; x_wconf 80' lang='lat' dir='ltr'><strong>regem</strong></span> <span class='ocrx_word' id='word_1_48' title='bbox 733 843 979 898; x_wconf 74' lang='lat' dir='ltr'><strong>invisere</strong></span> <span class='ocrx_word' id='word_1_49' title='bbox 1013 841 1221 916; x_wconf 87' lang='lat' dir='ltr'><strong>pergit.</strong></span> <span class='ocrx_word' id='word_1_50' title='bbox 1252 841 1470 897; x_wconf 78' lang='lat' dir='ltr'><strong>Videris</strong></span> <span class='ocrx_word' id='word_1_51' title='bbox 1500 844 1696 894; x_wconf 89' lang='lat' dir='ltr'><strong>autem</strong></span> <span class='ocrx_word' id='word_1_52' title='bbox 1729 837 1882 892; x_wconf 86' lang='lat' dir='ltr'><strong>Deus</strong></span> <span class='ocrx_word' id='word_1_53' title='bbox 1913 834 1985 890; x_wconf 92' lang='lat' dir='ltr'><strong>il-</strong></span> 
     </span>
    </p>
   </div>
   <div class='ocr_carea' id='block_1_10' title="bbox 339 924 1986 1005">
    <p class='ocr_par' dir='ltr' id='par_1_10' title="bbox 339 924 1986 1005">
     <span class='ocr_line' id='line_1_10' title="bbox 339 924 1986 1005; baseline -0.003 -24"><span class='ocrx_word' id='word_1_54' title='bbox 339 927 460 984; x_wconf 90' lang='lat' dir='ltr'><strong>lum</strong></span> <span class='ocrx_word' id='word_1_55' title='bbox 495 934 548 985; x_wconf 85' lang='lat' dir='ltr'><strong>et</strong></span> <span class='ocrx_word' id='word_1_56' title='bbox 581 933 774 986; x_wconf 83' lang='lat' dir='ltr'><strong>cordis</strong></span> <span class='ocrx_word' id='word_1_57' title='bbox 805 931 1002 987; x_wconf 79' lang='lat' dir='ltr'><strong>dolore</strong></span> <span class='ocrx_word' id='word_1_58' title='bbox 1023 931 1551 1005; x_wconf 81' lang='lat' dir='ltr'><strong>afﬂigietcorporis</strong></span> <span class='ocrx_word' id='word_1_59' title='bbox 1571 924 1986 996; x_wconf 83' lang='lat' dir='ltr'><strong>laborempati,</strong></span> 
     </span>
    </p>
   </div>
   <div class='ocr_carea' id='block_1_11' title="bbox 342 1012 1986 1090">
    <p class='ocr_par' dir='ltr' id='par_1_11' title="bbox 342 1012 1986 1090">
     <span class='ocr_line' id='line_1_11' title="bbox 342 1012 1986 1090; baseline -0.005 -16"><span class='ocrx_word' id='word_1_60' title='bbox 342 1037 458 1074; x_wconf 90' lang='lat' dir='ltr'><strong>non</strong></span> <span class='ocrx_word' id='word_1_61' title='bbox 487 1025 576 1074; x_wconf 74' lang='lat' dir='ltr'><strong>est</strong></span> <span class='ocrx_word' id='word_1_62' title='bbox 606 1037 815 1090; x_wconf 82' lang='lat' dir='ltr'><strong>passus</strong></span> <span class='ocrx_word' id='word_1_63' title='bbox 840 1019 1254 1074; x_wconf 80' lang='lat' dir='ltr'><strong>utultraillum</strong></span> <span class='ocrx_word' id='word_1_64' title='bbox 1287 1017 1523 1074; x_wconf 82' lang='lat' dir='ltr'><strong>afﬂictio</strong></span> <span class='ocrx_word' id='word_1_65' title='bbox 1556 1012 1986 1087; x_wconf 85' lang='lat' dir='ltr'><strong>tangeret,quin</strong></span> 
     </span>
    </p>
   </div>
   <div class='ocr_carea' id='block_1_12' title="bbox 343 1105 1988 1170">
    <p class='ocr_par' dir='ltr' id='par_1_12' title="bbox 343 1105 1988 1170">
     <span class='ocr_line' id='line_1_12' title="bbox 343 1105 1988 1170; baseline -0.004 -7"><span class='ocrx_word' id='word_1_66' title='bbox 343 1115 401 1164; x_wconf 90' lang='lat' dir='ltr'><strong>et</strong></span> <span class='ocrx_word' id='word_1_67' title='bbox 431 1107 688 1164; x_wconf 78' lang='lat' dir='ltr'><strong>dolorem</strong></span> <span class='ocrx_word' id='word_1_68' title='bbox 721 1109 921 1164; x_wconf 75' lang='lat' dir='ltr'><strong>lenivit</strong></span> <span class='ocrx_word' id='word_1_69' title='bbox 952 1115 1010 1164; x_wconf 89' lang='lat' dir='ltr'><strong>et</strong></span> <span class='ocrx_word' id='word_1_70' title='bbox 1041 1109 1299 1164; x_wconf 79' lang='lat' dir='ltr'><strong>laborem</strong></span> <span class='ocrx_word' id='word_1_71' title='bbox 1332 1105 1830 1170; x_wconf 85' lang='lat' dir='ltr'><strong>imminuit.Nam,</strong></span> <span class='ocrx_word' id='word_1_72' title='bbox 1853 1118 1988 1156; x_wconf 88' lang='lat' dir='ltr'><strong>cum</strong></span> 
     </span>
    </p>
   </div>
   <div class='ocr_carea' id='block_1_13' title="bbox 345 1191 1990 1270">
    <p class='ocr_par' dir='ltr' id='par_1_13' title="bbox 345 1191 1990 1270">
     <span class='ocr_line' id='line_1_13' title="bbox 345 1191 1990 1270; baseline -0.005 -18"><span class='ocrx_word' id='word_1_73' title='bbox 345 1201 499 1252; x_wconf 86' lang='lat' dir='ltr'><strong>esset</strong></span> <span class='ocrx_word' id='word_1_74' title='bbox 528 1199 584 1251; x_wconf 91' lang='lat' dir='ltr'><strong>in</strong></span> <span class='ocrx_word' id='word_1_75' title='bbox 619 1197 821 1254; x_wconf 90' lang='lat' dir='ltr'><strong>itinere</strong></span> <span class='ocrx_word' id='word_1_76' title='bbox 855 1200 1097 1254; x_wconf 81' lang='lat' dir='ltr'><strong>tendens</strong></span> <span class='ocrx_word' id='word_1_77' title='bbox 1127 1199 1196 1253; x_wconf 91' lang='lat' dir='ltr'><strong>ad</strong></span> <span class='ocrx_word' id='word_1_78' title='bbox 1228 1197 1512 1270; x_wconf 87' lang='lat' dir='ltr'><strong>palatium</strong></span> <span class='ocrx_word' id='word_1_79' title='bbox 1543 1199 1597 1250; x_wconf 88' lang='lat' dir='ltr'><strong>et</strong></span> <span class='ocrx_word' id='word_1_80' title='bbox 1621 1193 1886 1248; x_wconf 87' lang='lat' dir='ltr'><strong>membra</strong></span> <span class='ocrx_word' id='word_1_81' title='bbox 1907 1191 1990 1262; x_wconf 88' lang='lat' dir='ltr'><strong>je-</strong></span> 
     </span>
    </p>
   </div>
   <div class='ocr_carea' id='block_1_14' title="bbox 337 1282 1988 1360">
    <p class='ocr_par' dir='ltr' id='par_1_14' title="bbox 337 1282 1988 1360">
     <span class='ocr_line' id='line_1_14' title="bbox 337 1282 1988 1360; baseline -0.005 -18"><span class='ocrx_word' id='word_1_82' title='bbox 337 1285 524 1359; x_wconf 83' lang='lat' dir='ltr'><strong>juniis</strong></span> <span class='ocrx_word' id='word_1_83' title='bbox 558 1288 817 1342; x_wconf 80' lang='lat' dir='ltr'><strong>confecta</strong></span> <span class='ocrx_word' id='word_1_84' title='bbox 851 1287 1290 1360; x_wconf 78' lang='lat' dir='ltr'><strong>infatigabiliter</strong></span> <span class='ocrx_word' id='word_1_85' title='bbox 1319 1287 1716 1358; x_wconf 83' lang='lat' dir='ltr'><strong>fatigaret,vox</strong></span> <span class='ocrx_word' id='word_1_86' title='bbox 1739 1282 1807 1336; x_wconf 87' lang='lat' dir='ltr'><strong>de</strong></span> <span class='ocrx_word' id='word_1_87' title='bbox 1829 1297 1988 1336; x_wconf 89' lang='lat' dir='ltr'><strong>sum-</strong></span> 
     </span>
    </p>
   </div>
   <div class='ocr_carea' id='block_1_15' title="bbox 347 1369 1990 1448">
    <p class='ocr_par' dir='ltr' id='par_1_15' title="bbox 347 1369 1990 1448">
     <span class='ocr_line' id='line_1_15' title="bbox 347 1369 1990 1448; baseline -0.005 -15"><span class='ocrx_word' id='word_1_88' title='bbox 347 1394 442 1433; x_wconf 89' lang='lat' dir='ltr'><strong>mo</strong></span> <span class='ocrx_word' id='word_1_89' title='bbox 473 1376 683 1431; x_wconf 69' lang='lat' dir='ltr'><strong>aethere</strong></span> <span class='ocrx_word' id='word_1_90' title='bbox 715 1377 952 1448; x_wconf 85' lang='lat' dir='ltr'><strong>delapsa</strong></span> <span class='ocrx_word' id='word_1_91' title='bbox 983 1377 1270 1432; x_wconf 84' lang='lat' dir='ltr'><strong>insonuit:</strong></span> <span class='ocrx_word' id='word_1_92' title='bbox 1291 1376 1432 1430; x_wconf 90' lang='lat' dir='ltr'><strong>Ecce</strong></span> <span class='ocrx_word' id='word_1_93' title='bbox 1463 1391 1562 1428; x_wconf 88' lang='lat' dir='ltr'><strong>rex</strong></span> <span class='ocrx_word' id='word_1_94' title='bbox 1592 1371 1854 1428; x_wconf 86' lang='lat' dir='ltr'><strong>Edredus</strong></span> <span class='ocrx_word' id='word_1_95' title='bbox 1884 1369 1990 1424; x_wconf 91' lang='lat' dir='ltr'><strong>ob-</strong></span> 
     </span>
    </p>
   </div>
   <div class='ocr_carea' id='block_1_16' title="bbox 347 1461 1992 1538">
    <p class='ocr_par' dir='ltr' id='par_1_16' title="bbox 347 1461 1992 1538">
     <span class='ocr_line' id='line_1_16' title="bbox 347 1461 1992 1538; baseline -0.007 -14"><span class='ocrx_word' id='word_1_96' title='bbox 347 1467 620 1524; x_wconf 88' lang='lat' dir='ltr'><strong>dormivit</strong></span> <span class='ocrx_word' id='word_1_97' title='bbox 650 1467 708 1521; x_wconf 90' lang='lat' dir='ltr'><strong>in</strong></span> <span class='ocrx_word' id='word_1_98' title='bbox 741 1464 1008 1521; x_wconf 85' lang='lat' dir='ltr'><strong>Domino.</strong></span> <span class='ocrx_word' id='word_1_99' title='bbox 1033 1466 1214 1538; x_wconf 81' lang='lat' dir='ltr'><strong>Cujus</strong></span> <span class='ocrx_word' id='word_1_100' title='bbox 1243 1464 1401 1525; x_wconf 82' lang='lat' dir='ltr'><strong>vocis</strong></span> <span class='ocrx_word' id='word_1_101' title='bbox 1431 1461 1744 1518; x_wconf 87' lang='lat' dir='ltr'><strong>emissione</strong></span> <span class='ocrx_word' id='word_1_102' title='bbox 1781 1476 1992 1532; x_wconf 87' lang='lat' dir='ltr'><strong>equus,</strong></span> 
     </span>
    </p>
   </div>
   <div class='ocr_carea' id='block_1_17' title="bbox 347 1551 1992 1626">
    <p class='ocr_par' dir='ltr' id='par_1_17' title="bbox 347 1551 1992 1626">
     <span class='ocr_line' id='line_1_17' title="bbox 347 1551 1992 1626; baseline -0.007 -13"><span class='ocrx_word' id='word_1_103' title='bbox 347 1558 437 1613; x_wconf 90' lang='lat' dir='ltr'><strong>cni</strong></span> <span class='ocrx_word' id='word_1_104' title='bbox 471 1555 784 1620; x_wconf 82' lang='lat' dir='ltr'><strong>insidebat,</strong></span> <span class='ocrx_word' id='word_1_105' title='bbox 810 1571 1126 1626; x_wconf 88' lang='lat' dir='ltr'><strong>percussus</strong></span> <span class='ocrx_word' id='word_1_106' title='bbox 1168 1553 1410 1621; x_wconf 82' lang='lat' dir='ltr'><strong>interiit,</strong></span> <span class='ocrx_word' id='word_1_107' title='bbox 1456 1551 1700 1607; x_wconf 88' lang='lat' dir='ltr'><strong>comites</strong></span> <span class='ocrx_word' id='word_1_108' title='bbox 1739 1554 1992 1606; x_wconf 88' lang='lat' dir='ltr'><strong>tremue-</strong></span> 
     </span>
    </p>
   </div>
   <div class='ocr_carea' id='block_1_18' title="bbox 347 1635 1992 1717">
    <p class='ocr_par' dir='ltr' id='par_1_18' title="bbox 347 1635 1992 1717">
     <span class='ocr_line' id='line_1_18' title="bbox 347 1635 1992 1717; baseline -0.007 -15"><span class='ocrx_word' id='word_1_109' title='bbox 347 1651 506 1713; x_wconf 85' lang='lat' dir='ltr'><strong>runt,</strong></span> <span class='ocrx_word' id='word_1_110' title='bbox 525 1645 827 1701; x_wconf 87' lang='lat' dir='ltr'><strong>audientes</strong></span> <span class='ocrx_word' id='word_1_111' title='bbox 859 1643 1095 1716; x_wconf 86' lang='lat' dir='ltr'><strong>quidem</strong></span> <span class='ocrx_word' id='word_1_112' title='bbox 1124 1643 1414 1717; x_wconf 80' lang='lat' dir='ltr'><strong>fragorem</strong></span> <span class='ocrx_word' id='word_1_113' title='bbox 1445 1637 1829 1708; x_wconf 86' lang='lat' dir='ltr'><strong>tonantis,sed</strong></span> <span class='ocrx_word' id='word_1_114' title='bbox 1853 1635 1992 1710; x_wconf 89' lang='lat' dir='ltr'><strong>quid</strong></span> 
     </span>
    </p>
   </div>
   <div class='ocr_carea' id='block_1_19' title="bbox 2094 479 3742 555">
    <p class='ocr_par' dir='ltr' id='par_1_19' title="bbox 2094 479 3742 555">
     <span class='ocr_line' id='line_1_19' title="bbox 2094 479 3742 555; baseline 0.005 -23"><span class='ocrx_word' id='word_1_115' title='bbox 2094 481 2188 533; x_wconf 85' lang='lat' dir='ltr'><strong>cta</strong></span> <span class='ocrx_word' id='word_1_116' title='bbox 2207 481 2330 533; x_wconf 88' lang='lat' dir='ltr'><strong>erat</strong></span> <span class='ocrx_word' id='word_1_117' title='bbox 2359 479 2492 548; x_wconf 85' lang='lat'><strong>(35),</strong></span> <span class='ocrx_word' id='word_1_118' title='bbox 2525 497 2704 552; x_wconf 90' lang='lat' dir='ltr'><strong>quam</strong></span> <span class='ocrx_word' id='word_1_119' title='bbox 2763 482 2972 536; x_wconf 89' lang='lat' dir='ltr'><strong>necdm</strong></span> <span class='ocrx_word' id='word_1_120' title='bbox 3023 480 3144 538; x_wconf 90' lang='lat' dir='ltr'><strong>ulla</strong></span> <span class='ocrx_word' id='word_1_121' title='bbox 3175 483 3233 537; x_wconf 91' lang='lat' dir='ltr'><strong>in</strong></span> <span class='ocrx_word' id='word_1_122' title='bbox 3267 499 3540 555; x_wconf 88' lang='lat' dir='ltr'><strong>supremo</strong></span> <span class='ocrx_word' id='word_1_123' title='bbox 3570 501 3742 541; x_wconf 90' lang='lat' dir='ltr'><strong>cacu-</strong></span> 
     </span>
    </p>
   </div>
   <div class='ocr_carea' id='block_1_20' title="bbox 2096 567 3744 644">
    <p class='ocr_par' dir='ltr' id='par_1_20' title="bbox 2096 567 3744 644">
     <span class='ocr_line' id='line_1_20' title="bbox 2096 567 3744 644; baseline 0.005 -22"><span class='ocrx_word' id='word_1_124' title='bbox 2096 567 2254 622; x_wconf 88' lang='lat' dir='ltr'><strong>mine</strong></span> <span class='ocrx_word' id='word_1_125' title='bbox 2287 571 2512 624; x_wconf 86' lang='lat' dir='ltr'><strong>tectura</strong></span> <span class='ocrx_word' id='word_1_126' title='bbox 2542 567 2870 625; x_wconf 84' lang='lat' dir='ltr'><strong>claudebat.</strong></span> <span class='ocrx_word' id='word_1_127' title='bbox 2904 570 3169 643; x_wconf 85' lang='lat' dir='ltr'><strong>Cumque</strong></span> <span class='ocrx_word' id='word_1_128' title='bbox 3213 571 3468 644; x_wconf 88' lang='lat' dir='ltr'><strong>populus</strong></span> <span class='ocrx_word' id='word_1_129' title='bbox 3517 574 3744 630; x_wconf 86' lang='lat' dir='ltr'><strong>trabem</strong></span> 
     </span>
    </p>
   </div>
   <div class='ocr_carea' id='block_1_21' title="bbox 2093 652 3748 734">
    <p class='ocr_par' dir='ltr' id='par_1_21' title="bbox 2093 652 3748 734">
     <span class='ocr_line' id='line_1_21' title="bbox 2093 652 3748 734; baseline 0.005 -24"><span class='ocrx_word' id='word_1_130' title='bbox 2093 656 2276 711; x_wconf 88' lang='lat' dir='ltr'><strong>totius</strong></span> <span class='ocrx_word' id='word_1_131' title='bbox 2289 652 2968 728; x_wconf 39' lang='lat' dir='ltr'><strong>operis&#39;sustcntatricem</strong></span> <span class='ocrx_word' id='word_1_132' title='bbox 2982 677 3174 714; x_wconf 85' lang='lat' dir='ltr'><strong>summ</strong></span> <span class='ocrx_word' id='word_1_133' title='bbox 3185 660 3233 715; x_wconf 92' lang='lat' dir='ltr'><strong>is</strong></span> <span class='ocrx_word' id='word_1_134' title='bbox 3248 661 3435 716; x_wconf 89' lang='lat' dir='ltr'><strong>muris</strong></span> <span class='ocrx_word' id='word_1_135' title='bbox 3451 661 3748 734; x_wconf 84' lang='lat' dir='ltr'><strong>applicare</strong></span> 
     </span>
    </p>
   </div>
   <div class='ocr_carea' id='block_1_22' title="bbox 2095 746 3748 820">
    <p class='ocr_par' dir='ltr' id='par_1_22' title="bbox 2095 746 3748 820">
     <span class='ocr_line' id='line_1_22' title="bbox 2095 746 3748 820; baseline 0.005 -20"><span class='ocrx_word' id='word_1_136' title='bbox 2095 746 2490 814; x_wconf 88' lang='lat' dir='ltr'><strong>contenderet,</strong></span> <span class='ocrx_word' id='word_1_137' title='bbox 2522 751 2758 819; x_wconf 87' lang='lat' dir='ltr'><strong>repente</strong></span> <span class='ocrx_word' id='word_1_138' title='bbox 2809 748 3000 820; x_wconf 87' lang='lat' dir='ltr'><strong>ruptis</strong></span> <span class='ocrx_word' id='word_1_139' title='bbox 3047 749 3284 804; x_wconf 85' lang='lat' dir='ltr'><strong>funibus</strong></span> <span class='ocrx_word' id='word_1_140' title='bbox 3315 750 3518 805; x_wconf 82' lang='lat' dir='ltr'><strong>eadem</strong></span> <span class='ocrx_word' id='word_1_141' title='bbox 3549 752 3748 808; x_wconf 83' lang='lat' dir='ltr'><strong>trabes</strong></span> 
     </span>
    </p>
   </div>
   <div class='ocr_carea' id='block_1_23' title="bbox 2096 833 3748 914">
    <p class='ocr_par' dir='ltr' id='par_1_23' title="bbox 2096 833 3748 914">
     <span class='ocr_line' id='line_1_23' title="bbox 2096 833 3748 914; baseline 0.005 -26"><span class='ocrx_word' id='word_1_142' title='bbox 2096 833 2369 889; x_wconf 83' lang='lat' dir='ltr'><strong>deorsum</strong></span> <span class='ocrx_word' id='word_1_143' title='bbox 2402 852 2568 891; x_wconf 88' lang='lat' dir='ltr'><strong>ruere</strong></span> <span class='ocrx_word' id='word_1_144' title='bbox 2595 836 2787 908; x_wconf 72' lang='lat' dir='ltr'><strong>cmpit.</strong></span> <span class='ocrx_word' id='word_1_145' title='bbox 2817 836 3048 892; x_wconf 89' lang='lat' dir='ltr'><strong>Clamor</strong></span> <span class='ocrx_word' id='word_1_146' title='bbox 3079 837 3286 910; x_wconf 87' lang='lat' dir='ltr'><strong>ingens</strong></span> <span class='ocrx_word' id='word_1_147' title='bbox 3317 839 3500 895; x_wconf 84' lang='lat' dir='ltr'><strong>totius</strong></span> <span class='ocrx_word' id='word_1_148' title='bbox 3545 840 3748 914; x_wconf 89' lang='lat' dir='ltr'><strong>populi</strong></span> 
     </span>
    </p>
   </div>
   <div class='ocr_carea' id='block_1_24' title="bbox 2097 923 3751 1002">
    <p class='ocr_par' dir='ltr' id='par_1_24' title="bbox 2097 923 3751 1002">
     <span class='ocr_line' id='line_1_24' title="bbox 2097 923 3751 1002; baseline 0.005 -24"><span class='ocrx_word' id='word_1_149' title='bbox 2097 923 2468 978; x_wconf 89' lang='lat' dir='ltr'><strong>Dunstanum</strong></span> <span class='ocrx_word' id='word_1_150' title='bbox 2511 925 2734 982; x_wconf 89' lang='lat' dir='ltr'><strong>iteratis</strong></span> <span class='ocrx_word' id='word_1_151' title='bbox 2763 927 3002 982; x_wconf 88' lang='lat' dir='ltr'><strong>vocibus</strong></span> <span class='ocrx_word' id='word_1_152' title='bbox 3035 927 3473 1000; x_wconf 86' lang='lat' dir='ltr'><strong>perstrepentis.</strong></span> <span class='ocrx_word' id='word_1_153' title='bbox 3503 929 3751 1002; x_wconf 68' lang='lat' dir='ltr'><strong>Adv-piat</strong></span> 
     </span>
    </p>
   </div>
   <div class='ocr_carea' id='block_1_25' title="bbox 2097 1011 3748 1084">
    <p class='ocr_par' dir='ltr' id='par_1_25' title="bbox 2097 1011 3748 1084">
     <span class='ocr_line' id='line_1_25' title="bbox 2097 1011 3748 1084; baseline 0.005 -18"><span class='ocrx_word' id='word_1_154' title='bbox 2097 1011 2294 1084; x_wconf 83' lang='lat' dir='ltr'><strong>itaque</strong></span> <span class='ocrx_word' id='word_1_155' title='bbox 2343 1011 2499 1068; x_wconf 90' lang='lat' dir='ltr'><strong>ocior</strong></span> <span class='ocrx_word' id='word_1_156' title='bbox 2545 1019 2806 1083; x_wconf 87' lang='lat' dir='ltr'><strong>sanctus,</strong></span> <span class='ocrx_word' id='word_1_157' title='bbox 2856 1015 3070 1071; x_wconf 87' lang='lat' dir='ltr'><strong>elatam</strong></span> <span class='ocrx_word' id='word_1_158' title='bbox 3115 1017 3409 1072; x_wconf 84' lang='lat' dir='ltr'><strong>dexteram</strong></span> <span class='ocrx_word' id='word_1_159' title='bbox 3458 1018 3748 1074; x_wconf 73' lang='lat' dir='ltr'><strong>machina:</strong></span> 
     </span>
    </p>
   </div>
   <div class='ocr_carea' id='block_1_26' title="bbox 2098 1101 3753 1178">
    <p class='ocr_par' dir='ltr' id='par_1_26' title="bbox 2098 1101 3753 1178">
     <span class='ocr_line' id='line_1_26' title="bbox 2098 1101 3753 1178; baseline 0.007 -24"><span class='ocrx_word' id='word_1_160' title='bbox 2098 1101 2356 1173; x_wconf 88' lang='lat' dir='ltr'><strong>opponit,</strong></span> <span class='ocrx_word' id='word_1_161' title='bbox 2389 1119 2418 1157; x_wconf 94' lang='lat' dir='ltr'><strong>e</strong></span> <span class='ocrx_word' id='word_1_162' title='bbox 2440 1103 2673 1176; x_wconf 85' lang='lat' dir='ltr'><strong>regione</strong></span> <span class='ocrx_word' id='word_1_163' title='bbox 2695 1121 2927 1160; x_wconf 89' lang='lat' dir='ltr'><strong>crucem</strong></span> <span class='ocrx_word' id='word_1_164' title='bbox 2949 1104 3232 1178; x_wconf 84' lang='lat' dir='ltr'><strong>depingit.</strong></span> <span class='ocrx_word' id='word_1_165' title='bbox 3255 1105 3512 1162; x_wconf 87' lang='lat' dir='ltr'><strong>Necdum</strong></span> <span class='ocrx_word' id='word_1_166' title='bbox 3543 1110 3753 1164; x_wconf 85' lang='lat' dir='ltr'><strong>sancta</strong></span> 
     </span>
    </p>
   </div>
   <div class='ocr_carea' id='block_1_27' title="bbox 2099 1192 3750 1271">
    <p class='ocr_par' dir='ltr' id='par_1_27' title="bbox 2099 1192 3750 1271">
     <span class='ocr_line' id='line_1_27' title="bbox 2099 1192 3750 1271; baseline 0.006 -27"><span class='ocrx_word' id='word_1_167' title='bbox 2099 1192 2309 1246; x_wconf 87' lang='lat' dir='ltr'><strong>manus</strong></span> <span class='ocrx_word' id='word_1_168' title='bbox 2362 1196 2598 1248; x_wconf 87' lang='lat' dir='ltr'><strong>sanctos</strong></span> <span class='ocrx_word' id='word_1_169' title='bbox 2647 1197 3012 1270; x_wconf 72' lang='lat' dir='ltr'><strong>contraxerat</strong></span> <span class='ocrx_word' id='word_1_170' title='bbox 3057 1193 3294 1267; x_wconf 86' lang='lat' dir='ltr'><strong>digitos,</strong></span> <span class='ocrx_word' id='word_1_171' title='bbox 3325 1211 3462 1250; x_wconf 89' lang='lat' dir='ltr'><strong>eum</strong></span> <span class='ocrx_word' id='word_1_172' title='bbox 3509 1212 3579 1252; x_wconf 88' lang='lat' dir='ltr'><strong>ea</strong></span> <span class='ocrx_word' id='word_1_173' title='bbox 3616 1212 3750 1271; x_wconf 61' lang='lat' dir='ltr'><strong>qua</strong></span> 
     </span>
    </p>
   </div>
   <div class='ocr_carea' id='block_1_28' title="bbox 2098 1282 3748 1357">
    <p class='ocr_par' dir='ltr' id='par_1_28' title="bbox 2098 1282 3748 1357">
     <span class='ocr_line' id='line_1_28' title="bbox 2098 1282 3748 1357; baseline 0.005 -23"><span class='ocrx_word' id='word_1_174' title='bbox 2098 1295 2330 1353; x_wconf 83' lang='lat' dir='ltr'><strong>vergere</strong></span> <span class='ocrx_word' id='word_1_175' title='bbox 2353 1286 2606 1354; x_wconf 76' lang='lat' dir='ltr'><strong>cmperat</strong></span> <span class='ocrx_word' id='word_1_176' title='bbox 2630 1282 2846 1350; x_wconf 86' lang='lat' dir='ltr'><strong>trabes,</strong></span> <span class='ocrx_word' id='word_1_177' title='bbox 2881 1301 2995 1338; x_wconf 89' lang='lat' dir='ltr'><strong>non</strong></span> <span class='ocrx_word' id='word_1_178' title='bbox 3034 1283 3285 1340; x_wconf 89' lang='lat' dir='ltr'><strong>vinculis</strong></span> <span class='ocrx_word' id='word_1_179' title='bbox 3331 1283 3595 1357; x_wconf 87' lang='lat' dir='ltr'><strong>astricta,</strong></span> <span class='ocrx_word' id='word_1_180' title='bbox 3627 1303 3748 1343; x_wconf 88' lang='lat' dir='ltr'><strong>non</strong></span> 
     </span>
    </p>
   </div>
   <div class='ocr_carea' id='block_1_29' title="bbox 2101 1368 3749 1450">
    <p class='ocr_par' dir='ltr' id='par_1_29' title="bbox 2101 1368 3749 1450">
     <span class='ocr_line' id='line_1_29' title="bbox 2101 1368 3749 1450; baseline 0.005 -27"><span class='ocrx_word' id='word_1_181' title='bbox 2101 1368 2391 1425; x_wconf 88' lang='lat' dir='ltr'><strong>machinis</strong></span> <span class='ocrx_word' id='word_1_182' title='bbox 2419 1369 2624 1438; x_wconf 83' lang='lat' dir='ltr'><strong>levata,</strong></span> <span class='ocrx_word' id='word_1_183' title='bbox 2657 1389 2769 1426; x_wconf 91' lang='lat' dir='ltr'><strong>non</strong></span> <span class='ocrx_word' id='word_1_184' title='bbox 2801 1373 3052 1446; x_wconf 89' lang='lat' dir='ltr'><strong>denique</strong></span> <span class='ocrx_word' id='word_1_185' title='bbox 3083 1371 3201 1428; x_wconf 93' lang='lat' dir='ltr'><strong>ullo</strong></span> <span class='ocrx_word' id='word_1_186' title='bbox 3230 1372 3475 1429; x_wconf 86' lang='lat' dir='ltr'><strong>humani</strong></span> <span class='ocrx_word' id='word_1_187' title='bbox 3524 1375 3749 1450; x_wconf 86' lang='lat' dir='ltr'><strong>ingenii</strong></span> 
     </span>
    </p>
   </div>
   <div class='ocr_carea' id='block_1_30' title="bbox 2100 1461 3752 1536">
    <p class='ocr_par' dir='ltr' id='par_1_30' title="bbox 2100 1461 3752 1536">
     <span class='ocr_line' id='line_1_30' title="bbox 2100 1461 3752 1536; baseline 0.005 -24"><span class='ocrx_word' id='word_1_188' title='bbox 2100 1462 2385 1530; x_wconf 88' lang='lat' dir='ltr'><strong>apparatu</strong></span> <span class='ocrx_word' id='word_1_189' title='bbox 2419 1461 2846 1528; x_wconf 89' lang='lat' dir='ltr'><strong>sustentata,ad</strong></span> <span class='ocrx_word' id='word_1_190' title='bbox 2869 1461 3060 1517; x_wconf 90' lang='lat' dir='ltr'><strong>locum</strong></span> <span class='ocrx_word' id='word_1_191' title='bbox 3079 1463 3150 1518; x_wconf 90' lang='lat' dir='ltr'><strong>de</strong></span> <span class='ocrx_word' id='word_1_192' title='bbox 3163 1477 3278 1534; x_wconf 90' lang='lat' dir='ltr'><strong>quo</strong></span> <span class='ocrx_word' id='word_1_193' title='bbox 3310 1479 3476 1518; x_wconf 90' lang='lat' dir='ltr'><strong>ruere</strong></span> <span class='ocrx_word' id='word_1_194' title='bbox 3495 1469 3752 1536; x_wconf 73' lang='lat' dir='ltr'><strong>cmperat</strong></span> 
     </span>
    </p>
   </div>
   <div class='ocr_carea' id='block_1_31' title="bbox 2103 1546 3754 1625">
    <p class='ocr_par' dir='ltr' id='par_1_31' title="bbox 2103 1546 3754 1625">
     <span class='ocr_line' id='line_1_31' title="bbox 2103 1546 3754 1625; baseline 0.007 -25"><span class='ocrx_word' id='word_1_195' title='bbox 2103 1546 2296 1603; x_wconf 87' lang='lat' dir='ltr'><strong>revehi</strong></span> <span class='ocrx_word' id='word_1_196' title='bbox 2325 1547 2718 1606; x_wconf 89' lang='lat' dir='ltr'><strong>videbatur.Si</strong></span> <span class='ocrx_word' id='word_1_197' title='bbox 2741 1554 2915 1605; x_wconf 69' lang='lat' dir='ltr'><strong>tantae</strong></span> <span class='ocrx_word' id='word_1_198' title='bbox 2941 1550 3136 1624; x_wconf 70' lang='lat' dir='ltr'><strong>gloriae</strong></span> <span class='ocrx_word' id='word_1_199' title='bbox 3158 1550 3482 1623; x_wconf 87' lang='lat' dir='ltr'><strong>malignum</strong></span> <span class='ocrx_word' id='word_1_200' title='bbox 3504 1553 3754 1625; x_wconf 85' lang='lat' dir='ltr'><strong>spiritus</strong></span> 
     </span>
    </p>
   </div>
   <div class='ocr_carea' id='block_1_32' title="bbox 2104 1636 3753 1716">
    <p class='ocr_par' dir='ltr' id='par_1_32' title="bbox 2104 1636 3753 1716">
     <span class='ocr_line' id='line_1_32' title="bbox 2104 1636 3753 1716; baseline 0.005 -26"><span class='ocrx_word' id='word_1_201' title='bbox 2104 1652 2220 1690; x_wconf 87' lang='lat' dir='ltr'><strong>non</strong></span> <span class='ocrx_word' id='word_1_202' title='bbox 2252 1636 2654 1707; x_wconf 89' lang='lat' dir='ltr'><strong>invideret,cui</strong></span> <span class='ocrx_word' id='word_1_203' title='bbox 2678 1637 3000 1695; x_wconf 85' lang='lat' dir='ltr'><strong>invideret?</strong></span> <span class='ocrx_word' id='word_1_204' title='bbox 3029 1639 3089 1696; x_wconf 91' lang='lat' dir='ltr'><strong>Si</strong></span> <span class='ocrx_word' id='word_1_205' title='bbox 3119 1643 3258 1696; x_wconf 90' lang='lat' dir='ltr'><strong>tunc</strong></span> <span class='ocrx_word' id='word_1_206' title='bbox 3285 1639 3446 1696; x_wconf 89' lang='lat' dir='ltr'><strong>virus</strong></span> <span class='ocrx_word' id='word_1_207' title='bbox 3477 1642 3753 1716; x_wconf 86' lang='lat' dir='ltr'><strong>maligni-</strong></span> 
     </span>
    </p>
   </div>
   <div class='ocr_carea' id='block_1_33' title="bbox 351 1725 3754 1827">
    <p class='ocr_par' dir='ltr' id='par_1_33' title="bbox 351 1725 3754 1827">
     <span class='ocr_line' id='line_1_33' title="bbox 351 1725 3754 1827; baseline -0.001 -36"><span class='ocrx_word' id='word_1_208' title='bbox 351 1739 574 1791; x_wconf 89' lang='lat' dir='ltr'><strong>tonaret</strong></span> <span class='ocrx_word' id='word_1_209' title='bbox 604 1752 719 1790; x_wconf 86' lang='lat' dir='ltr'><strong>non</strong></span> <span class='ocrx_word' id='word_1_210' title='bbox 752 1731 1393 1806; x_wconf 88' lang='lat' dir='ltr'><strong>intelligentes.Quibus</strong></span> <span class='ocrx_word' id='word_1_211' title='bbox 1413 1732 1537 1802; x_wconf 89' lang='lat' dir='ltr'><strong>ipse</strong></span> <span class='ocrx_word' id='word_1_212' title='bbox 1560 1745 1682 1784; x_wconf 89' lang='lat' dir='ltr'><strong>rem</strong></span> <span class='ocrx_word' id='word_1_213' title='bbox 1705 1725 1995 1826; x_wconf 69' lang='lat' dir='ltr'><strong>aperiens3</strong></span> <span class='ocrx_word' id='word_1_214' title='bbox 2024 1760 2076 1827; x_wconf 82' lang='lat' dir='ltr'><strong>B</strong></span> <span class='ocrx_word' id='word_1_215' title='bbox 2103 1726 2246 1782; x_wconf 89' lang='lat' dir='ltr'><strong>tatis</strong></span> <span class='ocrx_word' id='word_1_216' title='bbox 2277 1743 2553 1827; x_wconf 41' lang='lat' dir='ltr'><strong>suaenam.</strong></span> <span class='ocrx_word' id='word_1_217' title='bbox 2573 1727 3180 1827; x_wconf 43' lang='lat' dir='ltr'><strong>eﬂ‘underet,.quando</strong></span> <span class='ocrx_word' id='word_1_218' title='bbox 3210 1729 3570 1827; x_wconf 70' lang='lat' dir='ltr'><strong>elfunderet?</strong></span> <span class='ocrx_word' id='word_1_219' title='bbox 3593 1731 3754 1788; x_wconf 89' lang='lat' dir='ltr'><strong>Nihil</strong></span> 
     </span>
    </p>
   </div>
   <div class='ocr_carea' id='block_1_34' title="bbox 347 1819 1998 1892">
    <p class='ocr_par' dir='ltr' id='par_1_34' title="bbox 347 1819 1998 1892">
     <span class='ocr_line' id='line_1_34' title="bbox 347 1819 1998 1892; baseline -0.006 -13"><span class='ocrx_word' id='word_1_220' title='bbox 347 1825 722 1880; x_wconf 88' lang='lat' dir='ltr'><strong>commendat</strong></span> <span class='ocrx_word' id='word_1_221' title='bbox 744 1823 1001 1878; x_wconf 90' lang='lat' dir='ltr'><strong>animam</strong></span> <span class='ocrx_word' id='word_1_222' title='bbox 1023 1820 1283 1877; x_wconf 82' lang='lat' dir='ltr'><strong>defuncti</strong></span> <span class='ocrx_word' id='word_1_223' title='bbox 1309 1819 1461 1892; x_wconf 83' lang='lat' dir='ltr'><strong>regis</strong></span> <span class='ocrx_word' id='word_1_224' title='bbox 1484 1819 1542 1873; x_wconf 91' lang='lat' dir='ltr'><strong>in</strong></span> <span class='ocrx_word' id='word_1_225' title='bbox 1566 1834 1776 1873; x_wconf 88' lang='lat' dir='ltr'><strong>manus</strong></span> <span class='ocrx_word' id='word_1_226' title='bbox 1799 1819 1998 1871; x_wconf 67' lang='lat' dir='ltr'><strong>aeterni</strong></span> 
     </span>
    </p>
   </div>
   <div class='ocr_carea' id='block_1_35' title="bbox 351 1904 1996 1986">
    <p class='ocr_par' dir='ltr' id='par_1_35' title="bbox 351 1904 1996 1986">
     <span class='ocr_line' id='line_1_35' title="bbox 351 1904 1996 1986; baseline -0.006 -16"><span class='ocrx_word' id='word_1_227' title='bbox 351 1915 544 1986; x_wconf 84' lang='lat' dir='ltr'><strong>Regis,</strong></span> <span class='ocrx_word' id='word_1_228' title='bbox 578 1911 892 1984; x_wconf 84' lang='lat' dir='ltr'><strong>statimque</strong></span> <span class='ocrx_word' id='word_1_229' title='bbox 924 1909 1320 1966; x_wconf 77' lang='lat' dir='ltr'><strong>deferentibus</strong></span> <span class='ocrx_word' id='word_1_230' title='bbox 1372 1907 1596 1964; x_wconf 91' lang='lat' dir='ltr'><strong>nuntiis</strong></span> <span class='ocrx_word' id='word_1_231' title='bbox 1644 1905 1810 1962; x_wconf 87' lang='lat' dir='ltr'><strong>audit</strong></span> <span class='ocrx_word' id='word_1_232' title='bbox 1839 1904 1996 1976; x_wconf 91' lang='lat' dir='ltr'><strong>quod</strong></span> 
     </span>
    </p>
   </div>
   <div class='ocr_carea' id='block_1_36' title="bbox 351 1996 1996 2072">
    <p class='ocr_par' dir='ltr' id='par_1_36' title="bbox 351 1996 1996 2072">
     <span class='ocr_line' id='line_1_36' title="bbox 351 1996 1996 2072; baseline -0.006 -14"><span class='ocrx_word' id='word_1_233' title='bbox 351 2009 484 2060; x_wconf 88' lang='lat' dir='ltr'><strong>ante</strong></span> <span class='ocrx_word' id='word_1_234' title='bbox 516 2001 627 2058; x_wconf 87' lang='lat' dir='ltr'><strong>sibi</strong></span> <span class='ocrx_word' id='word_1_235' title='bbox 659 2001 729 2056; x_wconf 91' lang='lat' dir='ltr'><strong>de</strong></span> <span class='ocrx_word' id='word_1_236' title='bbox 761 1999 903 2054; x_wconf 65' lang='lat' dir='ltr'><strong>coelo</strong></span> <span class='ocrx_word' id='word_1_237' title='bbox 932 1998 1176 2072; x_wconf 81' lang='lat' dir='ltr'><strong>angelus</strong></span> <span class='ocrx_word' id='word_1_238' title='bbox 1207 1996 1472 2053; x_wconf 88' lang='lat' dir='ltr'><strong>absolvit.</strong></span> <span class='ocrx_word' id='word_1_239' title='bbox 1507 1997 1812 2068; x_wconf 85' lang='lat' dir='ltr'><strong>Ingressus</strong></span> <span class='ocrx_word' id='word_1_240' title='bbox 1859 2008 1996 2066; x_wconf 89' lang='lat' dir='ltr'><strong>ergo</strong></span> 
     </span>
    </p>
   </div>
   <div class='ocr_carea' id='block_1_37' title="bbox 352 2081 1998 2166">
    <p class='ocr_par' dir='ltr' id='par_1_37' title="bbox 352 2081 1998 2166">
     <span class='ocr_line' id='line_1_37' title="bbox 352 2081 1998 2166; baseline -0.007 -19"><span class='ocrx_word' id='word_1_241' title='bbox 352 2089 634 2166; x_wconf 86' lang='lat' dir='ltr'><strong>palatium</strong></span> <span class='ocrx_word' id='word_1_242' title='bbox 665 2091 1027 2155; x_wconf 90' lang='lat' dir='ltr'><strong>Dunstanus,</strong></span> <span class='ocrx_word' id='word_1_243' title='bbox 1057 2085 1486 2158; x_wconf 86' lang='lat' dir='ltr'><strong>contemplatur</strong></span> <span class='ocrx_word' id='word_1_244' title='bbox 1515 2082 1708 2140; x_wconf 89' lang='lat' dir='ltr'><strong>dilecti</strong></span> <span class='ocrx_word' id='word_1_245' title='bbox 1739 2081 1998 2138; x_wconf 90' lang='lat' dir='ltr'><strong>hominis</strong></span> 
     </span>
    </p>
   </div>
   <div class='ocr_carea' id='block_1_38' title="bbox 351 2170 1996 2251">
    <p class='ocr_par' dir='ltr' id='par_1_38' title="bbox 351 2170 1996 2251">
     <span class='ocr_line' id='line_1_38' title="bbox 351 2170 1996 2251; baseline -0.006 -15"><span class='ocrx_word' id='word_1_246' title='bbox 351 2181 597 2237; x_wconf 87' lang='lat' dir='ltr'><strong>cadaver</strong></span> <span class='ocrx_word' id='word_1_247' title='bbox 618 2179 835 2251; x_wconf 86' lang='lat' dir='ltr'><strong>jacere,</strong></span> <span class='ocrx_word' id='word_1_248' title='bbox 867 2176 1150 2232; x_wconf 88' lang='lat' dir='ltr'><strong>comitum</strong></span> <span class='ocrx_word' id='word_1_249' title='bbox 1195 2174 1420 2242; x_wconf 87' lang='lat' dir='ltr'><strong>turbas,</strong></span> <span class='ocrx_word' id='word_1_250' title='bbox 1471 2171 1571 2246; x_wconf 89' lang='lat' dir='ltr'><strong>qui</strong></span> <span class='ocrx_word' id='word_1_251' title='bbox 1619 2171 1806 2228; x_wconf 89' lang='lat' dir='ltr'><strong>aurati</strong></span> <span class='ocrx_word' id='word_1_252' title='bbox 1855 2170 1996 2226; x_wconf 91' lang='lat' dir='ltr'><strong>olim</strong></span> 
     </span>
    </p>
   </div>
   <div class='ocr_carea' id='block_1_39' title="bbox 351 2260 1997 2336">
    <p class='ocr_par' dir='ltr' id='par_1_39' title="bbox 351 2260 1997 2336">
     <span class='ocr_line' id='line_1_39' title="bbox 351 2260 1997 2336; baseline -0.007 -11"><span class='ocrx_word' id='word_1_253' title='bbox 351 2270 618 2326; x_wconf 88' lang='lat' dir='ltr'><strong>solebant</strong></span> <span class='ocrx_word' id='word_1_254' title='bbox 647 2268 941 2334; x_wconf 79' lang='lat' dir='ltr'><strong>assistere,</strong></span> <span class='ocrx_word' id='word_1_255' title='bbox 975 2264 1176 2336; x_wconf 87' lang='lat' dir='ltr'><strong>procul</strong></span> <span class='ocrx_word' id='word_1_256' title='bbox 1207 2263 1505 2331; x_wconf 87' lang='lat' dir='ltr'><strong>recedere;</strong></span> <span class='ocrx_word' id='word_1_257' title='bbox 1548 2260 1795 2318; x_wconf 90' lang='lat' dir='ltr'><strong>miratur</strong></span> <span class='ocrx_word' id='word_1_258' title='bbox 1839 2277 1997 2316; x_wconf 91' lang='lat' dir='ltr'><strong>com-</strong></span> 
     </span>
    </p>
   </div>
   <div class='ocr_carea' id='block_1_40' title="bbox 353 2349 1995 2423">
    <p class='ocr_par' dir='ltr' id='par_1_40' title="bbox 353 2349 1995 2423">
     <span class='ocr_line' id='line_1_40' title="bbox 353 2349 1995 2423; baseline -0.006 -9"><span class='ocrx_word' id='word_1_259' title='bbox 353 2355 1088 2423; x_wconf 88' lang='lat' dir='ltr'><strong>mutationem,miseratur</strong></span> <span class='ocrx_word' id='word_1_260' title='bbox 1109 2351 1524 2408; x_wconf 88' lang='lat' dir='ltr'><strong>conditionem.</strong></span> <span class='ocrx_word' id='word_1_261' title='bbox 1548 2349 1766 2406; x_wconf 89' lang='lat' dir='ltr'><strong>Deinde</strong></span> <span class='ocrx_word' id='word_1_262' title='bbox 1798 2350 1995 2417; x_wconf 86' lang='lat' dir='ltr'><strong>fidem,</strong></span> 
     </span>
    </p>
   </div>
   <div class='ocr_carea' id='block_1_41' title="bbox 353 2439 2000 2520">
    <p class='ocr_par' dir='ltr' id='par_1_41' title="bbox 353 2439 2000 2520">
     <span class='ocr_line' id='line_1_41' title="bbox 353 2439 2000 2520; baseline -0.005 -18"><span class='ocrx_word' id='word_1_263' title='bbox 353 2465 469 2520; x_wconf 87' lang='lat' dir='ltr'><strong>qua</strong></span> <span class='ocrx_word' id='word_1_264' title='bbox 487 2447 776 2502; x_wconf 89' lang='lat' dir='ltr'><strong>viventem</strong></span> <span class='ocrx_word' id='word_1_265' title='bbox 807 2442 1388 2510; x_wconf 86' lang='lat' dir='ltr'><strong>dilexerat,defuncto</strong></span> <span class='ocrx_word' id='word_1_266' title='bbox 1409 2457 1642 2513; x_wconf 87' lang='lat' dir='ltr'><strong>quoque</strong></span> <span class='ocrx_word' id='word_1_267' title='bbox 1665 2439 2000 2512; x_wconf 88' lang='lat' dir='ltr'><strong>impendere</strong></span> 
     </span>
    </p>
   </div>
   <div class='ocr_carea' id='block_1_42' title="bbox 353 2527 2000 2605">
    <p class='ocr_par' dir='ltr' id='par_1_42' title="bbox 353 2527 2000 2605">
     <span class='ocr_line' id='line_1_42' title="bbox 353 2527 2000 2605; baseline -0.007 -11"><span class='ocrx_word' id='word_1_268' title='bbox 353 2537 617 2603; x_wconf 86' lang='lat' dir='ltr'><strong>studens,</strong></span> <span class='ocrx_word' id='word_1_269' title='bbox 651 2533 910 2605; x_wconf 89' lang='lat' dir='ltr'><strong>corporis</strong></span> <span class='ocrx_word' id='word_1_270' title='bbox 940 2531 1305 2586; x_wconf 84' lang='lat' dir='ltr'><strong>involucrum</strong></span> <span class='ocrx_word' id='word_1_271' title='bbox 1331 2528 1389 2584; x_wconf 90' lang='lat' dir='ltr'><strong>in</strong></span> <span class='ocrx_word' id='word_1_272' title='bbox 1421 2545 1530 2585; x_wconf 88' lang='lat' dir='ltr'><strong>sua</strong></span> <span class='ocrx_word' id='word_1_273' title='bbox 1560 2527 2000 2600; x_wconf 86' lang='lat' dir='ltr'><strong>suscepit,debi-</strong></span> 
     </span>
    </p>
   </div>
   <div class='ocr_carea' id='block_1_43' title="bbox 351 2617 1999 2697">
    <p class='ocr_par' dir='ltr' id='par_1_43' title="bbox 351 2617 1999 2697">
     <span class='ocr_line' id='line_1_43' title="bbox 351 2617 1999 2697; baseline -0.005 -16"><span class='ocrx_word' id='word_1_274' title='bbox 351 2631 596 2697; x_wconf 87' lang='lat' dir='ltr'><strong>tumque</strong></span> <span class='ocrx_word' id='word_1_275' title='bbox 627 2621 943 2696; x_wconf 86' lang='lat' dir='ltr'><strong>sepeliendi</strong></span> <span class='ocrx_word' id='word_1_276' title='bbox 985 2619 1244 2677; x_wconf 76' lang='lat' dir='ltr'><strong>omeium</strong></span> <span class='ocrx_word' id='word_1_277' title='bbox 1275 2619 1469 2674; x_wconf 90' lang='lat' dir='ltr'><strong>debito</strong></span> <span class='ocrx_word' id='word_1_278' title='bbox 1501 2617 1584 2674; x_wconf 90' lang='lat' dir='ltr'><strong>illi</strong></span> <span class='ocrx_word' id='word_1_279' title='bbox 1614 2618 1832 2675; x_wconf 88' lang='lat' dir='ltr'><strong>honore</strong></span> <span class='ocrx_word' id='word_1_280' title='bbox 1863 2633 1999 2690; x_wconf 87' lang='lat' dir='ltr'><strong>per-</strong></span> 
     </span>
    </p>
   </div>
   <div class='ocr_carea' id='block_1_44' title="bbox 359 2713 550 2772">
    <p class='ocr_par' dir='ltr' id='par_1_44' title="bbox 359 2713 550 2772">
     <span class='ocr_line' id='line_1_44' title="bbox 359 2713 550 2772; baseline -0.021 0"><span class='ocrx_word' id='word_1_281' title='bbox 359 2713 550 2772; x_wconf 89' lang='lat' dir='ltr'><strong>solvit.</strong></span> 
     </span>
    </p>
   </div>
   <div class='ocr_carea' id='block_1_45' title="bbox 600 2797 1712 2872">
    <p class='ocr_par' dir='ltr' id='par_1_45' title="bbox 600 2797 1712 2872">
     <span class='ocr_line' id='line_1_45' title="bbox 600 2797 1712 2872; baseline -0.004 -16"><span class='ocrx_word' id='word_1_282' title='bbox 600 2801 776 2857; x_wconf 75' lang='lat' dir='ltr'><strong>Edwii</strong></span> <span class='ocrx_word' id='word_1_283' title='bbox 804 2801 947 2872; x_wconf 79' lang='lat' dir='ltr'><strong>regis</strong></span> <span class='ocrx_word' id='word_1_284' title='bbox 975 2799 1040 2856; x_wconf 86' lang='lat' dir='ltr'><strong>ob</strong></span> <span class='ocrx_word' id='word_1_285' title='bbox 1067 2799 1240 2854; x_wconf 82' lang='lat' dir='ltr'><strong>malos</strong></span> <span class='ocrx_word' id='word_1_286' title='bbox 1268 2813 1462 2866; x_wconf 79' lang='lat' dir='ltr'><strong>mores,</strong></span> <span class='ocrx_word' id='word_1_287' title='bbox 1496 2797 1712 2854; x_wconf 78' lang='lat' dir='ltr'><strong>recedit.</strong></span> 
     </span>
    </p>
   </div>
   <div class='ocr_carea' id='block_1_46' title="bbox 421 2884 1998 2958">
    <p class='ocr_par' dir='ltr' id='par_1_46' title="bbox 421 2884 1998 2958">
     <span class='ocr_line' id='line_1_46' title="bbox 421 2884 1998 2958; baseline -0.004 -11"><span class='ocrx_word' id='word_1_288' title='bbox 421 2893 656 2948; x_wconf 83' lang='lat' dir='ltr'><strong>25.Post</strong></span> <span class='ocrx_word' id='word_1_289' title='bbox 675 2891 832 2946; x_wconf 91' lang='lat' dir='ltr'><strong>hunc</strong></span> <span class='ocrx_word' id='word_1_290' title='bbox 864 2887 1116 2944; x_wconf 80' lang='lat' dir='ltr'><strong>surrexit</strong></span> <span class='ocrx_word' id='word_1_291' title='bbox 1136 2885 1301 2943; x_wconf 86' lang='lat' dir='ltr'><strong>Edwi</strong></span> <span class='ocrx_word' id='word_1_292' title='bbox 1328 2886 1484 2943; x_wconf 84' lang='lat' dir='ltr'><strong>filius</strong></span> <span class='ocrx_word' id='word_1_293' title='bbox 1506 2885 1799 2942; x_wconf 86' lang='lat' dir='ltr'><strong>Edmundi</strong></span> <span class='ocrx_word' id='word_1_294' title='bbox 1823 2884 1998 2958; x_wconf 90' lang='lat' dir='ltr'><strong>regis,</strong></span> 
     </span>
    </p>
   </div>
   <div class='ocr_carea' id='block_1_47' title="bbox 351 2973 1998 3053">
    <p class='ocr_par' dir='ltr' id='par_1_47' title="bbox 351 2973 1998 3053">
     <span class='ocr_line' id='line_1_47' title="bbox 351 2973 1998 3053; baseline -0.005 -15"><span class='ocrx_word' id='word_1_295' title='bbox 351 2987 519 3038; x_wconf 57' lang='lat' dir='ltr'><strong>(etate</strong></span> <span class='ocrx_word' id='word_1_296' title='bbox 549 2980 788 3053; x_wconf 89' lang='lat' dir='ltr'><strong>quidem</strong></span> <span class='ocrx_word' id='word_1_297' title='bbox 811 2977 1138 3050; x_wconf 87' lang='lat' dir='ltr'><strong>juvenis,et</strong></span> <span class='ocrx_word' id='word_1_298' title='bbox 1167 2974 1330 3031; x_wconf 89' lang='lat' dir='ltr'><strong>nulla</strong></span> <span class='ocrx_word' id='word_1_299' title='bbox 1357 2974 1640 3050; x_wconf 80' lang='lat' dir='ltr'><strong>regnandi</strong></span> <span class='ocrx_word' id='word_1_300' title='bbox 1669 2973 1856 3048; x_wconf 89' lang='lat' dir='ltr'><strong>gratia</strong></span> <span class='ocrx_word' id='word_1_301' title='bbox 1876 2973 1998 3046; x_wconf 89' lang='lat' dir='ltr'><strong>pol-</strong></span> 
     </span>
    </p>
   </div>
   <div class='ocr_carea' id='block_1_48' title="bbox 352 3063 2002 3142">
    <p class='ocr_par' dir='ltr' id='par_1_48' title="bbox 352 3063 2002 3142">
     <span class='ocr_line' id='line_1_48' title="bbox 352 3063 2002 3142; baseline -0.005 -16"><span class='ocrx_word' id='word_1_302' title='bbox 352 3069 606 3142; x_wconf 90' lang='lat' dir='ltr'><strong>lens,qui</strong></span> <span class='ocrx_word' id='word_1_303' title='bbox 641 3084 827 3139; x_wconf 89' lang='lat' dir='ltr'><strong>neque</strong></span> <span class='ocrx_word' id='word_1_304' title='bbox 857 3065 982 3137; x_wconf 91' lang='lat' dir='ltr'><strong>ipse</strong></span> <span class='ocrx_word' id='word_1_305' title='bbox 1012 3063 1464 3136; x_wconf 89' lang='lat' dir='ltr'><strong>sapiens,neque</strong></span> <span class='ocrx_word' id='word_1_306' title='bbox 1490 3063 1846 3136; x_wconf 89' lang='lat' dir='ltr'><strong>sapientium</strong></span> <span class='ocrx_word' id='word_1_307' title='bbox 1869 3079 2002 3118; x_wconf 91' lang='lat' dir='ltr'><strong>con-</strong></span> 
     </span>
    </p>
   </div>
   <div class='ocr_carea' id='block_1_49' title="bbox 355 3152 2000 3228">
    <p class='ocr_par' dir='ltr' id='par_1_49' title="bbox 355 3152 2000 3228">
     <span class='ocr_line' id='line_1_49' title="bbox 355 3152 2000 3228; baseline -0.005 -14"><span class='ocrx_word' id='word_1_308' title='bbox 355 3157 484 3214; x_wconf 91' lang='lat' dir='ltr'><strong>silio</strong></span> <span class='ocrx_word' id='word_1_309' title='bbox 514 3154 1020 3228; x_wconf 87' lang='lat' dir='ltr'><strong>acquiescens,scd</strong></span> <span class='ocrx_word' id='word_1_310' title='bbox 1043 3152 1190 3208; x_wconf 90' lang='lat' dir='ltr'><strong>alter</strong></span> <span class='ocrx_word' id='word_1_311' title='bbox 1209 3153 1789 3224; x_wconf 83' lang='lat' dir='ltr'><strong>Roboam,despectis</strong></span> <span class='ocrx_word' id='word_1_312' title='bbox 1821 3152 2000 3220; x_wconf 85' lang='lat' dir='ltr'><strong>majo-</strong></span> 
     </span>
    </p>
   </div>
   <div class='ocr_carea' id='block_1_50' title="bbox 354 3238 2001 3316">
    <p class='ocr_par' dir='ltr' id='par_1_50' title="bbox 354 3238 2001 3316">
     <span class='ocr_line' id='line_1_50' title="bbox 354 3238 2001 3316; baseline -0.004 -16"><span class='ocrx_word' id='word_1_313' title='bbox 354 3247 540 3311; x_wconf 90' lang='lat' dir='ltr'><strong>ribus,</strong></span> <span class='ocrx_word' id='word_1_314' title='bbox 574 3247 714 3300; x_wconf 88' lang='lat' dir='ltr'><strong>natu</strong></span> <span class='ocrx_word' id='word_1_315' title='bbox 747 3258 1063 3316; x_wconf 84' lang='lat' dir='ltr'><strong>puerorum</strong></span> <span class='ocrx_word' id='word_1_316' title='bbox 1099 3241 1344 3296; x_wconf 88' lang='lat' dir='ltr'><strong>consilia</strong></span> <span class='ocrx_word' id='word_1_317' title='bbox 1373 3241 1723 3297; x_wconf 86' lang='lat' dir='ltr'><strong>sectabatur.</strong></span> <span class='ocrx_word' id='word_1_318' title='bbox 1759 3241 1874 3296; x_wconf 84' lang='lat' dir='ltr'><strong>Hos</strong></span> <span class='ocrx_word' id='word_1_319' title='bbox 1905 3238 2001 3294; x_wconf 87' lang='lat' dir='ltr'><strong>ille</strong></span> 
     </span>
    </p>
   </div>
   <div class='ocr_carea' id='block_1_51' title="bbox 355 3328 2000 3406">
    <p class='ocr_par' dir='ltr' id='par_1_51' title="bbox 355 3328 2000 3406">
     <span class='ocr_line' id='line_1_51' title="bbox 355 3328 2000 3406; baseline -0.003 -18"><span class='ocrx_word' id='word_1_320' title='bbox 355 3333 886 3406; x_wconf 88' lang='lat' dir='ltr'><strong>perniciosissimos</strong></span> <span class='ocrx_word' id='word_1_321' title='bbox 931 3328 1212 3386; x_wconf 84' lang='lat' dir='ltr'><strong>satellites</strong></span> <span class='ocrx_word' id='word_1_322' title='bbox 1265 3333 1493 3398; x_wconf 89' lang='lat' dir='ltr'><strong>nactus,</strong></span> <span class='ocrx_word' id='word_1_323' title='bbox 1543 3333 1602 3384; x_wconf 90' lang='lat' dir='ltr'><strong>et</strong></span> <span class='ocrx_word' id='word_1_324' title='bbox 1642 3345 1846 3384; x_wconf 90' lang='lat' dir='ltr'><strong>eorum</strong></span> <span class='ocrx_word' id='word_1_325' title='bbox 1884 3345 2000 3383; x_wconf 92' lang='lat' dir='ltr'><strong>non</strong></span> 
     </span>
    </p>
   </div>
   <div class='ocr_carea' id='block_1_52' title="bbox 354 3417 2002 3492">
    <p class='ocr_par' dir='ltr' id='par_1_52' title="bbox 354 3417 2002 3492">
     <span class='ocr_line' id='line_1_52' title="bbox 354 3417 2002 3492; baseline -0.004 -13"><span class='ocrx_word' id='word_1_326' title='bbox 354 3429 472 3479; x_wconf 90' lang='lat' dir='ltr'><strong>tam</strong></span> <span class='ocrx_word' id='word_1_327' title='bbox 505 3420 767 3477; x_wconf 88' lang='lat' dir='ltr'><strong>consiliis</strong></span> <span class='ocrx_word' id='word_1_328' title='bbox 797 3435 973 3492; x_wconf 85' lang='lat' dir='ltr'><strong>quam</strong></span> <span class='ocrx_word' id='word_1_329' title='bbox 1007 3418 1254 3473; x_wconf 88' lang='lat' dir='ltr'><strong>insaniis</strong></span> <span class='ocrx_word' id='word_1_330' title='bbox 1285 3417 1778 3489; x_wconf 88' lang='lat' dir='ltr'><strong>fretus,optimum</strong></span> <span class='ocrx_word' id='word_1_331' title='bbox 1802 3433 2002 3488; x_wconf 85' lang='lat' dir='ltr'><strong>quem-</strong></span> 
     </span>
    </p>
   </div>
   <div class='ocr_carea' id='block_1_53' title="bbox 354 3505 1998 3584">
    <p class='ocr_par' dir='ltr' id='par_1_53' title="bbox 354 3505 1998 3584">
     <span class='ocr_line' id='line_1_53' title="bbox 354 3505 1998 3584; baseline -0.005 -16"><span class='ocrx_word' id='word_1_332' title='bbox 354 3530 466 3584; x_wconf 89' lang='lat' dir='ltr'><strong>que</strong></span> <span class='ocrx_word' id='word_1_333' title='bbox 498 3512 672 3566; x_wconf 89' lang='lat' dir='ltr'><strong>rebus</strong></span> <span class='ocrx_word' id='word_1_334' title='bbox 703 3507 1044 3581; x_wconf 80' lang='lat' dir='ltr'><strong>exspoliare,</strong></span> <span class='ocrx_word' id='word_1_335' title='bbox 1076 3505 1394 3578; x_wconf 87' lang='lat' dir='ltr'><strong>locupletes</strong></span> <span class='ocrx_word' id='word_1_336' title='bbox 1425 3505 1998 3579; x_wconf 75' lang='lat' dir='ltr'><strong>proscribere,exha3-</strong></span> 
     </span>
    </p>
   </div>
   <div class='ocr_carea' id='block_1_54' title="bbox 354 3593 1998 3668">
    <p class='ocr_par' dir='ltr' id='par_1_54' title="bbox 354 3593 1998 3668">
     <span class='ocr_line' id='line_1_54' title="bbox 354 3593 1998 3668; baseline -0.004 -11"><span class='ocrx_word' id='word_1_337' title='bbox 354 3603 556 3657; x_wconf 89' lang='lat' dir='ltr'><strong>redare</strong></span> <span class='ocrx_word' id='word_1_338' title='bbox 585 3597 882 3664; x_wconf 87' lang='lat' dir='ltr'><strong>ecclesias,</strong></span> <span class='ocrx_word' id='word_1_339' title='bbox 917 3595 1224 3652; x_wconf 89' lang='lat' dir='ltr'><strong>detrahere</strong></span> <span class='ocrx_word' id='word_1_340' title='bbox 1254 3593 1913 3668; x_wconf 87' lang='lat' dir='ltr'><strong>religioni,multiplices</strong></span> <span class='ocrx_word' id='word_1_341' title='bbox 1940 3595 1998 3650; x_wconf 91' lang='lat' dir='ltr'><strong>in</strong></span> 
     </span>
    </p>
   </div>
   <div class='ocr_carea' id='block_1_55' title="bbox 353 3683 2000 3746">
    <p class='ocr_par' dir='ltr' id='par_1_55' title="bbox 353 3683 2000 3746">
     <span class='ocr_line' id='line_1_55' title="bbox 353 3683 2000 3746; baseline -0.004 -1"><span class='ocrx_word' id='word_1_342' title='bbox 353 3689 684 3746; x_wconf 85' lang='lat' dir='ltr'><strong>civitatibus</strong></span> <span class='ocrx_word' id='word_1_343' title='bbox 705 3686 1035 3742; x_wconf 88' lang='lat' dir='ltr'><strong>exactiones</strong></span> <span class='ocrx_word' id='word_1_344' title='bbox 1055 3684 1462 3741; x_wconf 89' lang='lat' dir='ltr'><strong>exercere.Nec</strong></span> <span class='ocrx_word' id='word_1_345' title='bbox 1481 3683 1674 3740; x_wconf 88' lang='lat' dir='ltr'><strong>solum</strong></span> <span class='ocrx_word' id='word_1_346' title='bbox 1695 3683 1903 3740; x_wconf 87' lang='lat' dir='ltr'><strong>alienis</strong></span> <span class='ocrx_word' id='word_1_347' title='bbox 1925 3685 2000 3740; x_wconf 88' lang='lat' dir='ltr'><strong>ab</strong></span> 
     </span>
    </p>
   </div>
   <div class='ocr_carea' id='block_1_56' title="bbox 351 3771 1997 3851">
    <p class='ocr_par' dir='ltr' id='par_1_56' title="bbox 351 3771 1997 3851">
     <span class='ocr_line' id='line_1_56' title="bbox 351 3771 1997 3851; baseline -0.004 -16"><span class='ocrx_word' id='word_1_348' title='bbox 351 3781 480 3851; x_wconf 87' lang='lat' dir='ltr'><strong>ejus</strong></span> <span class='ocrx_word' id='word_1_349' title='bbox 502 3777 846 3850; x_wconf 81' lang='lat' dir='ltr'><strong>cognatione</strong></span> <span class='ocrx_word' id='word_1_350' title='bbox 868 3774 1026 3830; x_wconf 90' lang='lat' dir='ltr'><strong>illius</strong></span> <span class='ocrx_word' id='word_1_351' title='bbox 1048 3773 1235 3829; x_wconf 84' lang='lat' dir='ltr'><strong>obfuit</strong></span> <span class='ocrx_word' id='word_1_352' title='bbox 1257 3771 1797 3840; x_wconf 86' lang='lat' dir='ltr'><strong>crudelitas,verum</strong></span> <span class='ocrx_word' id='word_1_353' title='bbox 1821 3772 1997 3828; x_wconf 88' lang='lat' dir='ltr'><strong>etiam</strong></span> 
     </span>
    </p>
   </div>
   <div class='ocr_carea' id='block_1_57' title="bbox 351 3860 1995 3934">
    <p class='ocr_par' dir='ltr' id='par_1_57' title="bbox 351 3860 1995 3934">
     <span class='ocr_line' id='line_1_57' title="bbox 351 3860 1995 3934; baseline -0.006 -8"><span class='ocrx_word' id='word_1_354' title='bbox 351 3867 598 3926; x_wconf 89' lang='lat' dir='ltr'><strong>Neronis</strong></span> <span class='ocrx_word' id='word_1_355' title='bbox 633 3883 792 3921; x_wconf 91' lang='lat' dir='ltr'><strong>more</strong></span> <span class='ocrx_word' id='word_1_356' title='bbox 822 3865 880 3919; x_wconf 91' lang='lat' dir='ltr'><strong>in</strong></span> <span class='ocrx_word' id='word_1_357' title='bbox 911 3863 1182 3919; x_wconf 89' lang='lat' dir='ltr'><strong>homines</strong></span> <span class='ocrx_word' id='word_1_358' title='bbox 1229 3879 1340 3918; x_wconf 91' lang='lat' dir='ltr'><strong>sua</strong></span> <span class='ocrx_word' id='word_1_359' title='bbox 1385 3860 1566 3934; x_wconf 90' lang='lat' dir='ltr'><strong>stirpe</strong></span> <span class='ocrx_word' id='word_1_360' title='bbox 1603 3861 1902 3930; x_wconf 87' lang='lat' dir='ltr'><strong>oriundos,</strong></span> <span class='ocrx_word' id='word_1_361' title='bbox 1936 3861 1995 3916; x_wconf 91' lang='lat' dir='ltr'><strong>in</strong></span> 
     </span>
    </p>
   </div>
   <div class='ocr_carea' id='block_1_58' title="bbox 346 3950 1998 4029">
    <p class='ocr_par' dir='ltr' id='par_1_58' title="bbox 346 3950 1998 4029">
     <span class='ocr_line' id='line_1_58' title="bbox 346 3950 1998 4029; baseline -0.004 -15"><span class='ocrx_word' id='word_1_362' title='bbox 346 3959 535 4029; x_wconf 87' lang='lat' dir='ltr'><strong>ipsam</strong></span> <span class='ocrx_word' id='word_1_363' title='bbox 556 3971 709 4028; x_wconf 87' lang='lat' dir='ltr'><strong>quoq</strong></span> <span class='ocrx_word' id='word_1_364' title='bbox 719 3971 790 4009; x_wconf 91' lang='lat' dir='ltr'><strong>ue</strong></span> <span class='ocrx_word' id='word_1_365' title='bbox 809 3969 1010 4025; x_wconf 85' lang='lat' dir='ltr'><strong>regum</strong></span> <span class='ocrx_word' id='word_1_366' title='bbox 1031 3955 1276 4007; x_wconf 90' lang='lat' dir='ltr'><strong>matrem</strong></span> <span class='ocrx_word' id='word_1_367' title='bbox 1299 3950 1561 4023; x_wconf 87' lang='lat' dir='ltr'><strong>reginam</strong></span> <span class='ocrx_word' id='word_1_368' title='bbox 1584 3950 1998 4018; x_wconf 85' lang='lat' dir='ltr'><strong>Eadivam,sua</strong></span> 
     </span>
    </p>
   </div>
   <div class='ocr_carea' id='block_1_59' title="bbox 346 4038 1994 4110">
    <p class='ocr_par' dir='ltr' id='par_1_59' title="bbox 346 4038 1994 4110">
     <span class='ocr_line' id='line_1_59' title="bbox 346 4038 1994 4110; baseline -0.004 -9"><span class='ocrx_word' id='word_1_369' title='bbox 346 4044 640 4102; x_wconf 88' lang='lat' dir='ltr'><strong>dementia</strong></span> <span class='ocrx_word' id='word_1_370' title='bbox 669 4040 1036 4098; x_wconf 89' lang='lat' dir='ltr'><strong>debacchari.</strong></span> <span class='ocrx_word' id='word_1_371' title='bbox 1075 4041 1287 4096; x_wconf 67' lang='lat' dir='ltr'><strong>Prazter</strong></span> <span class='ocrx_word' id='word_1_372' title='bbox 1317 4039 1439 4094; x_wconf 78' lang='lat' dir='ltr'><strong>hzec</strong></span> <span class='ocrx_word' id='word_1_373' title='bbox 1471 4038 1712 4095; x_wconf 89' lang='lat' dir='ltr'><strong>libidine</strong></span> <span class='ocrx_word' id='word_1_374' title='bbox 1761 4039 1994 4110; x_wconf 84' lang='lat' dir='ltr'><strong>ardens,</strong></span> 
     </span>
    </p>
   </div>
   <div class='ocr_carea' id='block_1_60' title="bbox 345 4126 1993 4192">
    <p class='ocr_par' dir='ltr' id='par_1_60' title="bbox 345 4126 1993 4192">
     <span class='ocr_line' id='line_1_60' title="bbox 345 4126 1993 4192; baseline -0.004 -3"><span class='ocrx_word' id='word_1_375' title='bbox 345 4133 471 4189; x_wconf 90' lang='lat' dir='ltr'><strong>sine</strong></span> <span class='ocrx_word' id='word_1_376' title='bbox 501 4129 931 4187; x_wconf 86' lang='lat' dir='ltr'><strong>intermissione</strong></span> <span class='ocrx_word' id='word_1_377' title='bbox 959 4129 1246 4183; x_wconf 83' lang='lat' dir='ltr'><strong>aestuabat</strong></span> <span class='ocrx_word' id='word_1_378' title='bbox 1277 4127 1349 4182; x_wconf 86' lang='lat' dir='ltr'><strong>ad</strong></span> <span class='ocrx_word' id='word_1_379' title='bbox 1380 4127 1621 4183; x_wconf 89' lang='lat' dir='ltr'><strong>coitum.</strong></span> <span class='ocrx_word' id='word_1_380' title='bbox 1651 4126 1874 4192; x_wconf 89' lang='lat' dir='ltr'><strong>Quibus</strong></span> <span class='ocrx_word' id='word_1_381' title='bbox 1906 4143 1993 4183; x_wconf 89' lang='lat' dir='ltr'><strong>re-</strong></span> 
     </span>
    </p>
   </div>
   <div class='ocr_carea' id='block_1_61' title="bbox 344 4204 1990 4288">
    <p class='ocr_par' dir='ltr' id='par_1_61' title="bbox 344 4204 1990 4288">
     <span class='ocr_line' id='line_1_61' title="bbox 344 4204 1990 4288; baseline -0.003 -12"><span class='ocrx_word' id='word_1_382' title='bbox 344 4223 456 4276; x_wconf 90' lang='lat' dir='ltr'><strong>bus</strong></span> <span class='ocrx_word' id='word_1_383' title='bbox 486 4204 832 4275; x_wconf 82' lang='lat' dir='ltr'><strong>venerabilis</strong></span> <span class='ocrx_word' id='word_1_384' title='bbox 864 4220 1028 4288; x_wconf 89' lang='lat' dir='ltr'><strong>pater</strong></span> <span class='ocrx_word' id='word_1_385' title='bbox 1057 4216 1396 4270; x_wconf 88' lang='lat' dir='ltr'><strong>Dunstanus</strong></span> <span class='ocrx_word' id='word_1_386' title='bbox 1427 4215 1678 4288; x_wconf 87' lang='lat' dir='ltr'><strong>graviter</strong></span> <span class='ocrx_word' id='word_1_387' title='bbox 1713 4215 1990 4284; x_wconf 79' lang='lat' dir='ltr'><strong>offensus,</strong></span> 
     </span>
    </p>
   </div>
   <div class='ocr_carea' id='block_1_62' title="bbox 343 4303 1992 4382">
    <p class='ocr_par' dir='ltr' id='par_1_62' title="bbox 343 4303 1992 4382">
     <span class='ocr_line' id='line_1_62' title="bbox 343 4303 1992 4382; baseline -0.004 -16"><span class='ocrx_word' id='word_1_388' title='bbox 343 4311 678 4382; x_wconf 85' lang='lat' dir='ltr'><strong>frequenter</strong></span> <span class='ocrx_word' id='word_1_389' title='bbox 707 4322 841 4362; x_wconf 88' lang='lat' dir='ltr'><strong>eum</strong></span> <span class='ocrx_word' id='word_1_390' title='bbox 872 4303 1049 4360; x_wconf 89' lang='lat' dir='ltr'><strong>simul</strong></span> <span class='ocrx_word' id='word_1_391' title='bbox 1079 4309 1136 4360; x_wconf 92' lang='lat' dir='ltr'><strong>et</strong></span> <span class='ocrx_word' id='word_1_392' title='bbox 1167 4303 1376 4358; x_wconf 90' lang='lat' dir='ltr'><strong>acriter</strong></span> <span class='ocrx_word' id='word_1_393' title='bbox 1394 4303 1454 4358; x_wconf 89' lang='lat' dir='ltr'><strong>in</strong></span> <span class='ocrx_word' id='word_1_394' title='bbox 1479 4303 1621 4358; x_wconf 90' lang='lat' dir='ltr'><strong>locis</strong></span> <span class='ocrx_word' id='word_1_395' title='bbox 1650 4304 1992 4376; x_wconf 88' lang='lat' dir='ltr'><strong>opportunis</strong></span> 
     </span>
    </p>
   </div>
   <div class='ocr_carea' id='block_1_63' title="bbox 342 4391 1987 4471">
    <p class='ocr_par' dir='ltr' id='par_1_63' title="bbox 342 4391 1987 4471">
     <span class='ocr_line' id='line_1_63' title="bbox 342 4391 1987 4471; baseline -0.004 -17"><span class='ocrx_word' id='word_1_396' title='bbox 342 4401 671 4471; x_wconf 89' lang='lat' dir='ltr'><strong>increpare;</strong></span> <span class='ocrx_word' id='word_1_397' title='bbox 704 4395 800 4450; x_wconf 89' lang='lat' dir='ltr'><strong>ille</strong></span> <span class='ocrx_word' id='word_1_398' title='bbox 857 4396 1252 4465; x_wconf 88' lang='lat' dir='ltr'><strong>increpantem</strong></span> <span class='ocrx_word' id='word_1_399' title='bbox 1305 4392 1512 4460; x_wconf 88' lang='lat' dir='ltr'><strong>ridere,</strong></span> <span class='ocrx_word' id='word_1_400' title='bbox 1563 4391 1858 4465; x_wconf 90' lang='lat' dir='ltr'><strong>simulque</strong></span> <span class='ocrx_word' id='word_1_401' title='bbox 1906 4393 1987 4449; x_wconf 90' lang='lat' dir='ltr'><strong>illi</strong></span> 
     </span>
    </p>
   </div>
   <div class='ocr_carea' id='block_1_64' title="bbox 2104 1815 3755 1889">
    <p class='ocr_par' dir='ltr' id='par_1_64' title="bbox 2104 1815 3755 1889">
     <span class='ocr_line' id='line_1_64' title="bbox 2104 1815 3755 1889; baseline 0.003 -16"><span class='ocrx_word' id='word_1_402' title='bbox 2104 1832 2240 1889; x_wconf 85' lang='lat' dir='ltr'><strong>ergo</strong></span> <span class='ocrx_word' id='word_1_403' title='bbox 2273 1816 2588 1872; x_wconf 88' lang='lat' dir='ltr'><strong>dubietatis</strong></span> <span class='ocrx_word' id='word_1_404' title='bbox 2619 1815 2868 1873; x_wconf 87' lang='lat' dir='ltr'><strong>ulterius</strong></span> <span class='ocrx_word' id='word_1_405' title='bbox 2901 1817 2972 1873; x_wconf 89' lang='lat' dir='ltr'><strong>de</strong></span> <span class='ocrx_word' id='word_1_406' title='bbox 3008 1817 3130 1874; x_wconf 91' lang='lat' dir='ltr'><strong>viro</strong></span> <span class='ocrx_word' id='word_1_407' title='bbox 3160 1817 3260 1874; x_wconf 90' lang='lat' dir='ltr'><strong>Dei</strong></span> <span class='ocrx_word' id='word_1_408' title='bbox 3293 1817 3539 1888; x_wconf 88' lang='lat' dir='ltr'><strong>habens,</strong></span> <span class='ocrx_word' id='word_1_409' title='bbox 3570 1821 3755 1878; x_wconf 90' lang='lat' dir='ltr'><strong>semel</strong></span> 
     </span>
    </p>
   </div>
   <div class='ocr_carea' id='block_1_65' title="bbox 2105 1905 3758 1982">
    <p class='ocr_par' dir='ltr' id='par_1_65' title="bbox 2105 1905 3758 1982">
     <span class='ocr_line' id='line_1_65' title="bbox 2105 1905 3758 1982; baseline 0.004 -22"><span class='ocrx_word' id='word_1_410' title='bbox 2105 1912 2280 1978; x_wconf 87' lang='lat' dir='ltr'><strong>atque</strong></span> <span class='ocrx_word' id='word_1_411' title='bbox 2311 1905 2487 1961; x_wconf 88' lang='lat' dir='ltr'><strong>simul</strong></span> <span class='ocrx_word' id='word_1_412' title='bbox 2519 1922 2722 1962; x_wconf 90' lang='lat' dir='ltr'><strong>omnes</strong></span> <span class='ocrx_word' id='word_1_413' title='bbox 2753 1905 3104 1962; x_wconf 87' lang='lat' dir='ltr'><strong>insidiarum</strong></span> <span class='ocrx_word' id='word_1_414' title='bbox 3139 1923 3382 1964; x_wconf 91' lang='lat' dir='ltr'><strong>suarum</strong></span> <span class='ocrx_word' id='word_1_415' title='bbox 3410 1907 3652 1982; x_wconf 87' lang='lat' dir='ltr'><strong>laqueos</strong></span> <span class='ocrx_word' id='word_1_416' title='bbox 3670 1909 3758 1966; x_wconf 87' lang='lat' dir='ltr'><strong>illi</strong></span> 
     </span>
    </p>
   </div>
   <div class='ocr_carea' id='block_1_66' title="bbox 2105 1993 3755 2072">
    <p class='ocr_par' dir='ltr' id='par_1_66' title="bbox 2105 1993 3755 2072">
     <span class='ocr_line' id='line_1_66' title="bbox 2105 1993 3755 2072; baseline 0.003 -22"><span class='ocrx_word' id='word_1_417' title='bbox 2105 1995 2405 2050; x_wconf 87' lang='lat' dir='ltr'><strong>intendere</strong></span> <span class='ocrx_word' id='word_1_418' title='bbox 2435 1993 3014 2050; x_wconf 89' lang='lat' dir='ltr'><strong>statuit.Translatus</strong></span> <span class='ocrx_word' id='word_1_419' title='bbox 3029 1993 3228 2067; x_wconf 87' lang='lat' dir='ltr'><strong>itaque</strong></span> <span class='ocrx_word' id='word_1_420' title='bbox 3247 1995 3306 2051; x_wconf 91' lang='lat' dir='ltr'><strong>in</strong></span> <span class='ocrx_word' id='word_1_421' title='bbox 3324 1996 3580 2068; x_wconf 87' lang='lat' dir='ltr'><strong>speciem</strong></span> <span class='ocrx_word' id='word_1_422' title='bbox 3603 1999 3755 2072; x_wconf 87' lang='lat' dir='ltr'><strong>ursi,</strong></span> 
     </span>
    </p>
   </div>
   <div class='ocr_carea' id='block_1_67' title="bbox 2107 2081 3757 2160">
    <p class='ocr_par' dir='ltr' id='par_1_67' title="bbox 2107 2081 3757 2160">
     <span class='ocr_line' id='line_1_67' title="bbox 2107 2081 3757 2160; baseline 0.002 -21"><span class='ocrx_word' id='word_1_423' title='bbox 2107 2082 2474 2140; x_wconf 89' lang='lat' dir='ltr'><strong>consimilem</strong></span> <span class='ocrx_word' id='word_1_424' title='bbox 2506 2083 2690 2138; x_wconf 88' lang='lat' dir='ltr'><strong>hianti</strong></span> <span class='ocrx_word' id='word_1_425' title='bbox 2731 2081 2880 2138; x_wconf 88' lang='lat' dir='ltr'><strong>rictu</strong></span> <span class='ocrx_word' id='word_1_426' title='bbox 2921 2087 3186 2139; x_wconf 90' lang='lat' dir='ltr'><strong>orantem</strong></span> <span class='ocrx_word' id='word_1_427' title='bbox 3234 2083 3344 2158; x_wconf 81' lang='lat'><strong>(36)</strong></span> <span class='ocrx_word' id='word_1_428' title='bbox 3395 2086 3757 2160; x_wconf 81' lang='lat' dir='ltr'><strong>aggreditur,</strong></span> 
     </span>
    </p>
   </div>
   <div class='ocr_carea' id='block_1_68' title="bbox 2107 2171 3758 2246">
    <p class='ocr_par' dir='ltr' id='par_1_68' title="bbox 2107 2171 3758 2246">
     <span class='ocr_line' id='line_1_68' title="bbox 2107 2171 3758 2246; baseline 0.003 -20"><span class='ocrx_word' id='word_1_429' title='bbox 2107 2173 2456 2245; x_wconf 88' lang='lat' dir='ltr'><strong>injectisque</strong></span> <span class='ocrx_word' id='word_1_430' title='bbox 2473 2171 2710 2245; x_wconf 89' lang='lat' dir='ltr'><strong>ungulis</strong></span> <span class='ocrx_word' id='word_1_431' title='bbox 2725 2171 3283 2246; x_wconf 56' lang='lat' dir='ltr'><strong>pastoralemyquam</strong></span> <span class='ocrx_word' id='word_1_432' title='bbox 3297 2189 3476 2230; x_wconf 88' lang='lat' dir='ltr'><strong>manu</strong></span> <span class='ocrx_word' id='word_1_433' title='bbox 3501 2175 3758 2244; x_wconf 85' lang='lat' dir='ltr'><strong>tenebat,</strong></span> 
     </span>
    </p>
   </div>
   <div class='ocr_carea' id='block_1_69' title="bbox 2105 2260 3755 2334">
    <p class='ocr_par' dir='ltr' id='par_1_69' title="bbox 2105 2260 3755 2334">
     <span class='ocr_line' id='line_1_69' title="bbox 2105 2260 3755 2334; baseline 0.005 -18"><span class='ocrx_word' id='word_1_434' title='bbox 2105 2261 2349 2334; x_wconf 83' lang='lat' dir='ltr'><strong>virgam,</strong></span> <span class='ocrx_word' id='word_1_435' title='bbox 2380 2260 2803 2334; x_wconf 89' lang='lat' dir='ltr'><strong>complectitur,</strong></span> <span class='ocrx_word' id='word_1_436' title='bbox 2819 2265 2995 2334; x_wconf 88' lang='lat' dir='ltr'><strong>atque</strong></span> <span class='ocrx_word' id='word_1_437' title='bbox 3025 2261 3098 2318; x_wconf 91' lang='lat' dir='ltr'><strong>ad</strong></span> <span class='ocrx_word' id='word_1_438' title='bbox 3132 2279 3194 2318; x_wconf 90' lang='lat' dir='ltr'><strong>se</strong></span> <span class='ocrx_word' id='word_1_439' title='bbox 3224 2262 3455 2320; x_wconf 89' lang='lat' dir='ltr'><strong>trahere</strong></span> <span class='ocrx_word' id='word_1_440' title='bbox 3487 2268 3755 2324; x_wconf 84' lang='lat' dir='ltr'><strong>conatur.</strong></span> 
     </span>
    </p>
   </div>
   <div class='ocr_carea' id='block_1_70' title="bbox 2105 2349 3760 2423">
    <p class='ocr_par' dir='ltr' id='par_1_70' title="bbox 2105 2349 3760 2423">
     <span class='ocr_line' id='line_1_70' title="bbox 2105 2349 3760 2423; baseline 0.003 -18"><span class='ocrx_word' id='word_1_441' title='bbox 2105 2352 2178 2405; x_wconf 83' lang='lat' dir='ltr'><strong>At</strong></span> <span class='ocrx_word' id='word_1_442' title='bbox 2208 2351 2442 2406; x_wconf 90' lang='lat' dir='ltr'><strong>divinus</strong></span> <span class='ocrx_word' id='word_1_443' title='bbox 2469 2349 3159 2418; x_wconf 88' lang='lat' dir='ltr'><strong>Dunstanus,divinitatis</strong></span> <span class='ocrx_word' id='word_1_444' title='bbox 3179 2349 3390 2423; x_wconf 88' lang='lat' dir='ltr'><strong>spiritu</strong></span> <span class='ocrx_word' id='word_1_445' title='bbox 3423 2351 3652 2408; x_wconf 85' lang='lat' dir='ltr'><strong>fortiter</strong></span> <span class='ocrx_word' id='word_1_446' title='bbox 3671 2370 3760 2410; x_wconf 89' lang='lat' dir='ltr'><strong>ro-</strong></span> 
     </span>
    </p>
   </div>
   <div class='ocr_carea' id='block_1_71' title="bbox 2108 2437 3762 2512">
    <p class='ocr_par' dir='ltr' id='par_1_71' title="bbox 2108 2437 3762 2512">
     <span class='ocr_line' id='line_1_71' title="bbox 2108 2437 3762 2512; baseline 0.003 -19"><span class='ocrx_word' id='word_1_447' title='bbox 2108 2439 2689 2506; x_wconf 84' lang='lat' dir='ltr'><strong>boratus,retractum</strong></span> <span class='ocrx_word' id='word_1_448' title='bbox 2721 2438 2795 2494; x_wconf 89' lang='lat' dir='ltr'><strong>ad</strong></span> <span class='ocrx_word' id='word_1_449' title='bbox 2819 2454 2882 2494; x_wconf 82' lang='lat' dir='ltr'><strong>se</strong></span> <span class='ocrx_word' id='word_1_450' title='bbox 2910 2437 3186 2495; x_wconf 87' lang='lat' dir='ltr'><strong>baculum</strong></span> <span class='ocrx_word' id='word_1_451' title='bbox 3205 2437 3382 2512; x_wconf 81' lang='lat' dir='ltr'><strong>erigit</strong></span> <span class='ocrx_word' id='word_1_452' title='bbox 3398 2439 3457 2495; x_wconf 91' lang='lat' dir='ltr'><strong>in</strong></span> <span class='ocrx_word' id='word_1_453' title='bbox 3481 2439 3762 2512; x_wconf 87' lang='lat' dir='ltr'><strong>sublime,</strong></span> 
     </span>
    </p>
   </div>
   <div class='ocr_carea' id='block_1_72' title="bbox 2107 2527 3762 2602">
    <p class='ocr_par' dir='ltr' id='par_1_72' title="bbox 2107 2527 3762 2602">
     <span class='ocr_line' id='line_1_72' title="bbox 2107 2527 3762 2602; baseline 0.002 -19"><span class='ocrx_word' id='word_1_454' title='bbox 2107 2528 2428 2601; x_wconf 82' lang='lat' dir='ltr'><strong>fugientem</strong></span> <span class='ocrx_word' id='word_1_455' title='bbox 2485 2527 2742 2584; x_wconf 89' lang='lat' dir='ltr'><strong>belluam</strong></span> <span class='ocrx_word' id='word_1_456' title='bbox 2799 2527 3098 2584; x_wconf 90' lang='lat' dir='ltr'><strong>dirissime</strong></span> <span class='ocrx_word' id='word_1_457' title='bbox 3162 2527 3356 2597; x_wconf 69' lang='lat' dir='ltr'><strong>caedit;</strong></span> <span class='ocrx_word' id='word_1_458' title='bbox 3419 2545 3526 2586; x_wconf 90' lang='lat' dir='ltr'><strong>nec</strong></span> <span class='ocrx_word' id='word_1_459' title='bbox 3590 2528 3762 2602; x_wconf 89' lang='lat' dir='ltr'><strong>prius</strong></span> 
     </span>
    </p>
   </div>
   <div class='ocr_carea' id='block_1_73' title="bbox 2109 2615 3762 2692">
    <p class='ocr_par' dir='ltr' id='par_1_73' title="bbox 2109 2615 3762 2692">
     <span class='ocr_line' id='line_1_73' title="bbox 2109 2615 3762 2692; baseline 0.001 -19"><span class='ocrx_word' id='word_1_460' title='bbox 2109 2621 2440 2674; x_wconf 87' lang='lat' dir='ltr'><strong>monstrum</strong></span> <span class='ocrx_word' id='word_1_461' title='bbox 2471 2617 2744 2672; x_wconf 75' lang='lat' dir='ltr'><strong>caedendo</strong></span> <span class='ocrx_word' id='word_1_462' title='bbox 2801 2615 3054 2684; x_wconf 85' lang='lat' dir='ltr'><strong>desistit,</strong></span> <span class='ocrx_word' id='word_1_463' title='bbox 3117 2632 3298 2688; x_wconf 88' lang='lat' dir='ltr'><strong>quam</strong></span> <span class='ocrx_word' id='word_1_464' title='bbox 3350 2617 3646 2692; x_wconf 82' lang='lat' dir='ltr'><strong>flagellum</strong></span> <span class='ocrx_word' id='word_1_465' title='bbox 3697 2619 3762 2675; x_wconf 88' lang='lat' dir='ltr'><strong>in</strong></span> 
     </span>
    </p>
   </div>
   <div class='ocr_carea' id='block_1_74' title="bbox 2107 2704 3764 2780">
    <p class='ocr_par' dir='ltr' id='par_1_74' title="bbox 2107 2704 3764 2780">
     <span class='ocr_line' id='line_1_74' title="bbox 2107 2704 3764 2780; baseline 0 -17"><span class='ocrx_word' id='word_1_466' title='bbox 2107 2711 2269 2780; x_wconf 88' lang='lat' dir='ltr'><strong>tergo</strong></span> <span class='ocrx_word' id='word_1_467' title='bbox 2302 2705 2459 2762; x_wconf 90' lang='lat' dir='ltr'><strong>illius</strong></span> <span class='ocrx_word' id='word_1_468' title='bbox 2489 2705 2679 2762; x_wconf 90' lang='lat' dir='ltr'><strong>tribus</strong></span> <span class='ocrx_word' id='word_1_469' title='bbox 2711 2705 2770 2762; x_wconf 92' lang='lat' dir='ltr'><strong>in</strong></span> <span class='ocrx_word' id='word_1_470' title='bbox 2801 2704 3068 2778; x_wconf 88' lang='lat' dir='ltr'><strong>partibus</strong></span> <span class='ocrx_word' id='word_1_471' title='bbox 3099 2705 3529 2762; x_wconf 87' lang='lat' dir='ltr'><strong>comminutum</strong></span> <span class='ocrx_word' id='word_1_472' title='bbox 3573 2723 3764 2780; x_wconf 81' lang='lat' dir='ltr'><strong>appa—</strong></span> 
     </span>
    </p>
   </div>
   <div class='ocr_carea' id='block_1_75' title="bbox 2111 2795 2392 2866">
    <p class='ocr_par' dir='ltr' id='par_1_75' title="bbox 2111 2795 2392 2866">
     <span class='ocr_line' id='line_1_75' title="bbox 2111 2795 2392 2866; baseline -0.004 -16"><span class='ocrx_word' id='word_1_473' title='bbox 2111 2795 2228 2851; x_wconf 88' lang='lat' dir='ltr'><strong>ruit</strong></span> <span class='ocrx_word' id='word_1_474' title='bbox 2257 2796 2392 2866; x_wconf 82' lang='lat'><strong>(37).</strong></span> 
     </span>
    </p>
   </div>
   <div class='ocr_carea' id='block_1_76' title="bbox 2179 2885 3694 2958">
    <p class='ocr_par' dir='ltr' id='par_1_76' title="bbox 2179 2885 3694 2958">
     <span class='ocr_line' id='line_1_76' title="bbox 2179 2885 3694 2958; baseline 0.001 -18"><span class='ocrx_word' id='word_1_475' title='bbox 2179 2886 2336 2958; x_wconf 74' lang='lat' dir='ltr'><strong>Regis</strong></span> <span class='ocrx_word' id='word_1_476' title='bbox 2363 2901 2574 2941; x_wconf 78' lang='lat' dir='ltr'><strong>amores</strong></span> <span class='ocrx_word' id='word_1_477' title='bbox 2605 2886 2915 2953; x_wconf 69' lang='lat' dir='ltr'><strong>insectatus,</strong></span> <span class='ocrx_word' id='word_1_478' title='bbox 2941 2886 3002 2940; x_wconf 84' lang='lat' dir='ltr'><strong>in</strong></span> <span class='ocrx_word' id='word_1_479' title='bbox 3029 2885 3266 2941; x_wconf 69' lang='lat' dir='ltr'><strong>exilium</strong></span> <span class='ocrx_word' id='word_1_480' title='bbox 3295 2885 3498 2956; x_wconf 78' lang='lat' dir='ltr'><strong>agitur.</strong></span> <span class='ocrx_word' id='word_1_481' title='bbox 3537 2885 3694 2958; x_wconf 82' lang='lat' dir='ltr'><strong>Apud</strong></span> 
     </span>
    </p>
   </div>
   <div class='ocr_carea' id='block_1_77' title="bbox 2680 2972 3190 3046">
    <p class='ocr_par' dir='ltr' id='par_1_77' title="bbox 2680 2972 3190 3046">
     <span class='ocr_line' id='line_1_77' title="bbox 2680 2972 3190 3046; baseline -0.002 -16"><span class='ocrx_word' id='word_1_482' title='bbox 2680 2972 2997 3030; x_wconf 82' lang='lat' dir='ltr'><strong>Gandavum</strong></span> <span class='ocrx_word' id='word_1_483' title='bbox 3027 2973 3190 3046; x_wconf 78' lang='lat' dir='ltr'><strong>degit.</strong></span> 
     </span>
    </p>
   </div>
   <div class='ocr_carea' id='block_1_78' title="bbox 2179 3061 3769 3136">
    <p class='ocr_par' dir='ltr' id='par_1_78' title="bbox 2179 3061 3769 3136">
     <span class='ocr_line' id='line_1_78' title="bbox 2179 3061 3769 3136; baseline 0.001 -18"><span class='ocrx_word' id='word_1_484' title='bbox 2179 3065 2270 3119; x_wconf 88' lang='lat'><strong>27.</strong></span> <span class='ocrx_word' id='word_1_485' title='bbox 2301 3063 2504 3118; x_wconf 89' lang='lat' dir='ltr'><strong>Victus</strong></span> <span class='ocrx_word' id='word_1_486' title='bbox 2535 3079 2670 3136; x_wconf 90' lang='lat' dir='ltr'><strong>ergo</strong></span> <span class='ocrx_word' id='word_1_487' title='bbox 2701 3062 2761 3117; x_wconf 89' lang='lat' dir='ltr'><strong>in</strong></span> <span class='ocrx_word' id='word_1_488' title='bbox 2793 3080 2855 3119; x_wconf 90' lang='lat' dir='ltr'><strong>se</strong></span> <span class='ocrx_word' id='word_1_489' title='bbox 2887 3061 3176 3131; x_wconf 88' lang='lat' dir='ltr'><strong>diabolus,</strong></span> <span class='ocrx_word' id='word_1_490' title='bbox 3221 3062 3282 3118; x_wconf 90' lang='lat' dir='ltr'><strong>in</strong></span> <span class='ocrx_word' id='word_1_491' title='bbox 3323 3061 3454 3118; x_wconf 90' lang='lat' dir='ltr'><strong>aliis</strong></span> <span class='ocrx_word' id='word_1_492' title='bbox 3484 3063 3769 3120; x_wconf 75' lang='lat' dir='ltr'><strong>victorem</strong></span> 
     </span>
    </p>
   </div>
   <div class='ocr_carea' id='block_1_79' title="bbox 2028 3127 3768 3224">
    <p class='ocr_par' dir='ltr' id='par_1_79' title="bbox 2028 3127 3768 3224">
     <span class='ocr_line' id='line_1_79' title="bbox 2028 3127 3768 3224; baseline 0.002 -18"><span class='ocrx_word' id='word_1_493' title='bbox 2028 3127 2072 3197; x_wconf 68' lang='grc' dir='ltr'>α</span> <span class='ocrx_word' id='word_1_494' title='bbox 2111 3167 2286 3208; x_wconf 90' lang='lat' dir='ltr'><strong>suum</strong></span> <span class='ocrx_word' id='word_1_495' title='bbox 2315 3152 2546 3207; x_wconf 90' lang='lat' dir='ltr'><strong>vincere</strong></span> <span class='ocrx_word' id='word_1_496' title='bbox 2575 3151 2802 3224; x_wconf 73' lang='lat' dir='ltr'><strong>quaarit.</strong></span> <span class='ocrx_word' id='word_1_497' title='bbox 2843 3151 3042 3224; x_wconf 88' lang='lat' dir='ltr'><strong>Neque</strong></span> <span class='ocrx_word' id='word_1_498' title='bbox 3073 3151 3230 3206; x_wconf 89' lang='lat' dir='ltr'><strong>enim</strong></span> <span class='ocrx_word' id='word_1_499' title='bbox 3259 3168 3456 3208; x_wconf 88' lang='lat' dir='ltr'><strong>rerum</strong></span> <span class='ocrx_word' id='word_1_500' title='bbox 3501 3153 3768 3210; x_wconf 85' lang='lat' dir='ltr'><strong>occasio-</strong></span> 
     </span>
    </p>
   </div>
   <div class='ocr_carea' id='block_1_80' title="bbox 2111 3239 3764 3313">
    <p class='ocr_par' dir='ltr' id='par_1_80' title="bbox 2111 3239 3764 3313">
     <span class='ocr_line' id='line_1_80' title="bbox 2111 3239 3764 3313; baseline 0.001 -17"><span class='ocrx_word' id='word_1_501' title='bbox 2111 3256 2215 3296; x_wconf 89' lang='lat' dir='ltr'><strong>nes</strong></span> <span class='ocrx_word' id='word_1_502' title='bbox 2243 3239 2413 3313; x_wconf 89' lang='lat' dir='ltr'><strong>longe</strong></span> <span class='ocrx_word' id='word_1_503' title='bbox 2441 3240 2769 3306; x_wconf 88' lang='lat' dir='ltr'><strong>abfuerant,</strong></span> <span class='ocrx_word' id='word_1_504' title='bbox 2796 3239 3012 3313; x_wconf 90' lang='lat' dir='ltr'><strong>quibus</strong></span> <span class='ocrx_word' id='word_1_505' title='bbox 3042 3239 3101 3295; x_wconf 92' lang='lat' dir='ltr'><strong>id</strong></span> <span class='ocrx_word' id='word_1_506' title='bbox 3133 3241 3288 3313; x_wconf 90' lang='lat' dir='ltr'><strong>quod</strong></span> <span class='ocrx_word' id='word_1_507' title='bbox 3317 3256 3585 3313; x_wconf 87' lang='lat' dir='ltr'><strong>perverse</strong></span> <span class='ocrx_word' id='word_1_508' title='bbox 3635 3258 3764 3298; x_wconf 88' lang='lat' dir='ltr'><strong>mo-</strong></span> 
     </span>
    </p>
   </div>
   <div class='ocr_carea' id='block_1_81' title="bbox 2111 3327 3336 3403">
    <p class='ocr_par' dir='ltr' id='par_1_81' title="bbox 2111 3327 3336 3403">
     <span class='ocr_line' id='line_1_81' title="bbox 2111 3327 3336 3403; baseline 0.001 -19"><span class='ocrx_word' id='word_1_509' title='bbox 2111 3327 2382 3397; x_wconf 87' lang='lat' dir='ltr'><strong>liebatur,</strong></span> <span class='ocrx_word' id='word_1_510' title='bbox 2417 3328 2476 3384; x_wconf 92' lang='lat' dir='ltr'><strong>in</strong></span> <span class='ocrx_word' id='word_1_511' title='bbox 2509 3347 2653 3385; x_wconf 90' lang='lat' dir='ltr'><strong>usus</strong></span> <span class='ocrx_word' id='word_1_512' title='bbox 2683 3328 2976 3403; x_wconf 84' lang='lat' dir='ltr'><strong>malignos</strong></span> <span class='ocrx_word' id='word_1_513' title='bbox 3007 3330 3336 3386; x_wconf 87' lang='lat' dir='ltr'><strong>tranferret.</strong></span> 
     </span>
    </p>
   </div>
   <div class='ocr_carea' id='block_1_82' title="bbox 2181 3418 3765 3491">
    <p class='ocr_par' dir='ltr' id='par_1_82' title="bbox 2181 3418 3765 3491">
     <span class='ocr_line' id='line_1_82' title="bbox 2181 3418 3765 3491; baseline 0.001 -17"><span class='ocrx_word' id='word_1_514' title='bbox 2181 3418 2326 3474; x_wconf 88' lang='lat' dir='ltr'><strong>Nam</strong></span> <span class='ocrx_word' id='word_1_515' title='bbox 2363 3434 2496 3491; x_wconf 90' lang='lat' dir='ltr'><strong>rege</strong></span> <span class='ocrx_word' id='word_1_516' title='bbox 2525 3418 2762 3490; x_wconf 77' lang='lat' dir='ltr'><strong>praefato</strong></span> <span class='ocrx_word' id='word_1_517' title='bbox 2792 3419 2996 3474; x_wconf 89' lang='lat' dir='ltr'><strong>eodem</strong></span> <span class='ocrx_word' id='word_1_518' title='bbox 3028 3435 3142 3491; x_wconf 89' lang='lat' dir='ltr'><strong>quo</strong></span> <span class='ocrx_word' id='word_1_519' title='bbox 3162 3422 3536 3474; x_wconf 89' lang='lat' dir='ltr'><strong>consecratus</strong></span> <span class='ocrx_word' id='word_1_520' title='bbox 3567 3419 3765 3476; x_wconf 79' lang='lat' dir='ltr'><strong>fuerat</strong></span> 
     </span>
    </p>
   </div>
   <div class='ocr_carea' id='block_1_83' title="bbox 2109 3505 3760 3580">
    <p class='ocr_par' dir='ltr' id='par_1_83' title="bbox 2109 3505 3760 3580">
     <span class='ocr_line' id='line_1_83' title="bbox 2109 3505 3760 3580; baseline 0.001 -17"><span class='ocrx_word' id='word_1_521' title='bbox 2109 3506 2203 3563; x_wconf 89' lang='lat' dir='ltr'><strong>die</strong></span> <span class='ocrx_word' id='word_1_522' title='bbox 2233 3507 2291 3560; x_wconf 91' lang='lat' dir='ltr'><strong>in</strong></span> <span class='ocrx_word' id='word_1_523' title='bbox 2325 3510 2524 3578; x_wconf 88' lang='lat' dir='ltr'><strong>turpes</strong></span> <span class='ocrx_word' id='word_1_524' title='bbox 2554 3505 2901 3563; x_wconf 85' lang='lat' dir='ltr'><strong>concubitus</strong></span> <span class='ocrx_word' id='word_1_525' title='bbox 2930 3505 3164 3579; x_wconf 89' lang='lat' dir='ltr'><strong>publice</strong></span> <span class='ocrx_word' id='word_1_526' title='bbox 3210 3505 3500 3576; x_wconf 82' lang='lat' dir='ltr'><strong>devoluta,</strong></span> <span class='ocrx_word' id='word_1_527' title='bbox 3533 3523 3601 3563; x_wconf 89' lang='lat' dir='ltr'><strong>ac</strong></span> <span class='ocrx_word' id='word_1_528' title='bbox 3651 3525 3760 3580; x_wconf 88' lang='lat' dir='ltr'><strong>per</strong></span> 
     </span>
    </p>
   </div>
   <div class='ocr_carea' id='block_1_84' title="bbox 2108 3595 3761 3664">
    <p class='ocr_par' dir='ltr' id='par_1_84' title="bbox 2108 3595 3761 3664">
     <span class='ocr_line' id='line_1_84' title="bbox 2108 3595 3761 3664; baseline 0.001 -12"><span class='ocrx_word' id='word_1_529' title='bbox 2108 3595 2218 3652; x_wconf 90' lang='lat' dir='ltr'><strong>hoc</strong></span> <span class='ocrx_word' id='word_1_530' title='bbox 2248 3595 2408 3652; x_wconf 89' lang='lat' dir='ltr'><strong>omni</strong></span> <span class='ocrx_word' id='word_1_531' title='bbox 2439 3595 2729 3652; x_wconf 90' lang='lat' dir='ltr'><strong>senatorio</strong></span> <span class='ocrx_word' id='word_1_532' title='bbox 2775 3596 2977 3652; x_wconf 89' lang='lat' dir='ltr'><strong>ordine</strong></span> <span class='ocrx_word' id='word_1_533' title='bbox 3017 3595 3260 3664; x_wconf 81' lang='lat' dir='ltr'><strong>otfenso,</strong></span> <span class='ocrx_word' id='word_1_534' title='bbox 3291 3595 3529 3652; x_wconf 86' lang='lat' dir='ltr'><strong>nemine</strong></span> <span class='ocrx_word' id='word_1_535' title='bbox 3558 3599 3761 3654; x_wconf 87' lang='lat' dir='ltr'><strong>tamen</strong></span> 
     </span>
    </p>
   </div>
   <div class='ocr_carea' id='block_1_85' title="bbox 2107 3684 3760 3758">
    <p class='ocr_par' dir='ltr' id='par_1_85' title="bbox 2107 3684 3760 3758">
     <span class='ocr_line' id='line_1_85' title="bbox 2107 3684 3760 3758; baseline 0.001 -17"><span class='ocrx_word' id='word_1_536' title='bbox 2107 3686 2236 3756; x_wconf 89' lang='lat' dir='ltr'><strong>ejus</strong></span> <span class='ocrx_word' id='word_1_537' title='bbox 2267 3684 2563 3741; x_wconf 86' lang='lat' dir='ltr'><strong>lasciviam</strong></span> <span class='ocrx_word' id='word_1_538' title='bbox 2596 3685 2942 3758; x_wconf 88' lang='lat' dir='ltr'><strong>redarguere</strong></span> <span class='ocrx_word' id='word_1_539' title='bbox 2989 3701 3158 3752; x_wconf 89' lang='lat' dir='ltr'><strong>auso,</strong></span> <span class='ocrx_word' id='word_1_540' title='bbox 3191 3685 3315 3758; x_wconf 90' lang='lat' dir='ltr'><strong>pari</strong></span> <span class='ocrx_word' id='word_1_541' title='bbox 3355 3701 3424 3740; x_wconf 88' lang='lat' dir='ltr'><strong>ac</strong></span> <span class='ocrx_word' id='word_1_542' title='bbox 3453 3687 3760 3742; x_wconf 90' lang='lat' dir='ltr'><strong>communi</strong></span> 
     </span>
    </p>
   </div>
   <div class='ocr_carea' id='block_1_86' title="bbox 2107 3772 3760 3848">
    <p class='ocr_par' dir='ltr' id='par_1_86' title="bbox 2107 3772 3760 3848">
     <span class='ocr_line' id='line_1_86' title="bbox 2107 3772 3760 3848; baseline -0.001 -16"><span class='ocrx_word' id='word_1_543' title='bbox 2107 3773 2372 3832; x_wconf 90' lang='lat' dir='ltr'><strong>omnium</strong></span> <span class='ocrx_word' id='word_1_544' title='bbox 2403 3779 2533 3830; x_wconf 88' lang='lat' dir='ltr'><strong>voto</strong></span> <span class='ocrx_word' id='word_1_545' title='bbox 2564 3772 3414 3845; x_wconf 83' lang='lat' dir='ltr'><strong>Dunstanus(38)compellatus</strong></span> <span class='ocrx_word' id='word_1_546' title='bbox 3445 3773 3545 3846; x_wconf 90' lang='lat' dir='ltr'><strong>qui</strong></span> <span class='ocrx_word' id='word_1_547' title='bbox 3558 3789 3760 3848; x_wconf 88' lang='lat' dir='ltr'><strong>regem</strong></span> 
     </span>
    </p>
   </div>
   <div class='ocr_carea' id='block_1_87' title="bbox 2106 3861 3762 3934">
    <p class='ocr_par' dir='ltr' id='par_1_87' title="bbox 2106 3861 3762 3934">
     <span class='ocr_line' id='line_1_87' title="bbox 2106 3861 3762 3934; baseline 0.001 -16"><span class='ocrx_word' id='word_1_548' title='bbox 2106 3866 2440 3919; x_wconf 84' lang='lat' dir='ltr'><strong>constanter</strong></span> <span class='ocrx_word' id='word_1_549' title='bbox 2469 3863 2658 3932; x_wconf 89' lang='lat' dir='ltr'><strong>adeat,</strong></span> <span class='ocrx_word' id='word_1_550' title='bbox 2682 3862 2905 3934; x_wconf 83' lang='lat' dir='ltr'><strong>regium</strong></span> <span class='ocrx_word' id='word_1_551' title='bbox 2938 3867 3212 3934; x_wconf 87' lang='lat' dir='ltr'><strong>stuprum</strong></span> <span class='ocrx_word' id='word_1_552' title='bbox 3243 3861 3440 3918; x_wconf 88' lang='lat' dir='ltr'><strong>divina</strong></span> <span class='ocrx_word' id='word_1_553' title='bbox 3461 3862 3762 3920; x_wconf 87' lang='lat' dir='ltr'><strong>humana-</strong></span> 
     </span>
    </p>
   </div>
   <div class='ocr_carea' id='block_1_88' title="bbox 2105 3949 3760 4024">
    <p class='ocr_par' dir='ltr' id='par_1_88' title="bbox 2105 3949 3760 4024">
     <span class='ocr_line' id='line_1_88' title="bbox 2105 3949 3760 4024; baseline 0.001 -18"><span class='ocrx_word' id='word_1_554' title='bbox 2105 3967 2220 4024; x_wconf 91' lang='lat' dir='ltr'><strong>que</strong></span> <span class='ocrx_word' id='word_1_555' title='bbox 2251 3951 2474 4007; x_wconf 88' lang='lat' dir='ltr'><strong>ratione</strong></span> <span class='ocrx_word' id='word_1_556' title='bbox 2503 3955 2860 4022; x_wconf 87' lang='lat' dir='ltr'><strong>compescat,</strong></span> <span class='ocrx_word' id='word_1_557' title='bbox 2890 3949 3156 4006; x_wconf 89' lang='lat' dir='ltr'><strong>mulieris</strong></span> <span class='ocrx_word' id='word_1_558' title='bbox 3176 3949 3454 4006; x_wconf 70' lang='lat' dir='ltr'><strong>adulteraa</strong></span> <span class='ocrx_word' id='word_1_559' title='bbox 3486 3953 3760 4008; x_wconf 85' lang='lat' dir='ltr'><strong>meretri-</strong></span> 
     </span>
    </p>
   </div>
   <div class='ocr_carea' id='block_1_89' title="bbox 2103 4037 3761 4111">
    <p class='ocr_par' dir='ltr' id='par_1_89' title="bbox 2103 4037 3761 4111">
     <span class='ocr_line' id='line_1_89' title="bbox 2103 4037 3761 4111; baseline 0.003 -17"><span class='ocrx_word' id='word_1_560' title='bbox 2103 4038 2260 4094; x_wconf 90' lang='lat' dir='ltr'><strong>cium</strong></span> <span class='ocrx_word' id='word_1_561' title='bbox 2281 4037 2594 4111; x_wconf 82' lang='lat' dir='ltr'><strong>suSpendii</strong></span> <span class='ocrx_word' id='word_1_562' title='bbox 2625 4038 3079 4095; x_wconf 89' lang='lat' dir='ltr'><strong>comminatione</strong></span> <span class='ocrx_word' id='word_1_563' title='bbox 3109 4037 3405 4110; x_wconf 88' lang='lat' dir='ltr'><strong>percellat.</strong></span> <span class='ocrx_word' id='word_1_564' title='bbox 3440 4039 3596 4096; x_wconf 89' lang='lat' dir='ltr'><strong>Fecit</strong></span> <span class='ocrx_word' id='word_1_565' title='bbox 3643 4040 3761 4099; x_wconf 91' lang='lat' dir='ltr'><strong>hoc</strong></span> 
     </span>
    </p>
   </div>
   <div class='ocr_carea' id='block_1_90' title="bbox 2104 4127 3758 4200">
    <p class='ocr_par' dir='ltr' id='par_1_90' title="bbox 2104 4127 3758 4200">
     <span class='ocr_line' id='line_1_90' title="bbox 2104 4127 3758 4200; baseline 0.002 -18"><span class='ocrx_word' id='word_1_566' title='bbox 2104 4127 2285 4196; x_wconf 90' lang='lat' dir='ltr'><strong>ille,et</strong></span> <span class='ocrx_word' id='word_1_567' title='bbox 2313 4143 2522 4200; x_wconf 88' lang='lat' dir='ltr'><strong>parum</strong></span> <span class='ocrx_word' id='word_1_568' title='bbox 2547 4132 2636 4183; x_wconf 88' lang='lat' dir='ltr'><strong>est</strong></span> <span class='ocrx_word' id='word_1_569' title='bbox 2666 4127 3118 4200; x_wconf 70' lang='lat' dir='ltr'><strong>hoc.llepertum</strong></span> <span class='ocrx_word' id='word_1_570' title='bbox 3153 4127 3396 4200; x_wconf 88' lang='lat' dir='ltr'><strong>insuper</strong></span> <span class='ocrx_word' id='word_1_571' title='bbox 3425 4145 3558 4184; x_wconf 91' lang='lat' dir='ltr'><strong>cum</strong></span> <span class='ocrx_word' id='word_1_572' title='bbox 3591 4130 3758 4186; x_wconf 86' lang='lat' dir='ltr'><strong>adul-</strong></span> 
     </span>
    </p>
   </div>
   <div class='ocr_carea' id='block_1_91' title="bbox 2102 4213 3808 4298">
    <p class='ocr_par' dir='ltr' id='par_1_91' title="bbox 2102 4213 3808 4298">
     <span class='ocr_line' id='line_1_91' title="bbox 2102 4213 3808 4298; baseline 0.003 -28"><span class='ocrx_word' id='word_1_573' title='bbox 2102 4219 2226 4271; x_wconf 89' lang='lat' dir='ltr'><strong>tera</strong></span> <span class='ocrx_word' id='word_1_574' title='bbox 2254 4213 2430 4270; x_wconf 90' lang='lat' dir='ltr'><strong>simul</strong></span> <span class='ocrx_word' id='word_1_575' title='bbox 2462 4217 2520 4271; x_wconf 90' lang='lat' dir='ltr'><strong>et</strong></span> <span class='ocrx_word' id='word_1_576' title='bbox 2549 4214 2672 4270; x_wconf 83' lang='lat' dir='ltr'><strong>ﬁlia</strong></span> <span class='ocrx_word' id='word_1_577' title='bbox 2699 4214 2859 4270; x_wconf 89' lang='lat' dir='ltr'><strong>illius</strong></span> <span class='ocrx_word' id='word_1_578' title='bbox 2890 4213 3213 4287; x_wconf 88' lang='lat' dir='ltr'><strong>principem</strong></span> <span class='ocrx_word' id='word_1_579' title='bbox 3244 4231 3280 4271; x_wconf 87' lang='lat' dir='ltr'><strong>a</strong></span> <span class='ocrx_word' id='word_1_580' title='bbox 3307 4216 3574 4272; x_wconf 75' lang='lat' dir='ltr'><strong>mmehali</strong></span> <span class='ocrx_word' id='word_1_581' title='bbox 3627 4223 3756 4276; x_wconf 84' lang='lat' dir='ltr'><strong>toro</strong></span> <span class='ocrx_word' id='word_1_582' title='bbox 3799 4288 3808 4298; x_wconf 88' lang='lat'><em>_</em></span> 
     </span>
    </p>
   </div>
   <div class='ocr_carea' id='block_1_92' title="bbox 2098 4303 3754 4379">
    <p class='ocr_par' dir='ltr' id='par_1_92' title="bbox 2098 4303 3754 4379">
     <span class='ocr_line' id='line_1_92' title="bbox 2098 4303 3754 4379; baseline 0.004 -21"><span class='ocrx_word' id='word_1_583' title='bbox 2098 4303 2380 4360; x_wconf 88' lang='lat' dir='ltr'><strong>violenter</strong></span> <span class='ocrx_word' id='word_1_584' title='bbox 2407 4303 2713 4369; x_wconf 82' lang='lat' dir='ltr'><strong>abstraxit,</strong></span> <span class='ocrx_word' id='word_1_585' title='bbox 2733 4303 3040 4376; x_wconf 87' lang='lat' dir='ltr'><strong>positaque</strong></span> <span class='ocrx_word' id='word_1_586' title='bbox 3069 4303 3128 4358; x_wconf 90' lang='lat' dir='ltr'><strong>in</strong></span> <span class='ocrx_word' id='word_1_587' title='bbox 3159 4304 3349 4376; x_wconf 84' lang='lat' dir='ltr'><strong>capite</strong></span> <span class='ocrx_word' id='word_1_588' title='bbox 3378 4321 3590 4362; x_wconf 87' lang='lat' dir='ltr'><strong>corona</strong></span> <span class='ocrx_word' id='word_1_589' title='bbox 3621 4307 3754 4379; x_wconf 86' lang='lat' dir='ltr'><strong>ejus</strong></span> 
     </span>
    </p>
   </div>
   <div class='ocr_carea' id='block_1_93' title="bbox 2099 4391 3752 4468">
    <p class='ocr_par' dir='ltr' id='par_1_93' title="bbox 2099 4391 3752 4468">
     <span class='ocr_line' id='line_1_93' title="bbox 2099 4391 3752 4468; baseline 0.003 -20"><span class='ocrx_word' id='word_1_590' title='bbox 2099 4397 2234 4449; x_wconf 86' lang='lat' dir='ltr'><strong>ante</strong></span> <span class='ocrx_word' id='word_1_591' title='bbox 2266 4408 2568 4448; x_wconf 90' lang='lat' dir='ltr'><strong>summum</strong></span> <span class='ocrx_word' id='word_1_592' title='bbox 2581 4393 2918 4464; x_wconf 81' lang='lat' dir='ltr'><strong>pontiﬁcem</strong></span> <span class='ocrx_word' id='word_1_593' title='bbox 2931 4391 3190 4448; x_wconf 87' lang='lat' dir='ltr'><strong>Odonem</strong></span> <span class='ocrx_word' id='word_1_594' title='bbox 3202 4393 3545 4450; x_wconf 77' lang='lat' dir='ltr'><strong>adduxit.At</strong></span> <span class='ocrx_word' id='word_1_595' title='bbox 3563 4411 3752 4468; x_wconf 82' lang='lat' dir='ltr'><strong>ganea</strong></span> 
     </span>
    </p>
   </div>
   <div class='ocr_carea' id='block_1_94' title="bbox 339 4479 3750 4562">
    <p class='ocr_par' dir='ltr' id='par_1_94' title="bbox 339 4479 3750 4562">
     <span class='ocr_line' id='line_1_94' title="bbox 339 4479 3750 4562; baseline -0.001 -16"><span class='ocrx_word' id='word_1_596' title='bbox 339 4488 526 4546; x_wconf 89' lang='lat' dir='ltr'><strong>multa</strong></span> <span class='ocrx_word' id='word_1_597' title='bbox 555 4485 711 4542; x_wconf 87' lang='lat' dir='ltr'><strong>mala</strong></span> <span class='ocrx_word' id='word_1_598' title='bbox 743 4483 976 4540; x_wconf 89' lang='lat' dir='ltr'><strong>minari.</strong></span> <span class='ocrx_word' id='word_1_599' title='bbox 1035 4483 1349 4562; x_wconf 85' lang='lat' dir='ltr'><strong>Postquam</strong></span> <span class='ocrx_word' id='word_1_600' title='bbox 1392 4486 1588 4536; x_wconf 88' lang='lat' dir='ltr'><strong>autem</strong></span> <span class='ocrx_word' id='word_1_601' title='bbox 1639 4481 1990 4538; x_wconf 90' lang='lat' dir='ltr'><strong>industriam</strong></span> <span class='ocrx_word' id='word_1_602' title='bbox 2021 4491 2070 4558; x_wconf 81' lang='grc' dir='ltr'>ι)</span> <span class='ocrx_word' id='word_1_603' title='bbox 2100 4483 2454 4556; x_wconf 88' lang='lat' dir='ltr'><strong>sanguineos</strong></span> <span class='ocrx_word' id='word_1_604' title='bbox 2476 4481 2820 4554; x_wconf 88' lang='lat' dir='ltr'><strong>intorquens</strong></span> <span class='ocrx_word' id='word_1_605' title='bbox 2850 4479 3052 4538; x_wconf 89' lang='lat' dir='ltr'><strong>oculos</strong></span> <span class='ocrx_word' id='word_1_606' title='bbox 3087 4497 3100 4536; x_wconf 93' lang='lat'>:</span> <span class='ocrx_word' id='word_1_607' title='bbox 3135 4482 3244 4550; x_wconf 89' lang='lat' dir='ltr'><strong>Tu,</strong></span> <span class='ocrx_word' id='word_1_608' title='bbox 3280 4482 3490 4556; x_wconf 89' lang='lat' dir='ltr'><strong>inquit,</strong></span> <span class='ocrx_word' id='word_1_609' title='bbox 3541 4485 3750 4542; x_wconf 82' lang='lat' dir='ltr'><strong>mortis</strong></span> 
     </span>
    </p>
   </div>
   <div class='ocr_carea' id='block_1_95' title="bbox 337 4569 1988 4644">
    <p class='ocr_par' dir='ltr' id='par_1_95' title="bbox 337 4569 1988 4644">
     <span class='ocr_line' id='line_1_95' title="bbox 337 4569 1988 4644; baseline -0.004 -10"><span class='ocrx_word' id='word_1_610' title='bbox 337 4594 508 4634; x_wconf 89' lang='lat' dir='ltr'><strong>suam</strong></span> <span class='ocrx_word' id='word_1_611' title='bbox 543 4573 690 4630; x_wconf 90' lang='lat' dir='ltr'><strong>nihil</strong></span> <span class='ocrx_word' id='word_1_612' title='bbox 719 4573 876 4628; x_wconf 92' lang='lat' dir='ltr'><strong>videt</strong></span> <span class='ocrx_word' id='word_1_613' title='bbox 903 4571 1233 4644; x_wconf 72' lang='lat' dir='ltr'><strong>prmvalere,</strong></span> <span class='ocrx_word' id='word_1_614' title='bbox 1266 4569 1504 4624; x_wconf 88' lang='lat' dir='ltr'><strong>omnino</strong></span> <span class='ocrx_word' id='word_1_615' title='bbox 1554 4569 1814 4626; x_wconf 89' lang='lat' dir='ltr'><strong>decernit</strong></span> <span class='ocrx_word' id='word_1_616' title='bbox 1859 4571 1988 4643; x_wconf 90' lang='lat' dir='ltr'><strong>ejus</strong></span> 
     </span>
    </p>
   </div>
   <div class='ocr_carea' id='block_1_96' title="bbox 336 4661 1092 4738">
    <p class='ocr_par' dir='ltr' id='par_1_96' title="bbox 336 4661 1092 4738">
     <span class='ocr_line' id='line_1_96' title="bbox 336 4661 1092 4738; baseline -0.012 -16"><span class='ocrx_word' id='word_1_617' title='bbox 336 4665 626 4738; x_wconf 88' lang='lat' dir='ltr'><strong>colloquio</strong></span> <span class='ocrx_word' id='word_1_618' title='bbox 650 4661 1092 4720; x_wconf 89' lang='lat' dir='ltr'><strong>abstinendum.</strong></span> 
     </span>
    </p>
   </div>
   <div class='ocr_carea' id='block_1_97' title="bbox 860 4747 1458 4820">
    <p class='ocr_par' dir='ltr' id='par_1_97' title="bbox 860 4747 1458 4820">
     <span class='ocr_line' id='line_1_97' title="bbox 860 4747 1458 4820; baseline -0.01 -12"><span class='ocrx_word' id='word_1_619' title='bbox 860 4750 1152 4808; x_wconf 70' lang='lat' dir='ltr'><strong>Glastonizc</strong></span> <span class='ocrx_word' id='word_1_620' title='bbox 1174 4749 1266 4820; x_wconf 83' lang='lat' dir='ltr'><strong>pie</strong></span> <span class='ocrx_word' id='word_1_621' title='bbox 1295 4747 1458 4820; x_wconf 76' lang='lat' dir='ltr'><strong>degit.</strong></span> 
     </span>
    </p>
   </div>
   <div class='ocr_carea' id='block_1_98' title="bbox 403 4836 1984 4914">
    <p class='ocr_par' dir='ltr' id='par_1_98' title="bbox 403 4836 1984 4914">
     <span class='ocr_line' id='line_1_98' title="bbox 403 4836 1984 4914; baseline -0.003 -15"><span class='ocrx_word' id='word_1_622' title='bbox 403 4845 494 4899; x_wconf 83' lang='lat'><strong>26.</strong></span> <span class='ocrx_word' id='word_1_623' title='bbox 515 4839 942 4914; x_wconf 88' lang='lat' dir='ltr'><strong>ltaque,relicto</strong></span> <span class='ocrx_word' id='word_1_624' title='bbox 965 4836 1447 4906; x_wconf 89' lang='lat' dir='ltr'><strong>illo,monasterio</strong></span> <span class='ocrx_word' id='word_1_625' title='bbox 1468 4836 1764 4908; x_wconf 89' lang='lat' dir='ltr'><strong>recipitur,</strong></span> <span class='ocrx_word' id='word_1_626' title='bbox 1785 4837 1984 4910; x_wconf 91' lang='lat' dir='ltr'><strong>ibique</strong></span> 
     </span>
    </p>
   </div>
   <div class='ocr_carea' id='block_1_99' title="bbox 334 4923 1978 4999">
    <p class='ocr_par' dir='ltr' id='par_1_99' title="bbox 334 4923 1978 4999">
     <span class='ocr_line' id='line_1_99' title="bbox 334 4923 1978 4999; baseline -0.004 -10"><span class='ocrx_word' id='word_1_627' title='bbox 334 4935 393 4988; x_wconf 90' lang='lat' dir='ltr'><strong>in</strong></span> <span class='ocrx_word' id='word_1_628' title='bbox 424 4935 588 4988; x_wconf 86' lang='lat' dir='ltr'><strong>tanta</strong></span> <span class='ocrx_word' id='word_1_629' title='bbox 616 4927 963 4986; x_wconf 85' lang='lat' dir='ltr'><strong>celsitudine</strong></span> <span class='ocrx_word' id='word_1_630' title='bbox 993 4923 1292 4999; x_wconf 88' lang='lat' dir='ltr'><strong>religionis</strong></span> <span class='ocrx_word' id='word_1_631' title='bbox 1321 4924 1614 4998; x_wconf 87' lang='lat' dir='ltr'><strong>deguit.ut</strong></span> <span class='ocrx_word' id='word_1_632' title='bbox 1643 4941 1978 4983; x_wconf 89' lang='lat' dir='ltr'><strong>mensuram</strong></span> 
     </span>
    </p>
   </div>
   <div class='ocr_carea' id='block_1_100' title="bbox 403 5049 1974 5131">
    <p class='ocr_par' dir='ltr' id='par_1_100' title="bbox 403 5049 1974 5131">
     <span class='ocr_line' id='line_1_100' title="bbox 403 5049 1974 5131; baseline -0.003 -18"><span class='ocrx_word' id='word_1_633' title='bbox 403 5059 518 5131; x_wconf 77' lang='lat'><strong>(35)</strong></span> <span class='ocrx_word' id='word_1_634' title='bbox 539 5057 820 5131; x_wconf 66' lang='lat' dir='ltr'><strong>Osbertus</strong></span> <span class='ocrx_word' id='word_1_635' title='bbox 853 5053 944 5108; x_wconf 87' lang='lat' dir='ltr'><strong>hic</strong></span> <span class='ocrx_word' id='word_1_636' title='bbox 977 5051 1184 5131; x_wconf 87' lang='lat' dir='ltr'><strong>inserit</strong></span> <span class='ocrx_word' id='word_1_637' title='bbox 1215 5055 1465 5131; x_wconf 66' lang='lat' dir='ltr'><strong>mortem</strong></span> <span class='ocrx_word' id='word_1_638' title='bbox 1503 5049 1648 5131; x_wconf 39' lang='lat' dir='ltr'><strong>Elfii-</strong></span> <span class='ocrx_word' id='word_1_639' title='bbox 1685 5053 1974 5131; x_wconf 78' lang='lat' dir='ltr'><strong>monachi,</strong></span> 
     </span>
    </p>
   </div>
   <div class='ocr_carea' id='block_1_101' title="bbox 332 5122 1973 5199">
    <p class='ocr_par' dir='ltr' id='par_1_101' title="bbox 332 5122 1973 5199">
     <span class='ocr_line' id='line_1_101' title="bbox 332 5122 1973 5199; baseline -0.002 -15"><span class='ocrx_word' id='word_1_640' title='bbox 332 5122 432 5199; x_wconf 82' lang='lat' dir='ltr'><strong>qui</strong></span> <span class='ocrx_word' id='word_1_641' title='bbox 467 5122 600 5184; x_wconf 83' lang='lat' dir='ltr'><strong>cum</strong></span> <span class='ocrx_word' id='word_1_642' title='bbox 627 5127 929 5199; x_wconf 87' lang='lat' dir='ltr'><strong>Dunstano</strong></span> <span class='ocrx_word' id='word_1_643' title='bbox 952 5122 1290 5199; x_wconf 87' lang='lat' dir='ltr'><strong>monasterii</strong></span> <span class='ocrx_word' id='word_1_644' title='bbox 1315 5123 1580 5199; x_wconf 73' lang='lat' dir='ltr'><strong>ofﬁcinas</strong></span> <span class='ocrx_word' id='word_1_645' title='bbox 1600 5122 1973 5199; x_wconf 70' lang='lat' dir='ltr'><strong>circumiens,</strong></span> 
     </span>
    </p>
   </div>
   <div class='ocr_carea' id='block_1_102' title="bbox 330 5193 1974 5261">
    <p class='ocr_par' dir='ltr' id='par_1_102' title="bbox 330 5193 1974 5261">
     <span class='ocr_line' id='line_1_102' title="bbox 330 5193 1974 5261; baseline -0.001 -8"><span class='ocrx_word' id='word_1_646' title='bbox 330 5193 418 5254; x_wconf 73' lang='lat' dir='ltr'><strong>ter</strong></span> <span class='ocrx_word' id='word_1_647' title='bbox 445 5200 515 5252; x_wconf 86' lang='lat' dir='ltr'><strong>de</strong></span> <span class='ocrx_word' id='word_1_648' title='bbox 547 5197 688 5253; x_wconf 76' lang='grc' dir='ltr'><strong>οωιυ</strong></span> <span class='ocrx_word' id='word_1_649' title='bbox 717 5203 955 5250; x_wconf 86' lang='lat' dir='ltr'><strong>vocatus</strong></span> <span class='ocrx_word' id='word_1_650' title='bbox 985 5199 1102 5261; x_wconf 81' lang='lat' dir='ltr'><strong>est;</strong></span> <span class='ocrx_word' id='word_1_651' title='bbox 1137 5197 1260 5249; x_wconf 90' lang='lat' dir='ltr'><strong>tum</strong></span> <span class='ocrx_word' id='word_1_652' title='bbox 1293 5193 1494 5248; x_wconf 88' lang='lat' dir='ltr'><strong>subdit</strong></span> <span class='ocrx_word' id='word_1_653' title='bbox 1523 5194 1824 5250; x_wconf 87' lang='lat' dir='ltr'><strong>Osbertus.</strong></span> <span class='ocrx_word' id='word_1_654' title='bbox 1852 5217 1880 5245; x_wconf 89' lang='grc'><strong>‹‹</strong></span> <span class='ocrx_word' id='word_1_655' title='bbox 1912 5193 1974 5252; x_wconf 85' lang='lat' dir='ltr'><strong>In</strong></span> 
     </span>
    </p>
   </div>
   <div class='ocr_carea' id='block_1_103' title="bbox 329 5266 1972 5340">
    <p class='ocr_par' dir='ltr' id='par_1_103' title="bbox 329 5266 1972 5340">
     <span class='ocr_line' id='line_1_103' title="bbox 329 5266 1972 5340; baseline 0 -18"><span class='ocrx_word' id='word_1_656' title='bbox 329 5269 456 5340; x_wconf 85' lang='lat' dir='ltr'><strong>ipso</strong></span> <span class='ocrx_word' id='word_1_657' title='bbox 489 5271 686 5340; x_wconf 83' lang='lat' dir='ltr'><strong>itaque</strong></span> <span class='ocrx_word' id='word_1_658' title='bbox 708 5268 856 5332; x_wconf 88' lang='lat' dir='ltr'><strong>loco,</strong></span> <span class='ocrx_word' id='word_1_659' title='bbox 877 5267 936 5340; x_wconf 83' lang='lat' dir='ltr'><strong>in</strong></span> <span class='ocrx_word' id='word_1_660' title='bbox 971 5283 1086 5336; x_wconf 86' lang='lat' dir='ltr'><strong>quo</strong></span> <span class='ocrx_word' id='word_1_661' title='bbox 1118 5266 1460 5340; x_wconf 73' lang='lat' dir='ltr'><strong>Dunstanus</strong></span> <span class='ocrx_word' id='word_1_662' title='bbox 1490 5282 1688 5340; x_wconf 80' lang='lat' dir='ltr'><strong>vocem</strong></span> <span class='ocrx_word' id='word_1_663' title='bbox 1730 5267 1972 5340; x_wconf 86' lang='lat' dir='ltr'><strong>audivit,</strong></span> 
     </span>
    </p>
   </div>
   <div class='ocr_carea' id='block_1_104' title="bbox 328 5336 1975 5409">
    <p class='ocr_par' dir='ltr' id='par_1_104' title="bbox 328 5336 1975 5409">
     <span class='ocr_line' id='line_1_104' title="bbox 328 5336 1975 5409; baseline 0 -15"><span class='ocrx_word' id='word_1_664' title='bbox 328 5336 646 5395; x_wconf 75' lang='lat' dir='ltr'><strong>oratorium</strong></span> <span class='ocrx_word' id='word_1_665' title='bbox 677 5340 734 5393; x_wconf 91' lang='lat' dir='ltr'><strong>in</strong></span> <span class='ocrx_word' id='word_1_666' title='bbox 767 5339 1006 5409; x_wconf 83' lang='lat' dir='ltr'><strong>modum</strong></span> <span class='ocrx_word' id='word_1_667' title='bbox 1040 5337 1218 5392; x_wconf 89' lang='lat' dir='ltr'><strong>turris</strong></span> <span class='ocrx_word' id='word_1_668' title='bbox 1249 5336 1556 5392; x_wconf 67' lang='lat' dir='ltr'><strong>aediﬁcavit</strong></span> <span class='ocrx_word' id='word_1_669' title='bbox 1587 5338 1698 5392; x_wconf 89' lang='lat' dir='ltr'><strong>sub</strong></span> <span class='ocrx_word' id='word_1_670' title='bbox 1730 5339 1975 5409; x_wconf 90' lang='lat' dir='ltr'><strong>patroci-</strong></span> 
     </span>
    </p>
   </div>
   <div class='ocr_carea' id='block_1_105' title="bbox 327 5407 1176 5466">
    <p class='ocr_par' dir='ltr' id='par_1_105' title="bbox 327 5407 1176 5466">
     <span class='ocr_line' id='line_1_105' title="bbox 327 5407 1176 5466; baseline -0.008 0"><span class='ocrx_word' id='word_1_671' title='bbox 327 5410 422 5466; x_wconf 82' lang='lat' dir='ltr'><strong>nio</strong></span> <span class='ocrx_word' id='word_1_672' title='bbox 455 5413 515 5464; x_wconf 77' lang='grc' dir='ltr'><strong>Β.</strong></span> <span class='ocrx_word' id='word_1_673' title='bbox 548 5409 790 5466; x_wconf 88' lang='lat' dir='ltr'><strong>Joannis</strong></span> <span class='ocrx_word' id='word_1_674' title='bbox 825 5407 1114 5466; x_wconf 70' lang='lat' dir='ltr'><strong>Baptistze.</strong></span> <span class='ocrx_word' id='word_1_675' title='bbox 1148 5429 1176 5455; x_wconf 72' lang='grc' dir='ltr'>ι)</span> 
     </span>
    </p>
   </div>
   <div class='ocr_carea' id='block_1_106' title="bbox 397 5477 1972 5548">
    <p class='ocr_par' dir='ltr' id='par_1_106' title="bbox 397 5477 1972 5548">
     <span class='ocr_line' id='line_1_106' title="bbox 397 5477 1972 5548; baseline 0.001 -12"><span class='ocrx_word' id='word_1_676' title='bbox 397 5486 508 5548; x_wconf 73' lang='grc'>(36)</span> <span class='ocrx_word' id='word_1_677' title='bbox 541 5483 601 5536; x_wconf 83' lang='grc' dir='ltr'><strong>Β.</strong></span> <span class='ocrx_word' id='word_1_678' title='bbox 635 5480 846 5536; x_wconf 86' lang='lat' dir='ltr'><strong>Scribit</strong></span> <span class='ocrx_word' id='word_1_679' title='bbox 875 5477 932 5533; x_wconf 80' lang='lat' dir='ltr'><strong>id</strong></span> <span class='ocrx_word' id='word_1_680' title='bbox 968 5477 1250 5532; x_wconf 86' lang='lat' dir='ltr'><strong>accidisse</strong></span> <span class='ocrx_word' id='word_1_681' title='bbox 1279 5479 1464 5534; x_wconf 86' lang='lat' dir='ltr'><strong>oranti</strong></span> <span class='ocrx_word' id='word_1_682' title='bbox 1488 5487 1613 5536; x_wconf 76' lang='lat' dir='ltr'><strong>ante</strong></span> <span class='ocrx_word' id='word_1_683' title='bbox 1640 5481 1809 5537; x_wconf 70' lang='lat' dir='ltr'><strong>altera</strong></span> <span class='ocrx_word' id='word_1_684' title='bbox 1828 5499 1972 5538; x_wconf 83' lang='lat' dir='ltr'><strong>mar-</strong></span> 
     </span>
    </p>
   </div>
   <div class='ocr_carea' id='block_1_107' title="bbox 325 5551 958 5623">
    <p class='ocr_par' dir='ltr' id='par_1_107' title="bbox 325 5551 958 5623">
     <span class='ocr_line' id='line_1_107' title="bbox 325 5551 958 5623; baseline -0.002 -17"><span class='ocrx_word' id='word_1_685' title='bbox 325 5555 462 5623; x_wconf 73' lang='lat' dir='ltr'><strong>tyris</strong></span> <span class='ocrx_word' id='word_1_686' title='bbox 495 5553 696 5608; x_wconf 76' lang='lat' dir='ltr'><strong>Christi</strong></span> <span class='ocrx_word' id='word_1_687' title='bbox 727 5551 958 5623; x_wconf 63' lang='lat' dir='ltr'><strong>Georgii.</strong></span> 
     </span>
    </p>
   </div>
   <div class='ocr_carea' id='block_1_108' title="bbox 394 5619 1967 5694">
    <p class='ocr_par' dir='ltr' id='par_1_108' title="bbox 394 5619 1967 5694">
     <span class='ocr_line' id='line_1_108' title="bbox 394 5619 1967 5694; baseline 0.003 -17"><span class='ocrx_word' id='word_1_688' title='bbox 394 5623 799 5694; x_wconf 68' lang='lat' dir='ltr'><strong>(3’7)0sbertus</strong></span> <span class='ocrx_word' id='word_1_689' title='bbox 829 5619 990 5678; x_wconf 72' lang='lat' dir='ltr'><strong>addit</strong></span> <span class='ocrx_word' id='word_1_690' title='bbox 1021 5619 1391 5677; x_wconf 88' lang='lat' dir='ltr'><strong>Dunstanum</strong></span> <span class='ocrx_word' id='word_1_691' title='bbox 1413 5621 1619 5679; x_wconf 85' lang='lat' dir='ltr'><strong>fecisse</strong></span> <span class='ocrx_word' id='word_1_692' title='bbox 1651 5623 1762 5679; x_wconf 90' lang='lat' dir='ltr'><strong>sibi</strong></span> <span class='ocrx_word' id='word_1_693' title='bbox 1785 5623 1967 5682; x_wconf 89' lang='lat' dir='ltr'><strong>alium</strong></span> 
     </span>
    </p>
   </div>
   <div class='ocr_carea' id='block_1_109' title="bbox 2100 4569 3751 4643">
    <p class='ocr_par' dir='ltr' id='par_1_109' title="bbox 2100 4569 3751 4643">
     <span class='ocr_line' id='line_1_109' title="bbox 2100 4569 3751 4643; baseline 0.002 -17"><span class='ocrx_word' id='word_1_694' title='bbox 2100 4588 2194 4628; x_wconf 88' lang='lat' dir='ltr'><strong>me</strong></span> <span class='ocrx_word' id='word_1_695' title='bbox 2223 4570 2540 4643; x_wconf 88' lang='lat' dir='ltr'><strong>suspendio</strong></span> <span class='ocrx_word' id='word_1_696' title='bbox 2571 4569 2877 4638; x_wconf 84' lang='lat' dir='ltr'><strong>addixisti;</strong></span> <span class='ocrx_word' id='word_1_697' title='bbox 2911 4585 3018 4642; x_wconf 89' lang='lat' dir='ltr'><strong>ego</strong></span> <span class='ocrx_word' id='word_1_698' title='bbox 3039 4573 3096 4624; x_wconf 91' lang='lat' dir='ltr'><strong>te</strong></span> <span class='ocrx_word' id='word_1_699' title='bbox 3119 4571 3518 4626; x_wconf 86' lang='lat' dir='ltr'><strong>membrorum</strong></span> <span class='ocrx_word' id='word_1_700' title='bbox 3539 4573 3751 4630; x_wconf 84' lang='lat' dir='ltr'><strong>decore</strong></span> 
     </span>
    </p>
   </div>
   <div class='ocr_carea' id='block_1_110' title="bbox 2095 4657 3748 4734">
    <p class='ocr_par' dir='ltr' id='par_1_110' title="bbox 2095 4657 3748 4734">
     <span class='ocr_line' id='line_1_110' title="bbox 2095 4657 3748 4734; baseline 0.001 -19"><span class='ocrx_word' id='word_1_701' title='bbox 2095 4661 2387 4734; x_wconf 86' lang='lat' dir='ltr'><strong>privatum</strong></span> <span class='ocrx_word' id='word_1_702' title='bbox 2419 4659 2776 4732; x_wconf 88' lang='lat' dir='ltr'><strong>sempiterno</strong></span> <span class='ocrx_word' id='word_1_703' title='bbox 2824 4657 3028 4714; x_wconf 86' lang='lat' dir='ltr'><strong>exsilio</strong></span> <span class='ocrx_word' id='word_1_704' title='bbox 3077 4659 3390 4716; x_wconf 89' lang='lat' dir='ltr'><strong>damnabo.</strong></span> <span class='ocrx_word' id='word_1_705' title='bbox 3422 4659 3604 4732; x_wconf 85' lang='lat' dir='ltr'><strong>Cujus</strong></span> <span class='ocrx_word' id='word_1_706' title='bbox 3648 4661 3748 4717; x_wconf 85' lang='lat' dir='ltr'><strong>in-</strong></span> 
     </span>
    </p>
   </div>
   <div class='ocr_carea' id='block_1_111' title="bbox 2091 4745 3746 4821">
    <p class='ocr_par' dir='ltr' id='par_1_111' title="bbox 2091 4745 3746 4821">
     <span class='ocr_line' id='line_1_111' title="bbox 2091 4745 3746 4821; baseline 0.001 -16"><span class='ocrx_word' id='word_1_707' title='bbox 2091 4749 2374 4806; x_wconf 86' lang='lat' dir='ltr'><strong>vectionis</strong></span> <span class='ocrx_word' id='word_1_708' title='bbox 2400 4753 2597 4805; x_wconf 86' lang='lat' dir='ltr'><strong>tenore</strong></span> <span class='ocrx_word' id='word_1_709' title='bbox 2617 4745 2860 4820; x_wconf 89' lang='lat' dir='ltr'><strong>spiritus</strong></span> <span class='ocrx_word' id='word_1_710' title='bbox 2881 4764 3133 4820; x_wconf 89' lang='lat' dir='ltr'><strong>nequam</strong></span> <span class='ocrx_word' id='word_1_711' title='bbox 3164 4748 3746 4821; x_wconf 85' lang='lat' dir='ltr'><strong>arreptus,ultionem</strong></span> 
     </span>
    </p>
   </div>
   <div class='ocr_carea' id='block_1_112' title="bbox 2093 4835 3741 4910">
    <p class='ocr_par' dir='ltr' id='par_1_112' title="bbox 2093 4835 3741 4910">
     <span class='ocr_line' id='line_1_112' title="bbox 2093 4835 3741 4910; baseline 0 -16"><span class='ocrx_word' id='word_1_712' title='bbox 2093 4839 2164 4894; x_wconf 85' lang='lat' dir='ltr'><strong>de</strong></span> <span class='ocrx_word' id='word_1_713' title='bbox 2193 4838 2316 4893; x_wconf 88' lang='lat' dir='ltr'><strong>viro</strong></span> <span class='ocrx_word' id='word_1_714' title='bbox 2346 4837 2448 4892; x_wconf 92' lang='lat' dir='ltr'><strong>Dei</strong></span> <span class='ocrx_word' id='word_1_715' title='bbox 2474 4837 2736 4893; x_wconf 75' lang='lat' dir='ltr'><strong>nefandae</strong></span> <span class='ocrx_word' id='word_1_716' title='bbox 2769 4835 3093 4893; x_wconf 87' lang='lat' dir='ltr'><strong>meretricis</strong></span> <span class='ocrx_word' id='word_1_717' title='bbox 3123 4836 3387 4910; x_wconf 89' lang='lat' dir='ltr'><strong>impulsu</strong></span> <span class='ocrx_word' id='word_1_718' title='bbox 3417 4843 3741 4910; x_wconf 81' lang='lat' dir='ltr'><strong>exspectat.</strong></span> 
     </span>
    </p>
   </div>
   <div class='ocr_carea' id='block_1_113' title="bbox 2091 4924 3742 5000">
    <p class='ocr_par' dir='ltr' id='par_1_113' title="bbox 2091 4924 3742 5000">
     <span class='ocr_line' id='line_1_113' title="bbox 2091 4924 3742 5000; baseline -0.001 -17"><span class='ocrx_word' id='word_1_719' title='bbox 2091 4929 2291 4999; x_wconf 87' lang='lat' dir='ltr'><strong>Itaque</strong></span> <span class='ocrx_word' id='word_1_720' title='bbox 2309 4925 2572 4980; x_wconf 89' lang='lat' dir='ltr'><strong>mulieris</strong></span> <span class='ocrx_word' id='word_1_721' title='bbox 2588 4924 2854 4981; x_wconf 89' lang='lat' dir='ltr'><strong>animum</strong></span> <span class='ocrx_word' id='word_1_722' title='bbox 2867 4924 3408 5000; x_wconf 88' lang='lat' dir='ltr'><strong>diabolusinstigat;</strong></span> <span class='ocrx_word' id='word_1_723' title='bbox 3423 4925 3577 4998; x_wconf 88' lang='lat' dir='ltr'><strong>regis</strong></span> <span class='ocrx_word' id='word_1_724' title='bbox 3589 4924 3742 4983; x_wconf 83' lang='lat' dir='ltr'><strong>iram</strong></span> 
     </span>
    </p>
   </div>
   <div class='ocr_carea' id='block_1_114' title="bbox 2089 5047 3743 5124">
    <p class='ocr_par' dir='ltr' id='par_1_114' title="bbox 2089 5047 3743 5124">
     <span class='ocr_line' id='line_1_114' title="bbox 2089 5047 3743 5124; baseline -0.001 -17"><span class='ocrx_word' id='word_1_725' title='bbox 2089 5051 2406 5124; x_wconf 84' lang='lat' dir='ltr'><strong>scipionem</strong></span> <span class='ocrx_word' id='word_1_726' title='bbox 2439 5065 2684 5106; x_wconf 80' lang='lat' dir='ltr'><strong>crassum</strong></span> <span class='ocrx_word' id='word_1_727' title='bbox 2701 5056 2764 5124; x_wconf 68' lang='lat' dir='ltr'><strong>et</strong></span> <span class='ocrx_word' id='word_1_728' title='bbox 2789 5049 3004 5124; x_wconf 75' lang='lat' dir='ltr'><strong>fortem,</strong></span> <span class='ocrx_word' id='word_1_729' title='bbox 3039 5065 3106 5104; x_wconf 89' lang='lat' dir='ltr'><strong>ac</strong></span> <span class='ocrx_word' id='word_1_730' title='bbox 3135 5047 3295 5105; x_wconf 91' lang='lat' dir='ltr'><strong>illius</strong></span> <span class='ocrx_word' id='word_1_731' title='bbox 3318 5047 3743 5124; x_wconf 67' lang='lat' dir='ltr'><strong>summitatem</strong></span> 
     </span>
    </p>
   </div>
   <div class='ocr_carea' id='block_1_115' title="bbox 2087 5119 3740 5196">
    <p class='ocr_par' dir='ltr' id='par_1_115' title="bbox 2087 5119 3740 5196">
     <span class='ocr_line' id='line_1_115' title="bbox 2087 5119 3740 5196; baseline -0.003 -17"><span class='ocrx_word' id='word_1_732' title='bbox 2087 5119 2328 5196; x_wconf 73' lang='lat' dir='ltr'><strong>argento</strong></span> <span class='ocrx_word' id='word_1_733' title='bbox 2361 5121 2776 5196; x_wconf 84' lang='lat' dir='ltr'><strong>circumposito</strong></span> <span class='ocrx_word' id='word_1_734' title='bbox 2806 5119 3134 5196; x_wconf 80' lang='lat' dir='ltr'><strong>decorasse,</strong></span> <span class='ocrx_word' id='word_1_735' title='bbox 3180 5121 3336 5196; x_wconf 80' lang='lat' dir='ltr'><strong>quod</strong></span> <span class='ocrx_word' id='word_1_736' title='bbox 3388 5120 3446 5196; x_wconf 87' lang='lat' dir='ltr'><strong>in</strong></span> <span class='ocrx_word' id='word_1_737' title='bbox 3493 5120 3740 5196; x_wconf 79' lang='lat' dir='ltr'><strong>modum</strong></span> 
     </span>
    </p>
   </div>
   <div class='ocr_carea' id='block_1_116' title="bbox 2085 5191 3732 5265">
    <p class='ocr_par' dir='ltr' id='par_1_116' title="bbox 2085 5191 3732 5265">
     <span class='ocr_line' id='line_1_116' title="bbox 2085 5191 3732 5265; baseline -0.002 -15"><span class='ocrx_word' id='word_1_738' title='bbox 2085 5191 2348 5250; x_wconf 66' lang='lat' dir='ltr'><strong>concava:</strong></span> <span class='ocrx_word' id='word_1_739' title='bbox 2377 5191 2617 5265; x_wconf 71' lang='lat' dir='ltr'><strong>sphaera:</strong></span> <span class='ocrx_word' id='word_1_740' title='bbox 2648 5206 2899 5265; x_wconf 80' lang='lat' dir='ltr'><strong>superne</strong></span> <span class='ocrx_word' id='word_1_741' title='bbox 2929 5191 3272 5265; x_wconf 73' lang='lat' dir='ltr'><strong>formatum,</strong></span> <span class='ocrx_word' id='word_1_742' title='bbox 3305 5192 3540 5265; x_wconf 81' lang='lat' dir='ltr'><strong>dentem</strong></span> <span class='ocrx_word' id='word_1_743' title='bbox 3575 5191 3732 5265; x_wconf 80' lang='lat' dir='ltr'><strong>beati</strong></span> 
     </span>
    </p>
   </div>
   <div class='ocr_carea' id='block_1_117' title="bbox 2081 5262 3738 5336">
    <p class='ocr_par' dir='ltr' id='par_1_117' title="bbox 2081 5262 3738 5336">
     <span class='ocr_line' id='line_1_117' title="bbox 2081 5262 3738 5336; baseline -0.003 -14"><span class='ocrx_word' id='word_1_744' title='bbox 2081 5268 2322 5322; x_wconf 54' lang='grc' dir='ltr'><strong>Δηὼ-θῶ</strong></span> <span class='ocrx_word' id='word_1_745' title='bbox 2353 5262 2597 5336; x_wconf 80' lang='lat' dir='ltr'><strong>apostoli</strong></span> <span class='ocrx_word' id='word_1_746' title='bbox 2627 5262 2898 5335; x_wconf 84' lang='lat' dir='ltr'><strong>gestabat</strong></span> <span class='ocrx_word' id='word_1_747' title='bbox 2925 5262 3256 5336; x_wconf 79' lang='lat' dir='ltr'><strong>inclusum,</strong></span> <span class='ocrx_word' id='word_1_748' title='bbox 3277 5267 3403 5336; x_wconf 82' lang='lat' dir='ltr'><strong>tum</strong></span> <span class='ocrx_word' id='word_1_749' title='bbox 3433 5263 3506 5318; x_wconf 89' lang='lat' dir='ltr'><strong>ad</strong></span> <span class='ocrx_word' id='word_1_750' title='bbox 3538 5263 3738 5318; x_wconf 88' lang='lat' dir='ltr'><strong>muni-</strong></span> 
     </span>
    </p>
   </div>
   <div class='ocr_carea' id='block_1_118' title="bbox 2083 5333 3738 5406">
    <p class='ocr_par' dir='ltr' id='par_1_118' title="bbox 2083 5333 3738 5406">
     <span class='ocr_line' id='line_1_118' title="bbox 2083 5333 3738 5406; baseline -0.003 -12"><span class='ocrx_word' id='word_1_751' title='bbox 2083 5356 2217 5394; x_wconf 90' lang='lat' dir='ltr'><strong>men</strong></span> <span class='ocrx_word' id='word_1_752' title='bbox 2249 5333 2451 5392; x_wconf 77' lang='lat' dir='ltr'><strong>contra</strong></span> <span class='ocrx_word' id='word_1_753' title='bbox 2478 5333 2793 5402; x_wconf 61' lang='lat' dir='ltr'><strong>daemones,</strong></span> <span class='ocrx_word' id='word_1_754' title='bbox 2824 5339 2950 5388; x_wconf 89' lang='lat' dir='ltr'><strong>tum</strong></span> <span class='ocrx_word' id='word_1_755' title='bbox 2983 5334 3056 5389; x_wconf 90' lang='lat' dir='ltr'><strong>ob</strong></span> <span class='ocrx_word' id='word_1_756' title='bbox 3085 5351 3345 5390; x_wconf 87' lang='lat' dir='ltr'><strong>amorem</strong></span> <span class='ocrx_word' id='word_1_757' title='bbox 3389 5333 3448 5388; x_wconf 88' lang='lat' dir='ltr'><strong>in</strong></span> <span class='ocrx_word' id='word_1_758' title='bbox 3492 5337 3738 5406; x_wconf 87' lang='lat' dir='ltr'><strong>aposto-</strong></span> 
     </span>
    </p>
   </div>
   <div class='ocr_carea' id='block_1_119' title="bbox 2080 5410 2226 5466">
    <p class='ocr_par' dir='ltr' id='par_1_119' title="bbox 2080 5410 2226 5466">
     <span class='ocr_line' id='line_1_119' title="bbox 2080 5410 2226 5466; baseline -0.014 0"><span class='ocrx_word' id='word_1_759' title='bbox 2080 5410 2226 5466; x_wconf 90' lang='lat' dir='ltr'><strong>lum.</strong></span> 
     </span>
    </p>
   </div>
   <div class='ocr_carea' id='block_1_120' title="bbox 2151 5475 3731 5553">
    <p class='ocr_par' dir='ltr' id='par_1_120' title="bbox 2151 5475 3731 5553">
     <span class='ocr_line' id='line_1_120' title="bbox 2151 5475 3731 5553; baseline -0.001 -20"><span class='ocrx_word' id='word_1_760' title='bbox 2151 5481 2362 5553; x_wconf 83' lang='lat' dir='ltr'><strong>(37)B.:</strong></span> <span class='ocrx_word' id='word_1_761' title='bbox 2388 5503 2415 5553; x_wconf 67' lang='grc' dir='ltr'>ει</span> <span class='ocrx_word' id='word_1_762' title='bbox 2438 5479 2664 5553; x_wconf 83' lang='lat' dir='ltr'><strong>Etcum</strong></span> <span class='ocrx_word' id='word_1_763' title='bbox 2686 5476 2929 5553; x_wconf 76' lang='lat' dir='ltr'><strong>vidisset</strong></span> <span class='ocrx_word' id='word_1_764' title='bbox 2949 5493 3222 5532; x_wconf 88' lang='lat' dir='ltr'><strong>summus</strong></span> <span class='ocrx_word' id='word_1_765' title='bbox 3243 5475 3587 5553; x_wconf 77' lang='lat' dir='ltr'><strong>pontiﬁcum</strong></span> <span class='ocrx_word' id='word_1_766' title='bbox 3600 5475 3731 5553; x_wconf 69' lang='lat' dir='ltr'><strong>Qdo</strong></span> 
     </span>
    </p>
   </div>
   <div class='ocr_carea' id='block_1_121' title="bbox 2079 5545 3726 5625">
    <p class='ocr_par' dir='ltr' id='par_1_121' title="bbox 2079 5545 3726 5625">
     <span class='ocr_line' id='line_1_121' title="bbox 2079 5545 3726 5625; baseline -0.002 -18"><span class='ocrx_word' id='word_1_767' title='bbox 2079 5545 2232 5625; x_wconf 80' lang='lat' dir='ltr'><strong>regis</strong></span> <span class='ocrx_word' id='word_1_768' title='bbox 2244 5545 2899 5625; x_wconf 74' lang='lat' dir='ltr'><strong>petulantiammaxime</strong></span> <span class='ocrx_word' id='word_1_769' title='bbox 2912 5547 3090 5625; x_wconf 81' lang='lat' dir='ltr'><strong>in_co_n</strong></span> <span class='ocrx_word' id='word_1_770' title='bbox 3098 5545 3440 5625; x_wconf 63' lang='lat' dir='ltr'><strong>sacrationis</strong></span> <span class='ocrx_word' id='word_1_771' title='bbox 3451 5565 3570 5625; x_wconf 64' lang='lat' dir='ltr'><strong>suae</strong></span> <span class='ocrx_word' id='word_1_772' title='bbox 3582 5547 3698 5604; x_wconf 86' lang='lat' dir='ltr'><strong>die.</strong></span> <span class='ocrx_word' id='word_1_773' title='bbox 3711 5589 3726 5603; x_wconf 98' lang='lat'><strong>.</strong></span> 
     </span>
    </p>
   </div>
   <div class='ocr_carea' id='block_1_122' title="bbox 2078 5617 3724 5695">
    <p class='ocr_par' dir='ltr' id='par_1_122' title="bbox 2078 5617 3724 5695">
     <span class='ocr_line' id='line_1_122' title="bbox 2078 5617 3724 5695; baseline -0.002 -15"><span class='ocrx_word' id='word_1_774' title='bbox 2078 5617 2176 5681; x_wconf 55' lang='lat' dir='ltr'><strong>ait’</strong></span> <span class='ocrx_word' id='word_1_775' title='bbox 2189 5617 2530 5695; x_wconf 64' lang='lat' dir='ltr'><strong>ceipiscopis</strong></span> <span class='ocrx_word' id='word_1_776' title='bbox 2563 5617 2686 5676; x_wconf 89' lang='lat' dir='ltr'><strong>suis</strong></span> <span class='ocrx_word' id='word_1_777' title='bbox 2715 5623 2771 5676; x_wconf 90' lang='lat' dir='ltr'><strong>et</strong></span> <span class='ocrx_word' id='word_1_778' title='bbox 2800 5617 3166 5692; x_wconf 88' lang='lat' dir='ltr'><strong>principibus</strong></span> <span class='ocrx_word' id='word_1_779' title='bbox 3193 5619 3318 5676; x_wconf 88' lang='lat' dir='ltr'><strong>suis</strong></span> <span class='ocrx_word' id='word_1_780' title='bbox 3350 5635 3364 5674; x_wconf 90' lang='lat'><strong>:</strong></span> <span class='ocrx_word' id='word_1_781' title='bbox 3398 5619 3564 5687; x_wconf 85' lang='lat' dir='ltr'><strong>Eant,</strong></span> <span class='ocrx_word' id='word_1_782' title='bbox 3597 5635 3724 5688; x_wconf 89' lang='lat' dir='ltr'><strong>oro,</strong></span> 
     </span>
    </p>
   </div>
  </div>
