4056 6178
258 325 349 390 437

1808 326 1992 394 νιΤΑ
2004 372 2019 393 .

3493 342 3613 408 438

253 456 429 517 mulier
444 458 552 531 (39)
584 457 824 529 exaltat;
849 461 1020 518 ambo
1044 462 1314 520 exsilium
1348 464 1647 522 Dunstano
1671 464 1854 521 inten-
1878 463 2067 532 Asus
2100 469 2346 543 impium
2397 490 2590 547 regem
2624 475 2917 534 Edwium.
2951 477 3058 547 Qui
3091 495 3313 546 omnes,
3348 478 3515 550 quasi
3549 478 3609 533 in

250 549 440 606 tant.Et
460 548 645 619 primo
676 550 933 621 quidem,
962 557 1200 624 urgente
1222 554 1376 626 regis
1404 554 1615 622 edicto,
1647 571 1851 610 omnes

247 637 537 695 monastica:
572 637 868 711 religionis
890 640 1145 697 ecclesiae
1167 641 1290 699 suis
1323 643 1497 698 rebus
1528 643 1854 715 spoliaban-

245 733 335 794 tur,
363 730 436 791 ut,
468 743 595 798 quae
643 728 942 800 praecipuae
996 746 1226 801 semper
1271 731 1392 786 viro
1424 733 1583 788 fuere
1615 732 1845 800 laetitiae,

239 832 365 872 nunc
397 814 577 870 eidem
610 832 785 887 quam
829 818 1082 872 maximo
1116 818 1318 874 fierent
1346 820 1598 875 mcerori.
1630 821 1864 877 Deinde

237 921 344 960 cum
363 908 585 958 ventum
618 903 824 959 fuisset
847 904 1233 974 Glastoniam,
1258 912 1315 962 et
1337 909 1643 981 descriptis
1665 909 1848 965 omni-

234 992 451 1065 busipse
480 992 844 1063 proscriptus
879 993 1104 1061 fuisset,
1140 995 1292 1051 inter
1322 995 1609 1069 laerymas
1643 1015 1843 1054 mona-

233 1082 438 1137 chorum
467 1081 595 1151 ejus
627 1097 806 1136 manu
868 1084 1246 1152 nutritorum,
1282 1085 1434 1141 inter
1463 1085 1720 1142 lamenta
1748 1104 1842 1142 ve-

231 1170 479 1226 nientium
511 1170 582 1224 ad
615 1188 677 1226 se
706 1187 773 1226 ex
805 1172 1081 1229 omnibus
1130 1172 1271 1229 locis
1316 1174 1659 1242 amicorum,
1692 1176 1844 1232 inter

229 1258 445 1332 gemitus
464 1262 1112 1330 pauperum,consuetis
1136 1261 1441 1333 stipendiis
1459 1280 1561 1334 per
1577 1263 1841 1336 singulos

227 1348 331 1404 dies
341 1348 406 1402 ab
429 1346 523 1402 illo
545 1353 938 1405 recreatorum
952 1350 1170 1415 ,audita
1188 1350 1346 1406 estin
1361 1352 1508 1407 atrio
1521 1352 1721 1425 templi
1734 1371 1841 1409 vox

225 1436 522 1509 plaudentis
542 1437 955 1509 diaboli,quasi
977 1456 1083 1495 vox
1095 1439 1423 1510 juvenculea
1446 1441 1838 1515 acriteratquc

223 1525 415 1581 minute
469 1526 901 1582 cachinnantis.
936 1530 1119 1592 Quem
1151 1534 1391 1584 sanctus
1423 1546 1620 1585 severa
1650 1531 1838 1587 fronte

220 1614 536 1687 suspiciens,
559 1614 735 1681 Nihil,
769 1615 867 1683 ait,
904 1634 1082 1689 super
1110 1615 1311 1673 exsilio
1343 1634 1472 1673 meo
1501 1618 1832 1689 gratuleris,

218 1702 457 1774 quoniam
490 1702 628 1776 plus
658 1709 748 1760 est
786 1705 940 1776 quod
973 1722 1066 1760 me
1096 1706 1373 1761 redeunte
1405 1705 1621 1775 doleas,
1656 1724 1833 1780 quam

1964 574 2149 614 unum
2183 560 2480 619 hominem
2515 565 2923 633 translati,non
2948 570 3119 623 modo
3143 585 3386 639 regnum
3424 568 3610 638 ipsius

1959 647 2229 718 abjieere,
2249 668 2449 707 verum
2480 654 2654 709 etiam
2688 655 2881 727 ipsum
2914 674 3089 729 regno
3118 657 3401 729 expellere
3423 656 3609 711 moliti

1959 741 2119 804 sunt,
2154 743 2455 811 propterea
2486 744 2638 813 quod
2672 744 2730 799 in
2772 745 3085 801 commisso
3136 746 3417 817 regimine
3468 745 3607 799 iusi-

1959 825 2184 897 picnter
2214 829 2450 900 egisset,
2486 832 2780 903 sapientes
2809 835 3185 907 disperderet,
3212 835 3447 905 ignaros
3469 833 3604 889 boni

1956 913 2081 969 suis
2102 916 2364 972 consiliis
2397 919 3016 993 adscisceret,prorsus
3048 924 3289 978 libidine
3321 928 3494 994 atque
3521 941 3605 977 ar-

1955 1004 2223 1075 rogantia
2272 1023 2527 1077 praeceps
2585 1008 2789 1065 abiret.
2826 1011 3017 1066 Coacti
3050 1013 3246 1080 itaque
3278 1012 3335 1064 in
3368 1013 3603 1066 turbam

1953 1107 2147 1163 regem
2180 1110 2311 1149 cum
2347 1094 2609 1151 adultera
2641 1098 3064 1170 fugitalentem,
3100 1102 3272 1170 atque
3328 1100 3384 1153 in
3431 1098 3604 1154 inviis

1951 1197 2078 1236 sese
2109 1182 2495 1239 occultantem
2527 1184 2709 1241 armis
2741 1187 3008 1258 persequi
3044 1204 3156 1240 non
3191 1187 3497 1241 desistunt.
3534 1188 3603 1241 Et

1950 1267 2140 1341 ipsam
2171 1272 2407 1343 quidem
2434 1274 2605 1345 juxta
2626 1274 2932 1330 Claudium
2956 1277 3071 1344 (41)
3092 1276 3382 1330 civitatem
3416 1293 3604 1347 reper-

1949 1363 2068 1413 tam
2100 1360 2543 1417 subnervavere.
2578 1362 2796 1419 Deinde
2841 1382 2956 1436 qua
2987 1365 3165 1437 digna
3200 1366 3386 1419 fuerat
3416 1369 3599 1419 morte

1949 1446 2285 1504 multavere.
2319 1450 2492 1506 Porro
2515 1467 2710 1523 regem
2734 1469 2835 1524 per
2866 1452 3092 1508 diversa
3119 1453 3378 1508 locorum
3413 1469 3597 1507 seme-

1946 1540 2038 1591 tra
2069 1537 2398 1593 deviantem
2432 1539 2586 1595 ultra
2632 1541 2850 1597 ﬂumen
2881 1541 3208 1597 Tamisium
3243 1541 3593 1614 compulere.

1945 1624 2164 1681 Deinde
2194 1628 2379 1683 accito
2433 1630 2610 1685 fratre
2668 1629 2826 1685 illius
2886 1630 3119 1702 optimae
3169 1631 3381 1686 indolis
3412 1631 3598 1685 adole-

1943 1715 2403 1779 scente,nomine
2423 1718 2854 1790 Edgaro,quem
2873 1719 3135 1773 futurum
3161 1735 3354 1791 regem
3377 1719 3591 1774 coelesti

214 1791 463 1897 quidquid
488 1808 583 1891 me
606 1791 1585 1897 exsplantelietarivaleasAdqu'od
1610 1795 1830 1851 dictum
1863 1829 1913 1897 Β
1944 1803 2241 1874 quondam
2287 1804 2522 1860 oraculo
2574 1806 2945 1879 designatum
2988 1808 3167 1863 fuisse
3197 1808 3591 1878 praediximus,

212 1879 381 1951 pallidi
410 1881 572 1953 regni
605 1880 860 1952 pallidus
884 1880 1152 1937 minister
1182 1882 1833 1941 abscessit.Dunstanus

210 1973 373 2024 autem
387 1986 499 2025 non
526 1968 837 2025 immemor
859 1971 998 2042 quid
1023 1970 1136 2026 sibi
1158 1970 1393 2027 divinus
1404 1971 1834 2029 olimcitharce-

208 2058 297 2113 dus
310 2059 817 2131 prmeinueritjmo
839 2058 1152 2115 Dominicis
1167 2076 1390 2116 memor
1399 2060 1826 2133 promissionis,

206 2163 301 2219 qua
326 2147 524 2204 beatos
554 2149 675 2204 fore
704 2149 801 2220 qui
836 2165 938 2221 pro
960 2148 1196 2219 justitia
1234 2150 1694 2221 persecutionem
1726 2168 1828 2223 pa-

207 2234 403 2290 tiuntur
428 2235 638 2306 (Matth.
672 2253 725 2290 v.
758 2237 848 2304 10)
877 2235 1147 2291 Christus
1188 2235 1459 2305 asseruit,
1493 2238 1737 2294 marinis
1766 2256 1829 2295 se

206 2323 448 2380 ﬂuctibus
477 2325 1047 2399 tradit,contrarium
1078 2324 1243 2380 littus
1274 2325 1332 2381 in
1363 2330 1533 2397 gente
1565 2327 1826 2383 Flandri-

202 2415 367 2468 tarum
397 2414 694 2487 attingens
725 2413 823 2468 ubi
854 2413 1133 2469 eminenti
1163 2430 1359 2469 coram
1383 2414 1642 2486 principe
1665 2418 1825 2470 terra;

201 2499 315 2556 illus
339 2502 525 2575 gratia
556 2504 813 2569 inventa,
850 2502 1124 2557 manebat
1152 2501 1212 2557 in
1243 2504 1599 2559 monasterio
1637 2504 1826 2559 sancti

202 2588 325 2645 Petri
354 2592 504 2663 quod
531 2592 713 2647 situm
738 2596 828 2646 est
856 2591 1135 2658 Gandavi,
1171 2595 1472 2664 propterea
1492 2592 1645 2664 quod
1677 2591 1823 2649 illud

197 2680 389 2735 ceteris
414 2679 577 2735 illius
600 2678 854 2751 regionis
877 2678 1250 2736 monasteriis
1271 2684 1329 2736 et
1345 2681 1702 2752 professione
1717 2682 1825 2737 vir-

196 2767 392 2835 tutis,et
413 2767 798 2841 philosophiae
820 2767 1188 2823 documentis
1204 2768 1481 2825 excellere
1498 2768 1819 2826 videbatur.

194 2852 287 2911 Nec
313 2861 503 2913 tamen
539 2860 735 2914 cessat
763 2874 977 2913 vesana
1006 2857 1253 2913 furentis
1274 2857 1537 2913 mulieris
1568 2858 1821 2932 insania,

193 2959 299 3014 quae
325 2946 603 3003 omnibus
637 2945 760 3018 qui,
794 2946 985 3001 virum
1034 2945 1134 3001 Dei
1186 2950 1444 3018 tempore
1484 2965 1602 3002 sua:
1636 2964 1821 3004 reces-

191 3032 347 3091 sionis
393 3036 655 3109 hospitio
705 3037 983 3101 foverant,
1024 3035 1421 3108 perscrutatis,
1456 3035 1819 3108 proscriptis,

191 3124 476 3193 damnatis,
513 3124 708 3198 ipsius
737 3140 969 3197 quoque
1000 3123 1184 3179 oculis
1227 3123 1501 3180 eruendis
1532 3124 1821 3198 malignos

191 3214 591 3271 transmitteret
639 3213 963 3269 ministros.
998 3212 1235 3281 Verum,
1268 3214 1584 3270 miserante
1622 3214 1819 3270 divina
1847 3192 1893 3263 (ἶ

190 3299 470 3359 clementia
480 3304 661 3376 cujus
674 3320 750 3358 nu
760 3318 978 3375 nquam
991 3301 1207 3357 auxilio
1229 3301 1818 3370 destituebatur,ante

190 3387 327 3447 illum
351 3392 541 3450 Gallia
562 3396 1120 3463 susceperat,quam
1150 3407 1450 3463 aequoreos
1476 3392 1622 3447 servi
1652 3392 1815 3448 Jeza-

188 3477 307 3535 belis
328 3482 546 3537 ﬂuctus
567 3478 1167 3552 attigissent.Exsulat
1181 3479 1380 3551 itaque
1396 3483 1634 3536 sanctus
1656 3480 1819 3537 nulla

188 3568 342 3624 exsilii
363 3588 466 3643 per
480 3569 741 3644 gratiam
772 3569 871 3625 Dei
905 3570 1124 3624 damna
1152 3567 1484 3640 deplorans,
1518 3570 1658 3625 dum
1692 3571 1817 3627 suis

185 3657 378 3714 meritis
415 3659 503 3715 ita
532 3658 652 3715 sibi
703 3675 906 3713 omnes
946 3655 1282 3724 devineiret,
1314 3661 1381 3711 ut
1408 3656 1656 3729 patriam
1689 3675 1817 3716 esse

186 3744 420 3802 exsilium
455 3750 717 3821 putaret.
747 3748 937 3818 Super
984 3746 1107 3801 hinc
1155 3744 1322 3800 illum
1366 3746 1537 3801 amici
1568 3747 1815 3818 apostoli

181 3834 472 3891 consolatio
507 3836 791 3907 fovet,qui
818 3834 1037 3890 nullius
1060 3834 1141 3890 rei
1174 3850 1350 3906 quam
1373 3835 1496 3907 ipse
1526 3840 1818 3907 expeteret

182 3936 289 3977 eum
318 3923 587 3997 indigere
622 3924 890 3996 permisit
918 3926 1053 3992 (40).

427 4014 629 4069 Edwio
660 4029 783 4084 rege
810 4015 1014 4084 fugato,
1039 4013 1292 4084 Edgarus
1322 4023 1528 4083 regnat.

232 4102 309 4154 28.
344 4103 700 4175 Respiciens
741 4119 878 4174 ergo
910 4102 1123 4157 Christi
1157 4101 1468 4157 clementia
1495 4104 1818 4176 Anglorum

179 4190 429 4260 populum
462 4195 641 4246 tanto
664 4194 909 4262 patrono
937 4189 1306 4255 destitutum,
1322 4190 1626 4247 suscitavit
1646 4195 1821 4250 corda

179 4275 404 4333 virorum
434 4281 512 4336 ab
550 4280 813 4335 Humbre
847 4279 1019 4351 fluvio
1054 4295 1243 4350 usque
1272 4280 1346 4334 ad
1376 4279 1595 4335 ﬂumen
1626 4283 1819 4338 Tami-

178 4364 530 4441 sium,supra
553 4368 715 4440 quod
743 4368 885 4423 urbs
910 4366 1215 4423 Lundonia
1247 4371 1335 4422 est
1359 4367 1828 4457 fundata,adver_
1876 4424 1877 4427 η

182 4479 403 4550 quilibet
430 4501 503 4539 ex
534 4482 708 4539 vobis
736 4483 806 4539 ad
844 4483 1211 4538 educendum
1237 4498 1499 4553 regem...
1532 4486 1615 4540 Ad
1647 4491 1827 4546 extre-

183 4566 323 4608 mum
341 4572 478 4610 vero
517 4554 829 4629 elegerunt
857 4555 1026 4621 duos,
1049 4571 1196 4629 quos
1212 4554 1407 4629 animo
1424 4557 1822 4615 constantissi-
1849 4562 1900 4629 D

182 4625 1023 4711 mos.noverant,'Dunstanur‘n
1057 4625 1279 4711 scilicet
1309 4626 1605 4711 abbatem,
1638 4632 1696 4683 et
1724 4634 1821 4711 Cy-

182 4696 415 4752 newium
447 4698 817 4773 episcopum‘
831 4697 1095 4773 ejusdem
1144 4697 1433 4773 Dunstani
1465 4696 1815 4773 consangui-

180 4780 351 4821 neum.
379 4792 408 4816 »ι
444 4769 741 4825 Osbertus
774 4769 1101 4823 Kinsvinum
1129 4772 1312 4824 vocat.

235 4837 338 4912 (39)
359 4840 432 4912 B:
460 4864 489 4888 «ι
504 4839 961 4912 .Ethzelyunﬁic
979 4842 1103 4912 erat
1123 4855 1333 4912 nomen
1358 4839 1814 4912 ignominiosum

180 4907 439 4983 mulieris.
477 4933 508 4961 »ι
547 4907 944 4983 Chronologia
970 4910 1256 4983 Saxonica
1284 4907 1706 4968 hoc'Dunstani
1729 4931 1820 4971 ex-

178 4977 350 5035 silium
380 4984 567 5038 refert
598 4983 672 5037 ad
704 4977 927 5037 annuum
956 4982 1084 5037 955.

234 5052 336 5120 (ιο)
368 5054 429 5108 Β.
466 5052 645 5108 addit
676 5055 965 5124 quosdam
1024 5056 1422 5125 persecutores
1472 5053 1693 5125 frustra
1721 5071 1815 5109 eo-

179 5128 321 5205 natos
348 5143 488 5205 cuum
524 5123 775 5180 avellere
806 5142 840 5205 ἒ
870 5123 1243 5205 monasterio,
1261 5123 1577 5205 idqueviso
1600 5125 1819 5205 signiti-

180 5197 346 5267 gatum
400 5197 742 5251 Dunstano.
801 5197 1098 5267 Osbertusp
1140 5211 1261 5249 rem
1319 5194 1588 5267 explicat,
1622 5194 1818 5267 aitque

178 5260 333 5339 fuisse
352 5268 660 5339 quosdam
682 5284 713 5322 e
739 5267 1015 5339 fratribus
1036 5260 1665 5339 Glestoniensibus,qui
1682 5260 1816 5321 eum

178 5333 431 5410 abistius
463 5339 724 5394 camobii
775 5338 1106 5410 praelatione
1161 5338 1448 5409 deponere
1506 5333 1813 5405 volebant;

180 5408 309 5475 quod
336 5409 494 5465 Deus
528 5408 828 5465 averterit.

232 5479 335 5601 Si!)
367 5481 654 5545 Osberto,
687 5482 900 5552 «juxta
930 5480 1221 5536 civitatem
1260 5478 1752 5546 Glavorniensem,
1787 5502 1813 5531 ››

232 5566 324 5601 .εο
356 5552 661 5601 Glmmster.

176 5552 324 5607 vulgo
356 5552 661 5607 Gloecster.

233 5566 253 5601 ιι
292 5567 324 5604 o
356 5566 661 5607 cloacam.

233 5566 338 5691 (E2)
366 5622 515 5680 Nem
528 5640 608 5695 pe
656 5640 805 5679 anno
833 5624 939 5678 957
970 5640 1037 5678 ex
1056 5692 1069 5695 _
1088 5620 1477 5695 Chronologia
1499 5621 1819 5695 _Saxonica,

233 5640 338 5691 (ιιι)
366 5640 515 5680 nem
572 5640 608 5678 e
656 5640 805 5679 anno
833 5640 933 5678 υοι
970 5640 1037 5678 ex
1088 5640 1477 5695 UDPOHOIogla
1515 5640 1819 5687 DaXODlCﬂ,

175 5706 275 5747 non
297 5711 452 5751 anno
482 5640 630 5761 9g9,
659 5699 721 5752 ut
752 5694 908 5769 apud
942 5692 1365 5768 Spelmannum
1386 5697 1443 5750 et
1464 5692 1629 5750 alios.
1655 5694 1819 5760 Quod

1941 1891 2085 1947 dum
2116 1909 2320 1964 pacem
2352 1894 2633 1966 regnique
2655 1895 2903 1951 salutem
2923 1895 3048 1951 suis
3066 1914 3131 1951 ae
3148 1896 3435 1950 Dunstani
3454 1901 3594 1952 tem-

1941 1980 2182 2051 poribus
2214 1980 2403 2054 angeli
2434 1983 2834 2054 praadiearent,
2865 1987 3135 2038 statuunt
3181 1983 3345 2038 illum
3396 2002 3589 2055 regem

1939 2085 2115 2140 super
2145 2085 2349 2137 omnes
2378 2070 2704 2143 provincias
2734 2072 2806 2127 ab
2839 2072 3095 2127 Humbre
3120 2088 3331 2145 magno
3350 2072 3591 2129 ﬂumine

1939 2173 2125 2230 usque
2143 2158 2215 2213 ad
2234 2157 2453 2213 ﬂumen
2472 2158 2797 2214 Tamisium
2824 2177 2837 2227 ;
2863 2177 2976 2232 quo
3008 2160 3248 2215 ﬂumine
3282 2161 3587 2217 amborum

1938 2262 2182 2319 regnum
2216 2247 2287 2302 ab
2308 2246 2555 2302 invicem
2587 2248 2993 2305 dirimebatur.
3029 2249 3114 2304 Ita
3147 2266 3413 2320 regnum,
3434 2252 3585 2322 quod

1936 2352 2121 2390 unum
2154 2336 2361 2403 fuerat,
2396 2336 2455 2391 in
2487 2337 2635 2393 duos
2683 2353 2849 2409 reges
2893 2337 3145 2393 divisum
3178 2338 3451 2408 gravibus
3483 2339 3586 2395 ali-

1936 2425 2279 2496 quantisper
2306 2424 2676 2481 conﬂictibus
2724 2425 3009 2481 bellorum
3043 2427 3311 2493 sudabat,
3346 2427 3587 2499 impleta

1932 2516 2073 2568 tunc
2102 2513 2355 2568 veridica
2401 2512 2502 2568 illa
2547 2513 2863 2569 Salvatoris
2912 2515 3218 2579 sententia,
3254 2534 3369 2586 qua
3413 2532 3585 2573 omne

1934 2617 2178 2674 regnum
2210 2601 2268 2656 in
2302 2619 2363 2658 se
2395 2601 2590 2673 ipsum
2624 2603 2877 2657 divisum
2903 2603 3114 2657 asserit
3137 2604 3580 2669 destruendum,

1932 2695 1990 2745 et
2010 2692 2251 2747 domum
2274 2708 2451 2762 super
2469 2691 2711 2745 domum
2734 2708 2862 2747 esse
2893 2708 3162 2746 casuram
3186 2693 3335 2758 (Luc.
3367 2710 3444 2759 χι,
3472 2694 3581 2761 17).

1930 2780 2197 2851 Edgarus
2229 2779 2487 2851 quotidie
2524 2783 2649 2834 erat
2681 2781 3008 2851 proficiens,
3044 2784 3109 2834 ut
3137 2780 3337 2847 David,
3371 2781 3584 2851 pietate

1933 2885 1998 2924 ac
2030 2867 2667 2939 fortitudine,atque,ut
2697 2867 2993 2932 Salomon,
3024 2868 3331 2939 sapientia,
3364 2867 3581 2923 divitiis

1930 2960 1990 3012 et
2017 2956 2221 3029 gloria,
2257 2957 2468 3012 domus
2495 2960 2692 3012 autem
2724 2956 2889 3011 Edwi
2940 2957 2998 3010 in
3048 2956 3173 3012 dies
3227 2956 3577 3023 decrescere,

1931 3062 2065 3101 cum
2097 3046 2223 3118 ipse
2253 3044 2312 3100 in
2345 3044 2583 3118 ﬂagitiis
2611 3061 2872 3101 crescere
2904 3062 3019 3101 non
3053 3044 3343 3101 desiverit.

1930 3153 2241 3208 Dunstanus
2288 3152 2357 3207 ab
2404 3154 2603 3208 exsilio
2653 3159 2951 3207 revocatur.
2990 3152 3377 3222 Wigornimsis
3421 3152 3581 3206 cccle-

1998 3225 2097 3280 δέω
2142 3226 2422 3295 episcopus
2487 3223 2776 3279 ordinatur
2822 3223 2921 3279 sub
2981 3224 3136 3279 titqu
3183 3223 3577 3294 archiepiscopi

1998 3295 2428 3351 Cantuariensis.

1994 3394 2081 3450 29.
2120 3394 2256 3448 Post
2286 3409 2505 3465 paucos
2536 3398 2732 3447 autem
2765 3390 3063 3448 electionis
3083 3411 3200 3447 sua:
3224 3393 3348 3448 dies
3373 3409 3579 3465 praece-

1926 3483 2012 3554 pit
2031 3483 2295 3554 Edgarus
2317 3481 2557 3536 diarcha
2578 3482 2758 3537 totius
2786 3482 2947 3553 regni
2972 3482 3060 3535 sui
3095 3481 3402 3543 concilium
3439 3482 3579 3537 cele-

1926 3570 2102 3637 brari,
2126 3569 2186 3625 in
2210 3587 2325 3642 quo
2348 3569 2688 3625 annihilatis
2720 3569 2995 3625 omnibus
3026 3586 3151 3640 qua:
3183 3588 3215 3624 a
3248 3570 3421 3625 fratre
3451 3571 3579 3641 ejus

1926 3659 2148 3731 iniquis
2176 3658 2407 3713 fuerant
2433 3657 2661 3729 legibus
2693 3659 2943 3723 decreta,
2978 3675 3043 3711 ae
3075 3658 3362 3712 restitutis
3390 3659 3578 3713 omni-

1926 3749 2038 3804 bus
2069 3764 2197 3819 quaa
2227 3745 2480 3801 violenta
2512 3745 2672 3800 illius
2702 3748 2933 3801 fuerant
2962 3746 3333 3801 damnatione
3365 3746 3575 3812 ablata,

1926 3837 2296 3893 Dunstanum
2330 3851 2562 3905 quoque
2590 3833 2983 3889 venerabilem
3005 3834 3275 3888 abbatem
3294 3834 3352 3888 in
3367 3852 3581 3905 magna

1927 3925 2112 4000 gloria
2133 3925 2205 3980 de
2225 3924 2428 3980 exsilio
2461 3921 2746 3978 revocavit
2775 3923 2910 3989 (42),
2936 3925 2992 3977 et
3022 3922 3263 3992 majore,
3296 3939 3473 3993 quam
3506 3923 3577 3976 ab

1928 4013 2205 4070 omnibus
2236 4016 2368 4067 ante
2390 4011 2626 4083 regibus
2646 4010 2969 4065 honoratus
2993 4010 3217 4077 fuisset,
3242 4009 3426 4081 gloria
3448 4011 3580 4064 sub-

1928 4102 2170 4159 limavit.
2195 4102 2298 4156 Cui
2330 4100 2528 4167 etiam,
2555 4104 2621 4153 ut
2658 4097 2988 4171 pontificale
3019 4099 3196 4153 decus
3236 4099 3576 4170 susciperet,

1928 4190 2255 4248 vehementi
2283 4188 2558 4261 petitione
2589 4186 2926 4253 imminuit;
2953 4204 3058 4242 nec
3089 4190 3220 4241 ante
3253 4205 3287 4241 a
3312 4188 3580 4258 precibus

1932 4280 2227 4354 quiescere
2255 4277 2440 4333 voluit
2470 4292 2647 4348 quam
2679 4274 2847 4330 illum
2866 4276 3201 4330 asententia
3231 4275 3301 4330 ad
3336 4292 3578 4330 consen-

1931 4368 2195 4426 tiendum
2227 4365 2566 4431 retraheret,
2598 4368 2655 4420 et
2701 4362 2954 4419 ecclesiae
3002 4362 3417 4435 Wigorniensi,
3452 4380 3579 4434 quae

1930 4500 2065 4541 vero
2095 4483 2166 4537 de
2196 4479 2484 4536 Dunstani
2515 4478 2877 4533 ordinatione
2909 4478 3201 4545 subditur,
3227 4478 3430 4533 eodem
3462 4476 3579 4532 fere

1931 4555 2102 4635 modo
2132 4552 2345 4635 legitur
2374 4566 2555 4635 supra
2574 4550 2631 4635 in
2654 4549 2787 4631 Vita
2816 4551 2875 4606 S.
2909 4549 3126 4635 Odonis
3155 4547 3576 4635 archiepiscopi

1929 4619 2385 4683 Cantuariensis.
2422 4619 2482 4676 Id
2508 4622 2725 4676 factum
2752 4620 2811 4675 in
2835 4625 3121 4676 conventu
3159 4619 3307 4690 apud
3336 4619 3578 4673 Bradah-

1921 4697 2047 4770 [ard
2062 4714 2131 4770 ex
2152 4696 2214 4750 B.
2232 4693 2328 4750 ubi
2362 4693 2732 4770 Dunstanum
2756 4693 2837 4770 ait
2856 4691 3375 4770 prius_o_rdinatum
3395 4691 3575 4770 fuisse

1923 4761 1993 4825 ad
2020 4768 2348 4840 episcopum,
2381 4764 2600 4840 ut_rcg_i
2633 4767 2788 4840 esset
2815 4761 3139 4840 aconsiliis
3166 4781 3177 4829 ;
3202 4761 3336 4840 dein
3367 4761 3574 4840 admp-

1923 4832 2441 4910 tum-Vigorniensi
2461 4832 2730 4910 Ecclesia:
2754 4839 2983 4910 mortuo
3006 4832 3379 4910 Cyncwaldo.
3397 4854 3443 4910 έ(
3478 4833 3574 4887 Po-

1924 4916 2052 4968 stea
2083 4904 2271 4964 factus
2301 4922 2553 4979 magnus
2581 4905 2935 4979 sapientium
2967 4904 3289 4979 conventus
3313 4904 3574 4979 in_Bran-

1925 4981 2256 5047 danford,et
2275 4994 2341 5033 eo
2364 4974 2430 5032 iri
2446 4976 2571 5032 loco
2593 4974 2856 5031 omnium
2877 4993 2945 5033 ex
2965 4976 3243 5031 electione
3270 4974 3574 5030 ordinatus

1924 5059 2015 5110 est
2041 5054 2390 5119 Dunstanus
2412 5048 2482 5103 ad
2515 5047 2877 5119 episcopum,
2901 5053 3142 5102 cotenus
3168 5047 3436 5119 maxime,
3460 5063 3575 5117 quo

1927 5124 2105 5197 regali
2129 5118 2445 5200 praesentire
2468 5118 2710 5200 prepter;
2724 5118 2962 5199 provida
2987 5118 3430 5200 prudentiarum
3449 5135 3577 5200 sua-

1927 5136 2105 5197 regali
2129 5136 2445 5193 praesentire
2468 5136 2704 5200 prepter
2724 5136 2962 5199 provma
2987 5136 3430 5242 Bruuenuarum
3449 5136 3577 5198 sua-

1927 5212 2056 5250 rum
2079 5190 2321 5249 consilia
2353 5191 2571 5260 juguer
2605 5190 2955 5260 adfuisset...
3040 5191 3206 5243 ainde
3238 5192 3436 5260 pastor
3460 5188 3578 5241 W1-

1926 5264 2255 5339 gorniensis
2277 5258 2771 5339 Eccle‘sim,ut}')rite
2793 5258 3396 5339 Cynewaldus,morte
3421 5276 3573 5339 mor-

1926 5329 2135 5392 talium
2158 5349 2450 5403 cursuque
2475 5331 2603 5385 vita:
2637 5329 2971 5403 temporalis
3003 5332 3210 5385 educto
3242 5329 3571 5403 succubuit,

1927 5413 1985 5464 et
2006 5404 2266 5477 suscepit
2296 5400 2502 5477 beatus
2524 5400 2777 5477 pontifex
2800 5401 3137 5477 Dunstanus
3159 5400 3514 5477 constitutus
3529 5416 3576 5477 _a

1929 5496 2073 5551 rege,
2091 5471 2256 5551 hanc
2272 5471 2540 5551 eamdem
2566 5471 2937 5551 ecclesiam,»
2963 5478 3070 5527 etc.
3100 5475 3181 5526 lta
3206 5473 3263 5551 Β.
3291 5471 3388 5551 qui
3424 5471 3575 5551 regis

1928 5541 2177 5606 ataviam
2208 5547 2280 5601 ab
2309 5543 2509 5600 exsilio
2541 5560 2675 5599 cum
2710 5543 3011 5599 Dunstano
3044 5546 3369 5599 revocatam
3410 5541 3571 5597 dicit.

1928 5622 2009 5679 De
2038 5616 2389 5677 Kenewaldo
2420 5614 2708 5687 superius.
