4116 6176
417 349 536 432 439

1414 367 1476 428 s.
1523 359 1989 426 DUNSTANUS
2032 330 2379 420 EPISCOP.
2429 358 2822 420 CANTUAB.

3704 355 3829 417 440

417 499 528 561 sub
543 503 763 560 honore
777 502 957 560 beatae
977 501 1217 576 virginis
1239 498 1432 556 Maria:
1449 493 2060 572 pollebat,pontiﬂcem
2087 491 2146 559 Α
2164 465 2406 561 habere,
2425 491 2528 548 sed
2548 491 2608 548 in
2631 493 2846 548 sortem
2879 489 3283 565 pmnitentium
3316 489 3652 547 animarum
3674 507 3830 548 cumq

419 593 756 668 praeﬁceret.
790 591 897 659 Qui
927 592 1067 646 dum
1099 587 1517 645 Doroberniam
1551 580 1876 642 sacrandus
1903 585 2072 641 adve—
2175 581 2309 638 dem
2339 580 2560 636 cedere.
2593 581 2743 636 Tum
2792 577 2890 636 ille
2938 578 3238 668 exsultans
3279 579 3341 634 in
3371 579 3645 649 Domino,
3676 581 3832 637 furo-

419 683 590 750 niret,
615 684 689 750 et,
715 679 952 736 recitata
974 678 1250 751 petitione
1271 675 1407 732 cieri
1440 692 1506 732 ac
1539 673 1764 748 populi,
1796 689 2069 730 summus

419 771 517 827 Dei
533 769 822 833 sacerdos,
841 767 962 822 Odo
983 766 1306 840 gaudenter
1323 764 1660 833 annuisset;
1676 761 1943 818 mirabile
1956 761 2072 817 dic-

419 858 508 914 tu!
532 860 803 913 czeterum
830 853 1286 911 consecrationis
1307 852 1726 921 ministerium,
1757 869 1873 906 non
1900 851 2068 924 quasi

419 963 596 1018 super
611 944 936 1001 antistitem
955 943 1338 1010 Wicciorum,
1371 943 1469 998 sed
1505 941 1658 997 sicut
1677 959 1854 1014 super
1881 940 2068 996 archi-

417 1035 756 1108 episcopum
781 1033 1228 1090 Cantuariorum
1254 1031 1599 1088 mirabiliter
1613 1035 1784 1104 atque
1809 1029 2073 1087 hilariter

419 1124 686 1182 absolvit.
719 1125 845 1190 Qua
873 1123 945 1179 de
976 1139 1035 1178 re
1068 1139 1102 1178 a
1129 1121 1547 1177 circumstante
1585 1119 1737 1176 clero
1769 1119 2072 1192 reprelien-

421 1231 543 1281 sus,
579 1213 732 1286 quod
767 1216 968 1269 contra
997 1211 1234 1268 Patrum
1265 1212 1496 1266 decreta
1523 1213 1737 1283 ageret,
1763 1209 1862 1281 qui
1895 1209 2070 1264 unius

419 1301 672 1360 ecclesia
705 1302 854 1356 duos
885 1299 1194 1372 prohibent
1213 1316 1342 1356 esse
1369 1299 1832 1366 sacerdotes,nec
1854 1297 2070 1370 perjus

417 1389 771 1447 hereditatis
797 1389 921 1446 ﬁeri
953 1388 1293 1444 electionem
1325 1384 1860 1456 successionis,tale
1890 1386 2073 1442 fertur

417 1485 765 1551 responsum
799 1476 1030 1534 dedisse
1065 1493 1078 1531 :
1112 1477 1171 1532 Si
1214 1475 1428 1532 divinis
1467 1475 1730 1531 humana
1756 1491 1872 1530 non
1904 1475 2070 1531 cede-

417 1567 590 1640 rent,j
599 1584 701 1624 ure
723 1565 867 1622 mihi
890 1565 1196 1622 hominum
1217 1563 1536 1622 auctoritas
1553 1564 1827 1638 praetendi
1853 1567 2068 1636 posset.

416 1658 584 1715 Nunc
611 1673 744 1713 vero
777 1655 1056 1729 quoniam
1099 1659 1302 1711 auctor
1329 1652 1594 1712 omnium
1626 1654 1782 1710 Deus
1810 1657 1920 1721 est,
1955 1669 2072 1709 non

416 1763 660 1820 possum
708 1744 852 1805 illud
897 1761 1014 1801 non
1045 1744 1234 1801 facere
1265 1744 1420 1817 quod
1453 1742 1784 1800 faciendum
1816 1741 2072 1814 Spiritus

415 1835 517 1892 Dei
541 1836 820 1909 dignatus
843 1838 934 1891 est
953 1833 1266 1908 praecipere
1309 1832 1432 1890 Erit
1453 1849 1708 1906 namque
1732 1832 1940 1888 beatus
1962 1830 2072 1886 iste

415 1925 718 2001 proximus
748 1927 882 1997 post
934 1925 1185 1979 mortem
1237 1937 1430 1978 meam
1479 1920 1662 1994 hujus
1703 1920 1861 1977 sedis
1891 1919 2074 1976 archi-

416 2013 812 2086 episcopus,et
834 2012 1116 2068 adversus
1139 2009 1344 2066 mundi
1368 2009 1693 2082 principem
1715 2007 2074 2065 fortissimus

419 2099 857 2178 prmliatorﬂae
877 2099 974 2156 ille
995 2098 1214 2156 summi
1241 2097 1536 2172 pontiﬁcis
1556 2097 1778 2154 ratione
1799 2097 2074 2155 defensus

419 2191 680 2266 procedit
700 2189 772 2247 ad
804 2187 1109 2263 populum,
1143 2202 1416 2246 summus
1445 2191 1502 2244 et
1531 2186 1627 2244 ille
1657 2187 1914 2261 pontifex
1935 2187 2072 2244 Can-

419 2279 743 2337 tuariorum
766 2277 1178 2352 praztitulatus,
1195 2281 1434 2352 gestans
1456 2275 1712 2350 insignia
1729 2277 1940 2344 Aaron,
1955 2293 2072 2332 non

419 2369 568 2443 legis
593 2367 880 2426 velamine
903 2367 1272 2435 adumbrata,
1293 2366 1394 2423 sed
1411 2365 1618 2422 divina;
1643 2364 2073 2438 propitiationis

421 2475 667 2515 munere
699 2472 804 2530 per
831 2453 1079 2530 gratiam
1100 2453 1315 2513 Christi
1338 2453 1785 2530 insignita.1nde
1806 2455 1878 2510 ad
1899 2453 2076 2512 eccle-

421 2548 568 2606 siam
602 2564 728 2620 quze
760 2543 874 2602 sibi
907 2545 1097 2600 fuerat
1125 2543 1469 2618 consignata
1499 2557 1784 2611 reversus,
1805 2547 1982 2616 atque
2010 2545 2071 2600 in

421 2635 696 2692 cathedra
723 2629 1040 2706 pontificali
1064 2629 1441 2698 sublimatus,
1461 2632 1801 2688 recordatus
1821 2635 1910 2688 est
1929 2632 2070 2705 quid

419 2724 560 2782 olim
592 2721 908 2780 cxsultanti
940 2720 1170 2777 diabolo
1201 2719 1588 2794 promisisset,
1621 2737 1758 2778 cum
1789 2719 1956 2777 illum
1977 2738 2072 2779 re-

419 2812 570 2886 galis
601 2811 873 2884 impietas
903 2808 1104 2866 exsilio
1133 2809 1522 2883 ascripsisset.
1554 2810 1755 2883 Itaque
1797 2809 1982 2867 obviis
2011 2811 2071 2867 in

419 2901 589 2960 illum
617 2899 894 2958 manibus
925 2899 1247 2973 insurgere,
1283 2899 1549 2956 membra
1576 2899 1705 2972 ejus
1741 2898 2072 2974 evangelieo

420 2992 614 3066 gladio
645 2989 921 3058 dividere,
956 2992 1014 3046 et
1057 3001 1192 3045 oves
1239 3005 1366 3061 quae
1409 2987 1870 3063 circumquaque
1915 3006 2072 3048 erra-

422 3081 634 3137 bundas
664 3077 1020 3145 ferebantur,
1045 3077 1117 3132 ad
1148 3075 1519 3132 Dominicum
1536 3075 1683 3134 ovile
1714 3071 1998 3134 revocare.

761 3190 940 3248 Edwii
965 3191 1210 3247 animam
1239 3205 1274 3246 α
1298 3192 1477 3263 pernis
1507 3190 1721 3248 liberat.

493 3311 582 3366 30.
617 3308 843 3365 Interea
871 3309 1102 3362 mortuo
1133 3304 1486 3377 impiissimo
1518 3322 1651 3380 rege
1690 3307 1801 3380 (43)
1835 3308 2070 3380 Edvvio,

423 3402 599 3470 atque
629 3397 688 3452 in
719 3399 937 3452 sortem
969 3393 1361 3468 malignorum
1411 3394 1728 3467 spirituum
1767 3396 2072 3468 translato,

421 3487 765 3544 Dunstanus
793 3483 854 3540 in
882 3481 1148 3552 ecclesia,
1175 3481 1267 3538 cui
1307 3486 1570 3556 praeerat,
1603 3483 1860 3542 Deividis
1891 3487 2073 3544 medi-

417 3573 742 3632 tationibus
773 3572 1142 3642 inserviebat,
1177 3571 1324 3627 nihil
1381 3571 1574 3629 sciens
1633 3573 1771 3646 quid
1823 3574 1896 3631 de
1941 3591 2074 3650 rege

418 3668 617 3722 actum
647 3661 874 3718 fuisset.
905 3664 975 3716 Et
1005 3675 1138 3716 ecce
1165 3662 1420 3717 tartarea
1447 3661 1656 3718 cohors
1687 3662 1798 3718 sub
1826 3663 1956 3736 ejus
1985 3683 2074 3721 as-

417 3756 588 3828 pectu
611 3749 954 3808 exsultando
985 3748 1154 3821 quasi
1184 3747 1430 3806 chorum
1461 3749 1691 3820 ducere,
1717 3755 1775 3807 et
1801 3751 1978 3809 veluti
2001 3755 2073 3811 de

416 3847 588 3916 capta
645 3839 841 3914 praeda
895 3837 1060 3895 laztas
1114 3837 1388 3894 victorias
1445 3854 1632 3912 agere.
1670 3839 2074 3898 Perscrutatur

417 3932 616 4004 itaque
655 3932 895 3987 sanctus
925 3944 1164 3984 causam
1198 3927 1430 3997 laetitiae,
1474 3929 1640 3984 audit
1676 3945 1869 4004 regem
1901 3931 2076 3988 obiis-

418 4039 502 4089 se,
535 4021 795 4076 animam
843 4016 1004 4073 illius
1051 4015 1480 4089 gehennalibus
1529 4015 1730 4074 statim
1786 4019 2074 4083 incendiis

418 4108 766 4165 tradendam
797 4105 1076 4178 (liberat);
1106 4105 1209 4161 sed
1262 4104 1428 4176 prius
1481 4105 1590 4163 hoc
1649 4106 1956 4164 Dunstano
2004 4126 2075 4166 ex

419 4195 617 4252 divino
647 4194 894 4268 imperio
925 4193 1344 4249 nuntiandum.
1380 4193 1572 4250 Motus
1620 4195 1818 4268 itaque
1862 4196 2075 4270 pietate

418 4286 760 4344 Dunstanus
810 4281 936 4338 solo
986 4286 1158 4337 tenus
1207 4279 1620 4353 prosternitur,
1653 4281 1958 4357 largiﬂuus
2005 4302 2075 4342 ex

419 4373 605 4433 oculis
633 4373 1027 4444 lacrymarum
1049 4368 1241 4426 imber
1267 4370 1644 4442 producitur;
1671 4372 1870 4445 pulsat
1888 4374 2072 4432 Deum

421 4461 713 4538 precibus,
747 4475 853 4516 nec
901 4459 975 4516 ab
1023 4456 1124 4514 illo
1175 4458 1396 4514 orando
1454 4458 1722 4532 quiescit,
1768 4478 2074 4536 quousque

419 4550 694 4626 spiritum
714 4553 875 4623 regts
896 4547 1208 4605 liberatum
1231 4547 1516 4620 agnoscit.
1551 4549 1711 4606 Brevi
1739 4555 1934 4608 autem
1956 4568 2074 4610 mo-

2098 1861 2150 1930 B

2102 3233 2145 3301 C

2179 686 2270 726 res
2300 668 2536 725 illorum
2583 669 2684 724 tali
2742 667 3181 724 ratiocinatione
3237 669 3622 741 compescuit.
3654 671 3830 739 Quid,

2179 758 2390 832 inquit,
2426 758 2629 830 injusti
2661 763 2857 814 actum
2889 761 2978 814 est
3018 757 3228 813 vobis?
3256 757 3315 814 Si
3348 758 3612 831 peccavit
3654 759 3834 816 homo

2179 848 2308 915 iste,
2343 847 2400 902 in
2435 847 2726 903 Christum
2760 851 2820 902 et
2849 846 2906 901 in
2943 863 3035 902 me
3063 848 3338 918 peccavit.
3372 848 3512 914 Sed,
3553 847 3833 920 quoniam

2181 953 2341 992 meas
2371 939 2610 1009 propter
2655 935 2952 990 Christum
2985 935 3184 990 dimisi
3214 935 3484 1008 injurias,
3521 935 3749 992 dimisit
3777 942 3838 994 et

2180 1043 2319 1082 suas
2348 1024 2636 1093 Christus,
2671 1041 2808 1080 cum
2845 1021 2975 1095 ejus
3016 1041 3122 1098 ego
3155 1024 3524 1082 clementiam
3556 1026 3834 1099 depreca-

2181 1119 2278 1170 tus
2309 1131 2462 1169 sum.
2497 1115 2658 1180 Quod
2689 1129 2826 1186 ergo
2856 1113 3124 1170 Christus
3153 1118 3210 1170 et
3227 1131 3332 1188 ego
3363 1114 3592 1188 dignati
3621 1133 3836 1172 sumus

2180 1203 2496 1260 clementer
2524 1202 2952 1275 indulgere,eos
2982 1219 3100 1276 qua
3129 1202 3452 1259 temeritate
3479 1203 3838 1260 audetisim-

2181 1293 2358 1364 probe
2389 1291 2852 1363 reprehendere?
2883 1293 3008 1358 Qua
3052 1291 3341 1348 sententia
3385 1292 3520 1348 tetri
3563 1291 3835 1366 spiritus,

2180 1381 2350 1454 quasi
2383 1379 2653 1436 Parthica
2682 1380 2944 1453 percussi
2978 1379 3208 1452 sagitta,
3241 1397 3584 1438 muscarum
3605 1381 3782 1438 modo
3802 1399 3838 1438 a

2179 1475 2349 1528 vento
2381 1473 2684 1544 raptarum
2712 1468 3034 1526 dissiliunt.

2631 1585 2929 1642 Lundonia:
2955 1585 3135 1642 sedem
3159 1588 3374 1659 accipit.

2250 1703 2342 1757 31.
2373 1704 2448 1758 At
2475 1700 2742 1776 Edgaru's
2798 1700 2980 1758 totius
3037 1702 3266 1776 imperii
3323 1703 3646 1760 monarcha
3698 1707 3835 1762 eﬂ'e-

2164 1795 2331 1859 ,ctus,
2365 1793 2660 1864 cogitabat
2687 1791 2923 1849 beatum
2954 1790 3145 1848 virum
3175 1808 3352 1865 super
3381 1809 3559 1849 omne
3587 1810 3836 1868 regnum

2179 1880 2554 1949 constituere,
2601 1880 2808 1938 nolens
2849 1881 2911 1936 in
2961 1896 3140 1953 regno
3207 1881 3334 1938 sine
3395 1879 3498 1938 illo
3554 1898 3834 1952 crescere,

2181 1985 2358 2042 quem
2403 1972 2538 2026 ante
2567 1986 2816 2042 regnum
2847 1986 2965 2044 praa
2996 1969 3218 2026 caeteris
3248 1969 3552 2027 studuerai
3592 1970 3839 2028 familia-

2182 2057 2306 2114 rius
2333 2057 2598 2132 diligere.
2631 2058 2797 2115 Unde
2824 2057 3090 2132 apposito
3137 2058 3408 2132 patribus
3451 2061 3578 2118 suis
3607 2061 3839 2119 Lundo-

2183 2146 2372 2203 niensi
2401 2147 2696 2221 episcopo,
2729 2151 2930 2222 rogatu
2983 2147 3136 2220 regis
3184 2163 3250 2204 ac
3297 2148 3632 2224 principum
3681 2151 3838 2208 Dun-

2183 2239 2391 2293 stanus
2437 2235 2808 2293 successione
2857 2237 3127 2305 donatur,
3159 2238 3560 2296 annuentihus
3600 2255 3837 2314 quoque

2183 2324 2460 2382 omnibus
2479 2326 2745 2398 ejusdem
2771 2325 2936 2383 urbis
2953 2325 3837 2402 habitatoribus,etlmportunis

2181 2415 2422 2470 vocibus
2479 2413 2640 2470 illius
2690 2431 2905 2471 nomen
2975 2413 3459 2474 acclamantibus.
3515 2418 3837 2478 Audierant

2183 2520 2439 2578 namque
2479 2520 2656 2578 quam
2705 2504 2896 2562 fuerat
2941 2522 2975 2560 a
3021 2503 3297 2578 primmva
3351 2511 3520 2564 aetate
3573 2508 3691 2566 Deo
3747 2527 3838 2566 ac-

2183 2593 2579 2666 ceptissimus,
2611 2609 2792 2666 quam
2811 2591 2873 2648 in
2892 2591 2994 2648 illa
3012 2591 3106 2650 cui
3125 2589 3373 2667 praeerat
3395 2596 3654 2653 Ecclesia
3681 2598 3836 2655 solli-

2183 2681 2354 2751 citus,
2379 2699 2558 2756 quam
2581 2682 2834 2756 denique
2856 2682 2915 2738 in
2937 2683 3098 2740 omni
3119 2699 3181 2739 re
3199 2683 3356 2740 bona
3374 2689 3434 2742 et
3453 2685 3677 2759 optima
3699 2704 3832 2761 pro-

2182 2771 2527 2828 batissimus
2558 2789 2572 2828 :
2605 2776 2663 2829 et
2691 2788 2761 2828 ea
2791 2789 2852 2829 re
2881 2771 3197 2830 noluerunt
3237 2773 3454 2832 habere
3483 2773 3667 2834 alium
3696 2794 3830 2834 cum

2182 2861 2412 2936 possint
2439 2860 2656 2918 habere
2683 2859 3094 2918 lectissimum.
3126 2862 3324 2936 Neque
3368 2863 3533 2920 illum
3564 2866 3722 2939 juvit
3743 2885 3836 2924 ex-

2181 2949 2407 3009 cusatio
2454 2966 2744 3008 canonum
2791 2949 3135 3008 auctoritate
3180 2956 3489 3025 praatensa,
3529 2955 3633 3028 qui
3680 2956 3834 3014 sicut

2179 3039 2486 3098 ecclesiam
2508 3056 2686 3097 unam
2700 3041 2931 3097 duobus
2949 3056 3078 3098 esse
3093 3040 3384 3116 episcopis
3403 3045 3831 3116 contradicunt,

2179 3128 2262 3186 ita
2281 3129 2430 3186 duas
2459 3127 2750 3186 Ecclesias
2771 3129 2874 3184 uni
2895 3128 3168 3204 episeopo
3197 3129 3323 3187 fieri
3352 3148 3524 3205 posse
3550 3150 3670 3190 non
3701 3151 3834 3208 per-

2183 3216 2428 3274 mittunt
2458 3233 2472 3274 :
2505 3217 2651 3274 Cum
2681 3218 2962 3288 Joannes,
2992 3217 3287 3292 inquiunt,
3321 3219 3571 3278 dilectus
3599 3222 3833 3279 Domini

2184 3309 2406 3380 septem
2436 3306 2711 3364 Ecclesiis
2739 3310 2914 3380 atque
2943 3307 3231 3382 episcopis
3269 3325 3474 3366 earum
3515 3311 3830 3384 prefuerit,

2183 3400 2241 3452 et
2269 3395 2478 3452 beatus
2509 3395 2728 3452 Paulus
2755 3395 3024 3452 omnium
3071 3396 3466 3454 Ecclesiarum
3495 3398 3835 3457 sollicitudi-

2183 3501 2316 3540 nem
2338 3483 2516 3540 simul
2537 3488 2594 3540 et
2608 3483 3015 3557 magisterium
3045 3485 3334 3543 habuerit.
3358 3487 3604 3544 Talibus
3627 3489 3833 3546 beatus

2183 3572 2444 3630 Pontifex
2471 3572 2768 3629 rationum
2799 3571 3156 3630 testimoniis
3175 3572 3699 3642 victus,Lundansa
3728 3594 3830 3633 ur-

2183 3661 2274 3718 bis
2331 3661 2580 3718 antistes
2651 3661 3056 3731 intronizatur,
3115 3679 3232 3720 non
3305 3663 3644 3736 relinquens
3701 3681 3830 3723 eam

2181 3767 2361 3824 quam
2383 3754 2516 3807 ante
2537 3750 2822 3807 habuerat
2849 3750 3188 3819 Ecclesiam,
3224 3751 3326 3809 sed
3370 3752 3604 3826 utrique
3632 3755 3830 3828 prasi-

2181 3840 2348 3908 dens,
2383 3844 2694 3912 utramque
2741 3855 2976 3913 regens,
3013 3841 3324 3914 utriusque
3369 3858 3541 3900 verus
3587 3859 3656 3900 ac
3699 3861 3830 3916 pro-

2182 3928 2346 4002 prius
2395 3927 2652 4002 pontifex
2707 3928 2980 3985 existens.
3015 3929 3206 3986 Habes
3262 3945 3422 4004 ergo,
3461 3933 3832 3990 sanctissime

2183 4017 2370 4085 Pater,
2393 4016 2656 4091 gladium
2679 4016 2862 4085 Pauli,
2887 4034 3060 4090 quem
3089 4017 3196 4074 tibi
3217 4018 3449 4076 caelitus
3472 4020 3829 4078 destinatum

2182 4105 2322 4162 olim
2351 4105 2477 4179 ipse
2507 4103 2815 4176 detulerat,
2848 4111 2907 4162 et
2933 4107 3004 4162 ad
3036 4105 3383 4164 dividendos
3419 4107 3689 4165 Ecclesiae
3719 4108 3830 4165 ini-

2182 4195 2366 4252 micos
2393 4194 2731 4251 habendum
2775 4195 3114 4252 tradiderat.
3147 4196 3219 4251 Et
3246 4196 3518 4268 quamvis
3544 4197 3703 4270 prior
3729 4202 3831 4256 tua

2183 4283 2535 4357 pontificalis
2565 4287 2824 4356 potestas
2853 4300 2968 4342 non
3009 4285 3232 4356 absque
3261 4285 3460 4360 vigore
3487 4287 3828 4362 evangelica:

2181 4371 2505 4450 disciplinae
2563 4371 2972 4430 administrata
3027 4372 3123 4442 sit,
3156 4390 3273 4430 non
3322 4379 3519 4432 tamen
3570 4393 3700 4433 eam
3731 4381 3829 4433 aut

2181 4460 2396 4536 gladio,
2414 4464 2520 4519 aut
2547 4478 2796 4535 persona
2816 4462 3182 4534 praesidentis
3211 4465 3649 4535 pramonstrari
3669 4482 3830 4539 opor-

2179 4549 2315 4619 tuit,
2338 4554 2645 4624 propterea
2671 4551 2827 4622 quod
2851 4567 3040 4623 neque
3069 4550 3358 4624 virginem
3387 4553 3620 4628 gladius
3641 4555 3826 4624 decet,

420 4603 447 4609 η
716 4603 731 4606 ν
754 4603 907 4623 τοί-κ
955 4603 1000 4605 ρ
1267 4603 1303 4620 υ
1363 4603 1437 4604 κη
1485 4603 1491 4604 κ
1551 4603 1649 4606 ην
1675 4603 1709 4604 η
1742 4603 2048 4610 “nm—ﬂ
2186 4603 2315 4619 πη,
2339 4603 2642 4624 ττ-τκηη
2679 4603 2827 4622 γη
2852 4603 3033 4623 --ηρ
3429 4603 3618 4612 -—--——
3645 4603 3826 4624 -ν-νἽ

419 4603 551 4698 ruta
579 4643 816 4713 peracta
853 4637 1002 4694 redit
1049 4635 1235 4694 tristis
1283 4635 1433 4711 legio
1480 4637 1804 4708 infernaiis,
1837 4656 2076 4716 magno-
2105 4603 2152 4669 Β
2179 4637 2336 4697 viros
2366 4643 2560 4695 autem
2583 4637 2782 4694 decet:
2815 4655 3005 4712 neque
3043 4640 3328 4697 mutando
3359 4603 3552 4699 lgcum
3589 4644 3829 4700 mutasti

419 4745 533 4803 que
561 4727 815 4784 clamore
843 4725 904 4782 in
935 4725 1043 4783 has
1073 4741 1243 4783 voces
1277 4727 1534 4799 erumpit
1565 4744 1579 4782 :
1613 4726 1658 4784 Ο
1686 4731 1742 4784 te
1771 4727 2069 4787 hominem

417 4815 765 4874 hominum!
798 4832 832 4872 ο
882 4815 1016 4872 fidei
1069 4814 1364 4872 alienum!
1408 4833 1442 4872 o
1491 4817 1708 4873 nostris
1775 4817 2074 4878 beneficiis

417 4921 653 4978 semper
699 4904 1035 4978 ingratum!
1069 4921 1177 4960 nos
1224 4903 1546 4960 detulimus
1594 4905 1966 4978 obsequium,
2006 4914 2072 4966 tu

419 4995 590 5052 nobis
619 4993 869 5050 retulisti
901 4992 1260 5067 supplicium
1286 5011 1300 5062 ;
1324 4993 1397 5049 ad
1427 4991 1794 5051 ulciscendas
1823 4994 2073 5069 injurias

421 5090 555 5142 tuas
587 5085 659 5140 de
696 5083 930 5156 regione
969 5083 1348 5140 tenebrarum
1404 5083 1695 5152 venimus,
1723 5087 1780 5141 et
1809 5102 1940 5140 ecce
1969 5087 2070 5144 ad-

417 5173 602 5232 versis
629 5171 1146 5246 imprecationibus
1175 5171 1296 5228 tuis
1330 5171 1558 5228 confusi
1587 5172 1868 5230 redimus.
1901 5175 2075 5233 Cum-

421 5279 533 5336 que
563 5261 660 5318 ille
690 5261 1096 5335 depromenda:
1124 5260 1384 5317 veritatis
1414 5267 1766 5335 przeceptum
1793 5264 2071 5322 daemoni-

420 5352 533 5409 bus
592 5351 892 5416 indiceret,
947 5350 1213 5422 agnoscit
1282 5349 1540 5407 animam
1599 5351 1752 5426 regis
1809 5355 2073 5427 angelica

420 5441 634 5498 virtute
664 5438 784 5496 illis
813 5437 1108 5495 sublatam
1156 5438 1228 5494 ad
1279 5442 1566 5496 statutum
1615 5443 1934 5498 terminum
1961 5445 2071 5500 sub

423 5527 728 5602 signaculo
757 5532 1052 5585 servatum
1079 5544 1092 5595 ;
1125 5525 1273 5582 nihil
1313 5528 1468 5600 juris
1493 5527 1552 5584 in
1585 5529 1746 5585 illam
1776 5530 2072 5590 daemones

2181 4727 2566 4801 obsequium;
2601 4742 2735 4783 eum
2789 4745 2825 4783 a
2863 4727 3087 4802 virgine
3137 4727 3323 4786 Matre
3370 4729 3600 4786 Domini
3647 4735 3834 4791 trans-

2181 4817 2298 4873 ires
2309 4817 2382 4873 ad
2396 4815 2741 4889 Apostolum
2761 4813 3016 4887 Domini,
3031 4834 3067 4872 a
3096 4817 3482 4892 Wigracistra
3499 4819 3572 4876 ad
3605 4820 3836 4878 Lundo-

2181 4905 2362 4963 niam.
2405 4904 2722 4979 Accingere
2771 4921 2930 4979 ergo,
2962 4904 3209 4964 bellator
3257 4907 3600 4975 fortissime,
3644 4909 3832 4966 accin-

2181 5009 2318 5070 gere
2361 4993 2558 5069 gladio
2604 4993 2875 5068 potentize
2921 4993 3045 5068 Dei,
3077 4994 3268 5052 factus
3313 4999 3523 5070 potens
3565 5013 3670 5070 per
3695 4996 3828 5054 eum

2182 5085 2283 5158 qui
2316 5101 2496 5158 supra
2539 5085 2730 5140 femur
2783 5102 3017 5159 quoque
3061 5089 3150 5142 est
3177 5085 3629 5158 potentissimus
3656 5088 3827 5157 (Psal.

2181 5193 2330 5244 κων,
2366 5176 2444 5244 4.)
2473 5174 2543 5229 ad
2577 5173 2979 5230 dimicandum
3025 5174 3306 5232 adversus
3338 5176 3546 5232 mundi
3579 5179 3830 5233 rectores

2180 5265 2553 5320 tenebrarum
2579 5261 2809 5332 harum,
2845 5266 3048 5319 contra
3095 5263 3426 5336 spiritualia
3468 5265 3744 5338 nequitias
3769 5265 3828 5320 in

2181 5351 2514 5411 cmlestibus
2543 5352 2756 5424 (Ephes.
2787 5369 2866 5421 vr,
2902 5353 3011 5422 12).
3045 5351 3246 5409 Divide
3283 5351 3414 5410 illos
3455 5354 3558 5426 qui
3595 5371 3700 5426 per
3740 5370 3834 5410 ne-

2181 5443 2394 5500 farium
2426 5441 2619 5498 scelus
2640 5439 2842 5497 illicito
2866 5441 3190 5498 abutuntur
3219 5443 3618 5512 matrimonio,
3651 5459 3756 5499 nec
3777 5447 3833 5499 te

2183 5536 2410 5592 revocet
2457 5531 2526 5587 ad
2575 5529 2878 5586 inferenda
2928 5529 3148 5588 ultione
3178 5535 3280 5588 aut
3308 5531 3520 5606 regalis
3548 5536 3828 5606 potestas,

497 5653 608 5725 (t3)
637 5652 780 5725 Ejus
808 5655 1055 5725 mortem
1086 5656 1353 5725 revocant
1377 5653 1448 5707 ad
1482 5669 1700 5708 annum
1731 5655 1856 5723 959,
1901 5657 2186 5717 Wintonim
2216 5658 2280 5715 in
2313 5671 2458 5714 novo
2491 5654 2846 5712 monasterio
2875 5653 3204 5713 tumulatus
3235 5660 3342 5725 est,
3379 5659 3529 5714 teste
3559 5655 3830 5716 Wilelmo

425 5723 486 5779 in
508 5721 621 5778 lib.
653 5721 714 5792 1i,
744 5723 825 5779 De
856 5723 1094 5796 regibus
1124 5721 1466 5796 Anglorum,
1501 5741 1629 5797 cap.
1656 5727 1712 5780 7.
