4056 6178
262 360 359 423 ut

1774 347 1983 413 VITA.

3521 352 3639 415 442

264 498 354 553 aut
370 489 607 549 Romani
630 488 926 564 pontiﬁcis
948 485 1267 562 singularis
1288 486 1741 544 sublimitas.Da
1760 503 1886 540 sen-
1912 482 1969 551 Α
1996 480 2094 538 dia
2124 480 2293 537 redit.
2328 448 2612 538 Dominus
2645 497 2897 555 namque
2936 479 3145 556 agebat
3175 499 3279 556 pro
3310 484 3637 556 Dunstano,

264 582 486 642 tentiam
527 580 587 636 in
635 577 835 652 populi
881 579 1218 633 seductores
1265 576 1647 648 argentarios,
1682 579 1883 630 etnon

265 673 408 746 prius
437 671 510 725 ad
544 686 776 725 sacrum
810 666 997 722 uitare
1031 666 1123 721 die
1166 667 1531 721 Pentecostes
1581 665 1885 721 oblaturus

264 759 544 834 procedas,
578 774 753 830 quam
785 760 843 811 et
880 754 1013 810 illos
1060 754 1319 809 vindicta
1366 755 1554 820 feriat,
1587 756 1643 808 et
1670 754 1885 825 populo

263 849 350 906 Dei
371 846 607 919 justitia
637 844 957 918 proveniat.
988 844 1211 914 Ubique
1242 848 1474 898 tuarum
1508 842 1675 915 signa
1704 843 1885 897 virtu-

261 945 371 994 tum
387 934 892 1007 relinque,ubique
911 932 1227 987 Dominiczn
1248 933 1438 986 crucis
1464 936 1675 1002 tropaea
1696 932 1884 1004 erige;

261 1024 669 1100 promereberis
698 1022 915 1077 etenim
946 1024 1076 1093 post
1102 1021 1397 1075 modicum
1420 1020 1683 1090 gladium
1716 1022 1885 1087 Petri,

259 1117 312 1173 in
340 1131 449 1188 quo
480 1115 811 1177 innumera,
842 1110 994 1165 sicut
1035 1112 1258 1178 Petrus,
1294 1110 1559 1164 omnium
1608 1128 1887 1183 generum

258 1202 525 1260 animalia
563 1201 793 1256 occides
826 1199 958 1269 (Act.
992 1217 1047 1264 κ,
1086 1200 1171 1265 13,
1207 1200 1316 1267 lli),
1345 1204 1401 1253 et
1434 1200 1491 1252 in
1524 1216 1733 1271 corpus
1780 1202 1889 1255 Ec-

258 1292 429 1349 clesiae
443 1289 854 1346 manducando
878 1288 1152 1359 trajicics.
1170 1287 1889 1360 Promereberis,inquam,

255 1381 507 1455 gladium
557 1378 732 1445 Petri,
779 1377 1131 1451 insignitum
1182 1377 1418 1432 nomine
1475 1378 1891 1450 omnipotentis

258 1468 373 1527 Filii
405 1467 531 1536 Dei,
564 1471 629 1524 ut
658 1466 718 1522 in
748 1465 910 1522 omni
940 1465 1261 1539 Anglorum
1309 1466 1622 1523 latitudine
1669 1467 1891 1539 ligandi

255 1557 620 1629 solvendique
652 1560 912 1629 potestas
943 1573 1046 1628 per
1076 1555 1245 1611 illum
1290 1556 1394 1611 tibi
1449 1562 1752 1628 augeatur,
1789 1573 1893 1613 nec

252 1647 427 1704 valeat
459 1647 521 1702 in
550 1644 697 1702 ovile
728 1645 945 1701 intrare
967 1644 1184 1712 ovium,
1211 1645 1310 1717 qui
1332 1648 1387 1700 te
1411 1646 1649 1701 ductore
1671 1662 1784 1701 non
1808 1663 1895 1702 as-

253 1722 507 1794 cenderit
538 1751 641 1807 per
669 1734 908 1791 ostium.
942 1735 1127 1799 Quam
1180 1734 1388 1789 merito
1437 1735 1654 1790 ostium
1701 1735 1893 1791 horrei

254 1822 604 1881 Dorobernia
636 1827 825 1889 sonat,
859 1826 925 1877 ut
953 1822 1227 1878 horreum
1252 1821 1328 1877 sit
1355 1823 1680 1895 amplitudo
1711 1824 1894 1896 impe-
1924 1858 1974 1923 B

253 1913 315 1973 rii
358 1912 706 1987 Anglorum.
748 1911 966 1967 ostium
1023 1926 1156 1967 vero
1206 1911 1568 1985 principatus
1625 1912 1894 1970 Ecclesia;

253 2002 720 2060 Cantuariorum.

253 2101 422 2160 Odone
476 2108 710 2168 mortuo,
762 2103 996 2173 itemque
1052 2101 1298 2171 Etfsino;
1340 2100 1652 2158 Berthelino
1712 2104 1893 2175 ejecta,

702 2188 1059 2245 Cantuariam
1092 2190 1439 2261 transfertur.

314 2278 401 2334 32.
433 2278 704 2334 Excessit
734 2293 870 2351 ergo
909 2277 1188 2333 humanis
1238 2278 1434 2345 rebus,
1468 2278 1756 2335 deductus
1788 2298 1894 2336 an-

251 2366 513 2440 gelorum
544 2367 820 2422 manibus
848 2366 920 2422 ad
953 2366 1293 2439 paradisum
1327 2367 1597 2439 princeps
1629 2370 1895 2425 sacerdo-

250 2458 367 2511 tum
397 2455 548 2523 Odo,
568 2454 660 2510 vir
687 2454 882 2511 clarus
911 2455 1220 2528 sapientia,
1241 2459 1299 2510 et
1318 2455 1528 2511 virtute
1557 2455 1894 2527 laudabilis,

250 2548 303 2600 et
329 2544 439 2601 nisi
478 2544 826 2600 Dunstanus
856 2546 1216 2611 succederet,
1251 2545 1325 2599 ab
1368 2545 1526 2599 omni
1575 2546 1896 2619 Anglorum

251 2633 380 2711 orbe
428 2633 551 2705 (44)
598 2649 833 2705 semper
877 2633 1202 2689 deﬂendus.
1239 2633 1376 2688 Post
1428 2636 1600 2706 cujus
1648 2636 1898 2705 obitum,

251 2738 377 2777 cum
408 2739 518 2778 rex
543 2721 914 2777 Dunstanum
966 2722 1284 2794 adjuraret,
1319 2726 1386 2777 ut
1414 2721 1687 2796 princeps
1736 2724 1901 2782 fieret

252 2811 649 2880 sacerdotum,
667 2827 773 2866 nec
786 2810 882 2867 ille
898 2810 1195 2883 adjuranti
1215 2809 1335 2866 ulla
1350 2812 1574 2867 ratione
1590 2829 1898 2871 assensum

250 2886 741 2971 accommodaret,
774 2899 1063 2955 assistunt
1110 2899 1373 2972 quidam,
1405 2916 1656 2973 quorum
1689 2918 1901 2960 manus

250 2987 577 3045 Wentoniae
608 2987 920 3062 episcopus
939 2988 1197 3045 Elfsinus
1224 2988 1583 3061 impleverat,
1607 2991 1905 3063 postulan-

249 3080 333 3135 tes
361 3077 707 3135 conﬁrmari
739 3077 824 3133 illi
854 3094 1157 3134 summum
1175 3077 1588 3134 sacerdotium.
1618 3079 1720 3135 Hic
1745 3081 1901 3136 enim

250 3170 304 3223 et
325 3169 458 3224 ante
498 3167 757 3224 Odonem
788 3184 1091 3224 summum
1140 3168 1529 3223 sacerdotium
1575 3169 1897 3239 ambierat;

249 3253 359 3313 sed
374 3260 587 3314 custos
617 3256 886 3313 Ecclesiae
908 3273 1027 3312 sua:
1048 3255 1318 3312 Christus
1339 3257 1719 3313 ambitionem
1742 3258 1902 3315 illius

249 3340 631 3418 impediebat.
658 3345 860 3418 Itaque
881 3361 981 3400 rex
999 3360 1096 3400 eos
1120 3344 1218 3417 qui
1242 3344 1588 3402 muneribus
1609 3347 1905 3419 pontiﬁcis

247 3432 510 3507 corrupti
539 3431 794 3502 fuerant,
820 3431 967 3488 nihil
995 3433 1348 3505 suspiciens,
1361 3437 1419 3488 et
1435 3433 1507 3489 ob
1525 3434 1633 3490 hoc
1650 3435 1903 3508 simplici

251 3539 343 3580 eos
361 3524 569 3580 animo
592 3522 932 3590 exaudiens,
952 3523 1218 3579 orbatam
1242 3527 1474 3595 pastore
1495 3524 1816 3581 Ecclesiam
1833 3525 1908 3582 ei-

251 3611 378 3668 dem
411 3610 666 3668 tradidit
694 3611 1159 3683 gubernandam.
1193 3611 1305 3667 Sed
1337 3626 1472 3665 cum
1506 3612 1749 3668 Romam
1773 3630 1905 3686 pro-

251 3700 432 3756 fectus
465 3699 704 3767 fuisset,
739 3704 805 3756 ut
835 3698 1081 3772 pallium
1115 3717 1149 3755 a
1177 3699 1313 3755 sede
1363 3699 1683 3771 apostolica
1721 3702 1905 3758 susci-

250 3793 428 3862 peret,
462 3788 632 3863 gravi
664 3788 817 3844 inter
835 3787 1008 3861 Alpes
1031 3787 1246 3862 frigore
1269 3792 1571 3860 correptus
1594 3788 1804 3845 misere
1827 3789 1908 3844 in-

251 3878 425 3948 teriit,
461 3879 651 3953 digna
680 3877 793 3935 sibi
832 3876 1053 3934 ultione
1100 3877 1384 3933 divinitus
1431 3883 1903 3950 recompensata;

251 3967 306 4023 ui
337 3965 439 4040 qui
474 3968 552 4022 ab
586 3981 784 4022 amore
814 3965 1141 4022 caelestium
1173 3965 1477 4038 friguisset
1507 3965 1566 4020 in
1599 3967 1790 4035 corde,
1806 3984 1909 4040 per

250 4053 482 4129 frigoris
514 4054 897 4128 asperitatem
927 4054 1144 4127 periret
1173 4054 1233 4109 in
1265 4069 1523 4126 corpore,
1548 4058 1606 4109 et
1635 4055 1734 4127 qui
1767 4054 1907 4111 alie-

251 4159 353 4200 nos
383 4142 647 4201 honores
676 4144 901 4199 ambire
945 4142 1440 4215 prmsumpsisset,
1473 4142 1600 4215 ipse
1629 4144 1688 4198 in
1720 4143 1909 4201 aliena

253 4233 488 4307 regione
516 4235 810 4301 mortuus,
840 4232 1123 4288 honorem
1153 4232 1371 4304 pariter
1401 4236 1459 4288 et
1476 4232 1656 4288 vitam
1677 4234 1907 4289 amitte-

253 4325 354 4377 ret.
387 4322 618 4379 Iterum
630 4337 834 4394 preces
846 4322 917 4378 de
928 4320 1436 4393 archiepiscopatu
1460 4320 1762 4378 Dunstano
1784 4323 1910 4378 fun-

251 4407 495 4483 duntur,
533 4427 643 4467 nec
674 4409 999 4483 quidquam
1029 4410 1089 4465 in
1119 4409 1316 4465 animo
1340 4408 1500 4466 illius
1524 4410 1910 4467 confessionis

252 4503 596 4571 operantur.
628 4500 993 4571 Quapropter
1031 4496 1310 4571 deligitur
1340 4498 1412 4553 ad
1445 4498 1908 4570 patriarchatum

1996 576 2062 627 ut
2078 571 2347 644 impleret
2365 572 2606 627 verbum
2627 588 2821 637 suum,
2841 573 2991 643 quod
3012 574 3359 644 promiserat
3378 574 3439 629 in
3461 591 3639 630 manu

1995 661 2327 733 principum
2374 660 2537 732 regni
2587 660 2695 716 sui.
2732 661 3051 717 Advertons
3096 668 3290 717 autem
3325 680 3423 719 rex
3454 664 3641 738 Edga-

1996 768 2097 805 rus
2136 750 2345 805 horum
2382 751 2869 822 reprobationem,
2906 751 3162 807 melioris
3211 770 3338 809 esse
3385 756 3641 812 vocatio-

1998 856 2153 906 nem,
2190 838 2498 911 solumque
2532 839 2588 893 in
2622 839 2896 894 omnibus
2923 840 3263 896 hominibus
3295 859 3423 899 esse
3447 844 3641 900 Duns-

1996 932 2223 994 tanum,
2269 927 2361 981 cui
2420 945 2590 982 nemo
2641 929 2909 996 conferri,
2956 928 3074 983 imo
3124 932 3398 987 omnibus
3448 939 3645 1005 posset

1998 1015 2273 1087 praeferri,
2311 1015 2481 1070 tertio
2521 1015 2685 1069 illum
2722 1017 2992 1087 precibus
3026 1017 3352 1091 fatigatum,
3388 1022 3647 1078 tandem-

1998 1121 2111 1177 que
2160 1121 2293 1158 cum
2340 1104 2429 1159 sui
2495 1105 2699 1175 ipsius,
2733 1110 2860 1160 tum
2916 1107 3180 1161 omnium
3237 1110 3645 1181 episcoporum

1999 1192 2445 1265 importunitate
2477 1197 2840 1263 superatum,
2858 1194 3059 1265 prima:
3083 1197 3420 1268 metropolis
3441 1198 3649 1271 Anglo-

2000 1299 2130 1336 rum
2163 1281 2472 1352 primatem
2507 1299 2571 1336 ac
2602 1281 2993 1354 patriarcham
3028 1284 3433 1358 instituit(45).
3463 1289 3646 1353 Quem

2001 1371 2201 1444 statim
2232 1372 2303 1425 ob
2336 1371 2513 1425 robur
2543 1371 2872 1443 apostolicae
2906 1372 3039 1429 fidei
3070 1373 3158 1429 vel
3189 1376 3553 1431 auctoritatis
3575 1378 3648 1432 ad

2002 1458 2345 1515 Romuleam
2392 1459 2597 1515 urbem
2648 1461 2992 1533 profectum,
3046 1463 3345 1519 Romanus
3392 1466 3651 1537 pontifex

2002 1548 2115 1617 (46)
2140 1548 2333 1603 videre
2363 1550 2704 1620 promeruit,
2729 1566 2982 1623 eumque
3008 1552 3190 1607 sacris
3212 1553 3650 1625 pontiﬁcalibus

2002 1637 2361 1703 decoratum,
2394 1637 2562 1709 quasi
2590 1638 2864 1711 angelum
2897 1640 3126 1695 Domini
3158 1643 3540 1711 exercituum,
3575 1644 3649 1700 ad

2003 1725 2347 1781 exibendam
2388 1726 2594 1781 divina:
2645 1727 2791 1800 legis
2842 1729 3170 1799 scientiam,
3204 1735 3307 1787 aut
3358 1732 3527 1805 quasi
3555 1751 3649 1790 co-

2004 1812 2269 1869 lumnam
2301 1812 2452 1869 lueis
2484 1816 2555 1870 ad
2580 1815 3035 1873 illuminandam
3057 1820 3263 1875 faciem
3289 1824 3475 1890 terrae,
3488 1823 3661 1895 genti

2002 1902 2322 1976 Anglorum
2355 1904 2705 1959 transmisit.
2740 1905 2882 1961 Ecce
2914 1909 3412 1979 quemadmodum
3444 1910 3651 1983 imple-

2003 1996 2064 2047 ta
2094 1996 2250 2059 sunt,
2286 2009 2412 2064 quae
2446 2008 2549 2063 per
2592 1991 2854 2065 gladium
2904 1996 3077 2051 verbo
3125 1996 3227 2052 Dei
3276 1998 3649 2071 inscriptum",

2004 2097 2071 2136 ac
2124 2080 2293 2135 beata
2350 2079 2635 2153 principis
2696 2082 3093 2154 apostolorum
3153 2086 3303 2141 Petri
3364 2086 3667 2160 legatione.

2004 2166 2354 2236 exbibitum,
2392 2172 2555 2224 tanto
2605 2173 2741 2226 ante
2790 2173 3185 2243 prmnuntiata
3230 2174 3487 2231 fuerunt.
3540 2176 3653 2233 Sed

2005 2256 2148 2329 quid
2181 2256 2291 2312 sibi
2320 2255 2445 2311 vult
2472 2257 2629 2329 quod
2652 2258 2723 2313 de
2750 2275 2928 2315 manu
2957 2262 3109 2317 tertii
3137 2263 3381 2336 apostoli
3412 2265 3652 2322 tertium

2004 2344 2268 2418 gladium
2299 2345 2607 2418 acceperit,
2641 2364 2775 2402 cum
2806 2347 2865 2403 in
2892 2349 3139 2407 ecclesia
3188 2368 3315 2425 quze
3365 2354 3478 2410 sub
3524 2355 3655 2426 ejus

2006 2433 2243 2490 nomine
2274 2435 2428 2506 apud
2452 2435 2844 2492 Rovecistram
2865 2440 3213 2497 venerabilis
3235 2442 3652 2516 babetur,pon-

2007 2523 2148 2578 tifex
2196 2539 2566 2596 nequaquam
2617 2526 2874 2581 sederit?
2918 2528 3080 2584 Sedit
3128 2529 3296 2602 plane
3344 2535 3650 2603 potestate,

2007 2612 2117 2666 etsi
2162 2628 2277 2666 non
2325 2611 2609 2684 corporali
2661 2615 2958 2685 sessione;
2991 2618 3162 2685 sedit,
3193 2619 3433 2691 inquam
3486 2624 3654 2692 pote-

2009 2705 2177 2767 state,
2222 2701 2466 2774 imperio
2520 2702 2692 2771 sedit,
2746 2704 3081 2761 defensione
3141 2706 3311 2776 sedit,
3356 2708 3655 2766 beneficiis

2008 2789 2179 2846 sedit.

2010 2888 2270 2945 Columba
2326 2890 2467 2947 inter
2522 2908 2679 2946 sacra
2742 2892 3070 2947 illustratur.
3132 2893 3340 2965 Aquam
3396 2911 3465 2951 ex
3522 2911 3658 2969 rupe

2748 2981 2916 3036 elicit.

2082 3066 2171 3122 33.
2207 3067 2317 3122 Sed
2353 3084 2423 3124 ne
2451 3068 2737 3123 virtutum
2768 3068 2931 3125 illius
2961 3071 3152 3142 gratia
3181 3072 3323 3128 urbs
3344 3073 3658 3130 Cantuaria

2011 3158 2167 3210 esset
2193 3156 2437 3227 privata,
2467 3161 2569 3212 aut
2599 3162 2982 3230 augmentum
3014 3161 3269 3232 suscepti
3302 3161 3540 3218 honoris
3569 3162 3658 3218 di-

1936 3229 1979 3297 C
2018 3244 2267 3299 minutio
2285 3246 2585 3317 praeteritae
2605 3229 2901 3303 videretur
2920 3249 3100 3304 fuisse
3118 3229 3415 3319 virtutis,d
3416 3251 3438 3324 _i
3445 3255 3659 3324 gnatus

2013 3337 2104 3389 est
2134 3333 2386 3406 Spiritus
2414 3340 2653 3392 sanctus
2694 3337 2858 3393 novis
2908 3338 3263 3410 quibusdam
3311 3318 3510 3412 gratiae
3540 3358 3659 3398 sua:

2013 3422 2320 3494 principiis
2337 3423 2419 3477 ita
2432 3423 2624 3479 virum
2643 3424 2701 3480 in
2719 3425 2964 3481 ecclesia
2980 3425 3297 3484 Salvatoris
3318 3428 3656 3500 clariﬁcare,

2013 3515 2080 3567 ut
2102 3510 2393 3567 mirabilis
2423 3512 2548 3585 ipse
2578 3518 2740 3570 extra
2768 3514 3026 3571 hominis
3064 3521 3335 3573 naturam
3366 3518 3662 3575 videretur

2013 3614 2162 3655 esse.
2197 3600 2367 3667 Nam,
2401 3617 2535 3657 cum
2567 3600 2661 3658 die
2691 3604 2974 3659 adventus
2994 3604 3086 3659 sui
3110 3605 3298 3677 primo
3320 3607 3503 3664 sacris
3523 3607 3664 3664 alta-

2015 3687 2181 3743 ribus
2233 3689 2552 3759 assisteret,
2585 3695 2643 3746 et
2693 3692 2909 3762 populo
2956 3692 3055 3747 Dei
3103 3693 3397 3749 vivificum
3449 3713 3657 3767 panem

2014 3776 2420 3833 distribuendo
2488 3779 2828 3852 porrigeret,
2889 3785 3126 3852 repente
3185 3787 3451 3839 contecta
3506 3786 3660 3841 nube

2014 3865 2211 3932 domo,
2243 3865 2516 3922 columba
2547 3868 2605 3922 in
2631 3868 2883 3923 Jordane
2914 3886 2948 3924 a
2976 3869 3201 3926 Joanne
3230 3870 3368 3926 olim
3398 3872 3524 3928 visa
3553 3873 3658 3929 ite-

2016 3970 2150 4009 rum
2181 3955 2451 4027 apparuit
2478 3957 2628 4025 (Luc.
2663 3973 2746 4022 III,
2779 3956 2890 4028 22),
2925 3974 3052 4030 quae
3084 3974 3391 4032 quousque
3432 3961 3659 4019 sacrifi-

2016 4043 2174 4098 cium
2205 4048 2359 4099 esset
2384 4049 2801 4117 consumptum
2834 4062 3009 4117 super
3039 4045 3207 4102 illum
3242 4049 3658 4106 mansit.Cum-

2017 4148 2130 4204 que
2159 4137 2574 4206 consumptum
2597 4138 2753 4189 esset
2771 4134 3150 4203 sacriﬁcium,
3178 4138 3463 4210 requievit
3482 4156 3664 4212 supra

2017 4222 2362 4277 memoriam
2392 4221 2545 4278 beati
2575 4221 2813 4293 Odonis,
2848 4239 2974 4296 quae
2996 4225 3069 4279 ad
3091 4226 3411 4282 australem
3434 4233 3662 4300 partem

2017 4310 2219 4367 altaris
2251 4310 2311 4366 in
2342 4313 2583 4367 modum
2616 4313 2936 4385 pyramidis
2968 4317 3262 4369 exstructa
3284 4315 3395 4371 fuit
3419 4333 3432 4371 :
3457 4334 3527 4372 ex
3545 4335 3664 4390 qua

2018 4400 2113 4457 die
2142 4400 2224 4456 ita
2252 4401 2510 4473 pontifex
2540 4402 2816 4457 meritum
2848 4403 3113 4474 ejusdem
3150 4403 3406 4460 hominis
3437 4405 3536 4462 Dei
3570 4422 3665 4462 re-

2016 4491 2237 4546 veritus
2278 4496 2390 4559 est,
2420 4496 2486 4547 ut
2535 4509 2838 4564 nunquam
2885 4492 3263 4565 pertransiret
3312 4493 3426 4549 nisi
3474 4502 3667 4568 genua

250 4584 701 4644 Cantuariensis
738 4586 1006 4643 Ecclesiae
1038 4585 1411 4642 Berthelinus
1458 4587 1909 4644 Dorsacensium
1941 4599 1988 4665 Ι)
2020 4579 2292 4649 ﬂecteret,
2324 4581 2660 4653 bonumque
2691 4580 2860 4637 illum
2889 4586 3138 4650 vocaret,
3173 4582 3255 4637 ita
3282 4582 3482 4639 dicens
3517 4600 3529 4638 :
3563 4583 3666 4641 Hic

252 4671 593 4751 episcopus,
628 4676 805 4733 homo
840 4676 1206 4732 mansuetior
1254 4692 1433 4749 quam
1484 4676 1823 4745 industrior,
1856 4682 1914 4734 et

251 4765 348 4836 qui
379 4782 508 4821 sum
541 4764 735 4838 magis
765 4781 945 4838 quam
974 4762 1176 4820 alienae
1206 4764 1336 4818 vita;
1369 4767 1568 4819 nosset
1588 4763 1907 4820 consulere.

252 4850 306 4908 Is
332 4858 473 4925 post
502 4869 725 4927 paucos
755 4850 1014 4925 suscepti
1043 4852 1419 4923 pontificatus
1462 4851 1607 4921 dies,
1641 4853 1913 4927 cognitus

250 4942 407 5013 quod
438 4941 521 4998 ad
553 4944 781 4997 tantam
814 4957 938 4997 rem
970 4940 1172 4996 minus
1193 4943 1350 4996 esset
1369 4940 1857 5013 idoneus,jussus
1880 4959 1915 4997 a

253 5045 387 5104 rege
412 5035 477 5087 et
508 5029 672 5085 omni
702 5029 941 5102 populo,
977 5028 1291 5084 Cantuaria
1328 5029 1596 5096 discedit,
1632 5034 1808 5102 atque
1838 5031 1911 5086 ad

254 5119 527 5176 relictam
561 5137 749 5192 nuper
776 5118 1097 5174 Ecclesiam
1131 5135 1298 5174 suam
1333 5136 1446 5172 non
1478 5119 1605 5173 sine
1635 5135 1910 5175 verecun-

346 5236 439 5305 44)
474 5233 605 5306 Huc
628 5235 927 5306 pertinent
958 5232 1231 5306 Willelmi
1264 5233 1438 5306 verba
1459 5232 1518 5287 in
1548 5233 1765 5306 Odone.

262 5326 290 5375 gr
317 5303 689 5371 Quantulum
722 5310 918 5361 autem
940 5309 1029 5360 est
1052 5304 1452 5359 testimonium
1478 5305 1631 5375 quod
1655 5303 1707 5359 ei
1728 5303 1915 5375 perhi-

258 5374 825 5449 bst~Osbernus,qui
842 5393 984 5449 eum
1018 5376 1176 5449 dicit
1218 5392 1320 5449 pro
1371 5374 1681 5430 sanctitate
1713 5374 1830 5449 sua
1858 5380 1915 5431 et

260 5445 565 5519 industria
590 5448 663 5503 ab
693 5445 854 5503 omni
884 5448 1207 5519 Anglorum
1220 5445 1373 5502 'orbe
1420 5462 1648 5517 semper
1695 5446 1911 5501 deﬂen-

259 5518 400 5574 dum
430 5517 557 5574 nisi
586 5519 929 5575 Dunstanus
956 5517 1358 5574 successisset.
1394 5541 1420 5567 ν»

324 5591 443 5658 (45)
474 5588 646 5647 Anno
671 5592 774 5646 961
808 5590 1068 5647 Odonem
1100 5594 1421 5655 mortuum,
1455 5593 1512 5644 et
1540 5588 1911 5644 Dunstanum

260 5660 309 5715 ei
338 5662 733 5733 subrogatum
766 5662 947 5719 fuisse
977 5662 1144 5717 docet
1192 5660 1577 5733 Chronologia
1606 5659 1909 5727 Saxonica,

2022 4668 2336 4741 requiescit
2364 4669 2486 4726 Odo
2512 4670 2724 4726 bonus.

2090 4759 2180 4812 34.
2214 4757 2321 4814 Per
2348 4757 2503 4814 idem
2533 4762 2767 4831 tempus
2789 4759 3029 4831 quidam
3053 4776 3305 4833 magnus
3324 4760 3595 4816 videlicet
3611 4765 3670 4817 et

2021 4850 2229 4918 potens
2260 4846 2542 4903 Salvatori
2573 4847 2879 4903 aediculam
2926 4849 3219 4917 instituit;
3254 4850 3326 4905 ad
3361 4855 3538 4922 quam
3569 4867 3668 4905 sa-

2020 4935 2321 5002 crandam,
2354 4939 2412 4991 et
2433 4936 2569 5007 jure
2599 4935 2832 5009 proprio
2862 4937 3278 5008 possidendam
3321 4939 3669 4995 venerabilis

2020 5025 2280 5096 pontifex
2310 5025 2650 5081 Dunstanus
2679 5024 2960 5081 invitatus
2991 5027 3255 5082 accessit.
3291 5027 3397 5083 Ubi
3430 5045 3564 5083 eum
3597 5029 3669 5085 ad

2022 5114 2415 5169 ministerium
2448 5113 2832 5169 dedicationis
2854 5131 3007 5184 aqua
3028 5116 3329 5183 defuisset,
3351 5134 3418 5171 ac
3439 5134 3541 5188 per
3561 5117 3670 5173 hoc

2064 5227 2362 5303 uam‘aliis
2393 5228 2734 5285 auctoribus
2766 5229 2825 5303 iu
2858 5228 3076 5303 Qdonis
3096 5231 3255 5303 Actis
3279 5231 3664 5303 praetulimus.

2064 5246 2199 5283 nam
2231 5246 2362 5284 ams
2393 5246 2734 5285 auctoribus
2766 5247 2825 5284 lu
2858 5246 3076 5285 Udonis
3096 5246 3255 5285 actis
3279 5248 3402 5303 prae

2021 5246 2101 5355 De
2133 5299 2307 5371 pallio
2339 5305 2746 5372 aetumrsupra
2777 5300 2835 5354 in
2871 5301 3283 5358 Observatione
3318 5304 3402 5357 12.

2095 5372 2205 5441 (46)
2238 5372 2299 5425 Β.
2334 5371 2499 5427 addit
2529 5371 2830 5427 Dunstano
2861 5377 3254 5428 commeatum
3298 5374 3370 5429 ob
3422 5373 3666 5429 nimiam

2019 5442 2360 5498 victualium
2418 5443 2836 5515 erogationem,
2889 5444 2945 5498 in
3000 5444 3203 5499 itinere
3235 5444 3537 5510 defecisse,
3564 5446 3667 5501 sed

2022 5518 2427 5596 murmurante
2458 5520 2848 5585 procuratore,
2883 5516 3153 5572 abbatem
3186 5515 3501 5586 quemdam
3535 5516 3671 5582 sub~

2019 5602 2268 5642 venisse.
3168 5597 3187 5606 ’⁵
