4116 6176
321 249 441 312 443

1323 246 1388 310 8.
1433 243 1903 311 DUNSTANUS
1947 241 2296 306 EPISCOP.
2345 243 2744 308 CANTUAR.

3612 238 3732 308 M4

321 381 614 440 invitatori
666 381 1020 438 vdrecnndia
1067 381 1428 449 accessisset,
1465 381 1538 434 ad
1586 395 1784 434 vocem
1835 375 1965 446 viri,
1997 378 2056 445 Α
2085 377 2189 434 siis
2221 376 2609 450 expellendos.
2645 377 2726 432 Ex
2755 391 2870 449 quo
2904 375 3122 432 factum
3144 378 3234 430 est
3255 376 3321 431 ut
3342 373 3734 448 quarumdam

321 490 500 546 quam
534 490 635 544 per
666 476 938 527 naturam
993 489 1104 526 non
1159 471 1386 535 habuit,
1419 486 1520 540 per
1568 468 1817 540 gratiam
1870 466 1969 521 Dei

323 563 489 618 arida
519 579 692 632 rupes
725 577 936 632 aquam
990 559 1249 630 profudit
1291 575 1416 630 qum
1448 558 1518 611 de
1568 557 1772 611 eadem
1829 572 1971 626 rupe

324 667 510 722 usque
541 648 713 704 hodie
746 666 992 702 manans
1021 647 1156 714 (47),
1193 662 1256 699 ac
1288 645 1659 700 salutiferum
1701 643 1972 698 fidelibus

325 739 598 812 poculum
632 738 916 808 praabens,
951 735 1237 790 Dunstani
1273 751 1483 790 nomen
1523 733 1749 789 celebre
1801 732 1961 788 facit.

499 843 706 913 Angliw
735 849 935 897 statum
966 843 1240 912 reformat.
1277 841 1494 895 Codices
1521 839 1788 895 emendat.

393 935 732 988 Dunstanus
767 931 944 1003 igitur
969 929 1213 985 candida
1248 929 1611 1002 apostolatus
1645 929 1734 983 sui
1770 927 1974 982 stolaa

322 1023 685 1091 Romano,ut
703 1019 979 1087 diximus,
996 1019 1270 1091 pontilice
1293 1017 1597 1084 infulatus,
1615 1023 1671 1072 et
1688 1017 1971 1072 universa:

317 1110 638 1184 Anglorum
670 1109 852 1181 genti,
885 1124 1106 1162 necnon
1135 1112 1192 1161 et
1223 1106 1353 1160 aliis
1387 1106 1723 1178 regionibus
1754 1104 1971 1177 Anglo-

323 1215 454 1254 rum
479 1213 656 1268 regno
677 1194 997 1267 suppositis
1018 1195 1350 1266 patriarcha
1368 1194 1718 1258 destinatus,
1743 1193 1973 1246 festina-

323 1287 424 1342 bat
455 1284 717 1357 singulas
750 1283 1004 1355 regionis
1035 1282 1258 1354 digredi
1292 1281 1573 1346 civitates,
1599 1285 1664 1336 ut
1687 1281 1734 1336 si
1759 1279 1973 1352 quibus

322 1391 533 1430 nomen
570 1373 701 1426 fidei
734 1371 1102 1442 incognitum
1137 1369 1343 1425 fuisset
1385 1370 1746 1440 prmdicaret,
1784 1373 1839 1424 et
1869 1369 1970 1422 do-

321 1453 598 1518 mesticos
631 1461 760 1514 fidei
795 1458 1124 1531 Apostolica
1156 1457 1467 1513 traditione
1491 1459 1562 1512 ad
1588 1459 1804 1512 bonum
1824 1473 1970 1528 opus

319 1551 654 1607 instrueret.
701 1549 816 1604 Nec
864 1547 1032 1602 facile
1082 1552 1205 1602 erat
1249 1546 1585 1620 quempiam
1637 1545 1970 1600 auditorum

319 1640 450 1712 ejus
483 1656 596 1696 non
630 1654 758 1694 esse
791 1637 1123 1704 docibilem,
1158 1642 1463 1708 prepterea
1495 1636 1649 1708 quod
1697 1639 1854 1690 tanta
1885 1633 1968 1688 illi

320 1745 516 1817 rerum
550 1725 847 1817 subtilitas
879 1726 1087 1791 inerat,
1117 1729 1282 1817 tanta
1322 1723 1554 1817 dicendi
1609 1723 1872 1817 facultas,
1907 1727 1973 1777 ut
2001 1749 2051 1817 Β

319 1815 466 1873 nihil
499 1821 654 1872 esset
682 1819 784 1870 aut
815 1814 1054 1870 inventu
1085 1813 1432 1885 sapientius,
1466 1817 1568 1867 aut
1601 1811 1761 1866 dictu
1801 1827 1970 1866 orna-

319 1905 459 1972 tius,
495 1909 597 1960 aut
625 1903 832 1959 auditu
856 1903 1198 1974 jocundius.
1224 1902 1367 1956 Cum
1393 1906 1588 1956 autem
1613 1917 1647 1954 a
1671 1899 1972 1956 forinsecis

321 1993 497 2050 rebus
509 1991 741 2064 requies
755 1992 894 2046 data
912 1991 1138 2056 fuisset,
1154 1994 1295 2045 tunc
1313 1989 1686 2060 conjunctius
1705 2005 1838 2044 cum
1857 1989 1972 2044 Deo

320 2097 578 2152 manere,
592 2079 776 2135 sacris
793 2077 1008 2152 vigiliis
1027 2077 1372 2143 insistendo,
1394 2077 1622 2132 divinas
1643 2077 1973 2149 Scripturas

319 2171 588 2245 legendo,
623 2173 726 2226 aut
755 2183 958 2224 earum
983 2166 1212 2222 codices
1230 2167 1596 2222 emendando
1615 2184 1628 2233 ;
1649 2183 1976 2222 summum-

321 2276 434 2334 que
444 2257 707 2315 studium
721 2261 846 2312 erat
860 2259 926 2310 ut
938 2272 1240 2328 nunquam
1256 2272 1288 2309 a
1301 2254 1514 2310 divinis
1527 2255 1976 2326 Operibusvaca-

321 2351 427 2406 ret.
459 2348 572 2404 Sed
603 2361 761 2402 nunc
788 2344 1298 2415 verumjudicium
1323 2343 1475 2398 inter
1495 2343 1764 2405 virumet
1783 2343 1972 2398 virum

321 2437 670 2503 discernere,
706 2450 863 2488 nunc
894 2433 1218 2504 impacatas
1251 2431 1558 2486 hominum
1593 2435 1819 2487 mentes
1851 2430 1972 2504 pla-

321 2526 451 2583 cido
482 2539 752 2581 sermone
783 2521 1183 2593 tranquillam,
1207 2521 1416 2576 horum
1441 2520 1637 2591 inepta
1660 2519 1974 2575 dissolvere

323 2613 599 2686 coniugia
626 2612 761 2681 (48),
793 2609 1025 2664 illorum
1068 2608 1400 2664 hmreticam
1451 2609 1702 2664 refutare
1749 2609 1974 2681 Opinio-

327 2717 496 2770 nem;
532 2700 626 2756 bic
658 2698 926 2772 neglecta
956 2713 1249 2764 renovare,
1283 2697 1404 2752 illic
1435 2712 1582 2752 nova
1603 2701 1974 2764 construere;

326 2807 514 2864 neque
547 2789 876 2861 superfluas
907 2785 1320 2842 mdiﬁcationes
1350 2789 1454 2842 aut
1473 2787 1734 2859 aggredi,
1761 2790 1862 2842 aut
1883 2802 1978 2842 ne-

326 2878 612 2936 cessarias
646 2876 1122 2950 praetermittere;
1156 2875 1369 2943 viduis,
1404 2874 1683 2948 orphanis
1714 2891 1780 2930 ac
1809 2892 1977 2948 pere—

323 2967 514 3042 grinis
531 2983 600 3024 ex
611 2967 794 3040 justis
815 2964 1072 3021 ecclesiae
1097 2964 1423 3019 redditibus
1445 2963 1752 3019 subvenire
1774 2982 1788 3031 ;
1813 2981 1980 3036 pecu-

329 3056 490 3113 niam
524 3072 638 3110 non
665 3053 813 3110 lucri
853 3052 1261 3120 mstimatione,
1293 3053 1394 3106 sed
1442 3051 1675 3123 pietatis
1723 3051 1975 3124 acquisi-

326 3145 486 3201 tiono
499 3143 711 3198 habere
728 3161 740 3210 ;
758 3146 940 3196 totam
955 3155 1190 3212 operam
1210 3157 1378 3194 suam
1398 3140 1600 3210 patriae
1619 3141 1976 3212 impendere,
2007 3115 2052 3183 θ

327 3236 386 3290 et
414 3231 604 3304 magis
622 3228 912 3304 repellere
944 3227 1073 3298 ejus
1101 3227 1345 3294 excidia,
1371 3244 1544 3299 quam
1581 3229 1817 3302 propria
1838 3228 1983 3300 peri-

329 3319 480 3378 cula.
516 3298 762 3374 Proinde
794 3333 893 3372 rex
923 3316 1169 3372 consilio
1211 3317 1363 3388 ejus,
1395 3298 1463 3371 ut
1510 3298 1640 3370 vitae
1689 3298 1810 3374 sure
1838 3298 1980 3373 cre-

329 3409 500 3476 dens,
555 3412 614 3463 et
669 3422 844 3462 omne
901 3405 1057 3476 quod
1106 3405 1177 3459 ab
1227 3420 1294 3460 eo
1345 3405 1654 3472 diceretur,
1689 3406 1855 3476 quasi
1908 3407 1981 3462 ab

329 3495 764 3569 Omnipotentis
785 3510 884 3549 ore
905 3492 1198 3565 prolatum
1226 3493 1434 3548 fuisset
1455 3493 1810 3565 suscipiens,
1833 3512 1984 3567 qua:-

331 3600 564 3659 cunque
595 3583 910 3641 statuenda
940 3586 1108 3637 erant
1141 3582 1366 3648 statuit,
1399 3598 1762 3654 quaecunque
1810 3584 1981 3638 dam-

333 3675 530 3731 nanda
559 3671 885 3728 damnavit.
928 3671 1044 3726 Hoc
1076 3670 1408 3726 consiliario
1439 3687 1644 3727 omnes
1683 3671 1980 3728 diabolicae

332 3761 722 3836 malignitatis
750 3759 1072 3826 ministros,
1109 3760 1290 3827 fures,
1321 3759 1656 3831 sacrilegos,
1691 3762 1978 3833 perjuros,

333 3851 468 3908 fidei
526 3850 858 3916 violatores,
909 3849 1170 3903 veneficii
1231 3847 1670 3918 compositores,
1721 3849 1983 3906 libidinis

335 3940 720 4014 appetitores;
777 3938 849 3993 ad
909 3937 1015 3992 hoc
1074 3937 1410 4008 quicunque
1475 3940 1677 3992 contra
1733 3939 1981 4010 patriam

335 4028 794 4102 conspirassent,
828 4026 928 4098 qui
948 4027 1004 4080 in
1033 4030 1304 4098 parentes
1329 4043 1539 4080 manus
1563 4026 1980 4094 extendissent,

337 4117 617 4172 mulieres
647 4115 826 4170 etiam
859 4131 985 4184 qua:
1018 4113 1349 4168 adulterina
1389 4115 1592 4170 fraude
1639 4116 1796 4170 viros
1844 4135 1983 4173 suos

339 4203 1094 4272 interfecissent,postremo
1112 4219 1313 4256 omnes
1333 4219 1481 4274 quos
1499 4203 1643 4258 irato
1663 4205 1778 4259 Deo
1800 4205 1984 4261 vivere

339 4292 582 4358 sciebat,
617 4306 686 4346 ex
716 4288 992 4345 omnibus
1024 4291 1183 4362 regni
1217 4291 1307 4346 sui
1341 4291 1559 4345 finibus
1589 4294 1983 4364 proturbatos,

341 4381 622 4437 diuturno
680 4381 784 4436 aut
840 4384 1117 4450 perpetuo
1177 4377 1451 4450 relegavit
1506 4379 1736 4436 exsilio.
1801 4383 1985 4454 Hujus

2081 466 2539 522 clarissimarum
2558 465 2812 521 ministri
2824 465 3374 532 ecclesiarum,dum
3393 465 3447 519 in
3468 463 3739 535 eligendo

2082 556 2494 628 quodcumque
2551 553 2966 621 deliberarent,
3012 553 3374 625 voluptatem
3440 551 3736 606 honestati

2083 645 2434 715 praeferrent,
2488 641 2664 716 regali
2728 643 3030 698 sanctione
3076 643 3148 696 de
3197 641 3421 696 eisdem
3476 637 3740 694 ecclesiis

2083 732 2306 804 expulsi
2341 733 2480 800 (50),
2508 731 2850 787 melioribus
2877 747 2939 786 se
2954 735 3013 785 et
3032 729 3274 786 alterius
3295 728 3534 785 Ordinis
3555 727 3742 782 homi-

2082 821 2257 876 nibus
2305 838 2411 875 sua
2461 820 2587 875 loca
2637 819 3054 891 relinquerent.
3091 819 3333 891 Propter
3383 817 3505 872 bzrc
3559 816 3742 888 igitur

2082 910 2468 965 sanctissimm
2503 909 2774 964 instituta
2819 907 3142 979 disciplina:
3196 911 3398 962 tantus
3450 905 3508 960 in
3559 921 3740 976 regno

2080 999 2400 1068 Anglorum
2435 997 2760 1053 divinitatis
2793 995 2986 1051 cultus
3016 996 3283 1063 excrevit,
3318 999 3383 1050 ut
3413 998 3473 1050 et
3504 992 3741 1049 nobilis-

2083 1087 2214 1141 simi
2245 1085 2481 1158 quique,
2513 1090 2688 1157 atque
2721 1085 2779 1140 in
2814 1084 3024 1140 smculo
3065 1082 3486 1156 potentissimi,
3520 1081 3738 1154 spretis

2082 1175 2356 1230 omnibus
2390 1175 2592 1229 mundi
2629 1174 2879 1246 pompis,
2899 1173 2970 1227 ad
2997 1171 3194 1228 divina
3215 1172 3599 1244 confugerent
3619 1187 3742 1226 ser-

2081 1264 2255 1330 vitia;
2290 1269 2346 1319 et
2377 1263 2432 1318 hi
2469 1281 2614 1336 quos
2646 1261 3076 1318 ecclesiasticus
3107 1261 3260 1317 Ordo
3291 1261 3628 1327 admiserat,
3661 1260 3738 1314 de

2081 1353 2295 1408 virtute
2310 1353 2744 1418 contenderent,
2767 1351 3016 1407 scientes
3038 1349 3333 1406 neminem
3358 1350 3430 1404 ad
3453 1347 3735 1404 honorem

2082 1458 2253 1513 posse
2284 1441 2632 1513 pertingere,
2665 1457 2840 1512 quem
2874 1457 2989 1494 non
3019 1439 3304 1495 virtutum
3336 1436 3546 1493 merita
3566 1438 3739 1508 juva-

2083 1534 2231 1586 rcnt.
2251 1529 2335 1584 Ob
2355 1529 2532 1600 hujus
2551 1545 2784 1601 quoque
2801 1528 2943 1583 disci
2952 1527 3121 1600 plinas
3139 1525 3739 1592 excellentiam,tanta

2082 1618 2243 1690 pacis
2275 1617 2625 1685 constantia,
2660 1621 2824 1672 tanta
2853 1632 3048 1692 rerum
3080 1613 3304 1670 exstitit
3333 1611 3650 1686 opulentia,
3665 1615 3739 1668 ut

2081 1706 2279 1762 omnia
2297 1705 2499 1761 mundi
2525 1703 2834 1768 elementa,
2847 1703 3042 1776 ipsum
3061 1719 3292 1776 quoque
3309 1701 3737 1757 elementorum

2083 1801 2402 1851 creatorem
2421 1795 2606 1850 Deum
2627 1793 2800 1866 regiis
2814 1791 3177 1864 temporibus
3189 1791 3446 1846 arridere
3470 1794 3730 1862 putares.

2082 1884 2177 1940 Sic
2201 1882 2495 1956 pontificis
2545 1881 2836 1955 sapientia
2881 1879 3141 1936 dictabat
3190 1879 3346 1952 regis
3397 1877 3732 1950 justitiam;

2084 1973 2237 2046 regis
2287 1972 2526 2044 justitia
2581 1969 2838 2026 obtinuit
2896 1969 2996 2026 Dei
3057 1967 3521 2024 misericordiam
3566 1983 3581 2022 :
3632 1966 3736 2023 Dei

2083 2066 2280 2118 autem
2313 2059 2715 2116 misericordia
2744 2059 3010 2114 omnium
3044 2074 3237 2114 rerum
3259 2055 3531 2129 prestitit
3549 2056 3735 2112 abun-

2083 2150 2370 2206 dentiam.

2085 2257 2277 2328 Regem
2335 2256 2398 2312 ob
2451 2255 2712 2312 violatam
2767 2255 3036 2326 virginem
3098 2253 3348 2324 ,ςαρίσηηὶ
3403 2253 3737 2320 perniteva

2797 2343 3020 2399 addicit.

2157 2436 2246 2490 35.
2279 2435 2388 2490 Sed
2423 2433 2544 2488 haec
2585 2433 2924 2488 communia
2971 2431 3150 2486 totius
3199 2430 3470 2486 Ecclesiae
3521 2430 3736 2503 gaudia

2086 2523 2330 2595 cupiens
2385 2521 2717 2578 disturbare
2773 2519 3092 2593 malignus,
3144 2521 3412 2576 accendit
3468 2519 3732 2574 animum

2086 2610 2575 2668 Christianissimi
2607 2609 2761 2682 regis
2792 2609 2852 2664 in
2883 2624 3141 2664 amorem
3175 2609 3292 2664 Deo
3323 2610 3538 2664 devota:
3569 2607 3737 2681 virgi-

2089 2699 2181 2756 nis
2225 2700 2358 2772 (51),
2395 2703 2478 2767 ut,
2516 2713 2692 2770 quem
2723 2715 2756 2753 a
2787 2697 3022 2754 tramite
3064 2697 3314 2770 justitiaz
3363 2698 3730 2753 Dunstanum

2087 2788 2334 2861 dejicere
2352 2804 2465 2843 non
2486 2787 2794 2859 potuisset,
2814 2803 2971 2854 eum,
2992 2802 3164 2859 quem
3183 2786 3472 2860 prmcipue
3489 2787 3736 2842 Dunsta-

2088 2895 2200 2933 nus
2229 2876 2510 2948 diligebat
2539 2879 2597 2931 et
2625 2892 2801 2947 super
2831 2891 3005 2948 quem
3039 2875 3218 2930 tetius
3246 2873 3541 2949 religionis
3573 2874 3736 2947 vigor

2086 2965 2486 3032 incumbebat,
2522 2963 2769 3036 dejicere
2798 2967 3070 3019 tentaret.
3094 2963 3428 3036 Perpetrato
3458 2962 3653 3036 itaque
3674 2961 3733 3018 in

2086 3055 2372 3128 virginem
2403 3052 2651 3108 velatam
2674 3057 2910 3125 peccato
2927 3056 3101 3124 atque
3121 3053 3194 3107 ad
3217 3051 3513 3124 publicam
3537 3051 3735 3125 populi

2089 3143 2451 3200 audientiam
2484 3140 2725 3214 perlato,
2742 3141 3082 3197 Dunstanus
3103 3145 3221 3196 tam
3246 3157 3350 3213 pro
3367 3139 3540 3213 culpa
3558 3156 3736 3213 quam

2091 3249 2194 3304 pro
2227 3229 2470 3285 infamia
2494 3229 2668 3303 regis,
2702 3228 3051 3303 gravissimo
3081 3229 3278 3284 dolore
3310 3229 3574 3296 affectus,
3606 3245 3739 3306 mox

2092 3319 2258 3375 illum
2277 3318 2458 3375 veluti
2481 3319 2731 3374 alterum
2756 3319 2934 3374 David
2956 3336 3088 3374 cum
3109 3317 3430 3374 Bethsabee
3453 3317 3740 3373 dormien-

2090 3412 2229 3478 tem,
2264 3407 2409 3463 alter
2428 3407 2544 3475 ille,
2561 3408 2661 3462 sed
2684 3407 2854 3480 longe
2877 3408 3130 3463 severior
3142 3406 3392 3474 Nathan,
3413 3405 3740 3478 intrepidus

2092 3497 2256 3564 adiit,
2292 3495 2646 3552 furibundus
2670 3497 2740 3552 ad
2765 3513 2899 3552 eum
2927 3495 3170 3551 introiit.
3189 3497 3519 3568 Assurgens
3541 3499 3736 3550 autem

2091 3605 2190 3642 rex
2219 3585 2474 3642 venienti
2508 3583 2737 3640 obviam
2775 3585 3038 3656 pontifici
3071 3584 3329 3640 extendit
3379 3599 3644 3648 manum,
3679 3586 3743 3638 ut

2091 3693 2226 3731 eum
2260 3675 2331 3730 ad
2364 3674 2588 3746 regium
2635 3673 2950 3729 deduceret
2995 3672 3295 3728 thronum.
3331 3671 3439 3738 Qui
3488 3688 3741 3728 renuens

2091 3781 2334 3820 manum
2365 3764 2524 3829 dare,
2559 3761 2762 3818 oculos
2792 3779 2925 3817 cum
2960 3763 3214 3834 quadam
3255 3761 3439 3816 animi
3471 3760 3739 3834 indigna-

2090 3853 2248 3908 tione
2279 3853 2337 3906 in
2370 3851 2536 3906 illum
2585 3851 2780 3918 torsit,
2808 3856 2866 3906 et
2893 3851 3010 3906 ait:
3044 3851 3131 3906 'l‘u
3175 3850 3468 3922 pontificis
3500 3867 3740 3906 manum

2091 3942 2274 3997 audes
2303 3940 2665 4010 contingere,
2681 3937 2782 4011 qui
2808 3939 3095 4012 virginem
3119 3939 3364 3994 Deitatis
3388 3955 3630 3994 munere
3656 3956 3740 3994 ar-

2093 4033 2278 4085 ratam
2313 4047 2426 4083 non
2459 4026 2708 4082 timuisti
2733 4028 3040 4099 praeripere
3055 4027 3085 4082 ?
3105 4029 3394 4100 Sponsam
3416 4026 3743 4082 Conditoris

2095 4119 2176 4174 tui
2209 4117 2574 4186 adulterasti,
2607 4121 2664 4172 et
2693 4115 2950 4172 amicum
2982 4115 3184 4188 sponsi
3218 4115 3414 4188 aliquo
3445 4120 3546 4172 tuo
3577 4117 3740 4172 obse-

2095 4209 2230 4281 quio
2260 4205 2562 4264 existimas
2590 4223 2761 4278 posse
2793 4204 3054 4278 placari?
3083 4204 3224 4261 Nolo
3256 4204 3483 4260 amicus
3505 4220 3634 4260 esse
3648 4202 3739 4260 cui

2093 4297 2362 4354 Christus
2393 4295 2570 4350 fuerit
2607 4294 2904 4349 inimicus.
2938 4294 3200 4350 Territus
3247 4310 3384 4366 ergo
3430 4293 3740 4354 verborum
3786 4344 3794 4350 .

2093 4385 2350 4442 tonitruo
2378 4400 2492 4450 rex,
2529 4382 2898 4455 objurgantis
2931 4397 2993 4438 se
3016 4382 3264 4456 pedibus
3296 4381 3592 4452 pontificis
3616 4398 3740 4453 pro-

337 4485 573 4542 quoque
602 4467 845 4524 consilio
877 4483 1082 4522 omnes
1111 4466 1488 4522 ecclesiarum
1531 4468 1852 4538 ministros,
1885 4471 1984 4544 qui
2016 4485 2064 4550 Ι)
2092 4474 2392 4541 sternitur,
2425 4472 2712 4544 extemplo
2741 4470 2936 4527 scelus
2967 4471 3238 4527 flebiliter
3255 4471 3490 4538 fatetur,
3515 4471 3744 4527 veniam

341 4562 536 4631 spreto
583 4555 966 4630 professionis
1015 4572 1134 4612 suae
1183 4555 1533 4623 mintsterio,
1585 4563 1689 4613 aut
1737 4562 1986 4616 venandi

342 4647 540 4704 studio
573 4646 776 4702 intenti
811 4645 946 4715 (49),
980 4649 1082 4699 aut
1113 4645 1462 4716 quzestuosis
1503 4647 1750 4718 negotiis
1783 4649 1986 4716 dediti,

343 4753 448 4793 seu
458 4734 884 4791 concumbendi
903 4733 1218 4788 insolentia
1235 4733 1548 4804 deturpati,
1565 4738 1795 4790 aetatem
1820 4755 1990 4809 agere

344 4823 644 4888 solebant;
677 4821 880 4878 omdes
913 4821 1020 4876 hos
1049 4827 1150 4876 aut
1179 4820 1446 4876 districta
1489 4823 1992 4881 animadversione

344 4909 598 4968 decrevit
625 4910 993 4978 coercendos,
1028 4914 1130 4964 aut
1159 4910 1276 4964 cita
1306 4909 1682 4966 subversione
1709 4913 1780 4967 de
1809 4913 1992 4968 eccle-

417 5025 528 5099 (47)
571 5025 728 5080 Idem
755 5024 1004 5099 asserit
1047 5024 1376 5099 Willrltnus
1429 5023 1992 5099 Malmrsliuriensis,

350 5122 380 5151 «
406 5095 705 5170 perennes
725 5095 875 5170 rivos
901 5095 1138 5170 deducit
1163 5098 1236 5150 ad
1269 5096 1419 5170 hanc
1450 5097 1631 5170 diem.
1662 5120 1688 5145 ))

419 5167 532 5242 (id)
565 5167 712 5232 Quid
746 5168 801 5220 in
835 5168 1106 5242 comitem
1139 5168 1338 5242 egerit,
1375 5167 1472 5238 qui
1501 5167 1698 5242 illicito
1722 5171 1995 5242 conjugio

350 5239 623 5310 addictus
653 5243 798 5310 erat,
827 5239 958 5293 vide
987 5238 1216 5310 Osberti
1251 5240 1579 5310 fragmenta
1609 5238 1777 5293 infra.

420 5309 942 5382 (1‘9)7Venationem
976 5309 1079 5382 die
1103 5309 1404 5382 DominiCa
1433 5309 1610 5364 etiam
1646 5310 1762 5382 regi
1814 5309 1996 5366 inter-

349 5380 498 5440 diXit
527 5381 866 5436 Dunstanus
891 5397 959 5434 ex
988 5380 1230 5434 Osberto
1265 5381 1433 5434 infra.

423 5454 536 5524 (50)
567 5451 954 5523 Chronologia
985 5451 1270 5524 Saxonica
1301 5469 1452 5524 anno
1482 5452 1609 5506 961.
1649 5474 1676 5502 «
1708 5453 1810 5508 Hic
1850 5454 1997 5509 Ead-

351 5521 531 5602 garus
549 5540 648 5580 rex
669 5521 999 5579 saecrdbtes
1019 5521 1291 5588 civitatis,
1312 5521 1534 5578 scilicet
1557 5524 1998 5593 Wintonicnsis,

2096 4561 2400 4618 humiliter
2429 4565 2716 4633 precatur.
2749 4561 2900 4625 Quot
2921 4564 2986 4613 ut
3007 4559 3151 4613 vidit
3173 4558 3480 4630 prontifex,
3495 4557 3744 4629 expavit,

2099 4651 2518 4724 perfusumque
2548 4665 2740 4721 regem
2774 4646 3068 4720 lacrymis,
3103 4645 3378 4719 lacrymis
3401 4652 3456 4701 et
3476 4645 3599 4718 ipse
3627 4661 3748 4700 ma-

2099 4741 2269 4806 dens,
2301 4737 2511 4794 tellure
2558 4736 2784 4794 levavit.
2820 4736 3062 4802 Deinde,
3094 4751 3229 4790 cum
3279 4733 3750 4807 magnitudinem

2102 4826 2322 4899 peccati
2351 4842 2454 4898 per
2469 4823 2984 4895 amplificationem
3006 4822 3392 4896 exposuisset,
3413 4826 3470 4878 et
3481 4824 3752 4894 paratum

2099 4915 2267 4971 illum
2299 4916 2370 4970 ad
2404 4930 2638 4970 omnem
2661 4912 3121 4968 satisfactionem
3145 4909 3754 4981 reddidisset,septen-

2102 5030 2324 5102 expulit
2354 5030 2424 5084 de
2455 5030 2627 5102 veteri
2651 5032 2719 5102 et
2761 5045 2906 5083 novo
2955 5027 3419 5102 monasterio,_ct
3449 5027 3522 5081 de
3550 5023 3756 5102 Chate-

2105 5097 2244 5162 riéa.
2279 5103 2425 5156 etde
2451 5101 2831 5167 Middeltuna,
2852 5104 3059 5156 etcum
3080 5099 3383 5154 monachis
3401 5097 3708 5152 constituit.
3739 5111 3752 5167 ξ

2105 5180 2160 5228 et
2194 5173 2566 5242 Ethelgarum
2601 5165 2873 5226 abbatem
2899 5171 2956 5225 in
2976 5171 3246 5242 abbatem
3267 5168 3395 5224 novi
3413 5165 3757 5242 monasterii

2100 5243 2434 5316 constituit,
2466 5247 2524 5316 et
2572 5243 2968 5316 0rdbﬁyrhtum
3019 5241 3330 5316 Chatericge
3359 5246 3417 5316 et
3437 5241 3758 5316 Qynewar:

2107 5316 2246 5370 dum
2272 5307 2638 5387 Middelunm.
2663 5336 2690 5363 »
2719 5307 2865 5387 Lege
2887 5315 3029 5368 Acta
3049 5313 3108 5368 S.
3130 5307 3756 5382 Ethelwoldiepiscopi

2107 5385 2536 5441 \Vintoniensis
2569 5403 2767 5456 supra.

2181 5460 2290 5529 (51)
2323 5459 2402 5512 De
2436 5457 2544 5512 hac
2574 5450 2796 5528 virgine
2826 5455 2950 5526 lege
2994 5454 3306 5511 Osbertum
3337 5453 3398 5508 in
3426 5450 3760 5524 Appendice

2110 5528 2288 5584 huius
2317 5527 2483 5584 Vitae.

2154 5527 2288 5600 ujus
2317 5527 2483 5585 Vitae.
