4056 6178
195 329 209 346 .
243 243 332 307 M3
1792 240 2002 304 VITA.

3479 258 3600 320 446

249 394 352 434 nem
376 377 420 433 ei
450 378 848 450 paenitentiam
880 379 1107 448 indixit,
1141 383 1207 435 ut
1246 379 1302 434 in
1355 385 1475 433 toto
1506 377 1613 433 hoc
1648 377 1836 449 spatio
1865 373 1922 443 Α
1949 379 2016 431 ut
2036 377 2156 433 fiat.
2176 377 2259 433 Ad
2291 396 2465 450 quam
2489 398 2683 436 vocem
2711 399 3162 459 rex,omnesque
3186 390 3435 461 majores
3457 397 3598 450 natu

249 483 474 524 coronam
502 469 661 541 regni
684 486 796 524 non
814 469 1378 542 gestaretjejunium
1407 469 1462 522 in
1482 466 1849 523 behdomada

247 555 441 612 bidualc
492 557 858 630 transigeret,
896 559 1080 613 avitos
1132 559 1488 630 pauperibus
1542 557 1849 612 thesauros

246 645 374 717 large
399 645 773 717 dispergeret:
799 663 976 718 super
996 646 1116 700 hzec
1141 647 1442 702 sacrandis
1463 647 1578 701 Deo
1617 644 1851 717 virgini-

245 736 334 791 bus
372 735 781 790 monasterium
814 733 1049 806 aliquod
1108 735 1395 803 fundaret,
1427 739 1718 806 qualenus
1748 733 1846 805 qui

245 840 390 880 unam
408 839 507 894 per
521 827 821 894 peccatum
847 823 961 878 Deo
982 823 1265 894 virginem
1285 822 1749 894 abstulisset,plu
1760 839 1848 876 res

241 913 283 968 ei
311 929 398 983 per
423 911 587 983 plura
618 911 812 966 sreculi
862 911 1160 966 volumina
1203 917 1574 984 aggregaret;
1608 911 1848 966 clericos

241 1003 388 1057 etiam
421 1000 567 1056 male
600 1001 918 1056 actiouales
948 1003 1019 1056 de
1047 1001 1309 1056 ccclesiis
1341 1001 1703 1073 propelleret.
1727 1016 1846 1054 mo-

239 1091 524 1146 nachorum
553 1089 788 1164 agmina
820 1090 1234 1156 introduceret;
1260 1091 1454 1162 justas
1492 1089 1724 1159 Dcoque
1764 1103 1851 1142 ac-

237 1179 609 1254 ceptaslegum
631 1178 882 1235 rationes
904 1179 1415 1247 sanciret,sanctas
1438 1179 1847 1244 conscriberet,

237 1269 566 1340 conscriptas
615 1285 720 1341 per
765 1285 970 1324 omnes
1003 1269 1147 1323 ﬁnes
1199 1269 1424 1340 imperii
1478 1269 1566 1324 sui
1619 1266 1851 1340 populis

235 1357 618 1416 custodiendas
649 1357 972 1413 mandaret.
1008 1356 1162 1412 Nihil
1211 1374 1346 1428 ergo
1391 1356 1692 1412 residuum
1729 1359 1854 1412 crat

235 1447 366 1521 quod
385 1447 578 1501 minus
599 1450 699 1501 aut
719 1445 957 1518 segnius
981 1461 1078 1500 rex
1101 1444 1368 1516 impleret
1383 1462 1558 1517 quam
1579 1463 1612 1500 a
1633 1451 1852 1501 rectore

229 1535 340 1591 vita:
367 1553 479 1592 sua
509 1538 864 1608 prmceptum
897 1534 1122 1590 fuisset.
1157 1535 1416 1607 Septimo
1441 1539 1635 1590 autem
1675 1551 1849 1603 anno,

232 1641 346 1680 cum
359 1625 630 1680 redeunte
642 1622 810 1696 quasi
816 1622 1056 1694 jubilzeo
1069 1623 1854 1696 termino,pa2nitentia:tem-

1958 465 2072 522 fere
2107 485 2291 540 usque
2323 470 2395 524 ad
2425 470 2849 527 cxhalationem
2883 477 3192 548 perterriti,
3212 479 3463 537 clamore
3501 499 3600 553 pa-

1957 556 2098 612 riter
2127 563 2183 612 et
2216 558 2313 612 Dei
2347 557 2681 615 laudatione
2701 579 2894 618 arcam
2926 566 3325 638 complenLEt
3355 569 3447 625 his
3467 571 3602 643 qui-

1958 645 2090 700 dem
2113 646 2460 704 adversariis
2489 648 2816 707 viventibus
2847 659 3141 711 cessatum
3173 663 3260 712 est
3295 676 3328 713 a
3359 663 3602 715 conten-

1958 733 2560 809 tionibus,quousque
2589 756 2692 810 per
2720 743 3147 798 successionem
3172 746 3423 802 filiorum
3449 747 3606 820 prior

1957 821 2249 878 discordia
2282 832 2549 880 renovate
2581 833 2688 882 est.
2722 829 2826 894 Qui
2853 832 3151 902 abeuntes,
3181 839 3238 889 et
3275 836 3605 909 iniquitatis

1957 929 2074 967 suae
2102 912 2463 968 defensorem
2499 915 2908 973 lleornelinum
2941 921 3244 976 Scotorum
3271 925 3602 996 pontificem

1957 1005 2344 1069 assumentes,
2381 1001 2676 1058 hominem
2708 1007 2975 1061 videlicet
3011 1013 3129 1064 tam
3167 1011 3399 1083 ingenio
3429 1032 3605 1085 quam

1956 1086 2308 1161 loquaci‘tats
2341 1091 2455 1146 fere
2488 1092 2964 1164 insuperabilem,
3000 1098 3070 1152 ad
3103 1098 3399 1155 hominem
3425 1101 3524 1156 Dei
3548 1102 3606 1158 in

1956 1177 2316 1251 villam,qu:e
2338 1186 2578 1236 vocatur
2605 1182 2807 1250 Kalne,
2825 1186 3362 1260 tendunt,turgenti
3395 1190 3609 1262 spiritu

1959 1267 2302 1323 scandalum
2336 1273 3050 1342 proponunt.Dunstanus
3080 1278 3465 1352 autemlongo
3486 1281 3612 1354 qui-

1959 1355 2091 1411 dem
2125 1357 2286 1412 senio
2317 1362 2373 1412 et
2405 1359 2634 1431 magnis
2667 1361 2931 1418 Ecclesiae
2963 1363 3262 1422 laboribus
3310 1370 3607 1438 efl'ractus,

1951 1445 2077 1517 jam
2109 1451 2316 1518 [παίων
2343 1449 2664 1504 orationem
2689 1455 2818 1522 post
2841 1456 3069 1526 tergum
3092 1455 3290 1513 omnia
3314 1464 3607 1530 posuerat,

1958 1536 2226 1590 Attamen
2259 1553 2331 1591 ne
2363 1553 2498 1608 pars
2530 1537 2733 1610 iniqua
2763 1540 2958 1596 divino
2987 1545 3281 1616 quondam
3329 1547 3611 1604 miraculo

1958 1623 2130 1692 victa,
2157 1641 2310 1680 nunc
2342 1625 2413 1681 de
2444 1627 2822 1699 adipiscenda
2851 1629 3202 1702 gloriaretur
3223 1635 3482 1706 victoria,
3501 1637 3612 1695 hoc

225 1731 320 1786 pus
344 1715 609 1768 exactum
633 1711 859 1780 fuisset,
875 1729 1040 1768 sacer
1062 1711 1336 1784 pontifex,
1357 1713 1560 1767 accitis
1577 1713 1854 1769 omnibus
1882 1747 1932 1814 Β
1963 1713 2019 1768 in
2053 1713 2250 1768 hostes
2298 1715 2694 1788 responsionis
2735 1718 3002 1790 jaculum
3052 1723 3258 1779 vibrat.
3300 1727 3612 1797 Quoniam,

223 1801 427 1874 imperii
448 1800 773 1874 Anglorum
806 1799 1195 1872 principibus,
1215 1799 1524 1872 episcopis,
1540 1801 1853 1856 abbatibus

219 1894 266 1947 ct
290 1890 573 1946 universis
593 1889 862 1946 Ecclesia:
895 1889 1200 1963 dignitatis
1231 1888 1856 1961 ordinibus,imposuit

220 1980 322 2052 regi
351 1996 626 2036 coronam
658 1995 856 2036 coram
883 1979 1042 2034 omni
1085 1977 1463 2034 multitudine
1493 1978 1692 2052 populi
1738 1981 1852 2034 An-

217 2067 446 2142 glorum,
479 2068 820 2124 laetantibus
858 2067 1106 2134 cunctis,
1130 2073 1186 2123 et
1217 2066 1611 2123 ineffabilibus
1633 2067 1854 2138 jubila-
1897 2130 1916 2148 ,

218 2157 374 2214 tionis
399 2159 647 2214 vocibus
679 2157 865 2213 Deum
900 2157 958 2211 in
994 2156 1296 2212 Dunstano
1326 2155 1726 2213 laudantibus.

409 2247 747 2304 Clericorum
775 2247 1066 2318 cjcctomm
1096 2247 1342 2319 querelas
1373 2247 1649 2317 refringit.

277 2336 359 2390 36.
391 2335 622 2392 Interea
663 2338 826 2390 tanta
867 2334 1153 2390 clericalis
1203 2334 1343 2390 ordo
1390 2334 1743 2406 quibusdam
1794 2335 1853 2391 in

217 2421 343 2479 locis
362 2423 708 2480 confusione
729 2424 1030 2497 agebatur,
1049 2428 1111 2478 ut
1133 2440 1247 2478 non
1270 2423 1461 2479 solum
1479 2441 1513 2479 a
1530 2423 1647 2480 vita
1667 2442 1852 2480 saecu-

215 2510 407 2568 larium
439 2511 822 2569 excellentius
852 2511 998 2567 nihil
1030 2512 1290 2580 haberet,
1307 2528 1509 2568 verum
1535 2513 1709 2569 etiam
1743 2513 1853 2569 im-

215 2601 396 2671 probis
443 2602 680 2657 actibus
727 2601 897 2674 longe
945 2600 1185 2657 inferior
1218 2601 1461 2672 jaceret.
1507 2603 1631 2668 Qua
1677 2603 1750 2659 de
1794 2619 1854 2658 re

216 2694 461 2760 pastores
492 2689 877 2746 ecclesiarum
911 2689 1151 2757 turbati,
1185 2689 1555 2745 Dunstanum
1604 2694 1670 2746 ut
1719 2707 1850 2763 pro-

213 2777 390 2848 prium
424 2778 742 2851 primatem
775 2778 1011 2846 adeunt,
1028 2795 1121 2834 res
1140 2778 1293 2834 male
1312 2783 1508 2852 gestas
1532 2784 1848 2852 exponunt,

210 2867 578 2924 correctionis
607 2865 853 2924 consilia
880 2867 1349 2939 perquirunt._At
1379 2867 1472 2923 ille
1503 2867 1562 2922 in
1585 2867 1850 2925 homines

211 2956 478 3014 nefandos
528 2974 652 3014 sua:
700 2955 1066 3012 auctoritatis
1113 2937 1413 3028 proferens
1442 2956 1794 3012 sententiam
1832 2975 1846 3014 :

206 3045 308 3102 Aut
351 3048 663 3115 canonice,
695 3046 907 3119 inquit,
943 3053 1029 3100 est
1076 3045 1408 3112 vivendum,
1441 3050 1543 3101 aut
1588 3046 1850 3104 ecclesiis

1963 1802 2174 1874 inquit,
2199 1805 2362 1859 tanto
2393 1809 2653 1876 tempore
2683 1807 2880 1879 elapso
2903 1809 3208 1866 calumnia:
3239 1831 3443 1870 ansam
3495 1835 3610 1874 non

1939 1890 2372 1964 ,praetendistis,
2407 1909 2562 1948 nunc
2595 1899 2790 1950 autem
2823 1904 3218 1956 senescentem
3253 1919 3347 1958 me
3373 1921 3440 1960 ac
3471 1905 3611 1961 taci-

1965 1980 2230 2034 turnitati
2249 1997 2481 2052 operam
2502 1981 2760 2051 dantem,
2781 1984 3040 2058 antiquis
3057 1989 3310 2060 querelis
3327 1992 3615 2051 deservire

1963 2067 2349 2136 contenditis;
2385 2069 2588 2136 fateor,
2613 2071 2842 2127 vincere
2872 2090 2973 2130 vos
3004 2075 3158 2144 nolo,
3191 2078 3462 2136 Ecclesim
3493 2099 3614 2140 sum

1963 2156 2443 2212 causamChristo
2457 2157 2645 2229 judici
2670 2162 3240 2233 committo.Dixit,et
3261 2169 3418 2241 quod
3443 2171 3612 2242 dixit,

1963 2244 2096 2300 irati
2144 2246 2244 2302 Dei
2293 2263 2542 2302 censura
2589 2249 2861 2306 firmavit.
2896 2252 3026 2308 Mox
3073 2255 3286 2312 etenim
3328 2275 3617 2318 concussa

1963 2335 2195 2402 domus,
2229 2334 2594 2391 cmnaculum
2647 2338 2756 2394 sub
2806 2341 3055 2411 pedibus
3101 2344 3382 2416 solutum,
3417 2348 3616 2407 hostes

1963 2423 2086 2479 solo
2118 2423 2462 2496 praecipitati
2496 2443 2562 2481 ac
2590 2427 2886 2482 ruentium
2921 2431 3179 2488 trabium
3227 2438 3482 2508 pondere
3511 2456 3615 2512 op-

1963 2513 2179 2584 pressi;
2213 2513 2311 2568 ubi
2343 2529 2476 2569 vero
2507 2531 2642 2571 cum
2676 2518 2800 2572 suis
2842 2524 3083 2577 sanctus
3113 2525 3500 2596 accubitabat,
3535 2528 3614 2586 ibi

1963 2601 2125 2658 nulla
2156 2602 2336 2658 ruinae
2371 2603 2618 2660 suffusio
2652 2605 2846 2661 fiebat.

2195 2693 2398 2764 Regum
2423 2693 2620 2748 obitus.
2657 2695 2824 2766 Regni
2853 2700 3078 2754 mutatio
3105 2702 3391 2771 pra’dicta,

2029 2781 2119 2836 3’7.
2144 2781 2216 2836 At
2242 2798 2342 2836 rex
2370 2781 2634 2853 Edgarus
2684 2783 3004 2840 immatura
3050 2793 3236 2844 morte
3269 2799 3611 2866 prmreptus,

1959 2869 2317 2924 Edwardum
2351 2867 2538 2926 filium
2571 2888 2745 2926 suum
2777 2877 2834 2927 et
2863 2873 3047 2946 regni,
3079 2880 3138 2931 et
3168 2895 3401 2936 morum
3435 2883 3613 2941 beare-

1959 2958 2090 3014 dem
2127 2958 2388 3031 reliquit;
2423 2958 2483 3013 in
2513 2961 2686 3029 cujus
2715 2960 2992 3017 electione
3023 2963 3164 3020 dum
3196 2967 3434 3039 quidam
3459 2972 3616 3045 prin.

1963 3047 2124 3120 cipcs
2153 3045 2394 3118 palatini
2427 3047 2797 3120 acquiescere
2831 3049 3071 3120 nollent,
3101 3053 3444 3114 Dunstanus
3466 3077 3618 3118 arre-

207 3137 652 3193 exeundum.Ex
674 3115 795 3209 quo
815 3137 1034 3192 factum
1055 3139 1143 3190 est
1173 3140 1237 3191 ut
1266 3135 1656 3207 complurium
1679 3137 1854 3192 eccle-
1882 3115 1927 3182 (ἶ
1964 3115 2064 3207 pto
2095 3115 2286 3190 crucis
2317 3115 2542 3202 vexillo,
2578 3138 2733 3209 quod
2764 3155 2878 3210 prae
2911 3157 2971 3195 se
3004 3115 3074 3196 ea
3105 3160 3264 3199 more
3296 3115 3613 3220 ferebatur,

205 3223 413 3281 siarum
451 3224 678 3292 clerici,
711 3226 851 3280 dum
895 3227 1330 3280 contemnerent
1373 3223 1671 3296 proposita
1719 3242 1855 3280 con-

209 3309 412 3370 ditione
442 3312 690 3386 corrigi,
721 3311 1064 3368 auctoritate
1095 3311 1387 3384 pontificis
1437 3311 1555 3368 sint
1604 3312 1853 3386 expulsi.

206 3401 479 3478 Qui,rege
511 3403 676 3460 adito
707 3401 840 3475 (52),
873 3401 962 3458 vel
991 3418 1138 3474 quos
1170 3399 1320 3473 regis
1351 3400 1538 3472 gratia
1561 3403 1857 3474 proximos

207 3491 485 3563 effecerat,
500 3492 881 3548 Dunstanum
912 3488 1264 3561 injuriarum
1287 3492 1585 3557 accusant,
1601 3505 1662 3544 se
1681 3488 1858 3544 virtu-

205 3579 272 3635 tis
297 3586 605 3637 amatores
625 3579 1025 3654 pronunliant,
1042 3583 1104 3632 ut
1133 3577 1191 3632 in
1215 3577 1521 3650 priesentia
1545 3578 1697 3650 regis
1719 3595 1855 3634 con-

204 3669 460 3725 veniatur
491 3672 690 3726 orant.
711 3669 1050 3724 Dunstanus
1074 3666 1269 3738 itaque
1297 3665 1390 3720 his
1421 3683 1548 3737 qua:
1571 3666 1739 3738 quasi
1772 3684 1856 3723 ra-

204 3755 564 3814 tionabiliter
595 3755 1046 3830 postulabantur
1075 3753 1361 3810 contraire
1410 3753 1634 3822 nolens,
1658 3759 1856 3810 coacto

205 3845 436 3904 concilio
469 3845 859 3902 \Vcntoniam
890 3845 1070 3912 venit,
1101 3843 1201 3899 ubi
1239 3861 1306 3899 ex
1357 3842 1647 3899 sententia
1676 3845 1856 3900 totius

199 3935 416 3991 concilii
447 3936 525 3993 de
562 3933 914 3992 adversariis
944 3931 1242 3989 victoriam
1273 3933 1444 4006 cepit.
1477 3932 1740 4005 Cumque
1788 3950 1857 3988 ex

195 4021 316 4092 jure
359 4025 517 4081 nihil
555 4023 671 4080 sibi
703 4039 1011 4096 superesse
1043 4023 1465 4094 conspicerent,
1499 4022 1589 4078 usi
1639 4021 1856 4078 auxilio

196 4113 337 4186 regis
365 4119 427 4172 et
474 4112 841 4188 principum,
875 4113 946 4168 ad
997 4127 1196 4184 preces
1242 4128 1304 4166 se
1351 4115 1604 4177 vertunt,
1639 4109 1856 4182 quibus

197 4203 538 4278 episcopum
575 4201 865 4276 ﬂagitant,
901 4205 1190 4273 quatenus
1222 4198 1571 4255 intromissa:
1596 4216 1856 4272 personze

195 4289 260 4346 de
277 4291 552 4349 ccclesiis
575 4289 962 4363 expelluntur,
977 4287 1230 4361 expulsae
1254 4287 1658 4343 restituantur.
1684 4288 1858 4344 Dubi-

197 4382 348 4435 tante
376 4380 574 4454 igitur
603 4379 725 4434 viro
755 4375 1242 4449 Dei,nullumque
1277 4376 1350 4430 ad
1383 4380 1587 4447 rogata
1617 4393 1854 4449 respon-

1965 3225 2025 3278 in
2058 3224 2249 3312 medio
2281 3223 2565 3295 constitit,
2597 3226 2956 3282 Edwardum
2987 3228 3103 3286 illis
3122 3235 3398 3304 ostendit,
3419 3236 3612 3312 elegit,

1965 3311 2237 3382 sacravit,
2251 3311 2550 3386 patrisque
2568 3331 2634 3376 ac
2657 3315 2924 3387 magistri
2944 3317 3215 3375 affectum
3239 3325 3430 3394 quoad
3455 3311 3614 3398 visit,

1964 3401 2014 3456 ei
2047 3400 2336 3474 impendit
2369 3419 2381 3456 :
2415 3419 2767 3476 versumque
2795 3404 2852 3458 in
2884 3407 3166 3478 gaudium
3208 3415 3295 3466 est
3339 3415 3617 3474 omnibus

1965 3491 2119 3562 quod
2153 3489 2327 3562 paulo
2349 3495 2484 3546 ante
2513 3491 2680 3547 triste
2705 3497 3070 3565 putaverant,
3095 3499 3498 3560 existimantes
3511 3507 3614 3578 ju-

1963 3596 2167 3634 vencm
2191 3595 2385 3651 regem
2409 3579 2798 3636 inhumanum
2825 3583 3372 3650 futurum,cousilia
3392 3593 3618 3666 sapien-

1965 3671 2090 3722 tum
2126 3685 2238 3722 non
2271 3671 2634 3736 curaturum,
2669 3670 2768 3724 sed
2801 3687 2904 3741 pro
2937 3671 3179 3729 libidine
3219 3679 3418 3735 omnia
3448 3687 3616 3738 actu-

1965 3771 2128 3818 rum;
2162 3756 2261 3809 sed
2294 3760 2606 3827 postquam
2639 3773 2808 3812 secus
2847 3776 2974 3814 esse
3007 3777 3529 3834 cognovere,secus
3558 3774 3618 3827 et

1964 3843 2076 3916 ipsi
2107 3859 2227 3898 rem
2271 3848 2526 3909 tenuere,
2559 3849 2615 3901 et
2644 3843 3012 3916 displicuisse
3061 3849 3172 3906 sibi
3205 3871 3396 3926 regem
3445 3857 3614 3914 vehe-

1966 3937 2191 3987 menter
2218 3931 2538 4004 displicuit.
2574 3933 2684 3988 Sed
2717 3933 2814 3989 illo
2848 3942 2978 4007 post
3003 3937 3212 3994 trienni
3249 3945 3480 4016 tempus
3512 3965 3614 4004 no-

1963 4020 2172 4077 vercali
2220 4021 2422 4110 fraude
2461 4021 2650 4077 occiso
2695 4024 2828 4090 (53),
2863 4025 3207 4083 Ethelredus
3257 4032 3433 4089 frater
3485 4037 3616 4110 ejus

1966 4109 2248 4183 regnandi
2281 4114 2513 4180 sceptra
2541 4110 2810 4166 obtinuit.
2836 4115 2969 4179 Quae
2993 4132 3083 4170 res
3115 4121 3382 4188 quamvis
3403 4109 3617 4184 infesto

1966 4200 2130 4255 fleret
2161 4199 2482 4266 Dunstano,
2515 4198 2603 4254 vel
2634 4198 2772 4270 quia
2806 4217 2907 4272 per
2934 4203 3278 4262 effusionem
3311 4213 3618 4286 sanguinis

1966 4288 2332 4344 innocentem
2365 4287 2438 4342 ad
2470 4303 2714 4359 regnum
2750 4289 3090 4360 perveniret,
3123 4294 3209 4350 vel
3239 4298 3378 4369 quia
3406 4317 3616 4373 parum

1966 4375 2290 4451 prudentiae
2311 4392 2378 4431 ac
2403 4375 2766 4432 fortitudinis
2785 4377 2867 4432 illi
2890 4377 3127 4449 inesset,
3144 4401 3258 4439 non
3280 4391 3404 4443 erat
3421 4392 3615 4447 tamen

194 4481 318 4523 sum
353 4469 725 4543 porrigente,
757 4483 849 4522 res
880 4465 1028 4520 mira
1057 4468 1113 4520 et
1151 4463 1693 4551 saeculisginaudita,
1725 4482 1857 4522 ecce
1884 4482 1934 4548 Ι)
1965 4465 2278 4522 consilium
2335 4463 2627 4532 resistere,
2662 4469 2968 4538 propterea
2997 4471 3152 4541 quod
3183 4471 3340 4530 filius
3378 4476 3532 4551 regis
3560 4483 3619 4536 et

193 4553 480 4614 Dominici
513 4554 783 4628 corporis
813 4553 999 4609 forma
1028 4551 1232 4608 vexilio
1253 4549 1443 4606 crucis
1467 4551 1662 4622 inﬁxa,
1677 4559 1854 4626 atque

193 4642 248 4700 in
275 4645 531 4702 editiore
561 4645 777 4700 domus
800 4646 961 4715 parte
988 4640 1194 4708 locata,
1211 4643 1501 4696 humanos
1521 4642 1854 4714 exprimens

194 4735 414 4803 modos,
428 4731 713 4791 omnium
737 4729 1094 4804 compescuit
1111 4745 1280 4786 voces
1297 4729 1498 4786 dicens
1519 4745 1534 4786 :
1559 4731 1724 4788 Absit
1747 4732 1854 4789 hoc

253 4851 368 4920 (53)
400 4847 930 4908 Wintoniensibus
956 4846 1253 4920 canonicis
1284 4845 1422 4918 quid
1459 4845 1644 4920 hacin
1677 4865 1856 4905 causa

190 4916 659 4994 acciderittlege
697 4920 1028 4994 stertum.
1061 4916 1411 4994 Willelnius_
1425 4919 1856 4994 remdescrihit

192 4990 244 5073 in
272 4991 372 5047 lib.
401 4993 453 5048 ΙΙ
471 4988 840 5073 Βεδξθείὺιιε
868 4989 1210 5072 Anglorum,
1246 5004 1352 5060 cap
1381 4988 1435 5073 9,
1469 4989 1566 5070 ubi
1588 4990 1853 5057 ait,Elfe-

188 5063 334 5118 rium
366 5063 709 5144 quemdam
745 5085 773 5112 «
803 5063 1002 5118 omnia
1022 5077 1168 5132 pene
1199 5063 1574 5122 monasteria,
1612 5079 1736 5132 qua:
1769 5080 1856 5116 re-

187 5135 651 5213 verentissimus
671 5133 1094 5213 [Ethelwoldus
1117 5131 1442 5213 monachus
1457 5137 1517 5213 et
1536 5133 1591 5212 Ἃ,
1605 5138 1855 5188 entauus

185 5205 500 5280 cpiscopus
535 5203 1032 5280 const_ruxerat_in
1087 5202 1382 5280 provincia
1421 5202 1851 5280 Merciorpm._»

183 5271 513 5334 insolenter
545 5277 826 5332 evertisse
856 5280 921 5330 ut
950 5271 1252 5328 Dunstano
1283 5271 1612 5327 insultaret.
1646 5273 1854 5330 Conci-

185 5345 324 5404 lium
355 5346 783 5404 Wintonisnse
813 5347 886 5401 ad
917 5362 1138 5400 annum
1166 5345 1272 5398 970
1303 5348 1529 5398 revocat
1553 5344 1853 5414 Duronius,

181 5417 351 5492 idque
383 5417 682 5492 generale
713 5419 891 5492 totius
919 5415 1145 5492 Anglin
1172 5415 1404 5492 dicit,et
1425 5415 1660 5492 quidem
1679 5417 1856 5492 jussu

185 5485 429 5547 Joannis
484 5489 834 5562 papaeHXIII
862 5485 1387 5562 iconv‘ocaturn;_id‘
1413 5485 1566 5562 quod
1599 5503 1667 5541 ex
1684 5485 1857 5562 iactis

188 5562 369 5621 sancti
420 5557 704 5620 Oswaldi
753 5561 979 5633 probat,
1015 5560 1085 5615 de
1135 5575 1249 5631 quo
1296 5557 1468 5612 infra.
1501 5557 1661 5614 Circa
1701 5557 1856 5615 idem

1963 4555 2266 4628 proximus
2287 4559 2428 4609 tunc
2451 4553 2635 4608 haeres
2659 4553 2955 4611 videretur
2973 4563 3399 4618 esse.Attamen
3424 4565 3482 4620 in
3523 4567 3616 4624 die

1962 4642 2420 4698 consecrationis
2435 4659 2575 4710 suae,
2592 4648 2725 4715 post
2755 4643 3090 4716 impositam
3123 4665 3417 4721 coronam,
3437 4655 3619 4713 fertur

1962 4732 2304 4789 Dunstanus
2320 4729 2430 4786 hoc
2445 4729 2529 4785 illi
2547 4731 2884 4803 prindixissc
2907 4750 2920 4788 :
2945 4736 3229 4800 Quoniam
3251 4742 3523 4814 aspirasti
3542 4747 3615 4802 ad

1963 4853 2197 4973 tempus
2220 4847 2562 4903 Dunstanus
2580 4847 2756 4903 variis
2787 4849 3208 4973 diplomatibus
3227 4873 3332 4928 pro
3354 4862 3613 4920 ccenobie

1964 4923 2072 4973 Cru
2101 4918 2348 4973 andensi
2379 4918 2698 4973 subscribit
2720 4937 2854 4973 αουί
2902 4922 3215 4973 lmrulfnm.

1964 4918 2348 4976 Crulandensi
2379 4918 2698 4974 subscribit
2720 4918 2873 4988 apud
2902 4922 3218 4988 Ingulfum.

2040 4937 2348 4974 ulanaenm
2379 4937 2698 4974 sunscrlmt
2720 4937 2752 4974 a
2800 4937 2873 4974 uu
2903 4937 3218 4988 inguu'um.

2037 4937 3192 5067 (53)_l:1_l_fredavocatunag't’illelmo,qui
3225 4997 3282 5053 in
3317 5000 3418 5056 lib.
3454 5003 3500 5059 II
3533 5004 3613 5061 De

1965 5061 2482 5147 po‘n‘titicibuseap.
2501 5066 2554 5147 ἒξ,
2572 5061 2652 5140 ait
2673 5062 2948 5147 Elfridam
2971 5061 3210 5147 uxorein
3236 5073 3388 5143 regis
3402 5075 3610 5147 Edgari
3656 5101 3667 5120 ο

1963 5133 2282 5186 aediﬁcasse
2306 5133 2725 5186 monasterium
2751 5133 3056 5189 V'arevellae.
3079 5138 3133 5191 iu
3159 5133 3375 5196 honovre
3397 5133 3612 5202 sanch

1963 5202 2174 5268 crucis,
2197 5225 2224 5250 «
2243 5207 2653 5273 compunctam
2679 5202 2928 5273 privigni
2963 5206 3054 5260 sui
3075 5209 3346 5268 Edwardi
3371 5232 3510 5272 nece
3531 5217 3614 5273 in-

1965 5276 2163 5346 digna,
2197 5273 2368 5339 cujus
2400 5272 2526 5346 ipsa
2552 5271 2790 5346 conseia
2819 5271 2875 5328 et
2904 5283 3108 5333 auctor
3139 5282 3265 5337 fuit.
3290 5307 3318 5331 »
3350 5271 3608 5344 Joanne};

1966 5343 2318 5401 Bromtonus
2349 5343 2524 5414 tradit
2552 5343 2921 5400 Dunstanum
2944 5355 3079 5405 ante
3103 5352 3415 5410 decessum
3433 5343 3608 5414 suum

1965 5415 2281 5512 absolvisse
2311 5413 2591 5512 élfpida‘m
2624 5413 2904 5497 reginam,
2942 5438 3128 5512 «‘qiue
3157 5426 3607 5512 po_stea,inquit,

1965 5485 2432 5567 cunctisdiebus
2468 5485 2596 5567 vita:
2611 5487 2837 5567 “sufehin
2871 5485 3136 5549 castitate
3157 5485 3398 5567 -vivens',
3430 5485 3608 5561 vitam

1966 5559 2026 5614 in
2057 5555 2302 5614 Domino
2335 5555 2578 5612 feliciter
2605 5557 2810 5613 ﬁnivit.
2834 5581 2861 5610 ››
