4116 6176
419 275 536 336 447

1407 269 1470 332 S.
1517 267 1994 332 DUNSTANUS
2040 263 2404 330 ARCHIEP.
2454 269 2848 335 GANTUAR.

3713 257 3836 337 ua

421 427 666 486 regnum
699 426 800 482 per
824 410 1070 464 mortem
1111 405 1306 461 fratris
1339 404 1443 473 tui,
1469 421 1644 476 quem
1673 401 1883 458 occidit
1911 402 2069 474 iguo-
2099 401 2154 468 κ
2182 402 2520 476 veriloquus
2568 405 2912 476 prmdixerat
2965 407 3145 474 vates,
3178 423 3208 462 e
3262 405 3474 464 saeculo
3536 407 3829 480 migravit.

422 501 674 558 miniosa
692 504 879 556 mater
900 503 1022 564 tua,
1048 513 1160 551 non
1183 494 1410 549 deficiet
1430 492 1663 563 gladius
1685 493 1754 547 de
1775 492 1948 546 domo
1969 496 2069 546 tua

421 591 662 648 saeviens
693 589 751 644 in
773 592 829 642 te
862 585 1135 641 omnibus
1165 583 1373 638 diebus
1403 582 1529 636 vitre
1553 586 1686 649 tuae,
1713 580 2072 636 interficiens

420 682 492 736 de
514 679 870 736 seminetuo.
890 689 1195 746 quousque
1219 687 1463 743 regnum
1489 675 1655 725 tuum
1683 671 2070 725 transferatur

420 771 478 824 in
511 783 757 839 regnum
803 766 920 832 (5i)
951 763 1230 828 alienum,
1265 763 1434 832 cujus
1485 759 1664 815 ritum
1705 765 1762 814 et
1805 759 2067 831 linguam

415 875 582 930 gens,
607 853 698 909 cui
729 853 1026 925 praesides,
1062 869 1174 906 non
1228 851 1402 905 novit.
1438 850 1551 904 Nec
1573 849 1919 920 expiabitur,
1954 847 2068 902 nisi

413 948 587 1020 longa
615 945 890 1011 vindicta,
915 947 1216 1014 peccatum
1243 943 1504 1005 tuum,ct
1529 943 1830 1010 peccatum
1859 937 2066 992 matris

414 1042 548 1104 tuae,
582 1040 638 1092 et
669 1038 971 1107 peccatum
1002 1030 1256 1084 virorum
1310 1029 1409 1101 qui
1463 1028 1774 1083 interfuere
1823 1025 2066 1082 consilio

414 1127 574 1183 illius
604 1141 878 1196 nequam.

585 1231 902 1290 Athclwoldi
931 1238 981 1286 et
1008 1231 1245 1284 aliorum
1277 1235 1470 1282 mortes
1497 1227 1903 1296 piwnuntiata’.

485 1327 571 1379 38.
609 1323 710 1378 His
763 1319 1128 1392 temporibus
1181 1315 1424 1388 contigit
1469 1313 1905 1370 Atlielwoldum
1955 1315 2066 1380 (55)

410 1413 712 1469 Wentante
746 1408 1014 1464 Ecclesiae
1047 1405 1371 1461 antistitem
1397 1420 1530 1459 cum
1555 1403 1667 1458 alio
1691 1401 1941 1474 quodam
1963 1402 2069 1457 Ro-

410 1500 559 1558 fensi
576 1498 850 1572 episcopo
869 1494 1244 1552 Cantuariam
1264 1492 1478 1560 venire,
1497 1507 1894 1562 magnumque
1915 1490 2070 1545 Dun-

411 1592 579 1646 stano
605 1587 676 1642 de
707 1587 954 1642 adventu
989 1601 1094 1639 suo
1131 1583 1414 1655 gaudium
1442 1587 1738 1654 praestare,
1760 1583 2067 1651 propterea

409 1677 568 1752 quoi
599 1677 726 1748 ejus
757 1691 898 1730 cura
927 1672 1048 1739 alti,
1077 1671 1254 1737 docti,
1283 1687 1347 1725 ac
1399 1687 1500 1742 per
1547 1669 1738 1724 varias
1780 1667 2064 1722 virtutum

2176 492 2581 550 Athelwoldus
2593 512 2724 550 vero
2738 493 3080 567 priusquam
3095 497 3167 552 ad
3182 495 3425 569 propria:
3449 497 3608 553 sedis
3625 498 3831 554 urbem

2177 581 2417 651 veniret,
2451 583 2656 639 ultimo
2681 583 2940 655 corporis
2971 584 3248 658 languore
3277 592 3602 658 correptus,
3639 586 3837 644 cccles-

2178 669 2253 726 ti's
2283 671 2438 728 sedis
2469 673 2892 728 habitationem
2925 675 3205 746 suscepit.
3239 675 3429 746 Super
3457 675 3630 747 eujus
3671 693 3830 730 mor-

2179 764 2234 815 te
2283 762 2632 817 venerabilis
2681 763 2848 817 Pater
2899 763 3214 818 admodum
3277 764 3681 832 contristatus,
3714 765 3836 820 sive

2177 851 2330 921 quod
2357 851 2740 907 sanctissimm
2759 868 2990 924 semper
3009 851 3304 924 religionis
3335 853 3532 920 fuerit,
3549 872 3650 908 seu
3673 854 3832 926 quod

2177 955 2448 1011 magnam
2476 941 2545 994 de
2566 939 2980 996 substituendo
3003 941 3300 997 sacerdote
3322 941 3444 997 litis
3467 927 3833 998 occasionem

2175 1028 2502 1085 viventibus
2559 1029 2956 1102 dereliquerit,
2980 1031 3324 1102 deprecatus
3375 1036 3464 1087 est
3517 1031 3834 1088 Dominum

2176 1119 2418 1173 desertze
2470 1119 2734 1174 Ecclesiae
2777 1119 3099 1190 benignum
3151 1119 3271 1175 fore
3314 1120 3694 1192 provisorem.
3728 1121 3834 1176 Cui

2177 1226 2310 1262 mox
2361 1209 2688 1280 deprecanti
2755 1209 2979 1264 assistit
3028 1208 3334 1264 familiaris
3381 1227 3528 1265 suus
3573 1211 3838 1266 Andreas

2176 1297 2496 1370 apostolus,
2532 1299 2800 1370 precibus
2831 1300 2961 1370 ejus
2990 1299 3172 1354 Deum
3222 1297 3364 1354 dicit
3410 1316 3692 1355 annuere.
3728 1301 3834 1355 Ba-

2177 1385 2422 1444 thensen
2456 1387 2996 1454 abbatem,uomine
3018 1387 3305 1460 Elfegum,
3322 1394 3524 1444 monet
3540 1389 3833 1445 adducen-

2176 1477 2338 1544 dum,
2374 1480 2430 1531 et
2459 1493 2527 1532 ex
2557 1476 2878 1532 divinitatis
2925 1476 3172 1532 consilio
3211 1478 3512 1533 Wentanze
3562 1478 3835 1534 Ecclesia:

2176 1565 2497 1621 antistitem
2529 1564 2984 1637 prazficiendum.
3024 1565 3109 1622 Ita
3140 1565 3430 1638 quidquid
3481 1583 3676 1622 rerum
3707 1565 3836 1640 ipse

2174 1654 2702 1726 desiderasset,per
2718 1655 3088 1726 interpretem
3113 1653 3449 1726 apostolum
3474 1655 3784 1712 confestim
3802 1674 3836 1712 a

409 1742 752 1838 disciplinas
785 1764 855 1819 ad
889 1778 1155 1817 summos
1207 1758 1472 1843 Ecclesiae
1518 1759 1768 1814 honores
1813 1757 2064 1812 fuissent
2093 1743 2289 1843 Βνρςο
2321 1743 2808 1843 consequebatur.
2835 1743 2950 1843 Sed.
2977 1747 3038 1843 ei:
3063 1742 3158 1798 ille
3191 1742 3647 1843 vicem-honoris
3670 1761 3836 1817 apos-

407 1853 682 1928 provecti.
706 1851 1003 1923 Plerisque
1033 1865 1168 1922 ergo
1195 1849 1404 1904 diebus
1435 1846 1493 1903 in
1527 1851 1734 1902 mutua
1784 1845 2059 1901 sermoci-

407 1943 642 2000 natione
671 1940 850 1997 simul
881 1945 939 1996 et
969 1938 1321 1996 exultatione
1353 1935 1938 2010 peractis,cgreditur
1977 1951 2064 1988 ar-

407 2030 816 2104 chiepiscopus
838 2030 908 2084 de
931 2028 1162 2084 civitate
1183 2025 1381 2081 volens
1403 2026 1469 2081 ad
1497 2025 1688 2080 locum
1725 2023 1935 2080 Christi
1968 2039 2058 2078 ec-

407 2119 596 2179 etesia;
617 2117 1079 2176 Mansionarium
1102 2115 1412 2189 proﬁcisci.
1437 2114 1522 2169 Illi
1542 2131 1676 2170 vero
1699 2113 2058 2170 comitaban-
2132 2153 2150 2170 .

405 2213 506 2267 tur
535 2205 888 2265 deducentes
917 2222 1072 2273 eum,
1107 2221 1416 2277 quousque
1447 2202 1578 2259 illos
1606 2202 1697 2258 via
1737 2202 2057 2267 dirimeret,

408 2313 537 2373 quas
569 2311 1055 2370 unumquemque
1085 2295 1158 2350 ab
1187 2293 1368 2349 altero
1394 2297 1727 2365 separatum
1761 2292 1830 2346 ad
1864 2291 2056 2346 locum

407 2385 976 2462 quofiredlsponebat
989 2382 1285 2456 dirigeret.
1302 2383 1565 2454 Cumque
1581 2380 1926 2436 imminente
1931 2382 2058 2452 jam

404 2494 647 2550 vespera
665 2474 864 2548 procul
891 2473 1083 2529 adhuc
1113 2491 1145 2527 a
1174 2472 1298 2527 loco
1313 2473 1441 2544 jam
1481 2471 1766 2527 distarent
1786 2470 2060 2538 (tardius-

405 2561 536 2624 cula
563 2565 719 2622 enim
741 2579 917 2636 quam
946 2561 1090 2617 hora
1119 2560 1454 2633 postulabat
1485 2561 1555 2615 de
1587 2561 1731 2615 urbe
1753 2558 2054 2626 exierant),

404 2657 752 2729 deprecatur
783 2649 1283 2723 archiepiscopum
1319 2647 1587 2704 Rot’ensis
1617 2647 1962 2716 antistes,ut
1983 2647 2054 2702 ad

401 2744 660 2802 vicinum
683 2739 938 2798 ecclesias
960 2757 1079 2796 suae
1097 2738 1516 2812 patrimonium
1545 2735 1808 2804 divertat,
1827 2742 2058 2792 nocturo

403 2849 546 2890 nam
576 2837 811 2904 tempus
833 2845 1031 2890 secum
1067 2828 1562 2901 transigat,mane
1582 2842 1738 2892 vero,
1758 2824 1805 2880 si
1840 2825 1918 2880 ita
1938 2824 2058 2897 pla-

402 2920 605 2990 cuerit,
626 2917 1035 2992 migrationem
1068 2916 1259 2972 faciat.
1297 2916 1402 2972 Cui
1435 2914 1530 2970 ille
1567 2913 1944 2988 postulationi
1975 2913 2055 2968 di-

401 3013 650 3086 gnanter
693 3023 981 3074 annuens,
1013 3007 1098 3061 ait
1129 3023 1142 3060 :
1179 3007 1237 3061 Si
1292 3005 1582 3060 confrater
1631 3008 1828 3059 noster
1856 3001 2051 3058 Athel-

2169 1831 2286 1887 tolo
2318 1831 2672 1903 persolvens,
2694 1830 2752 1886 in
2793 1831 2954 1887 omni
2988 1831 3269 1904 obsequio
3311 1831 3398 1887 illi
3441 1833 3713 1889 studebat
3740 1834 3834 1890 de-

2171 1921 2706 1987 ferre,basilicasin
2745 1923 2875 1993 ejus
2916 1920 3150 1978 nomine
3189 1921 3496 1989 fabricare,
3521 1921 3832 1980 fabricatas

2172 2009 2518 2066 muneribus
2547 2012 2840 2067 decorare.

2403 2119 2646 2188 [forensis
2675 2117 2904 2175 obsidio.
2937 2119 3092 2191 Regis
3121 2120 3360 2174 avaritia
3387 2121 3602 2190 punita.

2239 2208 2327 2265 30.
2363 2208 2513 2263 Dum
2579 2223 2714 2279 ergo
2771 2208 3026 2280 quodam
3087 2212 3348 2280 tempore
3397 2208 3672 2280 praefatus
3730 2225 3828 2264 rex

2170 2303 2406 2368 prepter
2437 2297 2722 2369 quasdam
2754 2296 3156 2353 dissensiones
3203 2295 3500 2352 civitatem
3535 2296 3830 2352 obsideret

2171 2387 2577 2454 Rofenscm,et
2602 2387 2754 2441 facta
2773 2385 3039 2457 capiendi
3085 2383 3246 2440 illam
3275 2384 3640 2452 difficultate,
3657 2385 3828 2458 patri-

2169 2477 2433 2532 monium
2466 2476 2618 2531 beati
2651 2474 2894 2548 apostoli
2930 2475 3284 2531 devastando
3304 2474 3630 2543 invaderet;
3653 2491 3824 2530 man-

2169 2565 2326 2621 davit
2345 2565 2531 2621 eidem
2561 2563 2940 2620 beatissimus
2971 2562 3231 2634 pontifex
3253 2563 3326 2618 ab
3349 2562 3600 2619 stultitia
3637 2562 3838 2636 quies-‘

2167 2672 2293 2712 cere
2319 2654 2609 2710 Andream
2643 2651 2797 2708 sicut
2819 2652 2889 2708 ad
2922 2651 3323 2724 prmstaudum
3357 2650 3607 2720 facilem,
3636 2651 3718 2707 sic
3749 2651 3836 2706 ad

2167 2743 2568 2800 ulciscendum
2597 2741 2824 2796 virilem
2854 2740 2914 2796 in
2937 2744 3213 2814 promptu
3246 2756 3396 2808 esse,
3417 2746 3480 2796 ut
3500 2740 3837 2813 potentiam'

2164 2833 2326 2888 illius
2358 2833 2481 2905 ipse
2509 2830 2862 2903 experiatur,
2895 2830 2942 2886 si
2976 2829 3374 2891 hereditatem
3407 2828 3569 2885 illius
3619 2845 3823 2884 vexare

2164 2938 2279 2977 non
2294 2920 2603 2976 destiterit.
2617 2920 2999 2992 Contemptus
3015 2935 3049 2974 a
3067 2917 3219 2992 Rege
3244 2918 3586 2974 Dunstanus
3607 2916 3819 2973 iterum

2161 3010 2532 3066 currentibus
2563 3007 2786 3064 nuntiis
2807 3007 3010 3063 eadem
3032 3007 3311 3080 suggerit,
3326 3005 3570 3078 insuper
3589 3003 3816 3078 argenti

401 3100 636 3158 woldus
656 3114 888 3154 meeum
909 3095 1104 3152 venire
1123 3093 1387 3161 voluerit,
1405 3093 1464 3149 in
1491 3109 1582 3148 me
1603 3092 1766 3148 nulla
1785 3091 2050 3148 veniendi
2081 3133 2124 3200 Ο
2163 3101 2356 3173 pondo
2378 3091 2611 3155 contuni
2634 3097 3006 3165 transmittit;
3040 3095 3140 3168 qui
3162 3095 3458 3169 accipiens
3481 3095 3723 3152 receesit
3743 3095 3818 3150 ab

404 3204 570 3244 mora
597 3185 1085 3243 erit.Assentiunt
1115 3199 1252 3256 ergo
1283 3183 1584 3254 pontifices
1610 3183 1668 3236 in
1693 3183 1918 3247 eodem,
1953 3198 2053 3252 pa-

403 3276 662 3348 riterque
691 3277 962 3348 paratum
1015 3270 1127 3328 sibi
1179 3271 1580 3327 habitaculum
1615 3271 1889 3326 subeunt.
1922 3270 2055 3325 Jam

403 3379 584 3424 aurea
602 3364 700 3420 lux
720 3362 908 3419 noctis
935 3363 1234 3433 fugaverat
1255 3361 1514 3428 umbras,
1532 3377 1666 3415 cum
1699 3359 1851 3416 beati
1888 3358 1970 3414 illi
1994 3357 2055 3414 in

400 3451 558 3511 viam
588 3450 880 3526 progressi
911 3449 1115 3506 collem
1149 3449 1494 3516 ascendunt,
1521 3447 1656 3503 inde
1687 3447 1758 3502 ab
1806 3447 2052 3503 invicem

399 3541 620 3600 vicaria
649 3540 810 3614 pacis
849 3539 1127 3594 relatione
1159 3537 1474 3592 dividendi.
1500 3537 1830 3592 Extendens
1859 3542 2054 3592 autem

401 3627 646 3689 manum
669 3645 942 3686 summus
971 3625 1072 3683 Dei
1103 3626 1474 3692 sacerdos,ut
1503 3627 1833 3680 coessentes
1855 3640 2052 3679 secum

400 3720 660 3779 minores
687 3717 992 3797 pontiﬁces
1023 3715 1386 3771 benediceret
1416 3717 1589 3786 atque
1609 3711 2056 3782 dimitteret,cx-

397 3809 618 3882 templo
633 3805 827 3881 erupit
846 3805 903 3864 in
936 3807 1158 3872 fletum,
1177 3805 1376 3859 fletum
1400 3803 1542 3858 adeo
1560 3818 1861 3874 magnum,
1879 3807 1942 3856 ut
1962 3801 2054 3856 vix

397 3901 470 3958 de
500 3903 704 3957 sancto
748 3900 979 3970 pectore
1027 3911 1225 3950 vocem
1271 3892 1487 3949 valeret
1515 3894 1737 3948 efferre.
1773 3893 2050 3965 Expaves-

399 3992 543 4046 cunt
563 3989 635 4044 ad
659 3988 878 4043 factum
905 3983 1208 4056 pontifices
1228 3981 1813 4049 insolitum,fletuum
1843 3999 2051 4038 causas

401 4075 637 4133 solliciti
669 4073 1034 4146 perquirunt,
1067 4077 1123 4129 et
1153 4077 1284 4144 post
1315 4071 1610 4126 modicum
1643 4070 1752 4126 hoc
1783 4072 1853 4126 ad
1903 4089 2053 4144 quaa-

402 4163 517 4222 sita
547 4178 894 4234 responsum
928 4160 1242 4232 accipiunt.
1274 4161 1372 4228 Ea,
1397 4161 1609 4232 inquit,
1651 4179 1709 4215 re
1752 4161 1880 4230 fleo,
1913 4179 2052 4233 quo-

403 4251 563 4308 niam
599 4266 702 4306 vos
728 4249 788 4304 in
831 4249 1094 4321 proximo
1144 4248 1460 4304 morituros
1499 4249 1638 4304 scio.
1673 4250 1937 4322 Cumque
1967 4250 2050 4306 illi

403 4341 684 4400 referrent
716 4355 729 4395 :
767 4335 915 4404 Noli,
950 4337 1319 4393 sanctissime
1352 4337 1536 4403 Pater,
1569 4343 1686 4393 tam
1717 4339 1843 4395 dira
1883 4341 2052 4396 nobis

403 4427 710 4506 prophetia
753 4443 1086 4494 occurrere;
1121 4443 1238 4481 non
1283 4424 1438 4480 enim
1470 4427 1807 4496 moriemur,
1825 4429 1922 4484 sed
1955 4429 2054 4484 ite-

2167 3188 2488 3244 obsidione.
2519 3187 2681 3253 Quod
2715 3184 2894 3241 simul
2926 3189 3102 3258 atque
3123 3183 3384 3257 pontiﬁci
3417 3183 3816 3240 renuntiatum

2166 3275 2657 3343 fuisset,miratns
2694 3274 3078 3346 cupiditatem
3113 3271 3391 3340 hominis,
3406 3272 3515 3328 hoc
3554 3271 3640 3327 illi
3666 3263 3818 3328 seri-1

2165 3366 2300 3422 bere
2330 3363 2553 3420 curavit
2587 3381 2598 3418 :
2632 3363 2920 3430 Quoniam
2961 3359 3268 3435 przetulisti
3319 3360 3632 3434 pecuniam
3682 3361 3816 3430 Deo,

2167 3457 2474 3527 argentum
2501 3451 2784 3525 apostolo,
2819 3468 2962 3506 mea:
2991 3449 3276 3506 voluntati
3326 3454 3488 3504 tuam
3535 3447 3817 3521 cupidita-

2165 3547 2303 3610 tem,
2339 3541 2611 3598 velociter
2634 3541 2868 3596 venient
2899 3556 3076 3612 super
3096 3543 3152 3595 te
3177 3555 3304 3611 qua:
3334 3537 3568 3594 locutus
3598 3541 3688 3593 est
3715 3537 3822 3592 Do-

2165 3631 2364 3687 minus
2395 3629 2570 3698 mala,
2605 3629 2802 3701 qualia
2833 3645 2949 3684 non
2981 3628 3218 3683 fuerunt
3246 3643 3315 3682 ex
3363 3643 3479 3699 quo
3527 3643 3673 3698 gens
3707 3627 3817 3680 Au-

2163 3721 2392 3793 glorum
2426 3735 2668 3792 regnare
2690 3717 2862 3788 coepit
2887 3733 3075 3789 usque
3105 3717 3176 3772 ad
3207 3720 3442 3788 tempus
3470 3714 3638 3770 illud.
3662 3715 3823 3770 Atta-

2163 3827 2296 3864 men
2345 3809 2570 3864 vivente
2609 3823 2702 3862 me
2745 3807 2861 3862 ista
2910 3823 3024 3862 non
3076 3809 3268 3871 erunt,
3293 3803 3574 3877 quoniam
3626 3801 3819 3859 ethoc

2163 3898 2394 3953 locutus
2423 3900 2513 3952 est
2554 3896 2859 3952 Dominus.
2893 3897 3031 3962 Quae
3062 3893 3261 3949 omnia
3283 3892 3366 3948 ita
3395 3892 3730 3966 contigisse,
3763 3894 3822 3947 et

2163 3987 2221 4041 in
2255 3985 2568 4042 annalibus
2600 3984 2809 4056 legere,
2834 3990 2892 4040 et
2921 3981 3140 4039 nostris
3185 3981 3551 4054 temporibus
3597 3985 3688 4036 est
3730 3978 3814 4034 vi-

2161 4077 2312 4132 dere.

2261 4164 2482 4219 Illatrem
2509 4179 2668 4218 suam
2701 4163 2760 4217 in
2789 4161 2937 4217 cretis
2966 4161 3128 4227 videt,
3154 4168 3206 4216 et
3236 4159 3447 4216 beatam
3477 4157 3728 4214 Mariam.
3769 4217 3774 4222 ,

2234 4255 2321 4308 40.
2347 4252 2561 4320 Sed,ut
2583 4252 2708 4322 jam
2749 4251 2988 4306 beatum
3019 4249 3208 4316 illum,
3243 4249 3314 4304 de
3345 4265 3460 4320 quo
3499 4246 3812 4320 loquimur,

2163 4342 2440 4398 fidentius
2463 4357 2566 4412 pro
2589 4339 2869 4411 obsequio
2891 4338 3283 4412 alloquamur,
3299 4341 3358 4394 et
3377 4336 3460 4392 sic
3483 4337 3553 4392 ad
3593 4333 3812 4391 felicem

2162 4430 2616 4504 ejustransitum
2635 4427 3010 4484 madentibus
3021 4425 3206 4483 oculis
3218 4430 3621 4492 transeamus;
3641 4439 3814 4497 quan-

403 4499 536 4576 rum
568 4521 742 4590 atque
762 4517 973 4572 iterum
997 4515 1213 4588 pariter
1233 4530 1340 4569 nos
1360 4513 1684 4572 incolumes
1701 4516 2048 4574 videbimus.
2081 4499 2130 4565 Ῑ)
2161 4499 2230 4578 tte
2263 4519 2406 4577 illud
2437 4516 2948 4590 contemplationis
2979 4520 3086 4584 est,
3107 4516 3276 4572 Pater
3324 4512 3634 4580 mirabilis,
3650 4513 3810 4568 Pater

403 4605 532 4666 Tali
589 4605 746 4678 quod
803 4603 1030 4660 dixerat
1078 4602 1454 4674 responsione
1509 4605 1780 4661 ﬁrmabat
1831 4625 1842 4660 :
1888 4609 2050 4673 Quod

404 4695 524 4753 dixi
555 4709 791 4752 necesse
821 4692 966 4749 ﬁeri.
1002 4691 1328 4748 Moriemini
1361 4708 1614 4765 namque
1644 4693 1782 4750 huic
1817 4696 2048 4765 saeculo,

402 4784 508 4844 sed
564 4781 766 4840 vivatis
812 4783 974 4838 Deo:
1009 4779 1338 4838 moriemini
1395 4781 1453 4836 in
1511 4781 1620 4838 hac
1661 4783 1778 4840 vita
1829 4785 2053 4842 diutius

405 4891 523 4933 non
576 4871 861 4941 mansuri,
905 4872 1004 4927 sed
1058 4872 1129 4927 ad
1187 4870 1372 4927 Deum
1431 4871 1652 4927 vadetis
1709 4873 2057 4931 aeternaliter

406 4979 542 5020 cum
573 4961 673 5018 illo
700 4961 930 5017 victuri.
957 4961 1258 5016 Divertuut
1276 4977 1412 5032 ergo
1442 4961 1776 5032 pontificem
1807 4962 1879 5017 ab
1909 4961 2054 5018 invi-

405 5069 534 5110 cem
564 5055 874 5108 mmrentes
922 5067 1026 5123 pro
1076 5049 1344 5120 invicem,
1374 5049 1564 5121 magis
1613 5053 1806 5105 tamen
1858 5068 1960 5123 pro
1993 5070 2054 5109 se

407 5141 658 5216 quisque
689 5141 783 5214 pio
827 5141 1035 5196 timore
1083 5137 1388 5195 sollicitus.
1423 5139 1533 5193 Sed
1584 5139 1850 5196 Iiofensis
1894 5143 2052 5214 epis-

405 5246 591 5304 copus
637 5229 840 5286 abiens
887 5229 945 5284 in
994 5228 1287 5284 civitatem
1331 5244 1675 5295 suam,mox
1721 5232 1785 5283 ut
1821 5228 2058 5286 intravit

405 5319 782 5377 vehementer
827 5317 1138 5392 azgrotavit,
1174 5323 1420 5389 postque
1450 5333 1668 5389 paucos
1709 5317 1852 5387 dies,
1886 5323 2059 5390 prout

478 5437 595 5506 (54)
626 5436 688 5491 ld
720 5435 937 5489 factum
969 5438 1228 5506 tempore
1258 5433 1758 5506 Danorumpaulo
1789 5440 1919 5506 post
1940 5437 2058 5492 obi-

407 5504 536 5562 tum
569 5506 880 5570 Dunstani,
907 5523 975 5560 ex
995 5504 1533 5575 ejustranslatione
1566 5505 1734 5560 infra.

481 5578 598 5648 (55)
621 5577 764 5648 Ejus
791 5577 970 5634 vitam
1002 5573 1308 5633 retulimus
1339 5593 1516 5648 supra
1565 5576 1637 5632 ad
1680 5594 1899 5634 annum
1928 5579 2053 5634 984.

2162 4607 2612 4674 inaestimabilis,
2659 4610 2892 4680 quantae
2936 4604 3081 4660 illud
3149 4600 3659 4676 contemplationis
3709 4605 3812 4668 est,

2161 4715 2339 4773 quam
2371 4698 2654 4753 excedens
2683 4694 2948 4750 omnium
2999 4691 3334 4751 mortalium
3387 4695 3630 4757 mentes,
3666 4687 3817 4763 quod

2161 4786 2248 4845 vel
2297 4785 2396 4844 Dei
2429 4784 2781 4843 Genitricem
2811 4781 2870 4839 in
2904 4783 3012 4839 hac
3060 4780 3292 4838 mortaii
3343 4779 3481 4849 vita,
3514 4779 3604 4835 vel
3657 4784 3816 4834 tuam

2163 4875 2502 4952 genitricem
2519 4875 2579 4930 in
2594 4872 3058 4930 mternavidebas
3077 4869 3224 4927 vita!
3249 4869 3312 4926 In
3333 4870 3546 4926 ccelum
3567 4883 3820 4941 namque

2163 4964 2567 5030 dcducebaris,
2581 4962 2864 5017 intereras
2884 4959 3070 5016 beatis
3082 4956 3564 5034 agminibus,illis
3575 4955 3821 5012 oblecta-

2163 5054 2321 5111 baris
2337 5051 2835 5108 modulationibus
2845 5047 3186 5122 angelorum
3199 5047 3465 5103 eamdem
3478 5044 3818 5120 genitricem

2165 5150 2328 5200 tuam
2361 5141 2528 5214 quasi
2559 5138 2806 5212 nuptiali
2843 5137 3102 5193 thalamo
3123 5140 3338 5192 aeterne
3369 5135 3508 5208 Regi
3541 5133 3818 5207 éopulan-

2164 5233 2335 5301 tium,
2369 5235 2426 5286 et
2446 5246 2620 5286 suave
2649 5230 2818 5302 Kyrie
2863 5229 3068 5284 eleison
3101 5227 3212 5299 (56)
3247 5222 3691 5280 modulanlibus
3735 5239 3820 5277 or-

2164 5321 2333 5396 ganis
2364 5317 2786 5376 resonantium.
2821 5315 3085 5388 Cumque
3124 5315 3195 5369 de
3240 5317 3355 5368 tua:
3403 5309 3818 5368 taciturnitatis

2166 5456 2288 5516 que
2301 5438 2442 5516 ejus
2473 5434 2696 5516 obitum
2731 5429 3370 5516 reponitﬁhronologi'a
3392 5427 3745 5516 Saxopiea.‘
3803 5499 3819 5516 Α.

2235 5501 2429 5578 (56)”Ιά
2457 5505 2738 5562 accidisse
2788 5501 2848 5559 in
2894 5503 3126 5560 aedicula
3151 5501 3501 5558 almi'Patris
3529 5501 3816 5570 Augustini

2167 5579 2371 5640 scribit
2401 5579 2462 5635 Β.
