4068 6172
260 428 367 497 M9

1837 435 2043 499 'VITA.

3520 441 3640 502 450

262 568 473 625 silentio
505 567 851 640 arguereris,
885 568 1039 640 quod
1071 566 1222 624 inter
1269 574 1430 625 tanta
1475 571 1603 627 vita)
1653 578 1875 627 aeternis
1904 591 1961 656 Α
1991 573 2397 644 potentissima
2437 573 2643 628 merita
2693 580 2814 641 tua,
2848 578 2911 629 ut
2961 573 3044 630 vel
3098 575 3275 631 linem
3324 575 3450 631 vita:
3502 579 3639 644 tum,

262 656 455 732 gaudia
484 655 644 712 solus
672 660 737 711 tu
781 674 815 711 a
844 657 1058 713 divinis
1105 657 1379 714 laudibus
1430 676 1709 727 cessares,
1745 677 1879 716 cum

258 746 529 822 praecipua
557 745 660 800 tibi
690 762 794 818 pro
824 745 1042 801 honore
1063 748 1321 819 parentis
1337 749 1713 820 gaudendum
1744 749 1883 804 fuis-

254 839 354 903 set,
385 835 707 906 referreque
737 834 917 906 hujus
948 838 1123 890 tanta:
1174 835 1477 892 suavitatis
1523 836 1773 892 inscium
1824 842 1881 893 te

257 939 401 991 esse;
433 940 608 995 quam
638 922 906 991 breviter,
941 940 1236 995 quamque
1281 924 1528 980 dulciter
1576 944 1610 980 a
1656 925 1881 980 civibus

256 1012 487 1068 civitatis
518 1011 677 1068 illius
707 1012 947 1067 edoctus
978 1012 1036 1067 in
1055 1013 1162 1069 has
1194 1030 1358 1069 voces
1388 1014 1879 1085 cantandoernpi-

256 1100 324 1157 sti
356 1117 367 1155 :
399 1100 437 1156 0
472 1102 581 1156 Rea:
609 1102 927 1157 Dominator
951 1104 1213 1173 gentium,
1246 1104 1397 1158 salva
1421 1120 1587 1174 genus
1611 1104 1880 1159 Christia-

253 1206 435 1246 norum
466 1192 526 1244 in
557 1198 704 1246 terra
732 1190 909 1245 adhuc
930 1192 1417 1262 perigrinantium,
1450 1200 1510 1247 ut
1536 1200 1585 1248 et
1631 1194 1736 1264 ipsi
1766 1200 1885 1263 post

255 1280 563 1334 inimicitias
595 1279 665 1334 ad
697 1282 933 1351 gratiam
962 1288 1322 1345 revertantur,
1347 1290 1399 1336 et
1433 1282 1670 1352 anglz’czc
1701 1284 1882 1338 ruina:

250 1384 340 1440 per
366 1369 484 1423 illos
516 1367 717 1423 damna
754 1378 1096 1439 reparentur.
1127 1370 1257 1424 Jam
1289 1387 1420 1425 vero
1452 1370 1666 1442 quibus
1699 1369 1884 1425 exsul-

252 1453 479 1510 tationis
511 1454 684 1510 labiis
716 1455 939 1511 edicam
973 1458 1128 1529 quod
1164 1458 1407 1513 Matrem
1439 1458 1669 1513 Domini
1694 1458 1885 1513 Salva—

252 1544 402 1598 toris.
429 1544 712 1616 Reginam
739 1545 965 1615 mundi,
991 1545 1298 1601 Dominam
1331 1547 1692 1619 angelorum,
1716 1546 1886 1618 virgi-

253 1633 367 1693 neis
387 1632 572 1689 oculis
600 1632 817 1701 vidisti,
844 1651 961 1689 non
991 1634 1195 1689 vestali
1226 1635 1401 1691 choro
1433 1636 1879 1703 circumdatam,

252 1722 343 1779 sed
369 1721 637 1795 virginali
664 1740 878 1779 corona
906 1722 1356 1780 circumfusam!
1386 1725 1599 1781 Felices
1618 1725 1768 1781 oculi
1801 1724 1884 1779 tui

253 1811 344 1884 qui
374 1810 537 1867 illam
551 1812 744 1868 videre
769 1816 1290 1886 potu_erunt,cujus
1315 1815 1646 1871 castissima
1667 1816 1887 1871 viscera

253 1900 367 1958 cmli
419 1905 478 1958 et
517 1906 684 1957 terra:
714 1902 993 1975 Opiﬁcem
1025 1908 1253 1976 portare
1284 1905 1658 1961 meruerunt!
1693 1903 1886 1960 felices

1990 660 2576 733 quantulumcunque
2607 661 2888 717 laudabili
2918 661 3216 718 valeamus
3249 680 3517 719 sermone
3547 663 3642 719 de-

1991 749 2243 804 scribere
2277 766 2289 803 :
2321 754 2610 820 quatenus
2644 767 2818 822 quem
2849 767 3081 822 semper
3111 750 3417 806 nobiscum
3442 767 3642 824 corpo-

1990 837 2187 892 raliter
2214 837 2501 892 viventem
2535 856 2647 893 non
2682 838 2848 893 licuit
2877 839 3113 906 habere,
3145 838 3317 894 liceat
3344 838 3551 894 saltem
3573 857 3643 915 ex

1991 925 2455 982 consideratione
2489 926 2924 998 pretiosissima:
2966 926 3172 983 mortis
3220 928 3639 1000 sempiternam

1990 1014 2075 1070 tui
2089 1014 2266 1069 vitam
2281 1017 2990 1087 agnoscere,agnoscendo
3008 1016 3040 1069 d
3054 1014 3333 1087 iligere,et
3346 1015 3641 1089 diligendo

1997 1103 2177 1157 beata:
2212 1104 2494 1158 mercedis
2527 1102 2745 1175 aliquid
2782 1120 2885 1175 per
2916 1108 2970 1157 te
3002 1103 3337 1175 piissimum
3359 1103 3586 1159 Patrem
3611 1124 3645 1158 a

1994 1191 2111 1246 Deo
2144 1191 2672 1247 obtinere.Diseant
2695 1191 2925 1246 interim
2951 1192 3138 1247 devoti
3161 1194 3458 1246 tantorum
3477 1190 3647 1247 mira-

1992 1279 2199 1335 bilium
2233 1280 2531 1355 auditores
2562 1279 2825 1352 exemplo
2859 1280 2941 1334 tui
2976 1280 3166 1335 sobrie
3206 1279 3414 1348 vivere,
3447 1297 3643 1338 sacras

1992 1370 2326 1439 frequenter
2374 1369 2650 1423 excubias
2704 1369 3013 1435 celebrare,
3068 1369 3245 1423 castis
3277 1369 3644 1431 orationibus

1992 1457 2291 1523 inservire,
2322 1456 2599 1527 quoniam
2651 1462 2705 1512 et
2740 1463 2799 1510 tu
2832 1457 3048 1511 idcirco
3082 1457 3301 1513 talibus
3351 1458 3645 1530 tantisque

1993 1545 2226 1619 gaudiis
2257 1545 2538 1601 interesse
2564 1545 3014 1617 meruisti,quod
3051 1545 3181 1601 aliis
3213 1546 3645 1603 dormientibus

1995 1635 2119 1708 ipse
2138 1634 2205 1689 in
2240 1633 2457 1690 sanctis
2485 1634 2791 1690 desideriis
2821 1634 3647 1707 vigilasti,orasti,horamque

1995 1722 2264 1778 ultimam
2313 1722 2437 1778 sine
2484 1722 2921 1781 intermissione
2967 1723 3259 1796 cogitasti.
3294 1724 3409 1780 Nec
3450 1729 3646 1781 tamen

1995 1812 2294 1867 sufficiens
2323 1816 2446 1867 erat
2496 1812 2555 1866 in
2590 1816 2811 1868 secreto
2844 1811 3097 1867 cubiculi
3126 1812 3210 1867 tui
3252 1811 3368 1868 ista
3397 1810 3646 1885 operari,

1996 1899 2107 1956 nisi
2139 1900 2313 1955 etiam
2348 1901 2652 1956 nocturnis
2683 1900 3000 1974 frigoribus
3031 1902 3214 1955 eadem
3256 1901 3410 1957 beati
3462 1901 3648 1958 Patris

242 1988 392 2045 'oculi
420 1988 765 2062 tui,quibus
795 1991 1002 2047 datum
1034 1997 1124 2048 est
1153 1992 1313 2048 illam
1344 1992 1739 2065 videre,quam
1765 2010 1888 2065 spe-
1917 1983 1961 2049 B
1991 1988 2304 2062 Augustini
2354 1990 2468 2059 (57)
2505 1989 2924 2060 frequentarcs,
2959 1994 3019 2043 et
3077 1988 3210 2044 inde
3261 1989 3332 2044 ad
3382 1988 3644 2047 vicinum

253 2078 458 2134 ciosum
493 2095 673 2151 super
700 2078 853 2136 filias
900 2079 1225 2155 Jerusalem
1277 2082 1465 2154 angeli
1517 2088 1888 2152 venerantur,

254 2160 513 2224 homines
562 2167 917 2235 desiderant,
966 2172 1222 2242 pavescit
1270 2176 1544 2239 tartarus,
1593 2178 1650 2227 et
1697 2172 1888 2228 omnis

253 2260 513 2311 creatura
542 2255 745 2312 heram
768 2256 1033 2314 miratur.
1050 2258 1164 2315 Nec
1195 2258 1327 2315 inde
1347 2259 1715 2316 solummodo
1733 2262 1885 2330 felix,

255 2344 398 2415 quod
434 2343 586 2399 illud
621 2344 919 2418 singulare
948 2346 1128 2403 totius
1160 2347 1317 2403 orbis
1357 2349 1534 2404 decus
1564 2349 1756 2405 videre
1788 2368 1889 2421 po-

258 2432 442 2500 tuisti;
469 2432 717 2505 potuisti
747 2434 924 2489 etiam
959 2434 1271 2492 melliﬂuas
1302 2437 1431 2508 ejus
1461 2454 1628 2492 voces
1665 2438 1887 2505 audire,

258 2520 460 2592 quibus
514 2523 704 2593 socias
746 2522 997 2596 virgines
1046 2524 1120 2579 ad
1175 2523 1627 2580 collaudandum
1678 2526 1890 2599 Regem

256 2611 596 2667 saeculorum
628 2627 694 2668 ex
724 2628 833 2668 sua
860 2628 1035 2669 carne
1082 2613 1480 2685 temporaliter
1528 2620 1891 2686 procreatum

255 2696 615 2767 hortabatur,
648 2700 962 2757 concinens
992 2696 1138 2758 illud
1169 2701 1275 2757 viri
1307 2703 1587 2776 sapientis
1638 2722 1703 2760 ac
1731 2721 1894 2759 sena-

256 2787 390 2845 toris
417 2788 647 2844 Sedulii
680 2807 693 2845 :

365 2877 655 2926 Cantemus
684 2879 926 2938 Domino,
958 2879 1136 2939 socim,
1170 2883 1449 2930 cantemus
1478 2881 1757 2931 honorem.

365 2939 547 2989 Dulcis
577 2955 729 2990 amor
755 2942 946 2991 Christi
977 2946 1227 3005 personet
1253 2956 1344 2993 ore
1371 2944 1480 3007 pio.

256 3056 259 3057 ν
317 3028 587 3101 Cumque
608 3029 682 3085 ab
711 3029 842 3086 aliis
859 3030 1188 3104 virginibus
1220 3030 1327 3087 hoc
1345 3032 1551 3089 fuisset
1566 3038 1892 3106 exceptum,

253 3116 368 3174 alia:
400 3117 509 3190 qui
538 3123 868 3191 sequuntur
894 3136 1098 3176 versus
1128 3121 1606 3192 pronuntiabant.

338 3207 550 3273 Primos
580 3207 647 3256 ad
678 3208 781 3257 ima
810 3209 918 3258 ruit
945 3222 1141 3273 magna
1170 3208 1235 3273 de
1264 3208 1378 3258 luce
1408 3211 1704 3273 superbus;

397 3270 484 3336 sic
519 3271 680 3336 homo
702 3284 824 3336 cum
856 3270 1302 3336 tumuit,_primus
1332 3273 1397 3321 ad
1428 3270 1533 3322 inin
1561 3275 1684 3323 ruit.

340 3333 510 3396 Unius
540 3333 608 3396 ob
637 3334 887 3396 meritum
917 3332 1330 3396 cuncti'periere
1361 3336 1597 3385 minores
1628 3352 1640 3384 :

397 3393 592 3444 Cuncti
618 3395 898 3444 salvantur
926 3396 1087 3445 unius
1114 3393 1183 3445 ob
1211 3397 1477 3446 meritum.

337 3457 457 3507 Sola
487 3458 596 3507 fuit
621 3458 831 3530 mulier,
843 3458 1036 3569 (patuit
1061 3458 1363 3531 qua'jauua.
1384 3460 1514 3510 letbi
1537 3478 1550 3523 ;

396 3522 471 3569 Ex
507 3535 617 3569 uua
645 3525 755 3569 vnta
782 3535 838 3569 re
879 3527 937 3569 it.
970 3520 1082 3569 sola
1109 3521 1212 3569 fuit
1238 3522 1450 3569 muher.

396 3522 471 3570 Ex
507 3535 617 3584 qua
645 3521 755 3569 vita
782 3520 937 3580 redit,
970 3520 1091 3571 sola
1109 3520 1212 3571 fuit
1238 3522 1450 3571 mulier.

314 3612 509 3684 Atque
542 3609 602 3664 in
634 3609 789 3665 hunc
822 3611 1063 3666 modum
1102 3611 1281 3668 totius
1333 3611 1611 3668 carminis
1658 3611 1780 3668 bini
1829 3629 1895 3667 ac

255 3697 366 3754 bini
396 3716 614 3757 versus
644 3698 1085 3770 procurrebant,
1105 3698 1223 3755 illis
1254 3716 1486 3774 semper
1516 3700 1771 3773 repetitis
1793 3700 1892 3773 qui

251 3788 415 3860 primi
448 3807 486 3846 a
523 3788 706 3844 Matre
734 3787 966 3845 Domini
997 3788 1359 3845 dicebantur.

335 3879 629 3929 Cantemus
656 3877 904 3940 Domino,
932 3877 1110 3936 δαείω,
1139 3881 1417 3929 cantemus
1444 3878 1722 3940 honorem,

393 3940 583 3991 Dulcis
612 3953 759 3990 amor
783 3939 976 3990 Christi
1007 3944 1264 4005 personet
1291 3954 1383 3991 ore
1410 3941 1519 4005 pio.

759 4038 1005 4094 Auctoris
1035 4037 1371 4111 apostrophe.

314 4128 442 4184 Haec
475 4127 921 4200 tu,pontiﬁcum
953 4126 1671 4200 dignissime,acutissima
1700 4146 1756 4185 v1
1779 4146 1898 4185 cor-

252 4218 541 4294 poralium
572 4216 876 4274 oculorum
893 4215 953 4278 in
984 4216 1349 4289 spiritualem
1367 4217 1687 4290 potentiam
1711 4223 1897 4274 trans-

252 4304 499 4363 latorum
530 4305 725 4362 vidcre
752 4306 995 4379 potuisti
1021 4323 1035 4375 ;
1068 4305 1189 4363 haec
1219 4310 1307 4373 tu,
1339 4305 1542 4363 intime
1572 4306 1895 4363 caelestium

252 4411 600 4453 arcanorum
628 4399 1041 4468 perscrutator,
1070 4396 1271 4451 audire
1302 4395 1544 4467 potuisti
1567 4414 1579 4461 ;
1601 4396 1693 4451 his
1716 4395 1895 4452 tantis

252 4487 483 4558 tamque
516 4482 823 4557 stnpendis
847 4484 1016 4540 rebus
1044 4484 1322 4539 interesse
1352 4484 1667 4557 potuisti.0
1695 4490 1896 4541 sancta

252 4574 428 4629 animi
456 4574 550 4630 tui
581 4573 891 4646 puritas,et
918 4591 1066 4646 pura
1094 4573 1397 4642 sanctitas,
1415 4591 1591 4646 quam
1611 4574 1694 4630 sic
1714 4574 1893 4630 hono-

251 4666 337 4717 rat
362 4679 634 4735 supernaa
666 4661 915 4717 civitatis
946 4678 1222 4735 suprema
1251 4661 1532 4735 dignitas!
1564 4682 1595 4719 o
1620 4664 1796 4719 decus
1829 4681 1894 4719 ac

1997 2078 2248 2150 praefata:
2270 2077 2512 2149 virginis
2545 2076 2831 2149 templum
2849 2076 2999 2133 hanc
3018 2076 3265 2150 gloriam
3299 2077 3398 2134 Dei
3416 2078 3648 2159 visurus

1999 2167 2361 2237 procederes.

2239 2274 2568 2330 Prammntia
2599 2273 2800 2328 dantur
2830 2273 2894 2330 de
2927 2283 3095 2330 morte
3123 2276 3417 2330 Dunstani.

2072 2363 2159 2416 41.
2191 2364 2355 2417 Anno
2386 2362 2566 2434 igitur
2589 2361 2759 2417 Verbi
2792 2361 3078 2418 incarnati
3110 2363 3417 2419 duodecim
3450 2362 3650 2420 minus

2002 2468 2035 2504 a
2078 2449 2413 2517 millesimo,
2464 2451 2747 2511 adventus
2792 2450 3111 2523 Anglorum
3169 2451 3229 2508 in
3282 2452 3650 2510 Britanniam

2002 2539 2473 2611 quingentesimo
2486 2540 2847 2612 sexagesimo
2862 2540 3033 2595 tertio
3044 2539 3653 2609 ,sanctissimus,Deo-

2002 2644 2116 2698 que
2131 2626 2548 2682 dilectissimus
2561 2627 2904 2683 Dunstanus
2926 2629 3329 2684 transitoriam
3348 2630 3653 2701 praesentis

2000 2715 2129 2770 vitae
2163 2716 2435 2770 deserens
2467 2715 2681 2784 lucem,
2706 2717 2775 2771 ad
2809 2715 2998 2772 lucem
3032 2716 3200 2772 beata
3231 2722 3407 2789 atque
3439 2706 3657 2777 mterna

1995 2802 2369 2875 jucunditate
2400 2805 2704 2875 praeditam
2739 2804 3017 2875 pervenit,
3041 2802 3139 2858 ubi
3173 2805 3325 2859 sicut
3347 2805 3433 2860 sol
3453 2821 3522 2860 ex
3547 2805 3658 2861 cla-

2004 2892 2172 2947 ritate
2203 2892 2302 2947 Dei
2335 2892 2684 2965 resplendet,
2720 2897 2777 2947 et
2808 2891 2964 2948 diem
2994 2897 3276 2948 aeternum
3309 2892 3659 2950 zeternaliter

2005 2981 2282 3053 possidet,
2308 2998 2462 3036 anno
2476 2979 2909 3053 patriarchatus
2922 2982 3014 3037 sui
3028 2981 3323 3037 tricesimo
3336 2981 3508 3038 tertio
3522 2982 3654 3055 (58),

2005 3069 2324 3125 nativitatis
2373 3075 2573 3125 autem
2618 3070 2849 3125 circiter
2879 3070 3331 3143 septuagesimo,
3370 3087 3504 3126 cum
3527 3072 3656 3144 jam

2005 3163 2161 3214 esset
2209 3158 2368 3214 omni
2413 3160 2698 3214 virtutum
2728 3159 3083 3214 charismate
3114 3158 3344 3230 plenus,
3378 3163 3435 3214 et
3471 3160 3657 3225 Deum

2002 3247 2234 3303 videndi
2269 3248 2556 3303 desiderio
2588 3248 3085 3321 fatigatus.Cujus
3116 3246 3468 3304 venerabilis
3500 3253 3654 3303 tran-

1923 3353 1967 3419 ρ
2006 3337 2157 3391 situs
2190 3341 2309 3392 tam
2343 3355 2377 3392 a
2408 3354 2683 3409 se,quam
2717 3337 2788 3391 ab
2813 3336 2944 3392 aliis
2978 3335 3289 3408 multiplici
3312 3336 3659 3394 revelatione

2009 3425 2334 3498 prmscitus,
2368 3425 2480 3481 sibi
2510 3425 2961 3499 gaudium,a1iis
2992 3442 3227 3499 gravem
3258 3425 3660 3501 ingessitmw

2005 3531 2193 3569 rorem
2231 3531 2243 3568 :
2278 3513 2388 3569 sibi
2420 3515 2725 3588 gaudium,
2757 3514 3036 3586 quoniam
3068 3515 3223 3586 quod
3258 3532 3361 3587 per
3399 3532 3563 3587 spem
3598 3515 3657 3572 in

2003 3604 2119 3658 vita
2141 3603 2468 3674 jucundius
2499 3604 2772 3669 habebat,
2804 3602 2862 3658 id
2895 3620 2998 3675 per
3028 3621 3151 3659 rem
3185 3620 3246 3659 se
3278 3603 3564 3673 visurum,
3599 3609 3657 3677 et

2003 3708 2069 3747 eo
2101 3697 2376 3762 perpetuo
2396 3691 2715 3746 fruiturum
2745 3692 3059 3763 gaudebat;
3078 3691 3302 3747 caztezis
3324 3709 3656 3761 mmrorem,

2004 3778 2281 3851 quoniam
2299 3780 2399 3851 qui
2422 3779 2691 3834 similiter
2716 3779 2929 3835 divinis
2946 3783 3003 3833 et
3032 3779 3310 3835 humanis
3327 3778 3658 3853 rationibus

2004 3868 2326 3935 excelleret,
2343 3867 2638 3923 neminem
2671 3867 2948 3938 deinceps
2978 3866 3037 3922 in
3071 3871 3227 3923 terra
3248 3867 3656 3939 appariturum

2004 3955 2439 4014 existimabant.
2474 3956 2586 4011 Sed
2620 3973 2726 4012 nos
2765 3954 3186 4028 multiplicium
3238 3953 3658 4035 revelationum

2005 4044 2355 4101 multimoda
2384 4044 2663 4100 relatione
2694 4045 3038 4116 postposita,
3056 4061 3261 4100 eorum
3292 4061 3419 4117 qua:
3455 4062 3659 4119 propo-

2005 4134 2234 4191 suimus
2248 4133 2481 4207 singula
2501 4132 2753 4207 singulis
2775 4137 3003 4189 tantum
3026 4134 3353 4190 rationibus
3385 4133 3657 4192 demons-

2003 4223 2313 4278 trabimus.
2335 4222 2468 4279 Dies
2492 4239 2627 4295 ergo
2655 4222 2996 4279 ascensione
3027 4222 3137 4296 (59)
3162 4222 3379 4279 Christi
3414 4223 3659 4281 festivus

2004 4311 2161 4367 diem
2174 4310 2610 4367 clariﬁcationis
2624 4311 2776 4366 beati
2793 4311 3082 4368 Dunstani
3107 4311 3404 4384 praecessit
3426 4312 3655 4369 tertius.

2004 4401 2202 4455 Tanta:
2226 4399 2422 4473 itaque
2436 4400 2549 4455 diei
2574 4405 2848 4472 surgente
2872 4400 3378 4469 aurora,saccrdos
3391 4400 3654 4471 quidam,

2005 4489 2239 4544 nomine
2269 4488 2519 4560 Algarus
2552 4489 2647 4561 (al.
2683 4487 2994 4561 Ell'garus),
3029 4488 3304 4544 doctrinae
3326 4493 3382 4543 et
3412 4487 3659 4544 actionis

2004 4579 2213 4634 merito
2239 4577 2591 4650 praecipuus,
2612 4595 2787 4649 quem
2818 4583 3027 4650 postea
3059 4576 3314 4632 nobilem
3349 4576 3405 4630 in
3437 4576 3660 4632 Helme—

2003 4667 2139 4721 ham
2188 4666 2530 4738 episcopum
2576 4665 2858 4721 claruisse
2897 4665 3253 4737 accepimus,
3288 4666 3429 4720 dum
3460 4682 3660 4722 sacros

250 4751 557 4826 praemium
586 4750 963 4824 virginitatis,
985 4750 1085 4823 qui
1120 4751 1204 4806 sic
1235 4750 1527 4823 aggaudct
1550 4757 1771 4807 natura:
1794 4751 1905 4807 vir-
1934 4751 2311 4815 DDominieac
2345 4753 2673 4809 ascensioni
2696 4755 2947 4809 honores
2979 4754 3036 4807 in
3069 4752 3313 4809 ecclesia
3335 4751 3658 4810 Salvatoris

250 4838 425 4911 ginem
474 4839 656 4896 simul
705 4844 879 4912 atque
924 4839 1196 4912 angelicae
1244 4839 1546 4911 dignitati!
1600 4841 1711 4897 Sed
1763 4859 1894 4898 ecce

248 4944 425 5002 supra
454 4929 610 4985 vires
634 4928 951 4984 viventium
983 4932 1075 4983 est
1122 4928 1365 4984 viventis
1414 4928 1500 4985 tui
1548 4928 1606 4983 in
1657 4946 1896 5001 corpore

250 5014 525 5074 laudibus
554 5016 857 5073 immorari
883 5034 897 5085 ;
930 5021 1150 5089 quanto
1178 5017 1375 5072 minus
1406 5019 1762 5073 transeuntis
1786 5018 1892 5085 tui,

248 5110 302 5162 et
328 5124 466 5163 cum
499 5107 728 5162 Christo
750 5104 1099 5161 teternaliter
1115 5105 1414 5177 regnantis
1439 5107 1757 5179 condignas
1774 5107 1896 5163 lau-

250 5195 346 5251 des
374 5196 705 5252 valebimus
734 5196 1169 5251 effari.Prazstet
1198 5195 1599 5268 omnipotenss
1617 5198 1770 5253 Deus
1792 5216 1895 5270 per

314 5304 428 5375 (57)
448 5303 626 5358 Recte
655 5301 927 5375 animum
943 5302 1229 5375 Dunstani
1250 5301 1458 5375 obitus
1480 5300 1673 5375 signat
1692 5304 1894 5359 Osber-

251 5366 602 5446 nu‘s,nempe
629 5375 876 5430 988.8ed
908 5366 1092 5429 falsus
1129 5378 1218 5430 est
1249 5373 1363 5446 hic,
1400 5379 1463 5428 ut
1511 5366 1675 5446 initio
1724 5375 1888 5446 Vitw,

248 5443 305 5528 in
334 5443 696 5528 assignando
724 5461 878 5501 anno
908 5446 1192 5528 adventus
1221 5444 1546 5528 Anglorum.
1573 5444 1631 5499 in
1664 5445 1889 5528 B_ritan-

247 5518 427 5582 niam,
459 5518 564 5599 qui
587 5534 702 5578 non
728 5534 883 5574 anno
912 5518 1035 5583 428,
1069 5521 1136 5572 ut
1170 5518 1301 5587 ipse
1330 5518 1574 5598 putavit,
1610 5518 1711 5571 sed
1738 5534 1891 5601 anno

638 5593 787 5645 teste
818 5588 989 5644 Beda.
1014 5588 1337 5644 Concordat
1367 5588 1492 5644 dlCS
1519 5589 1892 5644 Ascensnoms

285 5658 336 5715 ie
370 5658 628 5729 notatus,

313 5730 429 5811 (58)
450 5730 583 5791 'Imo
612 5731 891 5791 vicesimo
920 5731 1188 5809 septimo,
1222 5735 1288 5791 ut
1315 5730 1528 5812 legitur
1578 5736 1702 5791 tum
1735 5732 1890 5809 apud

2003 4844 2244 4917 pervigil
2278 4843 2664 4915 impenderet,
2699 4848 2754 4898 et
2788 4847 3041 4897 mentem
3094 4841 3163 4896 ad
3215 4841 3473 4897 cmlestia
3520 4860 3656 4899 con-
3714 4888 3717 4891 .

2002 4933 2341 5005 templanda
2391 4933 2746 4999 extenderet,
2795 4931 2988 5002 seipse
3046 4935 3101 4985 et
3151 4931 3428 4986 omnibus
3477 4931 3659 5004 hujus

2003 5021 2210 5077 mundi
2253 5022 2428 5075 rebus
2478 5018 2860 5087 transcensis,
2908 5019 3279 5074 Dunstanum
3336 5018 3659 5091 pontificali

2002 5111 2212 5166 throno
2246 5108 2533 5180 conspicit
2558 5108 2988 5179 prmsidcntem,
3006 5111 3062 5163 et
3090 5107 3241 5164 clero
3263 5110 3405 5180 jura
3425 5108 3657 5164 canoni-

2003 5217 2069 5255 ca
2100 5198 2511 5265 dictantem;et
2544 5213 2675 5252 ecce
2706 5213 2809 5268 per
2840 5212 3043 5251 omnes
3075 5196 3654 5269 ecclesizcjanuasir-

2003 5301 2593 5369 Willelmum,tumin
2627 5300 2873 5356 historia
2900 5302 3028 5372 ejus
3062 5302 3462 5359 translationis
3482 5304 3651 5361 infra.

2004 5375 2189 5431 Odoni
2240 5374 2459 5446 quippe
2501 5374 2842 5446 Dunstanus
2890 5374 3177 5429 successit
3226 5392 3379 5430 anno
3429 5377 3530 5430 841
3585 5392 3657 5433 ex

2001 5443 2406 5516 Chronoldgia
2419 5443 2721 5516 Saxonica.

2074 5518 2183 5589 (59)
2218 5514 2345 5589 Hice
2375 5515 2658 5589 verbatim
2694 5516 2868 5570 refert
2896 5514 3231 5589 Willelmus
3270 5514 3331 5589 in
3360 5515 3477 5589 lib.
3498 5535 3539 5572 ιι
3571 5518 3653 5575 De

2001 5585 2378 5668 pontificibus
2398 5585 2741 5668 Anglorum,
2777 5592 2972 5668 σαρξὶ,
2992 5586 3090 5641 ubi
3125 5588 3196 5643 de
3226 5587 3516 5668 episcopis
3530 5590 3654 5646 Hel-

2002 5659 2565 5740 monensibu_s,_inter
2596 5674 2743 5740 quos
2767 5659 3039 5740 quintum
3065 5664 3325 5740 recenset
3342 5659 3647 5740 Algarum,

2001 5732 2170 5809 cujus
2203 5730 2574 5790 sanctitatem
2607 5729 2676 5789 ex
2702 5729 2813 5793 hoc
2844 5730 2969 5791 loco
2998 5729 3194 5792 infert.
