4116 6176
397 382 512 444 451

1385 378 1446 438 S.
1493 373 1965 440 DUNSTANUS
2010 373 2374 436 ARCHIEP.
2422 375 2814 438 CANTHAR.

3689 377 3822 438 452

399 515 695 572 ruentium
728 513 1069 586 angelorum
1101 509 1760 582 infinitaingrmliuntur
1791 509 2044 579 agmina,
2079 511 2132 576 Α
2164 509 2538 563 benedirrndi
2596 509 2876 580 populum
2929 511 3257 579 advenerat,
3311 515 3368 566 et
3433 511 3639 566 iterata
3685 511 3820 566 vice

414 605 584 660 stolis
615 601 1056 658 candidissimis
1089 601 1393 672 fulgentia,
1427 599 1659 654 coronis
1701 598 1895 654 aureis
1927 599 2040 653 ruti
2111 603 2123 626 '
2154 598 2360 653 beatus
2391 596 2486 652 ille
2513 598 2583 652 ad
2617 597 2900 670 populum
2934 599 3515 670 procedebat,volens
3546 598 3643 653 ille
3673 598 3821 654 abs-

398 691 599 758 tantia,
631 691 949 746 Cherubim
982 694 1158 762 atque
1189 687 1494 761 Seraphim
1543 689 1772 742 Sanctus
1821 685 2043 758 procla-

397 779 640 846 mantia,
674 782 732 834 et
761 777 930 850 quasi
963 777 1223 833 divinum
1257 778 1532 832 nuntium
1564 774 2040 842 deferentia.0ui,

395 869 538 923 dum
569 865 787 922 coactis
819 865 1126 922 ordinibus
1177 866 1401 922 sedenti
1451 867 1712 920 astarent
1759 862 2040 936 pontiﬁci,

393 955 504 1012 hoc
535 954 616 1010 illi
650 955 1027 1011 salutationis
1068 955 1390 1028 alloquium
1444 953 1802 1026 persolvunt.
1854 951 2039 1018 Salve,

392 1044 688 1118 inquiunt,
721 1045 1028 1099 Dunstane
1079 1049 1294 1112 noster,
1331 1045 1377 1100 si
1411 1047 1648 1114 paratus
1689 1059 1770 1110 es,
1803 1039 1952 1107 veni,
1986 1045 2044 1094 et

393 1133 688 1207 gratiosus
745 1137 946 1188 nostro
1004 1137 1164 1188 utere
1237 1131 1640 1188 contubernio.
1701 1131 2044 1186 Dunstanus

394 1222 694 1294 respondit
727 1238 739 1276 :
794 1221 988 1291 Scitis,
1022 1239 1054 1276 ο
1105 1220 1289 1277 sancti
1343 1221 1609 1294 spiritus,
1644 1219 1816 1274 hodie
1846 1218 2042 1273 Chris-

393 1315 519 1365 tum
551 1309 726 1366 ccelos
759 1311 1190 1373 conscendisse.
1225 1309 1524 1381 nostrique
1557 1307 1731 1364 ofﬁcii
1764 1325 1890 1362 esse
1919 1311 2040 1362 tam

392 1399 564 1454 verbo
621 1416 802 1470 quam
859 1403 1226 1454 sacramento
1287 1397 1566 1470 populum
1627 1396 1728 1451 Dei
1784 1395 2040 1462 reﬁcere,

392 1485 639 1558 ideoque
667 1487 862 1542 venire
894 1486 1065 1542 hodie
1099 1483 2040 1559 nequeo.Dixcrantitaquesancti

390 1573 634 1646 spiritus
669 1591 682 1630 :
717 1575 962 1630 Paratus
994 1580 1117 1630 esto
1149 1575 1242 1629 die
1273 1574 1514 1630 Sabbati
1567 1573 1700 1628 hinc
1732 1571 2039 1628 nobiscum

391 1663 636 1718 Romam
697 1664 968 1729 transire,
1029 1669 1086 1720 et
1150 1669 1282 1719 ante
1343 1680 1646 1718 summum
1705 1661 2038 1734 pontiﬁcem

388 1752 618 1811 Sanctus
649 1753 998 1809 mternaliter
1028 1769 1252 1807 canere.

459 1860 802 1916 Ascmsionis
832 1859 920 1914 die
947 1861 1082 1930 festo
1125 1859 1288 1914 verba
1333 1859 1467 1930 facit
1493 1857 1562 1912 ad
1589 1857 1853 1930 populum
1882 1855 1970 1910 vir

692 1939 930 1986 sanctus.
949 1928 1184 1985 Mortem
1213 1928 1373 1986 suam
1402 1946 1518 1984 suis
1547 1928 1728 1984 edicit.

460 2029 550 2084 42.
585 2028 900 2100 Postquam
933 2044 1068 2100 ergo
1100 2027 1224 2081 dies
1255 2030 1481 2082 interna:
1521 2024 1920 2080 retributionis
1950 2028 2041 2079 est

390 2115 1084 2184 indictus,etDunstanus
1101 2113 1298 2170 divina
1317 2115 1428 2170 ﬁde
1457 2114 1529 2169 ad
1552 2113 2037 2176 consentiendum

389 2203 686 2272 inductus,
720 2203 1025 2260 confestim
1059 2203 1159 2276 qui
1193 2205 1592 2276 apparuerunt
1621 2199 1812 2274 angeli
1837 2201 2038 2273 dispa-

391 2298 654 2349 ruerunt.
685 2295 759 2348 At
789 2293 1060 2348 sacerdos
1091 2293 1191 2364 qui
1225 2308 1421 2347 rerum
1451 2295 1572 2346 tam
1616 2291 1852 2346 evidens
1901 2306 2037 2345 con-

391 2380 704 2454 templator
733 2381 1296 2453 exstiterat,egitum
1329 2397 1529 2436 earum
1553 2379 1826 2452 stupidus
1861 2377 2038 2434 simul

391 2475 449 2526 et
476 2469 690 2526 tacitus
719 2469 1050 2542 explorator
1078 2470 1443 2525 observabat.
1477 2468 1740 2540 Cumque
1772 2469 1924 2524 inter
1954 2485 2040 2523 sa-

391 2563 694 2615 crosancta
725 2559 988 2630 ejusdem
1020 2559 1132 2614 diei
1167 2557 1382 2631 gaudia
1412 2557 1512 2613 illa
1543 2555 1836 2628 Evangelii
1867 2555 2036 2612 lectio

390 2648 757 2717 recitaretur,
793 2649 852 2702 in
885 2665 1003 2720 qua
1033 2646 1316 2703 Dominus
1348 2651 1546 2702 noster
1569 2646 1742 2702 Jesus
1772 2645 2040 2701 Christus

391 2741 524 2809 post
557 2737 1044 2793 resurrectionem
1069 2753 1238 2791 suam
1273 2735 1580 2808 discipulis
1612 2733 2041 2808 apparuisse,et

391 2825 708 2898 exprobata
729 2825 1138 2880 incrudelitate
1159 2823 1395 2880 illorum
1410 2829 1583 2896 atque
1596 2822 1813 2878 duritia
1825 2821 2036 2890 cordis,

391 2915 736 2970 mandatum
768 2913 982 2988 legitur
1008 2912 1271 2981 dedisse,
1297 2918 1360 2968 ut
1389 2913 1448 2968 in
1477 2917 1596 2967 toto
1627 2912 1846 2966 mundo
1863 2912 2044 2966 Evan-

391 3001 611 3076 gelinm
645 3003 804 3075 regni
840 3001 1240 3074 praedicarent,
1275 3002 1448 3056 ﬁdem
1471 3018 1538 3055 ac
1559 3001 1922 3072 baptismum
1946 3017 2046 3055 an-

392 3091 752 3158 nuntiarent,
782 3089 1033 3146 salutem
1067 3094 1457 3162 proponerent
1495 3088 1890 3156 credentibus,
1925 3105 2040 3144 non

393 3177 766 3234 credentibus
797 3177 1164 3232 minarentur
1189 3176 1770 3243 condemnationem;
1789 3192 2042 3249 cumque

2068 1909 2117 1974 B

2153 703 2384 742 cessum
2418 703 2591 742 suum
2627 687 3110 754 denuntiare,sed
3143 705 3340 744 amore
3370 686 3704 743 dulcedinis
3739 685 3820 742 ﬁ-

2151 776 2365 830 liorum
2392 776 2791 832 revocabatur.
2828 777 3074 833 Proinde
3095 777 3434 834 exhortatus
3463 779 3554 832 est
3577 791 3817 846 omnes,

2153 869 2217 919 ut
2247 863 2386 918 illuc
2416 866 2538 918 tota
2571 865 2785 918 mentis
2831 863 3154 922 intentione
3183 865 3447 933 tendant,
3482 879 3599 937 quo
3631 866 3820 936 caput

2153 957 2420 1008 nostrum
2454 951 2930 1026 principiumque
2961 954 3134 1010 Jesus
3165 953 3437 1009 Christus
3466 953 3670 1009 eadem
3717 952 3819 1008 die

2154 1045 2526 1112 prrrcesserat
2557 1057 2569 1094 :
2607 1042 2857 1114 dataque
2889 1060 3063 1115 super
3093 1042 3222 1100 illos
3273 1059 3392 1098 suae
3439 1041 3817 1096 auctoritatis

2153 1131 2571 1196 benedictione,
2607 1131 2810 1186 orabat
2837 1131 3120 1202 Spiritum
3155 1135 3424 1187 sanctum
3459 1130 3579 1186 illis
3599 1129 3816 1186 adesse

2151 1220 2652 1292 quemadmodum
2679 1219 2858 1274 Filius
2891 1221 2988 1275 Dei
3019 1220 3532 1292 promiserat,cum
3565 1219 3816 1275 redeun-

2149 1311 2267 1363 tem
2313 1307 2480 1364 illum
2535 1309 2605 1363 ad
2641 1309 2868 1364 Patrem
2914 1308 3169 1364 caelestis
3200 1310 3389 1365 nubes
3420 1305 3810 1380 suscipiebat.

2153 1399 2276 1468 Ego,
2306 1397 2516 1468 inquit,
2549 1401 2760 1453 mittam
2793 1398 2941 1454 vobis
2973 1399 3239 1470 Spiritum
3276 1399 3544 1464 veritatis,
3579 1403 3638 1452 ut
3680 1412 3812 1450 ma-

2148 1495 2274 1542 neat
2301 1487 2574 1542 vobiscum
2626 1491 2686 1542 in
2713 1496 2983 1543 aeternum
3027 1488 3202 1558 (Joan.
3235 1503 3350 1553 xxv,
3386 1485 3498 1556 16).
3527 1485 3672 1540 Cum
3709 1483 3810 1540 bis

2150 1575 2330 1648 igitur
2359 1575 2714 1631 disserendis
2749 1575 3124 1630 beatissimus
3156 1575 3414 1647 pontifex
3444 1573 3664 1629 diutius
3697 1573 3811 1627 im-

2148 1669 2412 1718 moratus
2473 1665 2696 1732 fuisset,
2747 1663 3025 1718 videbant
3077 1663 3281 1719 faciem
3337 1665 3468 1734 ejus
3511 1667 3799 1735 tanquam

2148 1753 2352 1808 faciem
2385 1752 2572 1823 angeli
2607 1752 2728 1819 Dei,
2765 1757 2830 1806 ut
2858 1769 2988 1807 vere
3027 1769 3093 1806 ac
3137 1750 3447 1806 visibiliter
3492 1755 3648 1806 esset
3695 1767 3804 1823 ag-

2147 1859 2405 1910 noscere,
2439 1842 2596 1913 quod
2629 1842 2680 1896 is
2711 1859 2886 1914 quem
2915 1841 3224 1898 invocabat
3265 1839 3520 1912 Spiritus
3561 1843 3808 1894 sanctus

2148 1929 2476 2002 majestatis
2504 1946 2624 1984 sua.-
2643 1927 3012 2001 priesentiam
3045 1927 3320 2000 dignatus
3339 1925 3515 1982 fuerit
3539 1926 3814 2002 demons-

2148 2022 2321 2074 trare.
2354 2017 2595 2072 Volente
2623 2022 2818 2072 autem
2851 2015 2948 2072 illo
2979 2017 3050 2072 ad
3082 2015 3266 2072 altare
3295 2015 3576 2083 converti,
3611 2011 3810 2086 suspi-

2149 2108 2316 2164 rabat
2338 2108 2592 2180 populus
2625 2112 2754 2180 post
2784 2124 2941 2175 eum,
2972 2106 3311 2163 desiderans
3344 2105 3540 2162 adhuc
3579 2104 3808 2160 deside-

2151 2195 2364 2252 rabiles
2415 2195 2614 2251 vultus
2671 2197 2801 2266 ejus
2849 2195 3062 2262 videre,
3111 2201 3170 2252 et
3217 2193 3508 2266 colloquio
3563 2191 3805 2266 perfrui,

2150 2281 2390 2355 perinde
2423 2283 2589 2354 quasi
2623 2284 2888 2354 ejusdem
2921 2283 3175 2356 Spiritus
3219 2282 3409 2339 sancti
3467 2279 3808 2354 magisterio

2150 2371 2360 2439 edocti,
2395 2371 2550 2443 quod
2583 2370 2751 2426 illum
2785 2371 3031 2427 ulterius
3051 2371 3110 2427 in
3139 2387 3312 2427 carne
3344 2388 3460 2427 non
3491 2375 3689 2427 essent
3715 2369 3806 2425 vi-

2150 2459 2528 2526 suri.Quibus
2559 2459 2617 2514 in
2651 2475 2848 2516 amore
2878 2465 3102 2516 interna:
3133 2459 3442 2516 Trinitatis
3473 2459 3643 2516 tertio
3663 2475 3808 2516 con-

2151 2548 2421 2615 ﬁrmatis,
2454 2554 2587 2620 post
2617 2547 2864 2604 libatum
2898 2549 3058 2621 pacis
3083 2553 3140 2605 et
3161 2547 3462 2604 eharitatis
3494 2565 3612 2603 sua:
3643 2565 3807 2604 oscu-

2152 2634 2296 2705 lum,
2323 2653 2438 2691 non
2470 2635 2654 2692 valuit
2685 2636 3092 2693 imminentem
3123 2636 3234 2692 sibi
3282 2637 3528 2711 gloriam
3578 2636 3805 2692 diutius

2150 2730 2476 2798 contegere,
2512 2725 2611 2781 sed
2648 2731 2813 2798 rogat
2843 2732 2908 2781 ut
2938 2725 3028 2782 sui
3062 2743 3350 2782 memores
3378 2725 3804 2794 existant,dicit

2147 2813 2472 2869 vocationis
2503 2831 2622 2868 suae
2654 2813 2808 2868 diem
2841 2813 3082 2884 instare,
3101 2831 3206 2870 nec
3237 2831 3299 2870 se
3331 2813 3578 2870 ulterius
3601 2814 3660 2868 in
3694 2813 3806 2870 hoc

2152 2903 2375 2958 mundo
2403 2919 2538 2958 cum
2561 2901 2678 2958 illis
2709 2905 3144 2959 manere.Tunc
3173 2907 3397 2958 tantam
3429 2902 3690 2959 iubentis
3711 2920 3807 2976 po-

2153 2990 2277 3064 puli
2307 2990 2532 3046 videres
2564 2991 2967 3048 confusionem
2998 2997 3117 3048 tam
3151 2992 3495 3064 permistam
3526 2991 3804 3065 lacrymis

2149 3077 2286 3134 cleri
2346 3078 2893 3148 conclamationem,
2946 3080 3257 3136 viduarum
3317 3097 3385 3136 ac
3443 3079 3804 3154 pupillorum

2152 3167 2545 3224 miserabilem
2577 3167 3100 3240 perturbationem,
3136 3174 3200 3224 ut
3236 3168 3393 3224 diem
3437 3168 3650 3242 judicii
3696 3168 3805 3224 ad-

393 3267 464 3321 ad
500 3266 620 3321 hzec
652 3266 1056 3321 conﬁrmanda
1085 3265 1934 3338 signorumillisﬁiciendorum
1951 3282 2046 3337 po-
2074 3283 2118 3349 C
2155 3273 2304 3324 0350,
2337 3259 2393 3310 οἱ
2422 3255 2622 3312 omnia
2668 3256 2881 3349 8&0“!!!
2908 3257 2966 3312 in
3000 3275 3338 3329 supremam
3380 3258 3584 3313 hm‘am
3619 3256 3807 3312 οοίεεθ

391 3359 662 3410 testatem
678 3353 2044 3426 delegaret,d:emonumejectionemdinguarum

395 3443 733 3511 novitatem,
783 3441 984 3498 tollere
1053 3448 1376 3514 serpentes,
1429 3443 1740 3498 mortiferae
1791 3442 2046 3514 potionis

393 3531 557 3588 virus
585 3531 1047 3605 cxstinguere,et
1077 3549 1254 3602 super
1274 3549 1507 3587 omnem
1537 3530 1942 3603 aegritudinem
1961 3549 2048 3587 sa-

393 3619 688 3677 lutiferam
742 3637 1025 3675 manuum
1073 3619 1506 3692 impositionem
1548 3619 1732 3692 (Marc.
1766 3638 1917 3687 xxvr,
1953 3621 2046 3676 14-

393 3709 658 3783 18).Ουῐῐι
689 3725 826 3782 ergo
857 3708 970 3764 ista
1001 3709 1291 3782 Evangelii
1323 3709 1492 3764 lectio
1543 3709 2044 3782 pronuntiaretur,

391 3804 451 3856 et
480 3803 614 3872 post
645 3798 786 3868 hinc,
812 3798 1310 3870 quemadmodum
1341 3797 1678 3854 videntibus
1699 3796 2047 3871 illisquibus

392 3871 516 3944 huic
547 3891 804 3960 potestas
825 3885 1090 3959 delegata
1119 3891 1208 3942 est
1226 3885 1496 3942 Christus
1526 3871 1588 3942 in
1619 3885 1830 3942 cmlum
1853 3903 2050 3943 ascen-

391 3977 556 4034 deret
584 3976 716 4048 (Act.
750 3993 790 4044 ι,
821 3974 900 4048 9),
931 3975 1357 4048 subjiceretur:
1392 3975 1678 4048 processit
1699 3975 1958 4048 pontifex
1977 3974 2049 4030 de

393 4064 649 4123 sacrario
677 4064 856 4120 latius
887 4063 1010 4120 hanc
1043 4063 1323 4120 eademin
1356 4063 1572 4136 populo
1603 4067 2050 4132 tractaturus,et

395 4153 742 4210 memoriam
773 4151 1306 4208 misericordiarum
1331 4151 1432 4207 Dei
1451 4150 1728 4208 cordibus
1745 4168 1945 4208 eorum
1964 4168 2048 4208 ar-

395 4241 515 4298 tius
545 4239 966 4314 impressurus.
999 4240 1255 4298 Locutus
1286 4244 1376 4296 est
1418 4257 1556 4313 ergo
1605 4239 1862 4313 qualiter
1892 4257 2048 4296 nun-

396 4345 576 4403 quam
606 4329 798 4386 fuerat
827 4333 997 4386 antea
1024 4328 1280 4398 locutus,
1312 4329 1628 4386 ostendens
1659 4345 1778 4401 qua
1827 4329 2048 4385 ratione

398 4418 579 4476 Filius
625 4417 726 4475 Dei
776 4435 1008 4474 carnem
1058 4417 1336 4485 induerit,
1370 4434 1478 4474 cur
1525 4417 1769 4472 humani
1819 4417 2049 4490 generis

397 4507 774 4564 salvationem
808 4523 924 4562 non
955 4506 1065 4561 nisi
1101 4506 1401 4562 moriendo
1433 4505 2047 4578 compleverit,quem-

397 4597 716 4653 admodum
751 4613 1063 4668 resurgens
1112 4613 1146 4650 a
1175 4594 1424 4650 mortuis
1468 4593 1674 4650 mortis
1722 4592 2046 4666 principem

2157 3350 2414 3416 putares.
2449 3345 2733 3400 Sacerdos
2763 3343 2941 3400 etiam
2969 3346 3066 3418 qui
3103 3350 3221 3402 tam
3257 3345 3587 3402 mirabilem
3620 3346 3678 3400 in
3711 3362 3804 3401 ec-

2155 3431 2332 3488 clesia
2362 3433 2636 3488 ecstasim
2670 3433 2910 3501 viderat,
2943 3433 3177 3507 cognito
3208 3435 3364 3507 quod
3401 3451 3515 3490 non
3554 3434 3616 3490 in
3668 3435 3808 3490 ima-

2155 3520 2310 3593 gine,
2343 3521 2445 3575 sed
2479 3519 2538 3574 in
2573 3537 2765 3576 rerum
2795 3521 3036 3577 veritate
3085 3524 3353 3578 eamdem
3403 3521 3804 3588 sustinuisset,

2157 3609 2350 3680 palam
2383 3609 2680 3675 omnibus,
2705 3615 2762 3665 et
2789 3627 2922 3666 cum
2958 3611 3190 3684 magnis
3219 3611 3538 3684 gemitibus
3571 3629 3697 3684 qua:
3727 3609 3808 3667 vi-

2156 3699 2321 3754 derat
2349 3698 2617 3754 absolvit.
2651 3701 2908 3766 Quorum
2941 3700 3278 3756 maestitiam
3306 3701 3474 3756 Pater
3503 3697 3808 3772 pretiosis-

2157 3786 2365 3856 simus,
2403 3793 2576 3859 prout
2607 3787 2817 3860 potuit,
2841 3789 3093 3863 benigne
3123 3787 3482 3858 consolatus,
3515 3788 3589 3844 ad
3627 3787 3808 3844 altare

2158 3877 2350 3943 rediit,
2370 3881 2760 3950 susceptoque
2789 3879 2917 3934 vita:
2949 3884 3046 3936 sate
3058 3897 3173 3935 rnae
3205 3876 3398 3952 epulo,
3414 3883 3536 3934 tam
3548 3893 3612 3933 se
3627 3893 3806 3950 quam

2156 3981 2363 4022 omnes
2393 3965 2506 4022 sibi
2537 3967 2888 4023 commissos
2918 3971 3130 4024 interno
3161 3965 3389 4023 Pastori
3419 3965 3806 4039 consignavit.

2210 4071 2336 4126 Cibo
2367 4071 2631 4142 reficitur,
2665 4073 2882 4144 rapitur
2910 4089 2940 4129 ε
2965 4081 3130 4130 terra.
3165 4071 3479 4130 Orationem
3507 4070 3668 4129 habet
3691 4069 3765 4128 ad

2903 4163 2929 4200 δ
2936 4161 3048 4203 ιιοδ.

2229 4241 2316 4296 43.
2352 4239 2492 4297 Inde
2523 4241 2854 4298 refectionis
2894 4242 3138 4298 domum
3186 4240 3562 4300 laetabundus
3612 4241 3808 4315 ingre-

2155 4328 2342 4398 diens,
2376 4345 2580 4386 omnes
2610 4330 2683 4385 ad
2715 4347 2776 4386 se
2803 4330 3163 4388 confluentes
3193 4335 3250 4388 et
3296 4331 3426 4388 cibo
3457 4329 3722 4404 corporis
3750 4332 3806 4385 et

2156 4416 2480 4490 spiritualis
2508 4418 2636 4473 vita:
2667 4416 2950 4475 alimonia
2979 4417 3289 4492 saginavit.
3325 4420 3461 4476 Post
3491 4417 3804 4492 prandium

2154 4521 2288 4562 vero
2317 4504 2406 4562 vel
2435 4507 2625 4578 magis
2655 4505 2926 4562 ultimam
2959 4523 3205 4574 comam,
3241 4507 3434 4564 denuo
3465 4524 3601 4564 cum
3623 4504 3808 4562 fratri-

2157 4579 2288 4660 b‘us,
2309 4593 2615 4650 ecclesiam
2648 4594 2863 4650 Christi
2895 4595 3240 4669 ingreditur,
3257 4595 3606 4670 signatoque
3619 4593 3807 4667 sepul-

397 4684 777 4758 superaverit,
796 4689 853 4740 et
887 4683 1308 4740 famulantibus
1338 4683 1564 4754 angelis
1591 4681 1800 4737 cmlum
1829 4683 2047 4754 ingres-
2076 4655 2122 4720 D
2154 4681 2360 4738 crisui
2390 4681 2534 4752 loco,
2567 4682 2844 4739 omnibus
2870 4685 2940 4740 ad
2974 4684 3156 4740 altare
3186 4683 3403 4742 Christi
3434 4683 3804 4741 ascendenti-

399 4790 502 4830 sus
533 4772 954 4829 fuerit.Deindc
984 4771 1332 4842 sanguian
1365 4770 1582 4825 Christi
1616 4770 2045 4842 incomparabi-

398 4861 529 4918 liter
557 4862 832 4918 omnibus
865 4859 1148 4914 creaturis
1181 4858 1379 4914 docuit
1409 4876 1536 4914 esse
1558 4847 2044 4931 praestantiorem;

396 4954 737 5022 tantamque
769 4949 1042 5004 ﬁduciam
1097 4947 1155 5002 in
1205 4948 1486 5002 effusione
1532 4946 1837 5020 sanguinis
1888 4946 2048 5004 illius

398 5040 688 5095 mundum
742 5038 956 5093 habere
1002 5053 1192 5110 posse,
1229 5040 1292 5092 ut
1341 5035 1390 5091 si
1442 5053 1594 5092 unus
1626 5035 1840 5109 aliquis
1869 5035 2049 5092 totius

399 5129 604 5184 mundi
620 5133 855 5200 peccata
871 5127 1130 5194 haberet,
1151 5143 1339 5198 neque
1357 5126 1426 5180 de
1447 5125 1840 5194 multitudine,
1861 5143 2050 5198 neque

400 5216 472 5270 de
505 5215 912 5288 magnitudine
941 5213 1256 5270 criminum
1291 5213 1374 5268 illi
1405 5217 1560 5270 esset
1590 5214 2046 5286 desperandum,

401 5303 451 5360 si
483 5305 859 5360 Mediatorem
892 5304 1065 5358 Deiet
1082 5302 1388 5358 hominum
1424 5301 1663 5358 haberet
1679 5303 2046 5360 advocatum.

403 5393 560 5448 Inter
588 5392 711 5448 haec
743 5391 931 5448 felicia
964 5391 1147 5446 felicis
1178 5389 1514 5463 sponsionis
1546 5391 1763 5464 gaudia
1793 5391 2049 5464 pontifex

402 5481 474 5537 ad
507 5498 668 5536 aram
700 5481 1016 5547 reducitur,
1051 5480 1408 5535 transferens
1457 5479 2048 5552 omnipotentissimis

402 5568 632 5630 Domini
665 5569 858 5625 verbis
885 5568 1137 5642 speciem
1171 5567 1340 5638 panis
1369 5573 1428 5622 et
1456 5567 1575 5622 vini
1607 5568 1667 5622 in
1687 5584 1884 5623 veram
1915 5569 2051 5626 sub-

403 5658 681 5720 stantiam
714 5657 906 5716 carnis
936 5661 992 5714 et
1019 5653 1326 5732 sanguinis
1356 5654 1592 5713 Christi.
1625 5656 1876 5732 Jamque
1905 5657 2050 5717 hora

2156 4771 2268 4828 bus
2297 4772 2612 4844 conspicuo
2644 4772 3013 4829 cmnaculum
3045 4791 3148 4846 pro
3171 4775 3344 4830 modo
3373 4773 3556 4832 aestivi
3587 4776 3808 4845 tempo-

2157 4858 2238 4915 ris
2297 4859 2666 4932 requieturus
2725 4861 3008 4917 ascendit.
3065 4862 3406 4918 Circumdat
3456 4866 3806 4936 pausantem

2158 4947 2413 5004 luctiﬁca
2444 4949 2698 5005 ecclesia»
2733 4950 2973 5018 familia,
3008 4967 3135 5023 quae
3178 4951 3298 5006 sive
3348 4955 3512 5007 metu
3559 4950 3679 5020 sui,
3705 4965 3807 5006 seu

2160 5042 2346 5093 morte
2377 5037 2533 5094 illius
2557 5039 3140 5104 turbata,horrendos
3163 5039 3540 5114 laerymando
3562 5043 3812 5112 questus

2157 5123 2438 5182 insonuit.
2474 5129 2628 5194 Quos
2661 5127 2758 5183 illo
2790 5127 3180 5184 sanctissimis
3213 5133 3278 5185 ut
3303 5143 3536 5201 semper
3565 5125 3814 5184 rationi-

2159 5215 2270 5269 bus
2300 5215 2734 5290 fovente,atque
2758 5218 2828 5273 ad
2855 5235 3020 5290 spem
3039 5218 3222 5273 futuri
3254 5215 3813 5290 saeculidiligentius

2161 5303 2540 5373 informante,
2567 5305 2939 5378 conspiciunt
2985 5305 3178 5362 virum
3229 5304 3510 5362 invisibili
3555 5305 3812 5378 quadam

2160 5391 2260 5448 Dei
2289 5392 2502 5450 virtute
2532 5412 2562 5450 e
2592 5399 2745 5450 terra
2774 5395 3012 5464 moveri,
3047 5402 3274 5451 motum
3305 5395 3379 5450 ad
3410 5409 3690 5466 suprema
3717 5393 3812 5448 do-

2158 5481 2280 5536 mui
2314 5481 2548 5555 fastigia
2577 5481 2721 5537 tolli.
2758 5483 2825 5538 Hi
2853 5489 3052 5539 autem
3083 5483 3184 5556 qui
3219 5482 3392 5556 paulo
3415 5486 3549 5539 ante
3581 5482 3816 5555 propin-

2159 5569 2392 5642 quiorcs
2421 5569 2744 5637 astiterant,
2762 5570 3028 5628 miraculi
3049 5572 3359 5630 insolentia
3372 5569 3812 5641 territi,relictis

2158 5658 2397 5716 sedibus
2427 5657 2698 5716 devolant
2723 5661 3128 5720 omnes.Stant
3156 5665 3354 5721 tamen
3377 5659 3561 5718 innixi
3577 5658 3812 5736 parieti-

3745 5741 3756 5763 1
