4056 6178
246 404 370 467 453

1854 399 2064 466 VITA.

3547 408 3665 470 454

253 540 385 603 bus,
436 542 492 592 ct
541 537 929 593 maceriarum
975 535 1278 591 liminibus
1327 536 1397 591 de
1448 535 1616 608 longe
1667 554 1903 591 sursum
1934 540 1987 603 Α
2020 538 2277 609 corporis
2309 539 2589 611 paulatim
2623 542 2886 609 deiicere,
2912 559 3044 597 eum
3070 541 3312 615 spiritus
3336 541 3666 613 abintegri-

255 625 629 699 aspicientes,
662 625 881 681 exitum
910 624 990 679 rei
1022 623 1215 679 videre
1246 625 1565 696 cupientes.
1601 625 1907 679 Existima-

255 717 398 773 bant
426 733 685 788 namque
701 721 804 771 aut
821 715 976 771 sicut
996 714 1180 770 Eliam
1211 731 1343 770 cum
1368 731 1540 770 carne
1569 731 1703 769 eum
1726 719 1913 770 trans-

253 805 587 873 ferendum,
623 808 726 860 aut
756 803 870 859 alio
904 801 1107 876 quovis
1138 807 1195 857 et
1224 801 1459 857 insolito
1511 803 1683 857 modo
1722 802 1795 856 ab
1827 802 1912 856 eis

253 892 727 950 tollendum.Sed
753 909 885 947 mox
915 910 982 948 ea
1011 910 1128 965 qua
1156 892 1468 947 subvectus
1499 891 1687 946 fuerat
1716 889 1912 945 suavi-

256 984 377 1039 tate
407 981 731 1054 depositus,
753 985 1032 1037 convocat
1050 997 1253 1036 omnes
1275 978 1375 1053 qui
1407 979 1604 1053 fugam
1637 979 1910 1044 inierant,

256 1069 361 1127 tali
392 1087 492 1125 eos
522 1070 875 1125 allocutione
906 1069 1268 1125 demulcens.
1306 1090 1332 1117 ‹‹
1365 1068 1627 1134 Vidistis,
1662 1069 1763 1134 ait,
1787 1067 1909 1135 ﬁlii,

258 1158 875 1227 vidistis,charissimi,
892 1174 1007 1230 quo
1030 1175 1124 1213 me
1145 1157 1300 1213 Deus
1320 1159 1627 1228 vocat,quo
1648 1156 1748 1211 Dei
1770 1156 1912 1211 incf-

256 1248 456 1305 fabilis
488 1247 889 1304 misericordia
918 1246 1140 1301 invitat.
1167 1246 1387 1301 Semita
1415 1245 1641 1300 itineris
1663 1244 1775 1300 mei
1800 1261 1913 1317 prce

256 1337 449 1394 oculis
470 1342 707 1393 ostensa
736 1342 825 1392 est
855 1336 1038 1401 vobis,
1070 1340 1135 1391 ut
1167 1334 1365 1391 nullus
1393 1340 1653 1390 vestrum
1686 1336 1755 1389 de
1779 1353 1917 1407 pra!—

256 1428 382 1483 mio
415 1426 681 1500 capiendi
733 1425 860 1481 emli
908 1426 1159 1493 difﬁdat,
1191 1424 1289 1497 qui
1320 1424 1449 1479 vitae
1482 1441 1621 1479 mea:
1667 1423 1917 1496 diligens

257 1520 516 1572 sectator
543 1514 847 1571 exstiterit.
882 1515 1006 1569 Non
1039 1514 1193 1569 erebi
1224 1515 1391 1569 sedes
1424 1513 1681 1568 animum
1727 1530 1916 1568 meam

256 1604 627 1672 tenebit,non
653 1603 805 1658 fmda
827 1602 1002 1657 facies
1022 1601 1435 1674 profunditatis
1450 1602 1702 1656 animam
1728 1618 1917 1656 meam

260 1693 509 1760 tenebit,
544 1709 658 1747 non
706 1690 862 1765 ignis
908 1689 1424 1761 inexstinguibilis,
1454 1695 1511 1744 et
1540 1690 1753 1745 vermis
1803 1707 1917 1745 non

256 1780 527 1837 moriens
558 1781 817 1837 animam
873 1796 1063 1835 meam
1094 1779 1332 1834 tenebit.
1367 1780 1614 1833 Sursum
1646 1784 1733 1833 est
1764 1778 1921 1851 quod

253 1868 605 1943 amplector,
638 1886 877 1925 sursum
929 1885 1044 1941 quo
1094 1866 1353 1966 gradior.
1382 1868 1580 1922 Estote
1625 1883 1761 1939 ergo
1792 1867 1918 1922 vita:
1947 1908 1995 1974 Β

252 1958 610 2029 imitatores,
648 1957 696 2014 si
747 1956 972 2013 itineris
1016 1956 1127 2011 mei
1175 1954 1389 2027 cupitis
1421 1972 1547 2011 esse
1580 1960 1916 2010 sectatores.

251 2047 481 2105 Discite
508 2046 867 2102 voluntatem
899 2046 998 2101 Dei
1033 2062 1263 2118 semper
1294 2061 1487 2113 nosse,
1516 2049 1591 2112 et,
1624 2061 1758 2099 cum
1791 2061 1920 2100 eam

248 2134 562 2201 noveritis,
595 2135 740 2190 nihil
771 2133 823 2190 ei
852 2133 1042 2190 velitis
1087 2133 1376 2205 praeferre.
1412 2134 1570 2198 Quod
1608 2132 1656 2187 si
1688 2132 1761 2187 ab
1794 2134 1922 2203 ejus

245 2224 561 2280 voluntate
608 2223 873 2279 facienda
919 2220 1508 2298 quantulumcunque
1555 2238 1656 2276 vos
1698 2220 1921 2276 exorbi-

248 2321 426 2370 tasse
447 2309 1061 2387 cognoveritis,statim
1094 2312 1165 2366 ad
1199 2310 1624 2382 deprecandam
1659 2312 1785 2381 ejus
1818 2310 1925 2365 cle-

251 2402 549 2459 mentiam
576 2400 1085 2467 convertimini,ne
1099 2399 1238 2455 dum
1263 2401 1548 2455 minorem
1572 2416 1749 2471 quam
1764 2416 1927 2471 opor-

252 2495 391 2547 teat
426 2489 802 2546 reverentiam
841 2488 1243 2556 exhibueritis,
1291 2505 1407 2543 non
1445 2487 1634 2543 solum
1668 2487 1931 2560 praevari-

252 2583 517 2646 catores,
549 2595 751 2632 verum
802 2575 975 2633 etiam
1026 2575 1292 2632 inﬁdeles
1327 2574 1700 2647 judiccmini.
1744 2575 1930 2631 Nolite

254 2668 411 2723 boni
455 2668 654 2739 videri,
689 2667 790 2723 sed
839 2682 988 2733 esse,
1037 2683 1143 2721 nec
1201 2670 1321 2721 tam
1374 2664 1511 2720 mali
1565 2682 1679 2720 non
1723 2666 1927 2732 videri,

253 2772 457 2829 quam
496 2772 611 2811 non
638 2771 786 2811 esse.
810 2755 929 2810 lloc
953 2755 1109 2809 enim
1134 2755 1459 2809 maximum
1483 2753 1635 2808 inter
1665 2754 1931 2810 homines

254 2843 497 2900 malum
519 2848 628 2911 est,
665 2843 821 2916 quod
867 2859 1072 2899 omnes
1094 2842 1344 2915 cupiunt
1366 2841 1503 2897 boni
1522 2840 1702 2897 videri
1724 2846 1780 2898 et
1806 2860 1933 2899 esse

254 2931 677 3000 nolunt;nulli
707 2932 913 2987 volunt
944 2930 1081 2986 mali
1109 2931 1313 2999 videri,
1347 2936 1403 2987 et
1432 2929 1639 2986 nolunt
1668 2950 1781 2986 non
1806 2950 1933 2988 esse

254 3022 440 3078 mali.
474 3022 675 3077 Pacem
725 3038 960 3093 semper
1009 3020 1340 3089 sectamini,
1375 3036 1482 3076 nec
1529 3020 1695 3092 prius
1731 3022 1803 3076 ab
1834 3021 1937 3076 illa

256 3112 557 3170 sectanda
606 3110 916 3179 deﬁciatis,
944 3127 1123 3183 quam
1154 3108 1317 3164 illam
1351 3108 1407 3163 in
1441 3107 1585 3164 cwlo
1615 3110 1935 3181 apprehen-

251 3200 455 3256 datis.
512 3204 720 3272 Atque,
779 3204 845 3253 ut
901 3198 1053 3254 hanc
1111 3198 1426 3253 efﬁcaciter
1494 3198 1781 3269 attingere
1836 3217 1933 3254 va-

2020 630 2134 680 tate
2166 628 2253 681 sui
2288 630 2533 683 deﬁcere
2556 631 2826 686 nesciret.
2850 632 2933 685 lta
2957 648 3208 703 namque
3234 631 3377 686 facie.
3404 647 3669 695 serenus,

2021 731 2196 768 sensu
2231 716 2484 782 sobrius,
2511 718 2755 772 docendi
2779 717 3068 773 locutione
3101 718 3400 784 assiduus,
3426 722 3547 773 toto
3570 716 3670 772 illo

2020 802 2113 857 die
2146 820 2212 857 ac
2243 805 2509 875 sequenti
2547 806 2687 861 feria
2716 810 2876 861 sexta
2897 809 3294 879 permanebat,
3328 811 3394 861 ut
3422 806 3670 878 quicun-

2021 907 2133 962 que
2164 909 2225 947 se
2256 895 2745 961 commemlaturi,
2780 900 2835 950 et
2864 896 3327 951 benedictionem
3372 895 3517 950 tanti
3568 895 3671 949 Pa-

2021 978 2127 1035 tris
2157 981 2509 1052 postulaturi
2543 984 2937 1053 advenissent,
2972 989 3261 1039 reereatos
3292 987 3446 1051 se,et
3478 983 3673 1038 multi-

2023 1068 2323 1140 pliciterin
2342 1088 2538 1126 amore
2561 1072 2885 1127 divinitatis
2917 1073 3292 1127 conﬁrmatos
3323 1075 3669 1127 asserercnt.

2022 1158 2092 1213 Et
2113 1158 2239 1229 jam
2273 1159 2577 1230 promissa:
2608 1160 2994 1215 beatitudinis
3024 1161 3348 1215 Sabbatum
3382 1159 3672 1223 illuxerat,

2014 1247 2140 1318 jam
2172 1252 2407 1320 tempus
2430 1249 2828 1322 requiescendi
2847 1250 2920 1303 ab
2937 1250 3213 1304 omnibus
3235 1248 3535 1305 laboribus
3552 1248 3677 1304 suis

2024 1337 2327 1393 Dunstano
2379 1338 2655 1405 instabat,
2698 1355 2832 1393 eum
2882 1355 3014 1393 ecce
3067 1337 3371 1410 multiplex
3419 1338 3674 1393 ﬁliorum

2026 1429 2252 1481 caterva
2283 1427 2483 1493 currit,
2520 1426 2771 1481 ﬁliorum
2825 1444 2971 1499 quos
3018 1426 3142 1499 ipse
3193 1427 3341 1481 intra
3386 1426 3674 1499 gremium

2027 1514 2231 1569 matris
2267 1514 2534 1570 Ecclesia‘
2568 1517 2825 1571 tenerius
2856 1516 3158 1583 nutrierat,
3194 1520 3367 1587 atque
3397 1516 3468 1571 ad
3499 1514 3678 1570 excel-

2026 1603 2331 1659 lentiorem
2366 1604 2653 1677 spirituali
2679 1623 2731 1676 gi
2749 1606 2876 1660 alite.
2900 1605 3308 1676 perfectionem
3334 1604 3675 1669 adduxerat,

2029 1691 2386 1748 clamoribus
2434 1698 2489 1747 et
2542 1694 2740 1748 nimiis
2785 1694 3105 1764 ejnlatihus
3171 1693 3472 1765 queritans
3523 1692 3678 1765 quod

2029 1799 2090 1836 se
2116 1782 2407 1837 derelictis
2460 1784 2769 1850 recederet,
2820 1800 2924 1837 nec
2969 1782 3086 1836 illis
3130 1781 3329 1837 liceret
3373 1779 3677 1837 commori.

2030 1873 2100 1925 At
2123 1870 2217 1925 ille
2236 1871 2291 1925 in
2314 1887 2525 1925 manus
2548 1871 2647 1927 Dei
2679 1870 3099 1943 omnipotentis
3121 1887 3218 1925 eos
3236 1870 3679 1933 commendans.

2028 1964 2086 2015 et
2114 1960 2373 2031 gratiosa
2401 1959 2801 2014 benedictione
2842 1960 3219 2025 conﬁrmans,
3246 1960 3419 2030 jubet
3466 1964 3680 2014 sancta:

2030 2047 2461 2104 communionis
2510 2047 2857 2120 mysterium
2907 2052 3043 2102 ante
3093 2064 3154 2102 se
3185 2046 3486 2102 celebrari.
3521 2045 3684 2112 Quod

2031 2154 2165 2193 cum
2189 2136 2479 2209 protensis
2496 2136 2769 2192 manibus
2785 2136 2856 2190 de
2874 2135 3091 2191 cmlcsti
3118 2152 3326 2191 mensa
3352 2138 3685 2208 porrectum

2032 2225 2407 2297 suscepisset,
2456 2226 2564 2281 hac
2622 2226 2884 2281 oratione
2932 2225 3048 2281 Deo
3107 2224 3438 2297 supplicare
3488 2224 3683 2297 cmpit.

2032 2314 2228 2373 Gloria
2276 2314 2402 2381 tibi,
2445 2315 2815 2386 omnipotens
2865 2314 3049 2381 Pater,
3084 2314 3183 2385 qui
3234 2313 3582 2369 timentibus
3631 2316 3688 2369 te

2034 2405 2245 2460 Panem
2278 2403 2404 2457 vitae
2437 2404 2506 2458 de
2530 2402 2671 2457 ccelo
2703 2402 2937 2467 dedisti,
2963 2406 3028 2456 ut
3053 2418 3341 2457 memores
3373 2402 3562 2458 simus
3586 2401 3691 2456 mi-

2034 2493 2307 2549 rabilium
2338 2497 2596 2558 tuorum,
2622 2509 2748 2563 quae
2778 2491 2836 2546 in
2870 2491 3061 2546 medio
3095 2495 3259 2545 terrm
3291 2494 3567 2562 operatus
3601 2507 3686 2553 es.

2037 2582 2321 2636 mittendo
2346 2580 2513 2634 nobis
2534 2579 2912 2651 Unigenitum
2947 2584 3138 2645 tuum,
3164 2596 3365 2634 verum
3388 2579 3689 2634 hominem

2036 2671 2107 2725 de
2136 2687 2269 2725 vera
2296 2668 2535 2740 Virgine
2569 2674 2795 2722 natum.
2820 2667 2972 2734 Tibi,
2998 2673 3197 2722 sancte
3235 2667 3422 2736 Pater,
3449 2669 3690 2722 meritas

2039 2759 2345 2814 referimus
2367 2761 2581 2830 grates,
2607 2756 2707 2828 qui
2739 2761 2795 2811 et
2825 2772 2932 2811 nos
2963 2756 3104 2809 dum
3138 2773 3252 2809 non
3276 2772 3511 2809 eramus
3535 2771 3690 2810 crea-

2039 2848 2133 2915 sti,
2167 2850 2223 2901 et
2252 2846 2391 2900 dum
2427 2850 2757 2917 peccatores
2788 2861 3074 2911 essemus,
3109 2843 3288 2914 hujus
3328 2842 3527 2915 gratim
3559 2860 3691 2915 par-

2038 2937 2245 3009 ticipes
2266 2935 2506 2990 eﬁ'ecisti
2533 2952 2633 3006 per
2662 2934 2932 2989 eumdem
2967 2933 3177 2987 Filium
3212 2936 3379 2987 tuum
3412 2933 3619 2999 Deum,
3638 2936 3696 2988 et

2042 3027 2357 3081 Dominum
2390 3028 2680 3092 nostrum,
2705 3023 2905 3078 omnia
2935 3026 3127 3077 tecum
3160 3026 3217 3075 et
3246 3020 3467 3092 Spiritu
3492 3022 3695 3075 sancto

2040 3115 2370 3179 facientem,
2397 3112 2842 3182 gubernantem,
2869 3113 2925 3165 et
2955 3126 3058 3181 per
3086 3108 3316 3163 inﬁnita
3346 3106 3696 3163 saeculorum

2043 3203 2255 3260 saecula
2300 3205 2665 3273 regnantem.
2701 3200 2858 3254 lnter
2908 3216 3035 3271 qum
3083 3197 3259 3252 verba
3305 3214 3373 3251 ex
3421 3195 3698 3251 omnibus

252 3289 469 3354 lentis,
500 3288 666 3344 illum
728 3305 960 3361 semper
1014 3287 1072 3341 in
1130 3286 1325 3342 animo
1384 3285 1794 3342 dulcissimum
1827 3288 1929 3343 ha-
1962 3275 2005 3341 C
2045 3292 2253 3345 anima:
2279 3287 2553 3344 medullis
2577 3288 2647 3343 ad
2672 3288 2853 3341 Deum
2880 3302 3053 3358 quem
3082 3301 3313 3356 semper
3342 3284 3699 3339 desiderave-

256 3381 435 3444 bete,
469 3377 549 3431 illi
607 3378 885 3433 continuo
932 3377 1153 3449 gratias
1204 3375 1378 3448 agite,
1411 3376 1571 3431 illius
1629 3378 1934 3449 prmceptis

256 3465 584 3523 humiliter
612 3466 842 3521 obedite
890 3465 991 3537 qui
1041 3464 1338 3537 singulare
1388 3482 1491 3537 pro
1536 3466 1812 3521 omnibus
1842 3484 1934 3521 sa-

262 3555 565 3613 criﬁcium
597 3554 889 3609 immolari
921 3554 1124 3621 voluit,
1161 3554 1219 3608 in
1251 3571 1369 3625 quo
1424 3553 1780 3626 complacuit
1809 3572 1932 3610 om-

267 3660 417 3701 nem
450 3643 873 3715 plenitudinem
923 3642 1273 3708 inhabitarc,
1307 3646 1364 3697 et
1411 3658 1515 3715 per
1559 3659 1693 3697 eum
1733 3660 1934 3699 recon-

271 3731 474 3789 ciliari
505 3732 789 3800 omnia,in
810 3724 937 3804 ipso
968 3731 1282 3804 paciﬁcans
1308 3748 1411 3803 per
1439 3732 1786 3804 sanguinem
1810 3750 1936 3787 cru-

266 3823 371 3880 cis
398 3822 552 3894 ejus,
574 3820 693 3877 sive
727 3838 855 3894 quas
893 3820 954 3877 in
982 3821 1155 3877 terris
1186 3825 1346 3885 sunt,
1377 3819 1497 3875 sive
1527 3837 1655 3893 qua:
1685 3820 1743 3875 in
1777 3820 1937 3877 cmlis

269 3911 419 3983 (Col.
455 3927 498 3979 ι,
541 3910 627 3978 19,
675 3911 791 3982 20).
854 3909 1105 3965 Praedico
1164 3910 1338 3964 etiam
1397 3908 1559 3964 vobis
1617 3908 1935 3983 Anglorum

268 4004 515 4074 gentem
544 3998 671 4053 dira
700 4015 766 4055 ac
797 3997 1073 4054 diuturna
1123 3997 1277 4053 mala
1307 3998 1379 4053 ab
1410 3997 1621 4053 exteris
1664 3998 1936 4070 gentibus

267 4103 769 4161 essepassuram,
798 4087 899 4143 sed
938 4086 998 4142 in
1049 4088 1164 4143 ﬁne
1218 4087 1447 4142 dierum
1498 4086 1935 4146 miserationem

270 4177 382 4235 Dei
405 4193 586 4248 super
605 4192 734 4232 eam
756 4174 1318 4232 stillaturam.Vohis
1342 4180 1538 4231 autem
1562 4177 1934 4231 commodum

270 4264 389 4322 erit
408 4265 621 4320 borum
643 4264 953 4321 verborum
980 4263 1299 4332 reminisci,
1335 4268 1400 4319 ut
1422 4262 1541 4320 sive
1563 4264 1685 4319 hanc
1705 4264 1775 4319 ad
1805 4281 1935 4336 pec-

273 4358 548 4410 catorum
570 4352 1060 4421 emendationem,
1084 4369 1187 4408 seu
1211 4352 1282 4408 ad
1316 4353 1728 4424 perﬁciendam
1760 4353 1938 4408 virtu-

271 4450 400 4499 tem
463 4441 837 4515 contigerint,
882 4441 1110 4497 animas
1161 4445 1387 4497 vestras
1444 4441 1648 4497 divinae
1708 4459 1939 4514 semper

271 4529 655 4604 dispositioni
704 4530 1051 4602 subjiciatis,
1086 4548 1157 4587 ne
1188 4530 1342 4587 sicut
1372 4530 1509 4585 mali
1543 4529 1645 4585 ﬁlii
1678 4530 1937 4604 diligatis

2045 3384 2134 3434 rat
2164 3378 2368 3443 effusa,
2402 3378 2559 3432 videt
2602 3376 2733 3431 illos
2777 3376 2875 3447 qui
2910 3392 2971 3430 se
3002 3375 3071 3429 ad
3108 3373 3339 3428 cceleste
3370 3372 3698 3427 convivium

2042 3468 2432 3522 invitaverant
2483 3466 2682 3520 beatos
2714 3463 2951 3535 angelos
2980 3462 3351 3527 assistentes,
3380 3466 3437 3516 et.
3468 3460 3701 3516 cmleste

2046 3555 2128 3610 illi
2176 3554 2523 3626 obsequium
2590 3558 3007 3624 praeparantes.
3057 3553 3316 3617 Quorum
3372 3549 3700 3606 venerando

2045 3642 2219 3699 ccetui
2250 3642 2386 3697 felix
2425 3642 2624 3696 anima
2672 3640 2832 3695 illius
2881 3639 3193 3711 gratulata,
3225 3638 3356 3693 lzeta
3404 3638 3705 3709 egreditur

2045 3733 2116 3787 de
2139 3730 2471 3787 habitaculo
2495 3728 2851 3805 sanctissimi
2877 3727 3541 3799 corporis,proﬁeiscens
3563 3740 3698 3780 cum

2045 3820 2161 3875 illis
2191 3821 2261 3875 ad
2295 3816 2805 3889 contemplandum
2841 3815 3163 3870 claritatem
3193 3814 3390 3869 aeterni
3423 3812 3700 3868 Condito-

2046 3908 2147 3964 ris.
2188 3910 2331 3964 Ecce
2382 3906 2674 3979 quomodo
2703 3905 3023 3960 honoratus
3054 3908 3162 3969 est,
3197 3918 3372 3975 quem
3408 3902 3564 3957 Deus
3594 3900 3698 3956 ho-

2046 4015 2185 4054 nore
2214 3997 2461 4069 dignum
2484 3993 2772 4066 judicavit
2800 3994 2812 4048 !
2837 4010 2969 4049 ecce
2999 3992 3292 4064 quomodo
3324 3991 3383 4045 in
3416 3990 3699 4063 gaudium

2046 4083 2279 4141 Domini
2309 4082 2400 4140 sui
2431 4080 2692 4148 intravit,
2720 4080 2900 4153 quiin
2932 4081 3250 4136 commissa
3280 4079 3390 4134 sibi
3424 4078 3699 4134 doctrinae

2046 4175 2294 4248 pecunia
2323 4171 2512 4227 ﬁdelis
2542 4176 2808 4243 erogator
2837 4171 3057 4225 exstitit
3082 4169 3095 4223 l
3131 4170 3175 4225 Ο
3205 4167 3428 4224 viscera
3466 4167 3700 4223 miseri-

2046 4262 2253 4319 cordia:
2286 4261 2407 4325 Dei,
2442 4277 2567 4332 quis
2600 4259 2684 4315 sic
2712 4275 2943 4330 semper
2970 4256 3166 4312 dulcia
3204 4261 3479 4328 expertus
3513 4256 3700 4312 fuerat

2044 4351 2155 4407 iste
2184 4350 2358 4406 homo
2388 4349 2488 4403 Dei
2516 4348 2528 4402 !
2560 4365 2592 4403 ο
2622 4364 2722 4402 cor
2750 4346 2858 4401 viri
2888 4347 2959 4401 ad
2989 4345 3348 4401 voluntatem
3402 4346 3502 4400 Dei
3546 4360 3699 4399 sem-

2046 4456 2149 4513 per
2178 4437 2361 4511 parati
2390 4456 2401 4504 ;
2435 4437 2533 4508 qui
2568 4435 2755 4507 potuit
2786 4436 3013 4489 dicere:
3045 4436 3310 4489 Paratum
3360 4450 3453 4488 cor
3495 4449 3696 4501 meum,

2044 4531 2206 4594 Deus,
2235 4534 2493 4599 paratum
2538 4542 2630 4581 cor
2672 4541 2852 4579 meum
2886 4523 3058 4593 (Psal.
3095 4540 3202 4590 va,
3235 4522 3327 4592 8)!
3361 4522 3505 4575 Ecce
3545 4536 3700 4575 nunc

273 4621 684 4677 blandientem
711 4638 724 4688 ;
759 4620 1121 4676 erudientem
1175 4620 1352 4692 (quod
1384 4636 1418 4674 a
1444 4618 1603 4675 vobis
1651 4625 1936 4675 remotum
1968 4642 2013 4706 D
2046 4616 2245 4691 psallit
2275 4616 2332 4670 in
2357 4615 2542 4687 gloria
2572 4630 2680 4668 sua
2708 4612 3038 4668 illustratus
3068 4611 3290 4665 lumine
3315 4609 3556 4664 visionis
3584 4608 3701 4681 glo-

274 4711 380 4779 sit)
399 4707 814 4764 eontemnatis.
840 4708 1098 4765 Profecto
1121 4708 1343 4763 nullius
1366 4708 1671 4763 hominum
1702 4708 1787 4763 vel
1818 4713 1936 4764 tam

274 4814 455 4872 grave
487 4797 868 4870 supplicium,
902 4796 988 4853 vel
1032 4802 1153 4852 tam
1203 4796 1487 4853 excellens
1518 4801 1606 4853 est
1637 4798 1934 4866 meritum,

275 4904 392 4959 quo
426 4886 531 4941 Dei
560 4884 984 4957 omnipotentis
1012 4885 1339 4953 visio,visio
1364 4886 1541 4939 beata:
1574 4886 1935 4952 aeternitatis,

275 4976 422 5032 visio
485 4982 713 5030 aeternae
772 4974 1051 5045 veritatis,
1080 4975 1286 5040 Patris,
1320 4978 1376 5029 et
1417 4975 1565 5043 Filii,
1600 4979 1655 5029 et
1685 4974 1937 5047 Spiritus

279 5065 491 5129 sancti,
522 5062 715 5119 valeat
735 5064 1072 5136 promereri.
1108 5064 1293 5135 Magis
1314 5067 1505 5117 autem
1530 5062 1578 5117 si
1612 5063 1935 5118 naturalem

278 5152 606 5209 clementia:
631 5170 751 5207 sua:
782 5151 1101 5208 bonitatem
1127 5152 1281 5207 Deus
1305 5168 1419 5207 non
1452 5152 1938 5217 attenderit,niliil

279 5241 451 5299 homo
484 5240 709 5314 patitur
760 5242 915 5314 quod
966 5240 1077 5297 sibi
1118 5241 1282 5312 justo
1334 5240 1432 5295 Dei
1476 5240 1699 5311 judicio
1733 5258 1799 5294 ex
1831 5257 1940 5296 sua

279 5330 449 5404 culpa
481 5348 598 5386 non
630 5330 931 5387 debeatur.

358 5448 629 5504 l’iaticum
657 5447 873 5518 accipit,
904 5446 973 5502 ab
1002 5445 1211 5517 angelis
1244 5447 1303 5499 in
1331 5444 1525 5500 cwlum
1553 5442 1852 5499 deducitur.

349 5564 437 5620 44.
474 5562 539 5619 In
571 5561 668 5618 bis
696 5562 889 5618 verbis
938 5561 1117 5617 sentit
1162 5559 1545 5616 beatissimus
1593 5558 1758 5613 Pater
1785 5560 1939 5615 vires

2046 4707 2144 4760 ria:
2178 4706 2298 4760 Dei.

2720 4817 3014 4888 Sepelitur.

2118 4940 2205 4993 45,
2241 4934 2581 5006 Suscipiunt
2613 4937 2806 4988 autem
2853 4931 3212 4987 venerabiles
3245 4930 3472 4986 Domini
3509 4947 3699 4986 sacer-

2046 5028 2211 5081 dotes
2232 5023 2567 5080 venerabile
2580 5039 2793 5093 corpus
2825 5021 3044 5076 summi
3078 5021 3421 5086 sacerdotis,
3446 5021 3703 5076 deferen-

2045 5120 2132 5170 tes
2166 5114 2308 5169 illud
2342 5114 2400 5167 iu
2424 5111 2728 5167 basilicam
2762 5110 2959 5181 magni
2991 5109 3195 5165 basilei
3234 5110 3463 5165 Domini
3498 5110 3701 5165 Salva-

2044 5205 2209 5269 toris,
2238 5202 2349 5257 sub
2373 5202 2660 5255 immenso
2679 5216 2985 5254 murmure
3004 5197 3328 5270 lugentium
3349 5198 3700 5270 populorum

2045 5295 2323 5353 feretrum
2355 5289 2706 5344 densissime
2739 5286 3331 5355 ambientium,facies
3361 5304 3499 5341 suas
3520 5286 3701 5342 disse-

2046 5380 2328 5445 cantium,
2361 5375 2573 5449 palmis
2604 5393 2729 5429 sese
2762 5373 3113 5443 ferientium,
3143 5379 3316 5446 atque
3359 5373 3576 5429 amaris
3602 5389 3698 5429 vo-

2047 5469 2234 5537 cibus,
2261 5467 2404 5532 Heu,
2428 5465 2570 5519 heu!
2596 5463 2940 5518 charissima
2974 5469 3155 5535 pater,
3191 5462 3591 5517 clamantium.
3616 5460 3700 5517 Ibi

2049 5559 2109 5613 in
2159 5556 2282 5611 loco
2314 5555 2428 5624 (60)
2478 5568 2652 5623 quem
2704 5555 2835 5606 ante
2886 5551 3129 5607 biduum
3176 5550 3510 5620 dictaverat,
3563 5566 3699 5607 eum

344 5699 471 5773 (60)
503 5695 772 5769 Osberto,
809 5717 838 5749 «
869 5695 971 5773 qui
1002 5694 1112 5754 fuit
1144 5698 1276 5753 ante
1308 5695 1546 5772 gradus,
1581 5693 1799 5769 quibus
1831 5694 1905 5752 ad
1936 5692 2120 5753 altare
2150 5688 2382 5752 Domini
2413 5685 2627 5747 Christi
2660 5685 3101 5745 accendebatur.
3125 5706 3153 5738 »
