4116 6176
415 353 550 418 ,455

1417 347 1481 406 S.
1529 340 1999 408 DUNSTANUS
2044 336 2404 402 ΑΒΕΗΙΕΡ.
2455 338 2848 399 CANTUAR.

3716 335 3839 398 456

428 487 590 544 omni
619 482 922 558 diligentia
957 481 1242 555 sepultus,
1273 483 1327 534 et
1357 483 1490 552 post
1516 477 1638 532 haec
1673 472 2074 532 eminentioris
2103 472 2157 541 Α
2186 471 2305 528 haec
2329 470 2543 540 omnia,
2559 471 2897 558 eorumdem
2929 469 3204 558 manibus
3233 469 3530 558 lapidatus
3563 469 3843 558 spiritum

429 574 622 648 operis
653 576 948 628 structura
977 571 1248 625 decenter
1275 564 1792 639 opertus,flebilem
1823 561 2002 619 simul
2021 566 2079 618 et

431 659 745 718 amabilem
777 656 1030 724 cunctis,
1060 655 1180 710 sive
1210 653 1270 708 in
1301 653 1476 708 choro
1516 651 1926 724 psallentibus,
1959 649 2078 704 sive

427 767 530 822 per
557 747 777 820 gradus
809 745 880 800 ad
911 743 1091 800 altare
1129 741 1580 799 ascendentibus
1610 740 1701 797 sui
1733 737 2077 795 memoriam

425 833 754 908 dereliquit.
783 831 1060 890 Flebilem
1082 831 1212 886 ideo
1247 831 1512 897 dixerim,
1532 829 1689 902 quod
1719 829 1848 900 ejus
1877 825 2078 900 quoti-

425 925 519 982 die
541 927 990 980 monumentum
1021 939 1137 994 prze
1169 919 1353 976 oculis
1384 919 1690 986 haberent,
1717 915 2079 990 eujus‘vene-

427 1014 641 1074 randos
690 1015 966 1084 aspectus
1013 1011 1208 1066 videre
1255 1027 1369 1064 non
1417 1012 1678 1081 possent.
1726 1005 2074 1072 Amabilem,

427 1106 732 1175 propterea
763 1100 918 1172 quod
950 1098 1086 1155 licet
1126 1099 1253 1169 ejus
1298 1097 1512 1152 visibili
1565 1097 1872 1168 praesentia
1919 1111 2076 1150 care-

426 1189 937 1258 rent,invisibilem
951 1192 1145 1243 tamen
1159 1187 1636 1258 etincorporeum
1651 1187 1778 1257 ejus
1801 1183 2075 1256 spiritum

425 1279 486 1334 in
515 1277 732 1334 caelesti
759 1278 880 1354 fide
911 1277 1183 1350 gaudere,
1228 1278 1283 1328 et
1315 1291 1416 1346 pro
1449 1274 1533 1329 eis
1564 1275 1717 1348 apud
1752 1273 1936 1328 Deum
1968 1270 2075 1326 mi-

423 1366 800 1422 sericordiam
833 1363 1061 1420 enixius
1087 1379 1252 1418 orare
1281 1363 1566 1418 sciebant.

867 1455 1067 1508 Eventu
1092 1459 1213 1524 post
1237 1453 1358 1522 ejus
1383 1458 1628 1506 mortem.

494 1545 583 1600 46.
617 1543 753 1600 Post
783 1543 956 1615 cujus
985 1544 1254 1610 mortem,
1291 1541 1340 1596 si
1391 1557 1547 1596 mors
1599 1539 1844 1595 dicenda
1872 1543 1962 1595 est
1981 1536 2076 1594 cui

419 1633 538 1691 vita
582 1637 797 1688 aeterna
847 1631 1150 1696 successit,
1193 1630 1276 1686 ita
1321 1647 1524 1686 omnes
1573 1646 1668 1686 res
1713 1629 2075 1685 contrarium

419 1727 649 1782 motum
681 1737 1010 1794 sumpsere,
1043 1725 1107 1776 ut
1137 1717 1427 1775 Dunstani
1477 1723 1725 1776 mortem
1757 1716 1954 1774 omnia
1984 1716 2077 1772 de-

421 1812 578 1882 ﬂere,
613 1827 720 1866 nec
739 1811 870 1883 ejus
891 1808 1219 1866 absentiam
1243 1825 1304 1864 se
1337 1808 1483 1863 ferre
1511 1797 1685 1879 posse
1715 1805 2074 1862 viderentur.

417 1903 464 1958 Α
494 1917 731 1958 summa
773 1898 991 1972 quippe
1036 1914 1177 1970 pace
1225 1897 1290 1952 fit
1334 1895 1714 1952 commutatio
1747 1895 1818 1951 ad
1851 1893 2069 1950 bellum

420 1987 806 2056 intolerabile,
841 1989 914 2043 ab
945 1987 1238 2041 immensa
1283 1983 1483 2040 latitia
1529 1985 1602 2040 ad
1647 1999 1945 2040 enormem
1978 1981 2074 2038 tri-

421 2077 664 2146 stitiam,
683 2076 755 2132 ab
787 2075 1054 2130 omnium
1082 2089 1280 2129 rerum
1311 2073 1673 2128 abundantia
1701 2073 1773 2128 ad
1805 2069 2070 2128 omnium

421 2182 616 2228 rerum
639 2162 1310 2238 indigentiam.Denique
1331 2179 1430 2218 aer
1449 2161 1574 2234 ipse
1598 2161 1945 2217 immutatus
1959 2165 2068 2229 est,

421 2253 718 2320 naturales
731 2258 1073 2331 temporum
1096 2250 1534 2307 vicissitudines
1548 2250 1912 2306 dissidebant
1932 2248 2071 2304 invi-

420 2331 547 2405 eem
573 2363 586 2412 ;
610 2341 822 2398 coelum
857 2359 972 2397 non
1003 2339 1297 2397 exaudivit
1342 2339 1633 2410 tellurem,
1668 2357 1773 2396 nec
1801 2338 1974 2396 tellus
2001 2355 2070 2395 ea

410 2425 547 2508 quae
579 2431 1042 2498 seminabantur,
1075 2429 1137 2485 in
1172 2446 1240 2485 ea
1269 2429 1500 2485 hostilis
1547 2429 1805 2486 incursio
1855 2430 2067 2486 foedam

418 2522 636 2596 ubique
684 2519 891 2578 faciem
943 2518 1271 2590 dereliquit,
1307 2517 1471 2574 dum
1499 2534 1702 2574 eorum
1746 2519 2068 2592 irruptione

418 2610 594 2667 urbes
634 2609 1029 2674 diruerentur,
1061 2605 1315 2663 ecclesia:
1363 2605 1776 2679 spoliarentur,
1810 2607 2067 2664 suffode-

414 2703 618 2754 rentur
645 2695 937 2763 altaria,et
958 2695 1289 2751 sacerdotes
1317 2695 1549 2750 Domini
1580 2695 2064 2752 interﬁcerentur.

413 2784 496 2843 Ex
517 2786 732 2860 quibus
761 2785 850 2840 vir
877 2785 1162 2840 virtutum
1191 2783 1448 2857 Elfegus,
1471 2784 1572 2856 qui
1603 2788 1850 2857 quartus
1879 2788 2004 2840 erat
2033 2800 2068 2839 a

409 2867 630 2950 magno
646 2875 948 2930 Dunstano
965 2872 1410 2929 Cantuariorum
1430 2872 2067 2946 archiepiscopus,cum

415 2964 664 3022 multam
684 2963 944 3020 hostium
969 2961 1407 3018 multitudinem
1430 2963 1502 3018 ad
1525 2962 1918 3020 Christianam
1941 2961 2070 3018 reli-

415 3053 650 3128 gionem
699 3049 1098 3118 convertisset,
1140 3055 1196 3106 et
1244 3068 1342 3106 eos
1389 3067 1538 3124 quos
1586 3052 1659 3106 ab
1708 3049 2070 3107 inﬁdelitatis

415 3157 612 3196 errore
633 3141 965 3193 convertere
993 3153 1105 3192 non
1130 3143 1350 3210 posset,
1379 3139 1719 3210 quotidiana
1747 3138 2069 3195 invectione

2187 575 2324 614 cum
2355 558 2655 630 triumpho
2697 557 2906 614 direxit
2934 559 3007 614 ad
3038 557 3268 614 cmlum.
3303 557 3399 614 Sic
3431 573 3573 631 ergo
3600 557 3849 632 impleta

2187 649 2327 702 sunt
2351 663 2479 720 quae
2508 645 2597 702 vel
2625 647 2696 703 de
2735 663 2932 702 rerum
2992 645 3372 720 prosperitate
3429 643 3632 720 angeli
3685 647 3848 704 Duu-

2187 737 2376 804 stane,
2404 735 2492 790 vel
2535 736 2606 792 de
2653 735 3004 792 adversitate
3059 751 3260 792 earum
3319 735 3674 792 Dunstanus
3724 736 3849 812 regi

2185 823 2494 881 Athelredo
2554 825 2964 897 prazdixerunt,
3000 826 3100 882 sed
3149 825 3209 880 in
3256 825 3349 880 bis
3399 828 3525 881 tam
3566 825 3848 898 gravibus

2187 913 2608 969 tumultuantis
2635 913 2836 986 populi
2881 913 3172 986 angustiis
3203 930 3318 970 non
3350 913 3545 970 defuit
3576 929 3847 987 superna

2187 1002 2482 1058 miseratio
2525 1002 2774 1074 pietatis,
2811 1019 2937 1074 quae
2999 1005 3162 1057 tanta
3211 1001 3584 1058 coruscantis
3644 1001 3848 1075 gratiis

2187 1090 2452 1164 prodigia
2486 1092 2555 1146 ad
2592 1093 2934 1148 memoriam
2971 1091 3130 1147 illius
3158 1091 3434 1161 ostendit,
3471 1094 3538 1148 ut
3566 1095 3626 1146 et
3646 1108 3843 1164 repro-

2187 1179 2278 1235 bis
2310 1180 2534 1248 terrori,
2570 1185 2624 1236 et
2670 1180 2905 1237 afﬂictis
2955 1184 3154 1236 essent
3201 1178 3608 1236 consolationi.
3643 1181 3847 1253 Neque

2186 1268 2342 1324 enim
2398 1269 2566 1325 aliter
2619 1269 2870 1326 cmlestis
2916 1270 3046 1340 ejus
3103 1268 3344 1342 spiritus
3397 1273 3676 1342 operatus
3727 1274 3846 1344 est,

2186 1373 2364 1429 quam
2397 1358 2445 1412 si
2477 1357 2534 1412 in
2561 1363 2777 1413 terram
2798 1357 3049 1412 redivivo
3070 1373 3308 1428 corpore
3330 1371 3438 1410 suo
3461 1356 3722 1428 quotidie
3751 1374 3850 1413 vc-

2189 1447 2357 1502 niret.
2391 1446 2606 1502 Verum
2639 1463 2745 1502 nos
2778 1464 2894 1502 non
2926 1445 3125 1501 omnia
3154 1463 3279 1518 quae
3309 1446 3380 1501 de
3410 1445 3512 1500 illo
3543 1450 3684 1502 sunt
3713 1463 3850 1519 pro-

2185 1539 2312 1608 pter
2341 1535 2690 1590 infinitatem
2721 1533 2912 1590 dicere
2937 1535 3296 1608 poterimus;
3331 1550 3437 1590 nec
3467 1533 3542 1590 ab
3561 1535 3847 1592 omnibus

2185 1624 2600 1680 abstinendum
2665 1629 2966 1697 putamus,
3017 1640 3090 1679 ne
3139 1623 3300 1680 nulla
3346 1639 3477 1680 esse
3531 1623 3847 1680 videantur

2186 1730 2311 1784 qua:
2333 1711 2622 1769 dicamus.
2658 1714 2728 1768 Et
2745 1713 3014 1785 quaadam
3032 1712 3270 1784 quidem
3289 1711 3362 1768 de
3390 1709 3560 1768 libris
3589 1711 3846 1770 miracu-

2188 1801 2378 1858 lorum
2411 1803 2540 1874 ejus
2570 1803 2670 1875 qui
2719 1819 2874 1858 nunc
2927 1800 3170 1857 minime
3207 1803 3529 1874 supersunt
3556 1802 3844 1875 excerpsi-

2183 1909 2316 1947 mus
2341 1910 2354 1960 ;
2381 1893 2650 1964 quaedam
2676 1908 2808 1948 vero
2841 1895 3042 1947 nostra
3071 1893 3258 1958 mtate,
3297 1893 3401 1946 aut
3423 1889 3484 1945 in
3513 1888 3661 1946 alios
3685 1890 3842 1950 facta.

2181 1981 2456 2048 vidimus,
2479 1985 2580 2036 aut
2601 1981 2660 2036 in
2683 1997 2791 2036 nos
2811 1983 3037 2052 patrata
3067 1977 3180 2052 ipsi
3208 1977 3430 2051 experti
3459 1994 3688 2036 sumus.
3720 1979 3836 2036 Sed

2181 2069 2277 2125 hic
2297 2069 2476 2126 libelli
2507 2069 2687 2141 hujus
2719 2069 2783 2124 {it
2804 2069 3031 2148 linis,ut
3060 2068 3213 2140 quod
3246 2066 3611 2124 intendimus
3630 2067 3704 2124 ab
3720 2067 3836 2127 alio

2181 2158 2467 2231 principio
2492 2157 2648 2213 sumi
2679 2157 2886 2230 possit.

2179 2247 2386 2304 Justus
2417 2247 2614 2315 homo,
2648 2247 2844 2302 nudus
2871 2245 3033 2317 vitio,
3067 2245 3235 2302 sedes
3267 2245 3432 2302 subit
3461 2244 3671 2313 almus,

2251 2337 2331 2392 Ex
2362 2335 2578 2408 quibus
2609 2335 2912 2409 eXpulsam
2944 2351 3007 2391 se
3037 2333 3193 2390 dolet
3222 2339 3354 2390 atra
3382 2333 3612 2390 cohors.

2181 2425 2292 2482 Iste
2321 2424 2522 2498 polum
2547 2424 2710 2496 petit,
2745 2422 2844 2478 illa
2876 2439 3081 2496 rogum
3112 2422 3299 2496 stygis
3329 2423 3514 2479 ardua
3543 2421 3724 2478 moles

2251 2513 2494 2582 Deserit,
2529 2518 2703 2586 atque
2732 2511 2874 2569 levis
2905 2511 3078 2585 gleba
3107 2517 3312 2568 natare
3341 2511 3507 2568 solet.

2178 2604 2404 2660 Mansio
2436 2603 2687 2670 diversa,
2719 2602 3063 2674 diversaque
3089 2601 3349 2674 praemia,
3380 2606 3666 2674 quantum

2247 2693 2423 2750 Ortus
2455 2691 2663 2748 solaris
2693 2691 2872 2748 distat
2899 2691 2970 2747 ab
3004 2691 3286 2748 occiduis.

2178 2783 2430 2854 Imperat
2447 2781 2587 2838 huic
2616 2784 2818 2854 Agnus
2848 2780 3248 2838 circumdatus
3277 2781 3512 2855 agmine
3539 2781 3668 2839 laeto
3697 2797 3712 2837 :

2249 2869 2336 2928 Illi
2365 2887 2500 2926 cum
2531 2887 2710 2942 prava
2739 2869 2903 2942 pluto
2929 2869 3164 2926 cohorte
3194 2875 3402 2944 praest

2177 2961 2377 3017 Uritur
2405 2958 2506 3014 illa
2535 2959 2692 3032 gelu,
2725 2958 2874 3026 nive,
2901 2958 3186 3031 grandine
3214 2958 3538 3032 perpetuali
3569 2976 3584 3014 :

2247 3049 2470 3105 Vernos
2501 3048 2616 3104 ista
2647 3047 2771 3102 dies
2803 3046 3032 3102 mansio
3063 3063 3294 3120 semper
3322 3047 3516 3104 habet.
3601 3054 3619 3067 ‘

2179 3139 2308 3196 Haec
2337 3153 2620 3210 generosa
2649 3136 2796 3191 duce
2817 3135 3083 3207 jucunde
3109 3135 3233 3192 cive
3262 3135 3492 3203 decora,

416 3226 1087 3300 reprehenderet,tentus
1117 3225 1188 3282 ab
1220 3225 1602 3298 eisdem,post
1628 3226 1884 3284 dirutam
1907 3227 2064 3284 illius
2096 3211 2139 3280 Β
2247 3227 2516 3284 Carmine
2545 3224 2770 3291 festiva,
2800 3240 2942 3296 pace
2971 3224 3172 3296 quieta
3191 3225 3344 3297 jugi.

413 3309 648 3383 urbem,
681 3318 810 3386 post
857 3317 1160 3368 cruentam
1201 3312 1529 3369 innocentis
1575 3314 1777 3388 populi
1825 3317 2066 3383 caudam,

413 3409 551 3482 post
583 3401 784 3476 templi
815 3401 966 3458 sacri
1015 3401 1493 3474 exspeliatienem
1533 3402 1708 3460 simul
1739 3408 1797 3459 et
1827 3405 2066 3460 combu-

413 3492 688 3560 stionem,
711 3491 946 3546 vinetus
975 3490 1266 3546 adductus
1296 3495 1404 3559 est,
1429 3495 1486 3546 et
1515 3508 1618 3564 per
1647 3496 1868 3564 septem
1899 3511 2067 3550 men-

415 3598 513 3640 ses
529 3581 708 3640 variis
741 3583 1164 3636 tormentorum
1191 3579 1554 3636 cruciatibus
1581 3586 1844 3651 vexatus,
1864 3587 2072 3656 etpost

2176 3318 2265 3372 Tu
2294 3316 2621 3371 venerande
2652 3313 2764 3386 piis
2794 3313 3030 3382 mistus,
3065 3312 3392 3385 Dunstane,
3424 3312 3685 3380 catervis,

2245 3405 2488 3461 Exerces
2518 3403 2734 3458 hilares
2763 3401 2873 3456 hac
2905 3401 3140 3473 regione
3163 3401 3352 3472 jocos.

2177 3493 2392 3561 Quanti
2423 3491 2505 3549 sis
2537 3491 2750 3559 meriti,
2785 3489 2949 3564 plebs
2983 3489 3204 3546 indicat
3233 3488 3659 3557 astricolarum,

2249 3585 2383 3650 Quae
2417 3580 2703 3638 famulata
2732 3583 2894 3634 tuam
2928 3579 3082 3635 vexit
3107 3579 3178 3635 ad
3212 3583 3370 3636 astra
3401 3579 3680 3636 animam.

837 3928 1314 4043 lNClPlT
1382 3931 1757 4043 LIBER
1831 3930 2765 4046 MIBACULORUM
2842 3927 3410 4048 EJUSDEM

1567 4130 1826 4192 Auctore
1854 4130 2052 4194 eodem
2085 4130 2341 4194 Osberno
2372 4127 2678 4190 monacho.

750 4286 948 4342 Auctor
972 4285 1135 4358 ﬁdem
1161 4303 1195 4342 α
1226 4287 1510 4344 lectoribus
1539 4291 1727 4362 exigit.

489 4375 539 4430 1.
574 4373 840 4430 Diximus
874 4375 932 4428 in
957 4375 1243 4448 superiori
1264 4374 1704 4450 libello,quibus
1723 4379 2069 4450 parentibus

413 4461 761 4519 venerabilis
784 4465 948 4536 pater
968 4463 1311 4520 Dunstanus
1333 4470 1496 4522 ortus
1517 4465 2066 4540 claruerit,querum

415 4569 618 4624 regum
655 4556 916 4624 tempora
949 4551 1361 4621 nobilitaverit,
1384 4573 1530 4628 quos
1562 4573 1870 4628 processus
1894 4557 2069 4612 virtu—

411 4645 541 4696 tum
571 4640 864 4709 habuerit,
889 4646 945 4696 et
975 4643 1473 4714 quemadmodum
1508 4645 1579 4700 ad
1612 4644 1868 4701 ccelestia
1890 4662 2068 4718 regna

413 4729 706 4802 gloriosus
723 4729 1076 4802 migraverit.
1101 4732 1268 4786 Nunc
1286 4735 1482 4788 autem
1510 4734 1875 4805 propositum
1897 4733 2068 4791 habe-

413 4835 550 4874 mus
579 4835 649 4874 ea
678 4836 938 4885 narrare,
963 4837 1090 4891 qua:
1120 4824 1251 4892 post
1281 4820 1703 4894 depositionem
1748 4822 2067 4894 corporalis

415 4908 657 4964 sarcina:
681 4907 813 4964 felix
837 4907 1082 4980 spiritus
1103 4910 1153 4980 ej
1163 4921 1232 4964 ns
1247 4909 1303 4963 in
1318 4908 1427 4965 hoc
1448 4909 1659 4964 smculo
1681 4909 1957 4984 dignatus
1977 4917 2066 4968 est

411 4995 734 5068 operari,ut
758 5013 961 5052 omnes
993 4997 1176 5052 futuri
1206 4997 1490 5068 temporis
1510 4996 1842 5070 Angligena:
1864 4999 2064 5072 pepuli

413 5089 752 5158 agnoscant,
786 5084 926 5157 quid
963 5086 1107 5140 tanti
1143 5084 1396 5142 nominis
1426 5084 1547 5141 viro
1568 5084 1806 5142 honoris
1829 5103 1896 5143 ac
1916 5105 2068 5144 reve-

413 5173 610 5229 rentiae
641 5174 910 5230 debeant.
943 5174 1159 5230 Verum
1211 5175 1490 5247 quoniam
1529 5191 1733 5230 eorum
1764 5193 1892 5248 qua:
1920 5177 2062 5233 seri-

411 5261 604 5321 benda
623 5268 784 5329 sunt,
793 5263 1068 5336 pleraque
1090 5282 1157 5320 ac
1179 5265 1295 5319 fere
1325 5263 1524 5320 omnia
1550 5263 1766 5320 nostris
1793 5265 2068 5339 tempori-

411 5349 524 5418 bus
577 5351 731 5407 facta
779 5353 1198 5424 cognovimus;
1232 5369 1418 5424 pauca
1466 5369 1600 5408 vero
1649 5351 1779 5409 aliis
1825 5355 2062 5425 quidem

409 5439 776 5512 tamporibus
808 5441 1088 5510 facta,sed
1104 5440 1274 5496 nobis
1295 5441 1602 5498 verissima
1621 5441 2062 5500 verissimerum

408 5527 668 5584 virorum
700 5528 980 5585 relatione
1008 5529 1272 5601 exposita
1301 5529 1635 5602 accepimus
1660 5547 1672 5585 :
1701 5531 1810 5588 hac
1842 5533 2064 5588 ratione

412 5631 618 5678 omnes
647 5615 748 5694 qui
777 5616 898 5674 base
929 5616 1332 5695 dignabuntur
1356 5615 1566 5693 legere,
1601 5619 1672 5676 ad
1706 5621 2063 5680 credendum

2102 4293 2148 4359 D
2181 4291 2592 4358 invitamus,ut
2613 4285 2787 4344 sicuti
2819 4286 2930 4342 sibi
2962 4287 3118 4343 credi
3151 4285 3362 4353 volent,
3383 4286 3430 4342 si
3464 4284 3610 4344 forte
3628 4285 3824 4358 aliqua

2176 4379 2302 4436 suis
2330 4376 2694 4450 temporibus
2725 4377 2876 4432 facta
2920 4376 3176 4432 scribere
3204 4374 3512 4444 voluerint,
3545 4373 3631 4432 ita
3659 4375 3822 4431 nobis

2175 4468 2436 4533 credant,
2465 4482 2600 4522 cum
2631 4463 2924 4521 audierint
2951 4481 3020 4520 ea
3051 4463 3297 4534 narrari,
3330 4480 3458 4536 qum
3479 4480 3514 4520 a
3532 4463 3702 4520 nobis
3730 4479 3823 4535 po-

2175 4560 2338 4612 tuere
2367 4555 2568 4612 videri.
2603 4556 2786 4620 Quam
2827 4553 2983 4608 enim
3015 4553 3086 4610 de
3117 4569 3179 4609 se
3211 4552 3332 4610 veri
3377 4551 3824 4610 aestimationem

2175 4662 2210 4700 a
2229 4643 2613 4717 sequentibus
2647 4641 2849 4698 haberi
2877 4640 3076 4710 velint,
3111 4658 3242 4698 eam
3271 4645 3422 4698 recte
3449 4639 3824 4714 prmeedenti-

2176 4733 2287 4789 bus
2319 4731 2631 4790 concedere
2661 4730 3071 4797 debent.Quod
3095 4730 3144 4786 si
3175 4729 3339 4787 nulla
3366 4743 3494 4804 qua:
3525 4728 3702 4786 scribi
3733 4729 3827 4785 de-

2175 4823 2368 4889 beant,
2404 4821 2529 4876 suis
2559 4820 2923 4892 tomporibns
2973 4819 3102 4876 ﬁeri
3152 4819 3514 4892 contingant,
3547 4833 3665 4875 non
3696 4817 3824 4873 ideo

2176 4928 2292 4966 non
2322 4908 2521 4966 statim
2559 4907 2831 4964 falsitatis
2862 4911 3130 4982 arguant,
3161 4907 3334 4980 quasi
3365 4907 3521 4979 quod
3543 4906 3656 4963 alio
3685 4910 3827 4962 tem-

2174 5017 2312 5072 pore
2341 4997 2568 5054 occulta
2599 4997 2696 5052 Dei
2731 4997 3098 5069 providentia
3126 5015 3241 5054 non
3274 4997 3360 5064 ﬁt,
3395 4995 3510 5052 alio
3562 5001 3824 5068 tempore

2175 5105 2278 5160 pro
2299 5086 2657 5160 corrigendis
2679 5086 2766 5142 vel
2799 5086 3182 5160 corripiendis
3205 5085 3546 5143 hominibus
3565 5086 3691 5143 ﬁeri
3706 5102 3823 5142 non

2174 5175 2517 5249 possil,cum
2541 5192 2773 5247 semper
2793 5175 3292 5249 opportunitatem
3310 5192 3506 5232 rerum
3528 5179 3588 5232 et
3607 5180 3828 5248 tempo-

2175 5283 2306 5320 rum
2330 5264 2522 5337 exigat
2551 5265 2740 5338 gratia
2773 5265 3214 5322 miraculorum.
3237 5265 3392 5320 Num
3423 5265 3582 5322 enim
3609 5263 3824 5320 idcirco

2174 5354 2372 5408 minus
2405 5353 2761 5408 credendum
2793 5359 2884 5409 est
2924 5353 3250 5426 principem
3302 5352 3702 5427 apostolorum
3731 5353 3827 5408 Po-

2171 5446 2329 5498 trum
2349 5442 2418 5498 ad
2441 5446 2670 5514 portam
2693 5441 2896 5513 templi
2917 5442 3246 5514 speciosam
3265 5441 3544 5498 claudum
3561 5459 3822 5510 sanasse,

2173 5532 2327 5604 quod
2361 5530 2578 5586 nostris
2609 5530 2975 5604 temporibus
3005 5530 3163 5588 istud
3195 5549 3313 5588 non
3335 5532 3557 5604 fecerit,
3572 5536 3676 5590 aut
3694 5531 3826 5589 ideo

2172 5621 2380 5680 beatus
2410 5617 2764 5696 evangelista
2810 5619 3067 5680 Joannes
3114 5639 3406 5684 venenum
3430 5623 3561 5687 sine
3589 5621 3828 5683 lesione
