4056 6178
330 321 447 378 459

1323 324 1388 384 S.
1433 315 1894 384 DUNSTANUS
1935 314 2301 383 ARCHIE'P.
2348 316 2742 381 CANTUAR.

3609 317 3729 380 460

327 453 510 518 Quem
531 467 709 528 super
728 451 920 527 capita
939 451 1174 510 illorum
1196 453 1410 512 celsius
1431 455 1718 512 elevatum
1742 453 1834 511 his
1851 469 1974 526 pre-
2000 456 2058 525 Α
2087 453 2147 509 in
2166 457 2426 510 extrema
2444 455 2612 509 estate
2629 450 2829 508 lumen
2849 449 3152 509 oculorum
3171 450 3477 524 reciperet.
3501 451 3732 509 Vacans

325 540 494 598 cibus
527 541 667 598 ﬂetu
697 542 996 614 permistis
1021 547 1225 600 sancto
1254 543 1612 608 obtulerunt.
1646 543 1691 600 Ο
1721 542 1972 612 Christe,

323 629 622 703 inquiunt,
655 631 818 688 salus
867 637 926 688 et
973 637 1199 688 creator
1243 631 1530 702 omnium,
1565 633 1665 705 qui
1704 631 1972 689 homines

323 719 433 776 hac
463 720 641 776 etiam
671 721 732 776 in
762 725 928 794 parte
956 721 1178 778 caeteris
1235 721 1640 778 animantibus
1694 721 1974 778 excellere

324 807 581 878 voluisti,
617 809 770 882 quod
801 809 961 884 loqui
993 811 1243 885 possint,
1276 815 1334 868 et
1378 814 1567 868 erecto
1599 811 1786 884 capite
1816 810 1970 867 ince-

328 899 482 967 dere,
515 899 769 956 reforma
795 900 858 956 in
887 900 1000 958 hoc
1047 899 1418 968 filioanostro
1460 901 1550 957 vel
1575 900 1732 974 quod
1761 904 1975 958 natura

325 987 708 1046 informatum
728 989 1080 1062 reliquit,ve1
1101 991 1257 1062 quod
1277 990 1593 1046 formatum
1617 989 1857 1046 inimica
1885 1007 1974 1046 sa-

324 1076 435 1134 luti
467 1078 748 1151 agritudo
781 1077 1062 1152 corrupit.
1094 1078 1289 1136 Solius
1336 1079 1494 1135 enim
1541 1080 1628 1136 tui
1677 1083 1767 1136 est
1804 1096 1873 1135 ex
1904 1095 1970 1136 eo

328 1167 484 1238 quod
519 1183 636 1224 non
658 1172 748 1224 est
769 1167 828 1224 in
850 1168 909 1224 id
935 1169 1092 1241 quod
1125 1173 1214 1225 est
1243 1169 1576 1242 perducere,
1613 1171 1670 1226 et
1699 1170 1854 1242 quod
1885 1173 1974 1226 est

329 1255 390 1312 in
412 1273 816 1330 quascumque
834 1257 1084 1314 volueris
1106 1257 1326 1314 formas
1347 1259 1818 1314 mutare.Exaudi
1835 1275 1972 1332 ergo

325 1363 526 1418 preces
540 1345 999 1419 supplicantium
1018 1350 1256 1419 propter
1275 1349 1733 1421 temetipsum,et
1742 1352 1976 1420 propter

329 1435 698 1490 Dunstanum
731 1435 1010 1491 dilectum
1041 1439 1236 1492 tuum.
1273 1437 1436 1492 Tunc
1465 1438 1761 1493 demissus
1782 1455 1850 1493 ex
1873 1437 1978 1492 hu-

330 1524 508 1580 meris
531 1524 622 1597 baj
632 1524 922 1580 ulantium
946 1541 1008 1582 se
1027 1528 1299 1598 aegrotus,
1314 1529 1380 1582 ut
1395 1527 1467 1582 ad
1488 1527 1830 1583 memoriam
1849 1544 1978 1582 san-

331 1613 408 1668 cti
437 1613 665 1668 vicinus
697 1613 975 1686 applicari
1017 1614 1272 1686 deberet,
1296 1631 1430 1671 mox
1461 1619 1526 1671 ut
1553 1616 1822 1672 tumbam
1853 1615 1979 1672 teti-

326 1701 434 1777 git,
465 1702 527 1758 in
557 1703 806 1776 pedibus
853 1703 978 1759 suis
1018 1703 1301 1774 constitit,
1337 1709 1512 1776 caput
1553 1721 1687 1761 cum
1719 1703 1977 1778 scapulis

326 1809 565 1850 sursum
585 1791 851 1862 erexit,et
879 1791 1136 1849 resoluta
1165 1792 1368 1866 lingua
1398 1811 1524 1866 quae
1557 1810 1860 1868 nunquam
1881 1811 1980 1850 an-

323 1885 418 1944 tea
455 1882 644 1940 fuerat
691 1881 904 1954 locuta,
938 1881 1166 1940 excelsa
1193 1899 1330 1940 voce
1361 1882 1613 1941 clamare
1644 1884 1818 1957 coepit
1847 1883 1968 1942 Glo-

321 1971 411 2028 ria
437 1974 498 2028 in
527 1972 754 2030 excelsis
792 1973 918 2041 Deo,
950 1972 1199 2031 alleluia.
1231 1973 1441 2046 Sicque
1491 1973 1880 2047 perseveravit
1909 1973 1968 2029 in

323 2061 656 2136 integritate
685 2067 969 2136 susceptae
1008 2061 1342 2132 locutionis,
1377 2066 1444 2120 ut
1471 2079 1657 2137 usque
1688 2063 1761 2120 ad
1791 2062 1968 2119 finem

320 2149 448 2208 vitae
469 2167 586 2208 non
608 2149 800 2208 solum
823 2151 1322 2226 expedite,verum
1339 2153 1516 2210 etiam
1537 2151 1752 2208 diserte
1773 2151 1972 2209 omnia

321 2239 675 2314 loqueretur.

729 2349 878 2407 Caeca
905 2357 1034 2408 nata
1073 2350 1282 2408 lumine
1309 2349 1562 2408 donatur.

393 2449 446 2508 6.
477 2442 837 2522 Paupe'rcula
865 2447 1041 2505 etiam
1071 2465 1206 2508 cum
1237 2452 1442 2523 cetera
1472 2446 1848 2506 multitudine
1869 2445 1970 2503 ad-

323 2537 480 2596 venit
489 2537 683 2595 ferens
695 2537 755 2594 in
766 2535 924 2594 ulnis
937 2537 1225 2596 triennem
1239 2541 1436 2596 natam
1451 2554 1522 2595 ex
1540 2540 1702 2594 utero
1725 2552 1832 2594 suo
1844 2535 1972 2592 sine

324 2627 550 2684 lumine
579 2631 801 2684 natam.
833 2627 968 2694 Quae
999 2643 1134 2683 cum
1167 2643 1270 2700 per
1299 2625 1524 2700 aliquot
1565 2627 1690 2683 dies
1719 2622 1970 2683 orationi

321 2734 428 2790 pro
453 2716 642 2774 salute
663 2715 796 2772 ﬁliae
817 2731 937 2772 suae
965 2715 1222 2773 sollicita
1247 2715 1634 2786 incubuisset,
1667 2729 1772 2770 nec
1791 2729 1970 2770 exau-

322 2807 505 2862 ditam
527 2823 590 2864 se
609 2805 981 2879 aliquatenus
1001 2805 1265 2876 sentiret,
1296 2805 1606 2878 deprecata
1624 2807 1714 2860 est
1734 2819 1968 2860 omnem

321 2896 544 2952 clerum
583 2895 798 2952 auxilio
847 2895 960 2951 sibi
1005 2895 1160 2967 apud
1191 2894 1292 2951 Dei
1325 2899 1597 2950 sanctum
1628 2893 1768 2962 fore,
1795 2893 1972 2948 confi-

319 2987 466 3042 dens
494 3003 594 3042 eos
636 2989 800 3040 tanto
851 2985 1026 3041 citius
1065 2985 1482 3056 impetraturos
1529 2983 1685 3054 quod
1733 2979 1966 3052 vellent,

319 3077 538 3147 quanto
568 3073 622 3128 ei
651 3091 765 3144 pra:
786 3073 1018 3129 caeteris
1039 3073 1380 3128 hominibus
1409 3071 1760 3128 familiarius
1789 3071 1968 3128 servi-

320 3167 468 3217 rent.
489 3161 694 3216 Aii'ecti
727 3162 923 3234 itaque
953 3161 1170 3233 pietate
1201 3160 1472 3216 monachi
1500 3161 1610 3232 (61)
1632 3177 1736 3232 pro
1769 3160 1966 3224 dolore

317 3249 526 3308 matris
545 3255 604 3306 et
635 3249 913 3323 languore
940 3249 1166 3322 puellae,
1199 3254 1498 3322 coeperunt
1537 3249 1970 3306 instantissime

318 3355 488 3412 prece
517 3343 788 3396 sanctum
819 3339 1224 3412 deposcewmt
1243 3356 1444 3400 earum
1477 3338 1778 3395 afﬂictioni
1798 3338 1970 3396 solita
2009 3349 2016 3358 '

319 3427 581 3485 bonitate
627 3429 972 3502 dignaretur
1017 3429 1344 3485 subvenire.
1379 3427 1617 3484 Decima
1645 3433 1841 3484 autem
1875 3428 1968 3484 die

291 3533 296 3538 ‘
321 3519 463 3574 dum
479 3518 628 3574 forte
647 3522 910 3576 materno
933 3518 1154 3592 gremio
1177 3517 1968 3591 puellaincumberet,subito

323 3607 542 3681 apertis
569 3605 758 3664 oculis
786 3607 938 3666 clare
966 3608 1166 3664 omnia
1193 3607 1447 3678 videbat,
1495 3611 1554 3664 et
1599 3623 1716 3680 prae
1752 3606 1968 3680 gaudio

321 3696 594 3762 exsiliens
626 3696 887 3754 dicebat:
917 3697 1104 3755 Mater
1129 3694 1232 3768 mi,
1248 3713 1376 3771 qua
1403 3700 1544 3754 sunt
1574 3697 1696 3754 haec
1723 3696 1970 3770 pulchra

323 3803 448 3860 quas
476 3785 642 3844 video
662 3785 692 3844 ?
719 3786 824 3844 Cui
853 3785 956 3844 illa
988 3803 1002 3844 :
1035 3785 1306 3856 Videsne,
1358 3786 1574 3860 inquit,
1615 3785 1696 3842 mi
1745 3785 1970 3843 chara?

319 3877 455 3944 Quae
479 3875 654 3934 dixit:
669 3874 920 3934 Pulcher
935 3876 1112 3934 homo
1133 3875 1234 3933 ille
1247 3875 1434 3950 jussit
1453 3891 1546 3932 me
1566 3873 1689 3931 haec
1719 3873 1968 3948 pulchra

315 3965 528 4024 videre.
559 3965 893 4024 Clamatum
923 3969 1014 4024 est
1059 3965 1259 4040 itaque
1305 3981 1408 4039 per
1443 3968 1630 4022 totam
1658 3963 1966 4021 ecclesiam

312 4053 569 4126 puellam
587 4073 622 4112 a
638 4055 942 4112 nativitate
973 4071 1185 4112 czecam
1205 4071 1241 4112 a
1269 4070 1484 4128 magno
1515 4052 1790 4126 pontifice
1812 4051 1966 4109 Dun-

313 4145 483 4198 stano
508 4141 926 4200 illuminatam.
953 4143 1044 4200 Fit
1071 4159 1396 4200 concursus
1425 4141 1690 4200 omnium
1714 4145 1964 4198 matrem

311 4245 447 4286 cum
477 4228 600 4286 ﬁlia
630 4231 1112 4304 constipantium.
1145 4231 1258 4291 Sed
1307 4247 1444 4288 cum
1494 4230 1678 4303 aliqui
1707 4246 1776 4287 ex
1810 4229 1964 4287 clero

309 4319 543 4377 credere
573 4335 688 4376 non
719 4323 980 4392 possent,
1013 4321 1169 4393 quod
1219 4321 1556 4394 patentibus
1607 4318 1792 4377 oculis
1826 4335 1962 4376 acu-

311 4423 447 4464 men
476 4408 720 4466 visionis
751 4409 988 4482 inesset,
1018 4407 1280 4468 volentes
1309 4409 1654 4482 indagandae
1702 4407 1963 4465 veritatis

310 4497 550 4570 signum
593 4497 808 4570 videre,
835 4499 1064 4570 jactant
1108 4515 1302 4573 poma,
1335 4499 1488 4556 sicut
1537 4499 1734 4572 pueris
1779 4495 1963 4556 alludi

2079 557 2215 616 ergo
2237 541 2506 610 orationi,
2527 556 2632 596 nec
2661 539 2783 596 ulla
2812 538 3025 596 salutis
3054 539 3315 596 remedia
3343 555 3732 614 consequens,
3785 531 3804 546 ’

2079 630 2376 704 egreditur
2397 630 2468 686 de
2497 629 2750 698 civitate,
2780 627 2983 686 volens
3013 629 3086 685 ad
3107 627 3302 685 locum
3325 630 3478 686 unde
3497 632 3740 686 venerat

2081 719 2614 791 remeare.Jamque
2644 720 2883 791 pontem
2915 717 3176 774 fluminis
3205 719 3390 774 Sturaa
3419 717 3739 775 ascendere

2081 813 2354 882 coeperat,
2389 824 2522 864 cum
2575 807 2723 864 forte
2769 807 3029 863 ductoris
3075 807 3168 863 sui
3206 806 3421 864 auxilio
3449 807 3741 863 destituta

2082 897 2376 954 clamabat
2400 913 2413 952 :
2448 897 2776 964 Dunstane,
2799 896 3122 965 Dunstane,
3147 912 3254 952 nec
3291 899 3590 970 speratum
3617 911 3654 952 a
3677 899 3742 952 te

2079 985 2282 1042 lumen
2317 983 2566 1054 obtinui,
2589 990 2647 1041 et
2670 986 2972 1043 ductorem
3003 996 3160 1042 nunc
3189 985 3440 1060 perdidi.
3473 983 3743 1042 Mirabile

2081 1075 2328 1142 dictu,et
2351 1073 2644 1130 malefidis
2675 1073 2913 1131 difficile
2945 1074 3193 1143 credita,
3225 1073 3493 1148 protinus
3519 1074 3626 1130 illa
3643 1074 3742 1146 ju-

2079 1180 2255 1222 venes
2277 1181 2382 1238 per
2399 1164 2661 1221 medium
2673 1164 2870 1238 pontis
2883 1163 3042 1238 ligna
3053 1165 3302 1222 ferentes
3323 1163 3746 1221 clarissimevi-a

2082 1253 2552 1327 dit,quibuscum
2577 1253 2636 1310 in
2657 1253 2953 1311 civitatem
2978 1253 3234 1323 rediit,et
3255 1253 3396 1328 quid
3415 1253 3636 1311 factum
3659 1253 3743 1310 sit

2084 1343 2360 1398 omnibus
2387 1341 2684 1399 indicavit.

2437 1442 2910 1498 Excommunicati
2940 1458 3100 1514 pana
3127 1450 3178 1498 et
3203 1443 3374 1498 salua

2154 1539 2208 1592 8.
2241 1537 2391 1604 Quid
2421 1538 2492 1595 de
2523 1538 2816 1597 Clemente
2862 1541 3123 1598 Teutone
3165 1541 3378 1606 dicam.
3411 1539 3507 1598 cui
3544 1541 3741 1616 magis

2087 1629 2289 1700 aptum
2339 1643 2552 1687 nomen
2602 1633 2692 1686 est
2736 1629 2996 1697 demens,
3031 1645 3211 1702 quam
3241 1627 3528 1696 Clemens,
3555 1644 3740 1704 quem

2086 1716 2358 1774 sacerdos
2407 1733 2511 1791 pro
2559 1717 2734 1792 culpa
2778 1717 3095 1792 voluptatis
3145 1723 3204 1775 et
3241 1717 3645 1788 contumaciae,
3673 1719 3740 1780 in

2085 1805 2390 1864 interitum
2438 1807 2632 1864 carnis
2671 1808 2896 1865 Satanae
2927 1807 3268 1878 tradiderat,
3292 1811 3350 1865 et
3375 1807 3460 1866 ita
3485 1807 3740 1866 maledi-

2081 1894 2292 1971 ctionis
2323 1897 2618 1954 sententia
2649 1901 2875 1971 septem
2915 1897 3086 1956 annis
3132 1897 3488 1967 devinxerat,
3519 1903 3584 1957 ut
3611 1915 3733 1956 non

2047 1955 2273 2043 .solum
2303 1985 2363 2042 in
2391 1985 2595 2043 eodem
2626 1955 2752 2044 loco
2774 1989 2904 2046 toto
2936 2004 3176 2060 corpore
3204 1987 3731 2055 tremendo,verum

2078 2073 2254 2131 etiam
2277 2075 2348 2132 de
2371 2073 2496 2133 loco
2519 2077 2591 2133 ad
2615 2074 2810 2133 locum
2835 2075 3173 2134 cursitando
3195 2075 3458 2134 instabili
3485 2076 3736 2133 ferretur

2081 2167 2264 2220 metu.
2301 2164 2363 2221 In
2395 2163 2641 2222 basilica
2666 2180 2802 2222 vero
2845 2164 3168 2223 ‘Salvatoris
3210 2169 3347 2222 ante
3387 2163 3738 2223 memoriam

2080 2253 2282 2328 magni
2311 2255 2601 2312 Dunstani
2621 2259 3028 2329 praesentatus,
3061 2273 3198 2313 cum
3232 2255 3380 2312 forte
3401 2255 3473 2312 ad
3505 2257 3740 2313 noctur-

2083 2359 2188 2400 nas
2219 2342 2447 2418 vigilias
2485 2345 2961 2418 responsorium:
2995 2345 3172 2403 Videte
3197 2345 3550 2414 miraculum,
3583 2343 3740 2402 inci-

2081 2439 2337 2508 peretur,
2371 2433 2591 2494 saltum
2622 2434 2682 2492 in
2713 2433 2970 2492 sublime
3001 2434 3181 2505 dedit,
3205 2433 3566 2492 daemonium
3595 2451 3737 2492 cum

2083 2523 2370 2596 sanguine
2389 2523 2730 2594 evomuit,et
2748 2527 2882 2597 post
2903 2522 3026 2581 haec
3049 2521 3210 2581 omni
3230 2528 3489 2596 tempore
3517 2538 3739 2580 secun-

2079 2613 2222 2669 dum
2243 2613 2643 2670 omnimodam
2665 2616 3036 2672 sensatorum
3055 2611 3397 2686 qualitatem
3419 2611 3660 2685 quietus
3679 2616 3741 2668 et

2063 2700 2203 2760 'loco
2233 2706 2291 2760 et
2320 2718 2560 2776 corpore
2581 2702 2820 2760 mansit.

2657 2801 2862 2874 [tepens
2890 2803 3139 2874 erigitur.

2144 2901 2200 2957 9.
2231 2900 2348 2956 Aut
2393 2915 2509 2972 quo
2559 2899 2732 2958 modo
2785 2900 3009 2956 factum
3045 2898 3106 2955 in
3137 2903 3192 2954 te
3221 2896 3598 2965 miraculum,
3630 2897 3736 2954 Et-

2074 2990 2298 3058 warde,
2315 2989 2596 3058 narrabo;
2631 2989 2933 3045 hominem
2964 2989 3250 3062 gigantes:
3281 2986 3732 3060 magnitudinis,

2076 3079 2127 3134 si
2158 3082 2453 3152 repentem
2488 3081 2542 3134 te
2569 3077 2632 3132 in
2664 3082 2788 3134 tota
2816 3083 2972 3133 terra
3018 3077 3172 3132 mole
3210 3075 3470 3148 corporis
3498 3093 3604 3147 per
3631 3077 3736 3132 tri-

2076 3167 2241 3240 ginta
2269 3184 2454 3222 annos
2485 3167 2716 3239 pondus
2738 3183 2854 3223 non
2877 3169 3167 3238 premeret
3185 3163 3542 3239 gravissimae
3561 3165 3736 3220 inﬁr-

2078 3255 2299 3312 mitatis
2325 3275 2339 3326 ;
2363 3259 2564 3328 postea
2592 3273 2724 3312 vero
2757 3255 2932 3312 charo
2961 3255 3112 3328 patri
3144 3254 3444 3310 Dunstano
3471 3253 3729 3322 oblatus,

2076 3349 2252 3418 atque
2281 3345 2354 3400 ab
2377 3361 2443 3400 eo
2467 3343 2816 3401 mirabiliter
2835 3349 3102 3413 sanatus,
3137 3360 3251 3399 non
3275 3341 3468 3399 solum
3500 3342 3732 3398 cunctis

2077 3435 2267 3491 factus
2283 3437 2372 3489 est
2389 3433 2661 3488 amabilis
2683 3435 2920 3506 propter
2938 3433 3158 3505 adeptis
3179 3431 3449 3488 sanitatis
3474 3431 3731 3486 miracu-

2076 3523 2225 3594 lum,
2265 3539 2471 3579 verum
2521 3521 2696 3578 etiam
2745 3519 3110 3578 admirabilis
3157 3524 3396 3593 propter
3439 3535 3732 3592 corporeae

2077 3612 2425 3688 quantitatis
2473 3609 2898 3685 spectaculum.
2932 3611 3021 3666 Tu
3069 3609 3333 3666 musicus
3361 3609 3422 3665 in
3453 3608 3734 3666 conviviis

2075 3701 2336 3760 didicfsti
2387 3705 2522 3776 post
2571 3699 2693 3758 haec
2739 3698 3172 3758 convivantium
3212 3698 3442 3756 animos
3471 3698 3736 3756 carmine

2075 3791 2429 3861 demulcere,
2485 3794 2543 3847 et
2599 3789 2751 3846 inter
2823 3787 3183 3846 cantandum
3258 3787 3419 3845 tibiis
3493 3801 3735 3845 carmen

2075 3881 2433 3937 modiﬁcare.
2493 3879 2606 3936 Sed
2663 3877 2802 3937 inde
2858 3877 2965 3934 tibi
3041 3876 3251 3934 excelsi
3325 3876 3564 3934 honoris
3641 3877 3732 3934 in-

2074 3969 2242 4043 signe
2285 3967 2553 4039 accessit,
2603 3967 2758 4041 quod
2818 3966 3170 4024 universitas
3226 3964 3532 4023 hominum
3592 3981 3734 4022 con-

2074 4057 2234 4115 cordi
2263 4073 2400 4116 voce
2430 4056 2720 4114 Dunstani
2752 4061 2808 4114 te
2837 4055 3138 4114 hominem
3188 4053 3606 4128 servulumque
3635 4071 3735 4111 vo-

2075 4147 2244 4204 cavit.

2075 4246 2291 4318 Loripes
2339 4243 2554 4302 tandem
2597 4251 2804 4302 rectum
2859 4245 3132 4301 incessum
3181 4249 3484 4316 recuperat.
3529 4241 3735 4300 Auctor

2627 4335 2752 4408 jam
2777 4335 2896 4390 visa
2935 4341 3152 4390 narrat.

2145 4434 2230 4488 10.
2266 4432 2378 4490 Sed
2411 4435 2466 4489 et
2493 4429 2639 4488 illud
2684 4449 2800 4488 non
2850 4449 3028 4504 parva
3075 4431 3321 4505 dignum
3351 4436 3440 4488 est
3468 4430 3730 4488 admira-

2069 4521 2252 4592 tione,
2282 4521 2439 4595 quod
2484 4521 2742 4594 quodam
2793 4519 3110 4578 venerabili
3161 4535 3322 4585 sene,
3355 4523 3412 4576 et
3452 4519 3512 4575 in
3563 4520 3730 4576 omni

311 4584 480 4684 591“:
515 4604 617 4660 Ρθτ
653 4586 1054 4684 Ρανίιξλθρηῖίξηξ
1094 4587 1373 4684 θοοῖθδίίξδ›
1396 4593 1460 4644 ut
1481 4588 1884 4684 experirfmtur
1912 4587 1961 4644 εί
1994 4582 2041 4650 D
2072 4582 2350 4684 religione
2373 4582 2616 4683 probato
2653 4609 2935 4666 referente
2958 4582 3324 4682 agnovimus.
3354 4607 3450 4664 Ait
3469 4624 3733 4681 namque

311 4677 533 4750 absque
562 4693 756 4734 errore
801 4675 1095 4734 infantula
1139 4679 1339 4749 posset
1367 4693 1434 4732 ea
1465 4675 1762 4748 sequendo
1795 4689 1957 4730 com.

307 4765 828 4839 prehendere.Quze
845 4765 1156 4824 confestim
1183 4765 1254 4822 de
1275 4765 1410 4821 sinu
1432 4764 1639 4821 matris
1659 4763 1958 4833 exsiliens,

306 4857 560 4913 rotantia
586 4873 764 4930 poma
791 4871 896 4930 per
923 4855 1183 4912 diversos
1211 4854 1512 4911 anfractus
1534 4853 1955 4922 insectabatur,

305 4945 505 5018 eisque
542 4943 924 5018 apprehensis
971 4943 1146 5002 celeri
1184 4959 1362 5000 cursu
1393 4943 1465 4999 ad
1498 4945 1746 4998 matrem
1775 4957 1956 4997 rever-

301 5034 554 5092 tebatur.
576 5035 740 5092 Tunc
757 5034 1189 5109 deprehensum
1211 5038 1301 5090 est
1330 5031 1589 5105 puellam
1619 5031 1958 5104 patentibus

301 5124 489 5182 oculis
504 5141 676 5198 posse
689 5123 1010 5198 videre,qui
1029 5128 1203 5182 antea
1224 5122 1351 5181 sine
1372 5120 1595 5178 lumine
1607 5120 1957 5178 videbantur

301 5217 518 5286 patere.

882 5319 1014 5379 Item
1037 5333 1177 5378 unus
1207 5336 1364 5378 caeca.

369 5420 426 5477 7.
460 5420 603 5478 Item
635 5435 782 5477 anus
814 5419 1082 5494 quadam
1113 5418 1186 5504 ad
1217 5417 1564 5481 memoriam
1594 5417 1784 5476 sancti
1811 5433 1954 5491 pon-

302 5508 480 5566 tificis
500 5509 782 5582 perducta
800 5512 991 5580 est,ut
1011 5508 1165 5582 quod
1187 5507 1244 5563 in
1259 5509 1568 5581 juventute
1597 5507 1948 5579 perdiderat,

2069 4701 2342 4758 eumdem
2375 4703 2601 4773 patrem
2624 4702 2681 4755 et
2700 4699 3004 4754 dominum
3037 4705 3304 4754 nostrum
3331 4697 3567 4754 cuidam
3596 4696 3734 4752 lori-

2067 4789 2198 4862 pedi
2247 4791 2307 4845 in
2357 4788 2584 4846 somnis
2631 4787 2995 4862 apparuisse,
3029 4790 3206 4858 atque
3255 4791 3320 4842 ut
3349 4787 3420 4842 ad
3458 4786 3735 4859 requiem.

2066 4878 2326 4951 corporis
2377 4877 2470 4932 sui
2518 4878 2820 4934 sanandus
2859 4877 3080 4934 veniret
3111 4877 3474 4949 praecepisse.
3507 4875 3613 4942 Qui
3651 4876 3729 4932 ad

2065 4967 2258 5024 locum
2273 4967 2645 5035 veniens,nec
2659 4965 2983 5040 quidquam
3002 4982 3105 5038 per
3125 4965 3342 5022 multos
3361 4964 3486 5022 dies
3501 4965 3727 5021 orando

2065 5055 2276 5114 salutis
2307 5055 2629 5126 inveniens,
2662 5054 2833 5112 taedio
2881 5055 3004 5112 sive
3053 5055 3456 5127 desperatione
3498 5053 3724 5109 fractus

2064 5145 2325 5216 recessit,
2359 5145 2566 5202 itinere
2596 5161 2712 5217 quo
2750 5148 2988 5205 venerat
3033 5144 3223 5200 redire
3268 5141 3529 5200 tentavit.
3561 5141 3728 5198 Jam-

2064 5254 2178 5311 que
2209 5235 2463 5292 mediam
2497 5251 2642 5307 pene
2681 5233 2835 5291 viam
2885 5237 3204 5308 peregerat,
3233 5249 3369 5290 cum
3401 5233 3452 5288 is
3481 5221 3582 5306 qui
3613 5231 3726 5288 du-

2062 5326 2205 5383 dum
2265 5323 2576 5381 dormienti
2637 5327 3008 5398 apparuerat,
3047 5321 3212 5380 vultu
3270 5339 3527 5392 severus,
3553 5324 3720 5378 veste

2061 5417 2307 5474 decorus
2339 5412 2609 5482 occurrit,
2652 5412 2962 5473 sciscitans
3011 5413 3166 5470 unde
3207 5413 3448 5482 veniret,
3479 5409 3568 5468 vel
3598 5427 3721 5484 quo

2059 5503 2354 5580 pergendo
2407 5501 2688 5561 tenderet.
2740 5501 3192 5575 Recuperandze,
3240 5501 3454 5574 inquit,
3501 5497 3718 5561 salutis

376 5634 485 5714 (61)
515 5635 664 5712 Ergo
695 5634 966 5696 monachi
1011 5635 1188 5693 etiam
1236 5638 1374 5694 tunc
1423 5633 1643 5692 clerum
1673 5633 1941 5694 Ecclesia:
1971 5625 2410 5697 Cantuariensis
2441 5626 2896 5688 constituebant.
2928 5627 3072 5690 Vide
3101 5643 3266 5687 num.
3293 5627 3359 5686 16
3379 5630 3435 5688 et
3461 5627 3554 5689 21.
