4068 6172
291 342 408 402 463

289 491 422 531 sum
455 473 865 541 curvabantur,
919 487 1042 544 quae
1089 471 1148 526 in
1198 469 1328 526 vola
1367 468 1600 526 confixae
1633 465 1934 538 unguibus
1962 464 2020 532 Α

287 579 417 620 eam
458 561 848 636 perforabant.
895 562 1028 626 Quae
1081 574 1172 615 res
1231 553 1629 614 intolerabiles
1686 551 1932 626 patienti

288 650 592 724 angustias
641 649 948 706 inferebat.
995 647 1330 705 Avertimus
1386 659 1521 718 ergo
1570 641 1768 700 oculos
1825 643 1932 698 hoc

285 739 477 796 solum
510 738 772 794 dicentes
822 753 834 792 :
885 736 1012 794 Non
1061 752 1188 803 nos,
1223 735 1376 791 bona
1413 732 1644 801 mulier,
1679 748 1792 788 non
1827 748 1934 788 nos

285 828 425 902 quid
465 827 756 900 agendum
791 825 869 882 sit
899 825 1204 882 consulere
1233 823 1398 886 velis,
1424 824 1594 895 juxta
1624 825 1714 878 est
1743 821 1844 892 qui
1875 823 1932 876 et

177 954 183 963 ι
282 915 388 972 tibi
423 913 967 986 consulere,etﬁ1iae
987 915 1100 969 tua:
1133 913 1383 969 salutem
1406 910 1560 967 valet
1581 923 1926 982 procurare:

283 1003 432 1061 solet
452 1020 707 1076 namque
727 1003 1054 1060 secundum
1070 1002 1246 1057 ﬁdem
1271 1017 1437 1056 suam
1463 999 1740 1055 omnibus
1761 997 1930 1053 illum

285 1094 693 1150 invocantibus
725 1091 1211 1148 subvenire.Tum
1236 1089 1338 1146 illa
1359 1089 1779 1161 comprehensa
1801 1087 1932 1142 laci-

285 1183 388 1238 nia
409 1181 592 1238 vestis
623 1181 753 1236 ﬁlim
793 1197 910 1236 suze
943 1179 1117 1234 traxit
1164 1195 1291 1234 eam
1343 1179 1414 1234 ad
1461 1177 1930 1248 locum,moxque

287 1275 408 1327 toto
436 1287 675 1342 corpore
704 1271 761 1324 in
795 1274 1011 1324 terram
1054 1271 1355 1340 prostrata:-
1387 1268 1632 1323 adorant
1661 1271 1931 1322 sanctum

288 1361 493 1427 ambae,
530 1359 764 1414 ﬂetibus
794 1364 852 1412 et
880 1356 1200 1429 ejulatibus
1232 1357 1390 1412 illius
1429 1355 1750 1420 bonitatem
1801 1354 1930 1426 pul-

287 1453 509 1504 santes.
541 1449 611 1502 Et
661 1463 793 1502 vere
843 1445 1177 1519 pulsabant,
1211 1446 1426 1518 quibus
1458 1450 1577 1500 tam
1605 1445 1718 1500 cito
1750 1443 1931 1500 mise-

287 1536 548 1593 ricordia:
581 1535 738 1590 illius
761 1536 984 1591 viscera
1003 1535 1569 1606 patebant.Necdum
1592 1534 1748 1589 enim
1771 1532 1934 1589 Phos-

287 1627 398 1682 bus
430 1626 674 1682 marinis
706 1625 982 1681 fluctibus
1012 1628 1188 1696 caput
1219 1623 1522 1690 intulerat,
1547 1629 1605 1679 et
1655 1623 1755 1678 illa
1803 1639 1930 1696 quae

283 1715 492 1770 morbo
515 1718 813 1771 contracta
843 1713 1051 1782 fuerat,
1087 1713 1276 1785 ruptis
1306 1712 1469 1768 venis
1492 1711 1730 1768 brachia
1759 1712 1934 1769 extol-

284 1804 458 1874 lebat,
479 1819 785 1900 manuum
794 1801 1076 1900 articulos
1107 1819 1314 1859 omnes
1341 1801 1772 1871 extendebat,et
1801 1817 1930 1874 qua:
1961 1832 2010 1900 Β

284 1894 357 1950 ab
387 1894 560 1950 annis
582 1892 906 1965 puerilibus
927 1891 1142 1964 digitos
1175 1907 1406 1948 movere
1436 1909 1551 1948 non
1586 1896 1931 1962 poterat,cx—

285 1984 476 2054 pedite
501 1984 626 2055 jam
659 1981 858 2037 omnia
887 1982 1512 2053 eontrectabat.ltaque
1545 1981 1928 2048 accurrimus,

284 2071 558 2141 vidimus,
613 2071 900 2136 ﬂevimus,
952 2074 1009 2125 et
1060 2069 1212 2126 facto
1262 2085 1433 2126 mane
1491 2085 1624 2126 cum
1675 2069 1928 2126 exsulta-

285 2163 442 2218 tione
471 2162 653 2219 totius
687 2159 848 2216 urbis
878 2157 1193 2216 Dominum
1227 2159 1409 2216 Deum
1443 2157 1933 2231 nostruleauda—

282 2251 496 2308 vimus.

831 2339 1143 2396 Contractus
1172 2345 1396 2395 erectas.

264 2459 272 2463 -
359 2428 826 2503 l3.Epheborum
859 2427 1073 2500 aliquis
1103 2443 1280 2502 prope
1327 2426 1622 2482 civitatem
1657 2427 1932 2488 manebat

287 2519 370 2574 ita
404 2535 438 2574 a
467 2533 649 2590 puero
681 2515 1116 2585 debilitatus,ut
1141 2533 1174 2572 a
1203 2513 1422 2572 lumbis
1447 2531 1512 2572 ac
1533 2516 1807 2574 deorsum
1830 2533 1933 2589 per

287 2611 474 2664 totum
501 2610 807 2663 emortuus
837 2605 1067 2662 duobus
1097 2603 1302 2662 bacilis
1331 2603 1696 2674 inniteretur,
1747 2605 1931 2662 totius

285 2697 546 2770 corporis
577 2701 710 2770 post
739 2711 800 2752 se
827 2694 1071 2750 trahens
1103 2693 1498 2750 medietatem.
1519 2694 1621 2750 Hic
1651 2710 1719 2751 ea
1749 2694 1842 2751 die
1869 2693 1931 2750 in

284 2804 401 2860 qua
432 2785 612 2843 Filius
643 2784 743 2842 Dei
775 2785 1082 2856 assumpta
1110 2798 1283 2838 carne
1330 2781 1608 2854 dignatus
1638 2786 1726 2838 est
1757 2783 1927 2853 mori,

282 2878 411 2949 ejus
439 2873 758 2931 Ecclesiam
788 2873 1112 2946 ingressus,
1145 2869 1421 2926 vexillum
1451 2869 1662 2941 crucis,
1701 2871 1764 2930 in
1814 2888 1933 2944 qua

283 2965 540 3024 moriens
589 2967 839 3020 mortem
888 2966 1152 3017 nostram
1198 2959 1507 3027 destruxit,
1541 2976 1676 3016 cum
1723 2965 1934 3018 czatcra

284 3053 664 3112 multitudine
692 3051 992 3118 adorabat,
1025 3054 1081 3105 et
1111 3049 1321 3104 futura:
1354 3049 1690 3106 festivitatis
1719 3051 1934 3122 gaudia

277 3147 449 3217 juxta
505 3158 717 3212 corpus
761 3137 1074 3195 venerandi
1123 3137 1311 3192 Patris
1368 3137 1656 3194 Dunstanl
1689 3155 1932 3195 manens

285 3228 1038 3304 exspectabat.Adveniente
1059 3229 1256 3280 autem
1280 3225 1425 3281 hora
1441 3226 1498 3279 in
1518 3243 1634 3298 qua
1650 3226 1934 3284 Dominus

286 3326 486 3378 noster
505 3318 534 3376 J
542 3335 678 3376 esus
699 3317 969 3372 Christus
991 3315 1356 3387 triumphato
1377 3314 1609 3374 diabolo
1632 3333 1665 3370 a
1685 3317 1934 3374 mortuis

285 3409 674 3467 resurrexisse
704 3406 982 3472 creditur,
1015 3403 1238 3460 clamor
1267 3403 1326 3458 in
1359 3402 1605 3462 ecclesia
1633 3406 1822 3462 factus
1844 3411 1935 3462 est

292 3515 545 3573 magnus
564 3495 936 3554 tumultuans
967 3491 1394 3550 adolescentem
1427 3497 1652 3550 rectum
1675 3497 1796 3551 tota
1815 3512 1936 3552 eor-

291 3599 430 3663 pOre
485 3591 660 3656 stare,
696 3585 795 3658 qui
851 3583 1056 3640 multis
1109 3582 1280 3638 annis
1330 3580 1630 3638 inferiores
1675 3583 1934 3656 corporis

290 3683 483 3754 partes
513 3681 647 3750 post
677 3691 739 3731 se
768 3677 1146 3730 consueverat
1189 3671 1438 3728 trahere.
1471 3672 1634 3740 Quod
1665 3673 1932 3745 quamvis

288 3769 479 3826 clerus
507 3766 748 3836 sciebat,
782 3762 1069 3838 patienter
1105 3765 1301 3818 tamen
1345 3759 1521 3817 simul
1567 3764 1625 3821 et
1672 3760 1934 3821 lietanter

285 3859 426 3916 solis
457 3861 650 3916 ortum
681 3853 1076 3928 exspectabat.
1128 3850 1296 3908 Mane
1334 3867 1468 3907 vero
1499 3849 1813 3908 Dominicis
1842 3869 1930 3908 ra-

284 3945 662 4007 surreetionis
707 3942 974 4001 convenit
1002 3941 1234 3997 inﬁnita
1279 3939 1462 3996 totius
1510 3939 1675 3998 urbis
1723 3940 1930 3998 multi-

284 4041 425 4096 tudo
455 4037 516 4092 in
547 4034 873 4102 ecclesiam,
901 4032 1097 4089 videre
1129 4029 1270 4103 quid
1301 4029 1361 4086 in
1391 4029 1691 4087 hominem
1735 4029 1931 4088 divina

283 4125 545 4200 potentia
575 4126 813 4196 operata
842 4121 1070 4186 fuisset,
1120 4135 1294 4191 quem
1349 4124 1521 4176 antea
1569 4119 1628 4174 in
1680 4119 1926 4176 infirmi-

285 4221 404 4272 tate
433 4215 581 4270 bene
612 4210 912 4283 cognitum
960 4207 1327 4274 litbuissent.
1372 4207 1660 4264 Viderunt
1707 4209 1923 4282 itaque,

284 4310 341 4363 et
385 4304 502 4361 Deo
555 4301 800 4376 gloriam
847 4299 1134 4354 dederunt
1183 4296 1504 4352 clamantes
1547 4297 1698 4354 bono
1730 4297 1924 4354 Domi-

285 4411 358 4451 no
388 4395 760 4450 Dunstanum
793 4390 852 4444 in
888 4387 1008 4444 vita
1039 4385 1306 4454 servisse,
1357 4387 1452 4446 cui
1497 4390 1632 4458 post
1675 4391 1925 4444 mortem

284 4501 400 4541 non
450 4481 642 4540 solum
683 4479 930 4552 contigit
967 4477 1176 4532 beatus
1225 4474 1446 4541 vivere,
1495 4492 1696 4531 verum
1748 4477 1923 4532 etiam

1271 337 1332 396 S.
1379 331 1850 398 DUNSTANUS
1893 328 2254 392 ARCHIEP.
2302 331 2694 394 CANTUAR.

3578 335 3698 395 464

2114 511 2344 568 Νοιιὶίὶἰε
2373 527 2532 584 poma.
2561 513 2804 568 remissa.
2819 511 3034 584 Ραρίιηί
3052 510 3279 568 cadaver
3306 528 3376 568 ac
3401 511 3628 570 ecclesia

2633 601 2836 674 pvojici
2857 599 3101 674 jubetur.

2116 734 2201 790 15.
2235 735 2496 801 Quadam
2527 734 2704 790 etiam
2736 734 2830 790 die
2862 733 2972 807 (63)
3005 735 3145 791 dum
3196 735 3334 807 plus
3363 733 3539 791 solito
3571 751 3697 792 ma-

2041 823 2358 895 gistrorum
2393 823 2554 880 furor
2585 823 2644 880 in
2676 839 2888 897 pueros
2916 823 3236 894 desaeviret,
3271 840 3376 880 nec
3427 840 3561 898 spes
3603 824 3701 880 in-

2042 913 2416 970 tercessionis
2449 914 2680 988 uspiam
2714 913 2836 970 ulla
2868 915 3230 987 suppeteret,
3262 913 3372 970 hoc
3422 929 3608 969 unum
3640 919 3699 970 et

2043 1001 2231 1058 solum
2265 1019 2569 1076 superesse
2601 1003 2927 1060 remedium
2961 1003 3358 1073 crediderunt,
3381 1005 3448 1058 ut
3478 1003 3549 1058 ad
3582 1017 3700 1059 me-

2041 1091 2288 1148 moriam
2311 1091 2640 1148 dulcissimi
2663 1091 2852 1150 Patris
2874 1091 3165 1148 Dunstani
3187 1091 3526 1165 confugium
3551 1090 3699 1148 face-

2043 1180 2365 1250 rent,illum
2397 1197 2510 1254 que
2537 1198 2648 1238 non
2677 1180 3472 1254 tamintercessorem,quam
3487 1181 3695 1238 adver-

2043 1269 2478 1342 susimpietatis
2491 1271 2566 1326 mi
2577 1290 2609 1325 n
2620 1271 2792 1328 istros
2807 1271 3171 1327 defensorem
3185 1271 3516 1327 exbiberent
3529 1271 3698 1327 .Con-

2041 1359 2235 1414 fcrunt
2265 1361 2462 1430 itaque
2493 1377 2554 1414 se
2587 1373 2820 1415 summo
2853 1358 3110 1414 diluculo
3142 1361 3214 1414 ad
3248 1359 3435 1427 illum,
3488 1360 3697 1415 multis

2040 1448 2313 1522 lacrymis
2364 1449 2495 1520 ejus
2523 1447 2898 1504 clementiam
2933 1447 3320 1520 postulantes,
3351 1447 3694 1503 sedentibus

2043 1554 2144 1610 per
2173 1537 2400 1594 diversa
2433 1537 2560 1594 loca
2589 1537 3034 1610 magistris,qua
3055 1537 3342 1594 transitus
3375 1553 3694 1609 puerorum

2042 1643 2170 1683 esse
2201 1627 2456 1700 deberet,
2479 1626 2818 1700 exitumque
2849 1625 3084 1682 illorum
3117 1626 3188 1682 de
3215 1625 3460 1682 ecclesia
3490 1625 3697 1682 multi-

2041 1713 2176 1788 plici
2207 1715 2512 1790 diligentia
2545 1715 2977 1789 aueupantibus
2993 1733 3006 1772 ε
3023 1721 3080 1772 et
3091 1715 3698 1790 cccelacrymantibus

2041 1803 2157 1861 illis
2187 1804 2460 1878 apparuit
2478 1805 2606 1878 pios
2625 1804 2822 1862 vultus
2851 1821 3060 1878 gerens
3092 1805 3226 1878 pius
3256 1803 3426 1862 Pater
3443 1802 3697 1861 Dunsta-

2041 1910 2152 1950 nus
2183 1897 2545 1968 tangensque
2573 1894 2739 1966 virga
2768 1909 2947 1966 quam
2981 1910 3162 1950 manu
3205 1893 3477 1966 gestabat
3506 1909 3692 1950 unum

2039 1982 2273 2040 illorum
2309 1981 2526 2055 apertis
2575 1981 2766 2038 oculis
2815 1982 3112 2038 videntem
3159 1983 3260 2038 sed
3312 1981 3584 2039 movendi
3630 1999 3694 2040 se

2039 2071 2278 2128 omnino
2309 2071 2804 2144 impotentem,ita
2833 2072 3079 2128 adorsus
3103 2076 3194 2128 est
3222 2071 3350 2126 fari.
3382 2071 3515 2129 Jam
3548 2071 3698 2128 desi-

2041 2168 2168 2218 tum
2199 2159 2298 2233 sit,
2332 2160 2562 2232 pueri,a
2593 2160 3041 2233 ﬂetu,quoniam
3075 2159 3304 2216 nullum
3332 2159 3498 2216 vobis
3521 2159 3696 2216 hodie

2041 2248 2354 2306 molestum
2369 2265 2496 2306 esse
2517 2250 2814 2322 permitto.
2835 2249 3056 2306 Idcirco
3076 2249 3235 2306 enim
3251 2249 3380 2306 veni
3405 2249 3692 2312 invitatus

2042 2337 2360 2412 lachrymis
2381 2336 2599 2396 doloris
2627 2337 2975 2394 vestri.Ecce
2996 2355 3152 2395 nunc
3173 2337 3354 2407 ibo,et
3375 2337 3694 2412 magistros

2039 2444 2342 2502 egressum
2367 2432 2629 2484 vestrum
2669 2425 3038 2502 explorantes
3087 2427 3436 2501 gravissimo
3485 2443 3696 2484 somno

2040 2516 2346 2590 separabo.
2381 2517 2470 2574 Tu
2495 2532 2630 2574 vero
2661 2533 2807 2590 puer
2850 2517 2951 2589 qui
3001 2533 3094 2572 me
3137 2515 3472 2589 loquentem
3501 2515 3698 2574 cernis

2039 2612 2098 2663 et
2126 2605 2457 2675 audis,cum
2478 2621 2578 2662 vos
2601 2621 2729 2662 meo
2750 2622 2994 2662 munere
3019 2603 3296 2662 liberatos
3321 2619 3452 2661 esse
3471 2621 3694 2679 cogno-

2039 2694 2212 2768 veris,
2243 2695 2306 2751 in
2360 2694 2468 2751 hoc
2528 2693 2673 2750 mihi
2721 2695 2972 2768 gratiam
3031 2693 3360 2766 praestabis,
3403 2693 3454 2750 si
3506 2693 3693 2767 hujus

2041 2783 2298 2841 OC-GlcSltB
2327 2781 2636 2860 praeposito
2674 2799 2744 2839 ex
2791 2800 2921 2840 meo
2980 2783 3218 2841 nomine
3267 2782 3592 2856 praecipias,
3625 2789 3696 2840 ut

2041 2873 2338 2930 initiatum
2393 2871 2753 2928 infantulum
2805 2873 2986 2944 hunc,
3040 2871 3140 2948 qui
3173 2873 3346 2944 juxta
3381 2889 3477 2928 me
3506 2889 3698 2946 nuper

2041 2963 2310 3020 conditus
2343 2966 2451 3032 est,
2486 2961 2678 3017 ﬁlium
2709 2961 2944 3019 comitis
2973 2960 3209 3018 Haroldi
3241 2962 3352 3035 (64)
3382 2961 3540 3018 foras
3565 2979 3700 3035 pro-

2033 3053 2138 3126 jici
2175 3053 2370 3109 faciat.
2404 3051 2687 3107 lndecens
2718 3067 2975 3124 namque
3001 3049 3169 3106 valde
3198 3053 3310 3117 est,
3342 3055 3410 3106 ut
3456 3050 3536 3106 ibi
3589 3067 3702 3124 pa-

2041 3159 2325 3216 generum
2357 3157 2599 3212 corpora
2628 3139 3008 3212 sepeliantur,
3043 3139 3144 3195 ubi
3190 3138 3388 3195 divina
3431 3139 3696 3214 quotidie

1963 3203 2005 3270 (ί
2041 3203 2322 3304 mysteria
2351 3203 2738 3285 celebrantur.
2771 3229 2932 3296 Quod
2968 3203 3018 3284 si
3047 3229 3173 3301 ipse
3229 3233 3331 3284 aut
3380 3203 3541 3285 metu
3588 3233 3696 3285 aut

2041 3318 2448 3377 incredulitate
2476 3323 2832 3391 praeceptum
2861 3334 3060 3374 meum
3091 3317 3430 3391 neglexerit,
3463 3318 3695 3374 noverit

2042 3409 2102 3466 in
2132 3409 2240 3464 hac
2255 3405 2500 3463 ecclesia
2515 3406 2660 3462 nihil
2679 3423 3023 3480 prosperum
3055 3423 3691 3480 processurum,quan-

2042 3497 2146 3553 diu
2174 3497 2282 3553 hoc
2314 3512 2512 3552 meum
2543 3499 2894 3569 prmeeptum
2927 3513 3098 3569 opere
3131 3513 3248 3551 non
3278 3495 3454 3554 fuerit
3485 3494 3690 3568 imple-

2042 3591 2190 3642 tum.
2225 3587 2353 3642 Hzec
2383 3586 2584 3642 dicens
2632 3583 2898 3658 sepulcro
2945 3591 3215 3658 receptus
3244 3588 3352 3641 est.
3389 3584 3444 3640 Is
3489 3588 3689 3641 autem

2041 3675 2144 3752 qui
2171 3675 2294 3732 hinc
2323 3675 2564 3742 videret,
2598 3677 2726 3729 tum
2757 3673 2994 3746 quidem
3017 3690 3346 3749 puer,nune
3376 3689 3508 3730 vero
3531 3689 3693 3731 rave-

2041 3767 2233 3823 rendw
2265 3764 2453 3822 aetatis
2483 3763 2922 3836 senior,quique
2956 3769 3022 3820 ut
3051 3763 3166 3820 ista
3195 3762 3429 3820 sublato
3451 3763 3692 3819 nomine

2040 3855 2200 3912 illius
2228 3854 2646 3920 scriberentur,
2678 3851 2926 3908 sollicite
2967 3869 3074 3910 nos
3129 3852 3456 3922 admonuit,
3487 3852 3690 3908 statim

2039 3945 2132 4003 sui
2163 3958 2401 4016 compos
2431 3941 2897 4008 eifeetus,innuit
2927 3939 3230 4000 sodalibus
3259 3941 3458 4000 dicens
3494 3941 3690 3998 :Num

2040 4036 2267 4094 Patrem
2309 4031 2680 4086 Dunstanum
2728 4029 3008 4088 vidistis?
3067 4046 3209 4087 num
3268 4030 3408 4103 quid
3455 4028 3690 4086 locutus

2037 4123 2213 4180 fuerit
2243 4119 2526 4176 audistis?
2556 4117 2938 4191 Narravitque
2969 4119 3210 4176 omnnia
3248 4117 3530 4186 seriatim,
3566 4117 3690 4174 hinc

2035 4212 2309 4285 inquiens
2370 4226 2382 4263 :
2433 4208 2562 4265 Hac
2619 4213 2677 4264 et
2731 4208 2854 4264 haec
2912 4207 3138 4265 locutus
3195 4215 3307 4266 est.
3367 4207 3690 4280 Surgentes

2035 4319 2171 4376 ergo
2228 4298 2392 4372 pueri
2450 4302 2516 4353 ut
2573 4297 2860 4354 intrarent
2919 4297 3160 4353 domum
3233 4296 3495 4370 martyrii
3551 4295 3688 4369 (65),

2035 4393 2396 4449 transierunt
2437 4391 2570 4443 ante
2618 4386 2838 4459 primos
2890 4385 3224 4460 magistros,
3283 4386 3688 4454 dormierunt;

2034 4481 2394 4538 transierunt
2415 4481 2549 4534 ante
2571 4476 3288 4545 secundos,dormierunt;
3321 4475 3690 4532 transierunt

281 4571 698 4631 beneficiorum
762 4583 1005 4626 suorum
1071 4564 1319 4638 gratiam
1389 4563 1728 4621 hominibus
1785 4583 1922 4638 prze-
1951 4581 2000 4647 ο
2031 4577 2166 4630 ante
2197 4567 2400 4626 tertios
2427 4572 2484 4624 et
2504 4571 2766 4639 quartas,
2791 4564 3320 4622 dormierunt.Post
3347 4562 3525 4638 paulo
3549 4580 3688 4624 vero

279 4669 457 4722 stare.

861 4746 1003 4804 Alia
1029 4746 1336 4803 miracula.

348 4847 436 4904 14.
472 4845 718 4901 Puerum
763 4853 994 4913 quoque
1039 4835 1316 4892 omnibus
1363 4831 1645 4889 membris
1690 4839 1918 4891 contra-

275 4942 436 4992 ctum
465 4949 567 5007 per
593 4930 866 4989 eumdem
897 4926 1000 4984 Dei
1029 4929 1298 4982 sanctum
1328 4923 1584 4981 vidimus
1623 4928 1918 4980 sanatum.

349 5059 459 5136 (62)
479 5059 774 5136 _0_s_bertus
805 5071 834 5136 :_
857 5075 885 5105 «
915 5051 1208 5136 Instabat“
1227 5049 1351 5136 dies
1398 5047 1554 5136 festa!
1586 5045 1920 5136 Nativitatis

280 5121 514 5214 Qliris'ti.
533 5129 713 5213 Moris
743 5131 941 5214 autem
962 5122 1306 5214 antiquitus
1323 5121 1511 5175 fuerat
1541 5121 1598 5173 in
1634 5125 1922 5204 monaste-

277 5203 364 5258 rio
415 5201 564 5285 ipso,
660 5200 824 5256 uinto
875 5197 968 5253 die
1019 5194 1153 5251 ante
1197 5194 1415 5249 festum
1465 5205 1698 5275 pueros,
1733 5194 1918 5264 quiin

277 5271 494 5346 scholis
551 5218 660 5346 su?)
711 5267 1023 5346 disciplina
1063 5265 1500 5346 exercebantur,
1543 5262 1816 5346 gravibus
1865 5270 1922 5346 et

276 5343 682 5401 immoderatis
709 5336 1050 5400 verberibus
1081 5336 1356 5408 cruciari:
1377 5336 1474 5408 qui
1499 5336 1795 5408 cruciatus
1817 5336 1922 5391 mi-

275 5416 423 5472 seris
454 5432 571 5473 non
602 5431 706 5488 pro
738 5409 1073 5471 commissis
1103 5407 1310 5482 culpis,
1345 5405 1446 5463 sed
1479 5423 1584 5479 pro
1616 5422 1728 5462 usu
1774 5405 1918 5466 infe-

276 5487 520 5544 rebatur
571 5487 619 5540 »ί
637 5490 748 5542 etc.

288 5631 291 5632 ν
345 5559 459 5630 (64)
489 5529 778 5632 liaroldus
803 5555 913 5611 iste
945 5552 1240 5632 Danprum
1273 5565 1375 5631 res
1401 5549 1734 5632 fuit,._cujus
1763 5549 1921 5632 filius

275 5621 468 5704 ﬁujen‘o
497 5645 600 5704 seu
630 5630 904 5704 Suennus
956 5625 1015 5704 i_n
1053 5621 1338 5704 Angliam.
1361 5621 1592 5704 irrupit,
1641 5627 1921 5704 regnapte

272 5699 583 5785 Ethelredg
614 5717 716 5780 seu
746 5697 1046 5765 Adelredo,
1098 5693 1198 5749 ubi
1251 5715 1278 5743 ‹‹
1325 5693 1478 5746 inter
1520 5693 1648 5763 pios
1701 5693 1920 5765 impius

2031 4660 2392 4734 evigilantes,
2424 4661 2482 4712 et
2513 4655 2736 4712 derisos
2763 4671 2828 4710 se
2851 4653 3104 4728 graviter
3135 4651 3419 4723 dolentes,
3439 4653 3590 4710 versi
3625 4653 3688 4708 in

2029 4751 2285 4807 furorem
2319 4749 2590 4802 statuunt
2641 4742 3023 4800 saevissimam
3055 4743 3230 4800 tertia
3269 4743 3383 4800 diei
3439 4741 3586 4799 hora
3613 4741 3688 4798 de

2029 4839 2226 4914 pueris
2259 4835 2542 4892 ultionem
2575 4849 2991 4906 sumere,quos
3021 4836 3360 4905 protegente
3382 4831 3686 4889 Dunstano

2029 4944 2200 4986 mane
2230 4943 2343 4984 non
2373 4925 2690 4997 potuerunt
2721 4921 3059 4994 contingere
3072 4920 3250 4977 .Talis
3276 4920 3432 4978 enim
3462 4936 3592 4977 mos
3623 4919 3685 4974 in

2029 5055 2131 5111 diu
2162 5054 2560 5118 conversatus,
2594 5051 2780 5104 morte
2829 5047 3000 5104 tarda
3046 5045 3416 5118 deprimitur,
3465 5044 3684 5118 ibidem

2029 5123 2441 5198 sepelitur,»ex
2459 5116 2710 5198 Ditmari
2723 5118 2934 5198 lib.vu,
2955 5116 3385 5198 phag.‘94.ld_em,
3421 5116 3682 5198 pag;_?5,

2029 5186 2470 5261 coinmem'orat,
2503 5191 2822 5261 Haraldum
2861 5195 2918 5248 et
2955 5186 3685 5261 ‘CahtumSueonis'filios

2029 5285 2184 5326 anno
2215 5267 2354 5323 1046
2373 5258 2564 5320 denuo
2591 5261 2653 5318 in
2681 5260 2953 5334 Angliam
2985 5259 3414 5334 expeditionem
3445 5258 3681 5334 fecisse,

2031 5339 2101 5412 de
2131 5356 2248 5412 qua
2277 5334 2729 5412 intelligendam
2758 5329 3427 5412 Uunstapi'vatieinium‘
3473 5330 3533 5386 in
3558 5329 3684 5412 tina

2029 5401 2194 5480 Vitae,
2228 5425 2422 5482 supra.
2457 5401 2759 5482 Ditmarus
2805 5409 2939 5482 post
2985 5405 3106 5461 haec
3156 5402 3342 5482 lilfegi
3387 5401 3683 5482 Dunstani

2031 5473 2220 5555 quarti
2242 5553 2254 5555 _
2282 5473 2638 5555 successoris
2687 5473 3036 5555 martyrium
3078 5475 3260 5555 refert
3277 5473 3488 5555 (quod.
3502 5548 3512 5555 _
3527 5473 3686 5528 Dun-

2029 5544 2199 5610 atauo
2232 5552 2376 5608 falso
2409 5549 2598 5606 relatu
2629 5551 2732 5602 aut
2760 5544 3046 5603 memoria
3077 5545 3281 5619 lapsus
3312 5544 3544 5619 tribuit.

2099 5626 2211 5697 (63)
2244 5620 2502 5697 Martyrii
2538 5620 2658 5675 hmc
2689 5619 2898 5697 demus
2929 5635 2998 5675 ea
3025 5616 3161 5697 sine
3187 5616 3365 5697 dubio
3409 5619 3676 5687 vocatur,

2031 5697 2090 5752 in
2109 5689 2238 5770 'qu'a
2265 5689 2434 5770 pueri
2463 5708 2565 5766 pro
2599 5689 2807 5750 erratis
2838 5707 3040 5765 poenas
3071 5689 3310 5748 dabant.
