4056 6178
329 325 441 387 465

1812 323 2239 388 MIRACULA.

3610 333 3728 399 L66

331 457 584 516 Ecclesia
613 460 754 515 tunc
771 457 1048 532 temporis
1071 462 1213 528 erat,
1236 463 1297 515 ut
1315 477 1463 533 quos
1480 459 1671 533 prima
1693 458 1805 515 diei
1829 458 1973 514 hora
2000 458 2059 527 Α
2086 457 2266 530 tibus,
2286 459 2497 533 irrupit
2516 460 2574 517 in
2605 460 2913 518 ecclesiam
2941 463 3123 520 abbas
3147 463 3398 535 stipatus
3422 470 3727 537 parentum

331 548 449 607 sine
464 547 724 604 vindicta
740 554 1119 615 scrvaret,ces
1136 549 1281 606 hora
1297 550 1468 607 tertia
1488 551 1694 606 durius
1717 548 1969 621 puniret.

330 638 435 697 Sed
466 637 830 705 Dunstanus,
864 654 1095 709 semper
1123 644 1178 693 et
1209 640 1426 712 ubique
1450 639 1756 707 ﬁdelis,ita
1777 639 1975 711 prmia-

329 730 413 785 tos
442 727 647 784 eadem
672 727 814 782 hera
831 744 940 782 ase
960 729 1273 801 magistros
1305 728 1521 797 divisit,
1539 733 1601 783 ut
1620 746 1733 783 non
1758 731 1878 782 tam
1903 727 1972 784 de

328 831 639 891 puerorum
659 814 892 872 lzésione
914 815 1187 888 cogitare,
1204 834 1380 890 quam
1400 818 1469 873 de
1491 834 1597 873 sua
1620 816 1823 871 liberet
1841 832 1973 871 con-

328 906 550 963 fusione
581 910 847 962 tractare.
886 907 967 961 Ita
999 907 1161 979 pueri
1181 906 1506 979 periculum
1530 908 1643 963 diei
1666 906 1826 962 illius
1848 923 1972 962 eva-

327 1014 465 1061 sere,
500 999 674 1069 atque
708 996 765 1050 in
788 997 1042 1051 crastino
1065 995 1291 1069 vigilias
1314 996 1623 1052 Dominicce
1650 996 1969 1052 nativitatis

325 1085 597 1161 gaudenti
632 1085 829 1141 animo
865 1087 1077 1142 videre.
1112 1089 1184 1142 At
1212 1087 1263 1141 is
1296 1086 1395 1159 qni
1442 1087 1730 1159 legatione
1782 1087 1967 1143 Patris

324 1173 694 1246 fungebatur,
727 1190 853 1244 quae
886 1174 1151 1237 audierat
1184 1175 1489 1247 praeposito
1522 1175 1769 1231 ﬁdeliter
1817 1194 1967 1231 nun-

324 1261 634 1330 tiabat,sed
650 1262 745 1317 ille
758 1262 977 1318 inﬁdeli
994 1268 1187 1318 mente
1204 1264 1470 1319 nuntiata
1490 1265 1962 1337 parvipendebat.

321 1354 396 1409 Ea
426 1369 485 1409 re
510 1353 749 1424 neglecta
782 1353 911 1425 quid
958 1361 1218 1409 secutum.
1252 1353 1309 1409 S.
1341 1356 1610 1410 Dunstam‘
1657 1356 1961 1411 translatio.

391 1444 478 1498 16.
513 1443 750 1509 Quoties
782 1442 958 1498 etiam
991 1442 1049 1497 in
1081 1447 1366 1500 nocturna
1411 1443 1634 1500 visione
1677 1445 1837 1500 visus
1877 1450 1967 1500 est

316 1531 597 1588 fratribus
619 1531 690 1586 de
711 1531 954 1587 ecclesia
976 1532 1127 1588 exire
1144 1533 1171 1587 ?
1193 1535 1373 1600 Quem
1399 1548 1532 1589 cum
1555 1538 1861 1590 exeuntem
1884 1552 1967 1591 re-

313 1621 500 1677 tinere
529 1619 743 1676 vellent
768 1638 779 1675 :
804 1622 928 1676 Non
961 1621 1536 1694 possum,inquit,ibi
1568 1639 1803 1679 manere
1826 1641 1963 1696 pro-

312 1710 441 1783 pter
469 1707 732 1763 faetorem
764 1708 976 1780 pagani
999 1709 1163 1781 pueri
1186 1707 1320 1764 licet
1342 1709 1552 1765 initiati
1575 1710 1632 1765 in
1657 1709 1765 1766 hac
1789 1710 1964 1767 eccle-

2086 550 2352 616 catervis,
2390 550 2648 622 postulat
2680 551 2889 608 fratres
2921 552 3165 609 celerius
3208 554 3468 625 excitari,
3499 556 3641 612 dicit
3669 577 3728 615 se

2085 639 2414 695 necessarie
2444 638 2562 694 illis
2594 639 2751 711 loqui
2784 640 2947 697 velle.
2980 640 3087 707 Qui
3118 659 3252 698 cum
3282 642 3596 714 venissent,
3631 663 3730 702 ac-

2082 727 2258 783 cessit
2285 728 2358 783 ad
2391 745 2603 800 corpus
2635 729 2844 799 sancti,
2876 746 3069 802 genua
3096 731 3253 787 ﬂexit
3299 735 3472 804 atque
3518 732 3579 789 in
3608 735 3729 791 heec

2079 817 2257 872 verba
2285 816 2741 889 lacrymabiliter
2769 818 2998 890 erupit:
3025 818 3397 876 Peccavimus
3420 822 3477 876 in
3501 825 3725 890 te,san-

2080 909 2171 961 cte
2202 905 2324 972 Dei,
2361 904 2623 962 nolentes
2655 906 2760 962 tibi
2795 906 2853 961 in
2883 912 3196 980 conspectu
3234 910 3435 981 populi
3458 910 3725 969 exhibere

2080 993 2361 1050 honorem
2391 994 2678 1065 obsequii.
2701 996 2844 1050 Ecce
2864 1012 3022 1051 nunc
3037 1002 3093 1051 et
3113 997 3389 1069 injuriam
3412 1001 3720 1071 donamus,

2079 1086 2135 1138 et
2158 1082 2227 1139 de
2258 1083 2475 1139 mentis
2505 1085 2715 1139 nostra:
2748 1084 3142 1140 obstinatione
3171 1086 3400 1141 veniam
3446 1088 3720 1161 implera-

2078 1186 2233 1227 mus.
2257 1171 2375 1227 Nos
2392 1176 2588 1227 autem
2607 1171 2889 1227 mirantes
2904 1177 3024 1228 tam
3042 1173 3298 1231 subitam
3318 1191 3512 1232 rerum
3534 1183 3724 1234 muta-

2076 1261 2315 1327 tionem,
2349 1261 2729 1332 cognovimus
2761 1260 2893 1317 illos
2922 1278 3025 1333 per
3050 1261 3334 1318 visionem
3352 1282 3384 1320 a
3401 1270 3603 1321 sancte
3620 1267 3721 1323 Dci

2076 1348 2259 1405 fuisse
2288 1350 2644 1422 perterritos,
2677 1355 2733 1406 et
2759 1351 2852 1407 vix
2882 1355 3113 1407 noctem
3153 1351 3315 1408 illam
3368 1356 3720 1428 transegisse

2072 1439 2255 1507 vivos,
2276 1443 2579 1512 propterea
2596 1440 2749 1511 quod
2773 1441 3075 1512 presbyter
3090 1442 3329 1512 quidam
3353 1448 3591 1515 aspectu
3612 1447 3721 1501 ter-

2074 1527 2283 1596 ribilis,
2318 1528 2420 1601 qui
2448 1545 2517 1584 ex
2548 1528 2813 1600 ﬁguratis
2845 1529 3203 1602 imaginibus
3230 1531 3531 1589 Dunstane
3560 1536 3719 1591 visus

2073 1619 2164 1674 est
2204 1616 2563 1688 simillimus,
2595 1618 2870 1689 gravibus
2900 1635 3001 1675 eos
3038 1621 3397 1678 cruciatibus
3426 1631 3711 1691 vexasset,

2072 1706 2290 1778 diuque
2308 1711 2539 1764 vexatos
2558 1707 2785 1763 ardenti
2803 1725 2940 1781 rege
2963 1712 3421 1767 concremandos
3440 1712 3720 1770 violenter

311 1797 398 1854 sia
429 1795 665 1869 sepulti.
695 1796 807 1852 Nec
839 1796 1025 1854 multo
1057 1800 1186 1870 post
1218 1798 1463 1854 ecclesia
1493 1798 1808 1855 Salvatoris
1841 1799 1960 1874 igni
1992 1834 2043 1906 B
2072 1795 2467 1906 pertraxisset.
2491 1796 2577 1852 Ita
2605 1794 2690 1851 illi
2721 1813 2900 1869 quam
2932 1802 3138 1887 sponte
3167 1799 3501 1871 noluerunt,
3533 1804 3715 1860 coacti

309 1885 622 1942 combusta
641 1887 749 1951 est,
770 1886 1020 1957 parietes
1052 1884 1519 1955 ccciderunt,nec
1546 1887 1869 1961 quidquam
1892 1905 1960 1945 ex

306 1973 586 2032 omnibus
610 1973 949 2030 monasterii
970 1974 1224 2031 ofﬁcinis
1255 1974 1696 2033 incombustum
1729 1994 1961 2034 reman-

304 2063 622 2136 sit,preeter
632 2062 780 2118 duas
791 2061 997 2118 domos
1011 2061 1134 2118 sine
1149 2062 1363 2135 quibus
1376 2065 1646 2121 monachi
1660 2081 1961 2123 remanere

304 2168 419 2208 non
452 2154 712 2225 possent,
746 2151 1158 2208 dormitorium
1207 2151 1432 2209 scilicet
1475 2157 1530 2209 et
1563 2154 1954 2221 refectorium,

300 2244 648 2313 tantamque
677 2238 916 2296 claustri
952 2244 1177 2311 partem
1208 2242 1318 2298 sub
1351 2246 1572 2315 quanta
1602 2243 1823 2316 absque
1854 2244 1959 2300 im-

301 2328 500 2386 brium
532 2328 824 2385 infusione
856 2329 926 2385 ab
955 2346 1073 2385 una
1103 2331 1276 2387 deme
1302 2330 1360 2386 in
1396 2330 1571 2387 aliam
1604 2337 1842 2405 possent
1864 2334 1956 2388 in-

301 2418 500 2475 troire.
534 2418 616 2474 Ex
643 2434 759 2490 quo
789 2419 934 2475 satis
963 2419 1157 2475 videre
1189 2419 1318 2488 fuit,
1344 2425 1627 2492 quantam
1651 2421 1833 2478 nostri
1856 2440 1954 2479 cu-

301 2524 427 2563 ram
466 2507 635 2563 Pater
654 2506 994 2564 Dunstanus
1017 2507 1306 2566 habuerit.
1336 2509 1447 2565 Sed
1469 2509 1678 2566 horum
1704 2510 1875 2567 ruina
1896 2511 1954 2567 in

302 2596 522 2654 melius
550 2600 910 2653 commutata
937 2601 1026 2652 est
1047 2598 1311 2654 veniente
1332 2598 1647 2655 venerabili
1668 2600 1789 2656 viro
1814 2601 1953 2656 Lan-

304 2687 508 2743 franco
541 2685 650 2758 (66)
702 2686 1159 2760 archiepiscopo,
1192 2690 1250 2741 et
1291 2687 1557 2744 omnium
1606 2689 1706 2761 qui
1755 2694 1956 2746 nostra

301 2778 473 2831 atate
504 2775 565 2829 in
586 2777 743 2831 terra
771 2774 1009 2831 fuerunt
1038 2775 1412 2832 sanctissimo
1434 2776 1609 2833 simul
1635 2793 1699 2834 ac
1724 2778 1952 2851 sapien-

302 2861 560 2921 tissime.
594 2863 723 2933 Qui,
755 2879 890 2919 cum
924 2863 1307 2921 fundamenta
1344 2867 1747 2923 construenda:
1796 2883 1952 2923 novae

298 2950 562 3011 ecclesias
591 2967 805 3025 ponere
833 2951 1022 3020 vellet,
1056 2969 1245 3025 neque
1274 2954 1382 3010 hoc
1430 2954 1651 3028 absque
1699 2956 1951 3012 transla-

293 3043 462 3098 tione
492 3056 801 3114 corporum
846 3042 999 3098 infra
1044 3042 1331 3098 ambitum
1380 3044 1646 3115 ejusdem
1696 3044 1950 3102 ecclesiae

296 3129 733 3203 quiescentium
764 3130 951 3187 facere
983 3134 1199 3201 posset,
1232 3129 1443 3187 indixit
1461 3132 1758 3204 jejunium
1789 3133 1948 3189 omni

297 3217 546 3293 populo,
576 3222 876 3291 quatenus
897 3222 1234 3276 sanctorum
1262 3220 1533 3277 voluntas
1565 3222 1747 3290 ﬁeret,
1775 3225 1840 3278 ut
1859 3238 1949 3279 ee-

294 3324 429 3364 rum
468 3322 716 3380 corpera
744 3308 817 3364 ad
851 3307 965 3363 alia
993 3307 1121 3364 loca
1168 3308 1470 3366 transferri
1517 3311 1812 3367 deberent.
1844 3311 1948 3368 Die

292 3414 429 3454 vero
466 3395 605 3452 huic
634 3394 865 3469 negotio
892 3397 1228 3466 constituto,
1260 3400 1462 3455 orante
1499 3400 1660 3456 omni
1710 3399 1947 3473 populo,

293 3484 455 3543 clero
487 3484 672 3541 cereis
702 3489 761 3541 et
781 3480 1459 3559 aromatibus,omnique
1479 3504 1688 3561 genere
1712 3489 1951 3562 gaudio-

291 3588 423 3633 rum
458 3575 822 3641 occurrente,
858 3579 1209 3647 paraverunt
1252 3592 1314 3632 se
1344 3577 1696 3648 sacerdotes,
1732 3581 1797 3634 ut
1823 3578 1947 3635 the-

291 3680 422 3720 cam
464 3662 653 3720 sancti
685 3663 874 3719 Patris
904 3664 1192 3720 Dunstani
1235 3665 1457 3737 absque
1498 3666 1951 3723 contrectatione

291 3752 561 3825 corporis
609 3750 772 3808 illius
800 3755 1011 3809 eterra
1057 3754 1336 3819 levarent,
1363 3758 1420 3809 et
1448 3756 1519 3810 ad
1571 3754 1765 3811 locum
1814 3771 1948 3811 cum

292 3842 462 3899 omni
481 3840 784 3915 diligentia
804 3847 1196 3914 przeparatum
1218 3842 1718 3909 deferrent.Quam
1738 3861 1872 3899 cum
1892 3846 1950 3901 in

292 3930 568 3986 humeris
584 3930 964 4002 accepissent,
980 3932 1263 3986 retinetur
1275 3948 1308 3991 a
1319 3930 1674 4003 quibusdam
1695 3932 1951 3989 ecclesia:

294 4018 612 4086 militibus,
646 4019 745 4092 qui
777 4036 980 4091 pacem
1015 4021 1171 4093 regis
1191 4020 1482 4077 Willermi
1506 4038 1692 4095 nuper
1712 4022 1951 4095 infrege-

294 4114 453 4176 rant,
491 4107 700 4164 occisis
734 4109 963 4164 duobus
994 4107 1312 4181 equitibus,
1347 4111 1658 4182 nepotibus
1687 4109 1953 4167 videlicet

294 4196 618 4264 Scellandi,
648 4198 750 4269 qui
772 4203 896 4254 erat
927 4198 1109 4254 abbas
1141 4199 1483 4255 monasterii
1516 4201 1701 4256 sancti
1750 4203 1952 4272 Augu-

296 4285 437 4342 stini
474 4292 638 4342 extra
667 4287 830 4343 urbis
853 4304 1054 4343 mures
1075 4288 1401 4343 constituti.
1422 4289 1731 4345 Timebant
1754 4293 1951 4345 autem

298 4392 369 4432 ne
400 4391 568 4431 mors
589 4376 916 4432 occisorum
940 4381 1126 4432 morte
1142 4392 1250 4432 sua
1270 4376 1676 4445 solveretur,et
1696 4380 1824 4435 idco
1846 4380 1957 4435 evi-

296 4464 466 4520 tandi
497 4464 678 4537 hujus
710 4465 847 4520 mali
880 4483 1061 4521 causa
1083 4482 1271 4537 neque
1288 4472 1538 4521 asancto
1562 4468 1953 4537 recedere,ne-

298 4568 413 4625 que
432 4552 669 4609 thecam
688 4555 817 4625 ejus
833 4554 1127 4611 dimittere
1141 4554 1468 4610 voluerunt.
1482 4555 1679 4611 Vocati
1694 4561 1833 4613 sunt
1852 4558 1955 4612 ita-
1983 4577 2033 4642 Ι)

300 4657 415 4712 que
444 4645 570 4697 tam
601 4642 806 4710 abbas,
840 4659 1020 4714 quam
1050 4659 1255 4699 omnes
1286 4641 1345 4698 hi
1387 4659 1635 4716 quorum
1688 4645 1955 4701 interfuit

299 4728 625 4786 vindictam
653 4730 870 4787 donare
894 4747 906 4785 :
931 4735 1306 4804 negaverunt,
1323 4749 1429 4788 nec
1451 4737 1700 4790 mortem
1731 4734 1955 4791 occiso-

301 4834 437 4873 rum
469 4819 599 4875 sine
628 4818 885 4875 vindicta
916 4820 1209 4877 remittere
1238 4820 1569 4877 voluerunt.
1594 4823 1742 4889 Quid
1773 4824 1956 4896 ergo?

298 4906 625 4963 deductum
658 4913 748 4964 est
780 4925 1015 4964 sacrum
1044 4924 1257 4980 corpus
1287 4910 1499 4965 infecto
1521 4912 1957 4984 negotio,atque

300 4996 361 5051 in
392 4996 650 5051 oratorie
681 4996 864 5053 beata:
886 4996 1131 5069 virginis
1163 4996 1354 5052 Mariae
1387 4997 1757 5056 collocatum.
1784 5002 1955 5057 Sum-

301 5100 400 5141 me
434 5089 636 5141 autem
653 5085 931 5155 diluculo,
950 5086 1120 5142 nobis
1136 5085 1328 5142 adhuc
1348 5087 1405 5142 in
1424 5089 1622 5144 stratis
1645 5089 1956 5161 quiescen-

373 5199 495 5271 (66)
519 5201 684 5271 Apud
718 5202 1027 5257 Oshertum
1062 5219 1075 5256 :
1114 5225 1140 5251 ‹‹
1174 5202 1534 5257 Lanl'rancus
1579 5205 1957 5262 Cademensis

303 5270 790 5348 ctenpbii’abhas,
815 5274 911 5348 vir
931 5273 1229 5344 praestanti
1253 5275 1541 5348 sapientia
1566 5276 1958 5348 pollens.(jan-

304 5340 666 5420 tuariensem
718 5340 1122 5420 pontiﬁcatum
1174 5340 1491 5420 regendum
1541 5340 1819 5420 suscepit,
1855 5348 1954 5420 qui

304 5430 473 5490 more
502 5411 668 5490 electi
696 5411 930 5471 antistis
960 5411 1333 5490 Cantuariam
1367 5434 1502 5471 xvm
1526 5418 1651 5471 Kal.
1686 5411 1956 5490 Septem-

304 5483 431 5538 bris
464 5485 720 5553 venicns,
752 5493 1062 5558 susceptus
1091 5492 1182 5542 est
1208 5504 1241 5542 a
1270 5486 1422 5543 clero
1453 5494 1511 5543 et
1581 5483 1781 5560 epulo,
1802 5491 1957 5545 sicut

304 5553 544 5610 Patrem
576 5562 747 5613 tantae
780 5560 937 5614 sedis
957 5563 1012 5614 et
1031 5559 1224 5614 virum
1254 5558 1509 5614 inuentis
1537 5506 1703 5614 iamne
1735 5562 1955 5614 suscini

304 5553 544 5633 Patrem
576 5553 1012 5633 tantm_sediset
1031 5559 1224 5614 virum
1254 5558 1509 5633 ingentis
1530 5553 1703 5633 fama:
1735 5553 1955 5633 suscipi

304 5631 437 5682 erat
468 5643 718 5701 mquam.
753 5630 853 5687 Hic
900 5631 1110 5703 adepta
1158 5630 1477 5702 pontiﬁcali
1526 5630 1951 5699 benedictione,

2070 1883 2348 1955 injuriam
2377 1885 2761 1941 donaverunt.

2071 2008 2410 2081 Lua/rancus
2440 2010 2708 2081 faventem
2737 2010 2848 2066 sibi
2875 2012 3037 2067 sentit
3064 2014 3407 2071 Dunstmnun
3452 2018 3509 2072 in
3554 2033 3715 2073 causa

2736 2084 3040 2155 temporali.

2141 2199 2224 2253 17.
2241 2197 2342 2253 Iiis
2361 2198 2724 2269 temporibus
2742 2199 3081 2256 conflictum
3100 2200 3233 2257 iniit
3247 2203 3606 2261 Lanfrancus
3624 2223 3713 2261 ar-

2066 2286 2473 2360 chiepiscopus
2487 2287 2764 2343 adversus
2778 2289 3029 2362 majores
3043 2296 3183 2346 natu
3201 2292 3715 2367 regniAnglorum,

2064 2375 2353 2447 praecipue
2384 2376 2663 2432 adversus
2694 2376 3035 2451 episcopum
3059 2379 3457 2451 Bajocenscm,
3483 2384 3727 2441 nomine‘

2065 2461 2345 2532 Odonem,
2380 2464 2478 2537 qui
2510 2469 2634 2520 erat
2664 2465 2843 2521 frater
2872 2467 3051 2539 regis,
3082 2474 3138 2523 et
3169 2486 3369 2526 comes
3395 2471 3716 2540 Cantiae,de

2055 2552 2190 2624 jure
2220 2550 2474 2608 ecclesiae
2506 2551 2740 2621 Christi,
2776 2557 2832 2609 et
2862 2555 3219 2626 quibusdam
3252 2560 3424 2615 terris
3474 2561 3609 2617 inde
3640 2562 3713 2619 ab

2062 2640 2321 2711 antiquis
2353 2641 2716 2712 temporibus
2746 2641 2967 2713 injuste
2991 2643 3223 2702 ablatis.
3244 2647 3355 2703 Sed
3380 2648 3526 2704 nihil
3549 2651 3620 2706 de
3639 2650 3715 2705 vi-

2061 2727 2225 2783 ribus
2256 2727 2379 2783 suis
2402 2728 2700 2785 conﬁdens
2723 2729 2869 2801 (erat
2890 2747 3144 2804 namque
3161 2733 3311 2789 sicut
3328 2735 3602 2793 omnibus
3625 2755 3712 2793 sa-

2060 2816 2282 2889 pientia
2308 2816 2830 2890 imcomparabilis,
2862 2818 2945 2875 ita
2976 2821 3034 2876 in
3076 2827 3391 2893 conspectu
3440 2824 3541 2880 Dei
3590 2843 3706 2898 pra:

2059 2906 2335 2963 omnibus
2357 2922 2587 2979 semper
2606 2907 2938 2964 humilitate
2954 2909 3343 2983 admirabilis)
3363 2914 3708 2985 deprecatus

2059 2995 2396 3052 estbeatum
2416 2995 2786 3053 Dunstanum
2804 2996 3016 3053 auxilio
3034 2997 3144 3055 sibi
3160 2999 3281 3056 fore
3295 3000 3368 3057 ad
3393 3002 3705 3060 defenden-

2058 3084 2195 3140 dam
2216 3100 2455 3140 causam
2472 3084 2727 3141 ecclesiae
2752 3102 2869 3141 suaa
2890 3104 2903 3154 ;
2930 3090 2986 3142 et
3007 3087 3203 3144 oblata
3219 3106 3322 3161 pro
3339 3090 3708 3149 exauditiene

1977 3202 2022 3272 ϐ
2058 3171 2253 3272 bestia
2282 3171 2543 3272 salutari,
2579 3174 2811 3272 quietus
2840 3174 3080 3272 sedebat
3112 3176 3172 3272 in
3204 3175 3707 3272 loco,enspectans

2059 3260 2493 3318 advocationem
2512 3261 2969 3331 causidicorum,
2982 3264 3160 3320 simul
3178 3282 3243 3321 ac
3257 3265 3548 3323 meditans
3566 3270 3707 3343 quid

2054 3349 2141 3405 vel
2176 3350 2300 3422 ipse
2329 3348 2675 3405 adversariis
2708 3350 2981 3421 obiicere,
3005 3352 3091 3408 vel
3114 3353 3367 3425 qualiter
3389 3356 3461 3411 ad
3483 3357 3711 3430 objecta

2057 3454 2301 3511 quaeque
2332 3444 2528 3511 posset
2557 3440 2926 3511 respondere.
2952 3442 3116 3497 Tunc
3137 3442 3373 3501 interim
3406 3461 3709 3504 excessum

2058 3527 2272 3583 mentis
2293 3527 2532 3601 patienti
2553 3528 2825 3600 apparuit
2845 3535 3085 3587 sanctus
3107 3531 3229 3599 Dei,
3251 3536 3412 3591 stans
3434 3534 3494 3591 in
3516 3537 3708 3594 medio

2058 3617 2308 3707 duorum
2339 3615 2671 3707 aliquorum
2706 3616 2971 3707 angelica
3000 3617 3282 3707 δηίωιο
3303 3621 3705 3694 praeditorum,

2060 3703 2351 3776 angelices
2364 3710 2421 3760 et
2438 3704 2561 3777 ipse
2578 3705 2773 3761 vultus
2790 3705 3034 3775 habens,
3049 3703 3295 3781 atquein
3318 3710 3482 3768 vultu
3497 3729 3703 3784 quam-

2060 3794 2196 3848 dam
2229 3793 2435 3848 trontis
2465 3799 2522 3848 et
2552 3792 2855 3849 oculorum
2903 3794 3331 3853 conniventiam
3385 3801 3707 3858 Lanfrance

2061 3880 2394 3937 ostendens.
2415 3881 2493 3935 Ex
2512 3898 2628 3953 qua
2649 3882 2870 3937 visione
2892 3884 2963 3938 de
2984 3884 3267 3956 capienda
3287 3886 3528 3943 victoria
3550 3906 3709 3945 secu-

2062 3969 2269 4025 rusille
2286 3970 2545 4037 etractus,
2568 3969 2879 4026 concilium
2911 3971 3363 4044 malignantiam
3384 3976 3710 4049 intrepidus

2061 4058 2225 4125 adiit,
2239 4057 2595 4114 munitiones
2614 4057 2845 4113 illorum
2860 4063 3115 4116 torrente
3136 4061 3430 4119 rationum
3446 4064 3709 4123 funditus

2061 4147 2389 4220 dissipavit.
2425 4147 2510 4203 Ita
2541 4148 2697 4203 enim
2731 4154 2977 4205 cunctos
3007 4150 3222 4206 Christi
3253 4169 3318 4209 ac
3342 4170 3482 4211 suos
3498 4156 3712 4214 devicit

2062 4235 2515 4302 adversarios,ut
2532 4241 2589 4291 et
2606 4254 2731 4309 qum
2746 4236 2835 4291 sui
2842 4238 2998 4309 juris
3020 4241 3470 4307 erant,ecclesia3
3493 4244 3710 4301 Christi

2063 4324 2435 4398 integerrime
2468 4324 2940 4394 restituerentur,
2971 4333 3029 4383 et
3056 4328 3167 4383 hoc
3196 4347 3311 4385 non
3344 4330 3606 4388 humana
3624 4351 3711 4390 sa-

2062 4414 2299 4486 pientia,
2336 4413 2434 4469 sed
2468 4411 2661 4468 divina
2692 4414 2910 4471 factum
2942 4415 3124 4473 fuisse
3170 4418 3384 4475 virtute
3413 4418 3566 4476 idem
3597 4421 3707 4503 Do-

2063 4500 2207 4562 mini
2240 4518 2441 4558 servus
2471 4499 2839 4574 gloriaretur.

2593 4619 2658 4673 Et
2688 4620 2742 4673 in
2774 4622 2935 4689 gravi
2970 4621 3173 4677 morbo.

2137 4736 2221 4789 18.
2257 4733 2391 4789 Post
2415 4732 2637 4805 alquet
2666 4734 2792 4790 dies
2823 4735 3184 4792 Lanfrancus
3216 4738 3502 4809 corporali
3540 4740 3706 4795 inﬁr-

2065 4823 2265 4880 mitate
2280 4820 2624 4895 gravissime
2640 4826 2849 4891 tactus,
2866 4824 3105 4881 omnino
3124 4842 3159 4880 a
3177 4827 3422 4884 medicis
3443 4828 3712 4902 despera-

2064 4914 2255 4970 batur.
2284 4911 2548 4983 Cumque
2570 4911 2746 4967 ﬁnem
2766 4911 3036 4985 vitzejam
3049 4914 3295 4988 jamque
3323 4917 3528 4973 adesse
3548 4922 3711 4990 puta-

2064 5005 2171 5071 ret,
2195 4999 2378 5055 missa
2403 4998 2689 5072 legatione
2712 5001 2952 5057 mandat
2973 5002 3251 5060 fratribus
3272 5004 3524 5061 ecclesia:
3545 5004 3709 5062 Chri-

2066 5090 2139 5146 sti
2169 5106 2296 5161 quze
2328 5088 2482 5143 circa
2511 5104 2571 5143 se
2602 5088 2958 5161 agebantur;
2991 5094 3223 5164 exoptat
3253 5093 3549 5151 seniorum
3573 5112 3711 5169 prm-

2066 5222 2241 5280 quam
2258 5221 2311 5258 ιν
2326 5203 2448 5280 Kal.
2466 5204 2760 5273 Septemb.
2776 5204 3099 5280 Cantuariis
3116 5209 3709 5280 suscepit,ccclesiam

2067 5274 2402 5347 Salvatoris,
2424 5290 2611 5347 quam
2634 5279 2759 5328 tum
2782 5277 3088 5346 praefatum
3112 5274 3602 5347 incendium,tum
3626 5298 3712 5336 ve-

2068 5350 2257 5423 tustas
2288 5343 2555 5423 inutilem
2587 5343 2817 5423 fecerat,
2845 5347 3109 5423 funditus
3126 5343 3708 5423 destruere,etaugu-

2066 5419 2304 5494 stjerem
2336 5417 2526 5494 facere
2544 5415 3150 5494 _cupiens,_etc_.Levata
3169 5427 3305 5475 sunt
3326 5415 3566 5494 corpora
3588 5415 3711 5494 piro-

2065 5490 2350 5569 tiosorunl
2397 5488 2739 5558 pontiﬁcum
2793 5489 3027 5559 Christi,
3062 5491 3351 5547 Dunstani
3398 5488 3710 5567 atque-El-

2067 5562 2202 5634 fegi.
2235 5582 2263 5611 ››
