4116 6176
321 326 446 396 167

325 549 560 619 liceret;
594 551 853 608 defuncti
887 551 970 623 (ut
997 551 1187 607 verbis
1235 556 1366 606 utar
1413 551 1595 620 illius)
1626 553 1872 608 cadaver
1902 553 1974 608 ad

327 639 533 695 urbem
564 655 764 694 secum
795 639 1251 695 transveherent.
1276 639 1420 696 Nam
1443 641 1503 694 in
1525 641 1781 714 quodam
1801 640 1978 697 eccle-

326 727 426 783 size
458 725 809 798 patrimonio
839 727 1039 798 procul
1072 727 1145 781 ab
1169 727 1310 783 urbe
1331 728 1768 801 distante,quod
1792 730 1978 785 Ealdi-

323 819 464 869 tune
495 815 591 884 [αι.
625 813 1020 885 Ealdintune.]
1052 820 1308 884 vocatur,
1343 817 1498 872 idem
1535 819 1702 874 Pater
1738 835 1974 874 venera-

323 901 458 958 bilis
487 902 825 974 aagrotabat.
859 902 1116 960 Veniunt
1147 905 1344 978 itaque
1367 904 1447 960 illi
1472 905 1544 961 ad
1572 906 1765 962 locum
1789 925 1801 974 ;
1825 907 1977 962 inve-

321 989 494 1045 niunt
511 989 711 1045 omnia
731 989 1006 1062 lacrymis
1031 992 1266 1064 repleta,
1287 993 1519 1065 plorant
1540 1011 1674 1050 cum
1699 995 1974 1067 ploranti-

323 1079 456 1146 bus,
483 1077 747 1134 nolcntes
778 1079 1077 1136 hominem
1103 1086 1288 1137 morte
1309 1083 1508 1139 videre
1530 1083 1974 1153 finiendum,cui

323 1165 580 1222 similem
615 1171 746 1239 post
766 1167 888 1222 haec
905 1167 1167 1224 sciebant
1182 1185 1296 1225 non
1316 1187 1444 1226 esse
1461 1171 1978 1228 inveniendum.At

324 1254 441 1326 ille,
476 1253 594 1310 sive
624 1271 763 1310 suas
787 1257 1110 1328 angustias,
1127 1259 1248 1314 sive
1264 1257 1518 1314 filiorum
1541 1277 1784 1316 suorum
1807 1262 1972 1318 mise-

325 1341 442 1398 rias
474 1356 589 1397 non
622 1343 814 1400 ferens
844 1344 1020 1416 (sicut
1049 1347 1206 1401 enim
1239 1351 1427 1403 mater
1471 1349 1712 1404 unicum
1762 1349 1971 1419 filium,

324 1430 407 1486 ita
436 1429 702 1504 singulos
733 1448 840 1488 nos
873 1433 1042 1488 unice
1072 1433 1394 1508 diligebat),
1433 1439 1720 1493 convertit
1767 1439 1974 1495 faciem

323 1535 494 1575 suam
524 1519 597 1574 ad
629 1520 1203 1592 parietem,divinam
1229 1525 1466 1596 quantis
1489 1531 1686 1598 posset
1701 1527 1976 1599 suspiriis

322 1607 692 1664 clementiam
717 1609 1159 1682 deprecaturus.
1177 1611 1495 1670 Confestim
1517 1618 1712 1670 autem
1736 1633 1975 1672 sursum

320 1699 545 1770 raptus,
572 1696 806 1752 videbat
827 1697 996 1769 quasi
1018 1699 1336 1756 exercitum
1357 1701 1618 1758 virorum
1641 1703 1974 1760 candidato-

319 1801 474 1852 rum,
493 1783 765 1841 lucilluas
788 1785 942 1842 sicut
952 1785 1038 1844 sol
1053 1787 1230 1845 facies
1243 1787 1780 1860 habentium,albos
1792 1809 1974 1866 equos

320 1889 457 1930 cum
488 1872 747 1946 phaleris
779 1874 974 1930 aureis
990 1880 1254 1948 comptos
1274 1877 1680 1948 insidentium,
1699 1880 1980 1937 etlibera-

321 1960 410 2018 les
430 1961 869 2032 jocosjocunda
885 1964 1142 2034 quadam
1165 1965 1452 2022 suavitate
1469 1967 1540 2022 ad
1557 1967 1806 2026 invicem
1825 1969 1982 2026 exhi-

321 2048 610 2106 bentium.
642 2052 799 2116 Quos
825 2049 922 2106 ille
955 2056 1377 2124 praetereuntes
1415 2055 1764 2114 laetabundis
1795 2057 1978 2116 oculis

321 2137 582 2206 intuens,
602 2137 1015 2235 sciscitabatur
1036 2141 1348 2213 cujusnam
1370 2143 1483 2200 ista
1503 2145 1780 2218 profectio
1802 2151 1974 2204 esset.

321 2227 558 2283 Dictum
591 2227 912 2284 autem’est
937 2227 1088 2284 hanc
1119 2230 1322 2286 domni
1343 2231 1632 2290 Dunstani
1655 2235 1975 2305 esse,illum

319 2331 456 2372 vero
487 2333 604 2371 non
631 2313 806 2388 longe
828 2317 1054 2374 abesse.
1074 2319 1462 2391 Exspectabat
1482 2322 1679 2395 itaque
1705 2325 1978 2382 Lanfran-

321 2420 428 2460 cus
459 2403 769 2476 explorans
801 2405 1168 2478 singulorum
1199 2411 1634 2468 transeuntium
1655 2413 1974 2482 vultus,cu—

321 2493 489 2567 piens
511 2492 677 2548 illum
700 2510 817 2566 pra:
835 2494 1058 2552 caeteris
1075 2514 1410 2570 agnoscere,
1426 2517 1460 2555 a
1477 2517 1590 2572 quo
1614 2519 1728 2574 prae
1751 2503 1974 2560 caeteris

320 2581 580 2638 remedia
606 2583 882 2654 sperabat
907 2583 1118 2641 salutis
1147 2587 1442 2659 accipere;
1478 2593 1535 2645 et
1556 2606 1686 2646 ecce
1710 2591 1972 2648 beatissi-

320 2686 456 2726 mus
474 2671 641 2726 Pater
655 2671 996 2728 Dunstanus
1011 2675 1432 2732 venerabilium
1455 2677 1752 2735 seniorum
1771 2681 1973 2738 cuneis

316 2756 457 2814 hinc
473 2758 608 2815 inde
624 2760 880 2832 stipatus
895 2761 1184 2832 veniebat,
1201 2764 1456 2820 similem
1477 2784 1582 2840 per
1596 2769 1795 2824 omnia
1813 2774 1973 2826 caete-

317 2846 402 2902 ris
421 2847 692 2904 habitum
709 2865 937 2922 gerens,
956 2850 1070 2907 nisi
1089 2853 1242 2924 quod
1261 2854 1332 2910 ab
1351 2854 1614 2912 humeris
1629 2861 1685 2913 et
1707 2875 1966 2928 sursum,

318 2933 528 2991 celsior
557 2936 786 2993 cunctis
816 2937 1129 2995 eminebat.
1161 2940 1224 2996 In
1257 2943 1428 3015 cujus
1477 2961 1788 3002 occursum
1819 2948 1968 3003 Lan-

315 3023 554 3081 francus
585 3025 890 3081 humiliter
907 3027 1304 3100 progrediens,
1317 3031 1693 3106 jungensque
1717 3051 1777 3090 se
1799 3037 1870 3091 ad
1893 3037 1973 3091 la.

315 3114 414 3167 tus
424 3112 932 3184 equitantis,illius
945 3115 1310 3187 amplexatus
1322 3125 1411 3176 est
1419 3122 1628 3193 pedem
1641 3122 1818 3178 simul
1833 3141 1968 3180 cum

1313 329 1378 394 S.
1425 325 1892 395 DUNSTANUS
1934 327 2300 392 ARCHIEP.
2347 331 2744 397 CANTUAR.

326 459 599 531 sentiam,
633 466 924 535 quatenus
957 459 1005 519 si
1038 460 1096 518 in
1127 480 1363 535 corpore
1392 461 1615 520 diutius
1644 461 1832 520 vivere
1855 479 1970 519 non
1999 463 2058 530 Α

3623 334 3745 399 468

2566 494 2633 550 Et
2660 496 2718 549 in
2747 493 2932 550 morbo
2961 493 3252 567 repellant.

2160 590 2246 645 19.
2281 591 2529 657 Quidam
2577 591 2916 664 capellanus
2967 594 3266 668 presbyter
3313 593 3743 672 archiepiscopi

2087 680 2229 735 adeo
2261 679 2418 752 gravi
2453 680 2701 735 febrium
2733 681 3034 737 vexatione
3084 699 3187 754 per
3233 687 3473 740 octonos
3505 703 3744 742 menses

2087 769 2380 824 cruciatus
2398 769 2604 836 fuerat,
2620 773 2685 824 ut
2702 769 3066 842 consumptis
3084 771 3359 832 carnibus
3375 772 3470 828 vix
3485 773 3744 831 infirmis

2086 857 2318 912 ossibus
2351 857 2516 930 pellis
2548 857 2806 914 hazreret.
2833 859 2936 914 Hic
2967 877 3032 914 eo
3063 865 3359 916 momento
3382 879 3500 935 quo
3521 863 3743 919 archie-

2087 946 2362 1018 piscopus
2385 947 2580 1001 salvus
2603 948 2845 1003 effectus
2867 952 2975 1017 est,
2995 953 3253 1021 Optatam
3273 967 3306 1004 a
3324 949 3440 1006 Deo
3462 950 3738 1019 salutem,

2087 1036 2144 1089 et
2172 1035 2296 1106 ipse
2327 1039 2678 1091 consecutus
2707 1038 2815 1103 est,
2841 1039 2896 1091 et
2925 1053 3097 1092 mane
3129 1039 3199 1092 ad
3227 1038 3739 1112 archiepiscopum

2085 1122 2456 1180 lzetabundus
2476 1124 2808 1196 ingrediens
2832 1124 3137 1194 (didicerat
3159 1127 3740 1200 namqueillumcon-

2083 1212 2381 1281 valuisse),
2418 1213 2750 1286 requirebat
2793 1215 3035 1270 modum
3084 1220 3322 1288 receptae
3357 1216 3644 1286 sanitatis,
3678 1223 3740 1275 et

2087 1300 2380 1356 audiebat.
2417 1301 2674 1375 Rogatus
2727 1303 2904 1358 etiam
2953 1303 3099 1375 ipse,
3130 1306 3194 1358 ut
3231 1305 3735 1375 quemadmodum

2087 1405 2212 1444 sese
2243 1390 2484 1445 haberet
2521 1391 2792 1446 ediceret.
2827 1391 3022 1458 Plane,
3056 1390 3268 1464 inquit,
3301 1392 3520 1464 Optime
3547 1393 3732 1462 valeo,

2085 1478 2364 1550 quoniam
2387 1478 2441 1534 is
2473 1479 2572 1552 qui
2601 1483 2656 1535 te
2685 1477 2745 1534 in
2777 1479 2982 1535 mortis
3013 1479 3268 1551 periculo
3292 1481 3626 1538 miserando
3652 1499 3738 1540 re-

2085 1567 2292 1638 spexit,
2327 1567 2472 1622 mihi
2501 1584 2733 1640 quoque
2757 1567 2831 1623 ob
2853 1567 3104 1641 gratiam
3124 1569 3209 1624 tui
3235 1569 3295 1624 in
3317 1569 3427 1625 hac
3449 1575 3616 1628 nocte
3638 1589 3731 1628 sa-

2085 1654 2268 1710 lutem
2301 1655 2561 1712 conferre
2593 1657 2870 1730 dignatus
2917 1660 3024 1714 est.
3058 1657 3335 1713 Jacebam
3384 1674 3638 1731 namque
3671 1659 3731 1715 in

2085 1747 2270 1799 stratu
2297 1760 2448 1812 meo,
2463 1745 2617 1818 quod
2641 1743 2872 1818 ligneus
2890 1743 3258 1800 solummodo
3272 1749 3504 1802 astratu
3522 1749 3622 1802 tuo
3639 1765 3733 1820 pa-

2005 1831 2056 1898 B
2085 1831 2199 1888 ries
2229 1831 2474 1901 dirimit,
2498 1833 2885 1906 videbamque
2905 1833 2965 1888 in
2985 1833 3208 1890 visione
3227 1833 3465 1891 beatum
3490 1835 3734 1893 Dunsta-

2088 1937 2231 1976 num
2245 1919 2538 1978 solemnes
2549 1922 2610 1977 in
2627 1921 2872 1978 ecclesia
2887 1921 3201 1978 Salvatoris
3215 1921 3430 1979 missas
3441 1929 3728 1998 agentem,

2089 2025 2299 2082 meque
2317 2009 2402 2066 illi
2422 2009 2482 2066 in
2516 2009 2842 2067 ministerio
2873 2010 3338 2068 subdiaconatus
3361 2013 3726 2070 servientem.

2087 2100 2351 2172 Cumque
2381 2098 2634 2172 perlecta
2663 2117 2697 2156 a
2726 2116 2820 2156 me
2850 2099 3058 2156 fuisset
3087 2099 3354 2172 epistola,
3379 2101 3450 2156 ad
3475 2103 3651 2174 pedes
3673 2101 3732 2158 il-

2088 2186 2202 2242 lius
2233 2205 2302 2242 ex
2332 2204 2491 2243 more
2523 2188 2948 2244 deosculandos
2995 2189 3235 2256 accessi,
3269 2189 3728 2246 benedictionem

2088 2276 2248 2348 petii,
2263 2277 2411 2332 etita
2426 2293 2561 2332 cum
2579 2277 2708 2349 ejus
2730 2276 3132 2333 benedictione
3151 2278 3428 2334 recedens
3443 2279 3726 2336 convalui.

2084 2364 2343 2420 Audiens
2372 2364 2494 2420 haec
2521 2364 2870 2421 venerabilis
2903 2366 3072 2421 Pater
3120 2365 3503 2435 Lanfrancus,
3536 2383 3726 2422 erum-

2086 2469 2230 2524 pens
2264 2452 2322 2507 in
2357 2453 2640 2526 gaudium
2663 2453 2747 2508 sic
2769 2453 2852 2509 ait
2885 2469 2896 2509 :
2933 2454 3056 2511 Non
3079 2453 3276 2526 potuit
3297 2455 3617 2528 quidquam
3641 2455 3732 2512 in-

2085 2539 2382 2596 ﬁrmitatis
2412 2540 2472 2596 in
2504 2541 2630 2596 loco
2663 2557 2985 2609 remanere,
3005 2557 3180 2614 quem
3211 2548 3452 2599 sanctus
3473 2545 3573 2601 Dei
3597 2543 3730 2601 visi-

2083 2629 2324 2686 tationis
2357 2647 2474 2686 sua:
2509 2631 2700 2703 gratia
2731 2630 3010 2703 dignatus
3040 2634 3130 2687 est
3158 2629 3473 2688 illustrare.

2273 2745 2526 2802 Catenam
2555 2745 2687 2802 nodi
2713 2746 2898 2803 soluti.
2933 2747 3151 2802 Factum
3178 2747 3536 2803 contrarium.

2150 2845 2240 2920 2_0.
2274 2843 2355 2898 Ea
2384 2859 2616 2916 quoque
2645 2847 2996 2916 tempestate
3015 2845 3141 2899 dua:
3165 2845 3433 2916 quasdam
3455 2861 3546 2901 res
3567 2845 3718 2918 apud

2081 2949 2188 2988 nos
2217 2933 2608 3006 contigerunt,
2644 2949 2791 3006 quas
2821 2949 2938 2992 non
2969 2932 3158 3005 magis
3198 2933 3368 2989 beato
3399 2933 3721 3002 Dunstano,

2081 3037 2258 3094 quam
2291 3021 2514 3078 caeteris
2545 3021 2762 3077 ibidem
2795 3021 3236 3094 quiescentibus
3268 3023 3491 3079 sanctis
3539 3023 3722 3080 ascri-

2079 3110 2302 3166 bendas
2333 3111 2692 3182 putavimus.
2717 3113 2800 3167 Ex
2827 3116 3112 3186 praecepto
3142 3111 3433 3184 siquidem
3459 3113 3726 3186 Bajccen-

315 3199 670 3269 ascensorio,
703 3201 798 3256 cui
829 3200 1142 3276 videbatur;
1172 3204 1366 3276 inniti,
1399 3213 1574 3280 atque
1604 3211 1678 3266 ad
1709 3227 1771 3267 se
1801 3229 1965 3268 oscu-

2081 3199 2166 3254 sis
2195 3198 2451 3272 episcopi
2474 3199 2718 3272 quidam
2737 3199 2826 3255 vir
2846 3199 2907 3255 in
2927 3199 3162 3257 vincula
3181 3201 3483 3272 conjectus
3515 3201 3719 3273 fuerat,

313 3285 475 3343 landi
501 3287 688 3362 gratia
715 3288 946 3346 trahere
966 3296 1210 3349 conatus
1230 3297 1417 3352 est.At
1436 3297 1778 3355 Dunstanus
1801 3301 1968 3373 quasi

317 3377 392 3432 ad
425 3376 643 3432 factum
670 3393 1080 3450 expavescens,
1097 3381 1216 3438 sive
1240 3384 1562 3443 Lanfranco
1585 3386 1826 3446 honoris
1845 3407 1972 3463 gra-

313 3463 460 3521 tiam
491 3464 803 3538 exhibens,
836 3468 1150 3526 constrieto
1180 3487 1333 3544 genu
1363 3477 1612 3547 utraque
1659 3492 1838 3534 manu
1868 3496 1968 3552 pc-

314 3553 449 3633 dem
480 3555 552 3609 ad
580 3569 642 3610 se
671 3553 982 3612 videbatur
1013 3558 1328 3616 retrahere.
1363 3562 1426 3617 In
1455 3562 1563 3620 hac
1589 3565 1760 3622 beata
1785 3571 1965 3624 certa-

312 3641 492 3698 minis
522 3642 680 3700 lucta
712 3644 1076 3702 Lanfrancus
1095 3648 1168 3703 ad
1186 3647 1244 3702 id
1265 3650 1420 3720 quod
1441 3651 1629 3708 fuerat
1645 3655 1967 3724 redit,etita

311 3746 374 3788 sc
386 3749 598 3788 sanum
611 3732 845 3806 reperit,
862 3737 926 3789 ut
940 3734 1170 3792 nullum
1189 3736 1553 3796 infirmitatis
1573 3744 1885 3817 vestigium
1903 3745 1963 3802 in

307 3821 429 3876 toto
450 3837 689 3895 corpore
705 3823 1108 3882 remansisset.
1122 3826 1259 3898 Agit
1275 3827 1471 3901 itaque
1487 3831 1706 3903 gratias
1726 3833 1964 3901 Deo,cu~

297 3908 401 3980 jus
414 3910 566 3966 dono
579 3911 1020 3968 etDunstanum
1039 3913 1582 3989 videre,etcupitam
1597 3915 1847 3978 Salutem
1861 3923 1959 3980 illo

305 3997 500 4069 potuit
527 3999 782 4055 donante
813 4001 1131 4074 suscipere.
1165 4003 1400 4060 Vocatis
1431 4023 1568 4079 ergo
1590 4008 1682 4064 his
1703 4010 1804 4082 qui
1827 4030 1956 4083 pro-

305 4084 439 4158 pius
472 4088 917 4158 accumbebant,
953 4095 1152 4146 narrat
1180 4108 1248 4147 ex
1291 4094 1494 4150 ordine
1545 4114 1670 4169 qua:
1714 4097 1953 4171 viderat,

305 4172 485 4228 simul
531 4191 593 4230 se
641 4175 1006 4234 convaluisse
1064 4186 1374 4236 asseverat.
1413 4182 1536 4240 Illis
1583 4202 1715 4243 vero
1761 4188 1954 4244 existi-

303 4261 605 4319 mantibus
636 4265 794 4335 quod
824 4263 1079 4322 alienata
1109 4274 1302 4326 mente
1335 4270 1704 4344 loqueretur:
1733 4277 1952 4351 Praepa-

304 4353 486 4420 retur,
513 4351 728 4424 inquit,
763 4352 908 4408 mihi
947 4355 1162 4423 altare;
1195 4358 1465 4416 videbitis
1496 4378 1752 4436 namque
1785 4365 1950 4424 illum

301 4440 655 4496 sacrificium
675 4441 790 4498 Deo
813 4444 1172 4517 oll'erentem,
1190 4463 1362 4520 quem
1378 4449 1552 4523 paulo
1573 4457 1706 4509 ante
1727 4454 1955 4512 videba-

2079 3291 2384 3360 propterea
2413 3289 2566 3361 quod
2599 3305 2832 3346 cervum
2863 3287 2924 3345 in
2958 3288 3102 3346 silva
3133 3288 3294 3344 illius
3315 3307 3350 3346 a
3369 3289 3615 3346 canibus
3636 3290 3724 3346 in-

2079 3377 2376 3448 scitatum,
2396 3378 2720 3450 seseque-in
2737 3393 3049 3434 occursum
3067 3377 3196 3448 ejus
3214 3377 3572 3451 praecipitem
3590 3379 3726 3435 dan-

2077 3469 2218 3534 tem,
2253 3465 2470 3522 emissa
2502 3467 2718 3540 sagitta
2747 3467 3079 3522 occidisset.
3105 3465 3356 3522 Habitus
3372 3467 3584 3539 ergoin
3607 3467 3726 3523 vin-

2077 3552 2225 3609 culis
2247 3554 2306 3609 in
2329 3554 2561 3612 civitate
2581 3554 2914 3623 Cantuaria,
2935 3554 3142 3611 diebus
3163 3570 3230 3610 ac
3253 3555 3522 3613 noctibus
3539 3555 3723 3612 eccle-

2076 3641 2224 3698 siam
2257 3643 2647 3716 frequentare,
2679 3644 2969 3717 lacrymas
3000 3661 3102 3717 pro
3133 3645 3388 3716 peccatis
3428 3645 3723 3703 elfundere

2075 3729 2220 3802 suis,
2239 3748 2635 3806 magnumque
2651 3732 2853 3806 populi
2873 3733 3147 3788 alfectum
3167 3749 3236 3788 ex
3258 3732 3456 3788 sonitu
3477 3733 3720 3790 striden-

2075 3817 2224 3874 tium
2253 3825 2592 3877 catenarum
2623 3822 2778 3877 circa
2805 3838 2868 3878 se
2899 3821 3168 3878 excitare.
3195 3820 3462 3894 Cumque
3489 3821 3600 3878 hoc
3619 3840 3722 3895 per

2072 3907 2220 3964 duos
2255 3909 2869 3979 annoslindesinenter
2898 3909 3150 3978 fecisset,
3186 3910 3441 3981 quadam
3464 3909 3715 3978 die,cum

2071 4000 2206 4052 ante
2255 3997 2435 4053 altare
2485 3997 2798 4054 Dominicee
2848 3997 3041 4055 crucis
3100 4001 3432 4070 prostratus
3471 3999 3713 4072 jacerct,

2067 4084 2403 4141 videntibus
2416 4087 2640 4144 cunctis
2655 4086 2754 4159 qui
2767 4087 3230 4144 circumstabant
3241 4091 3459 4143 catena
3471 4088 3715 4160 dirupta:

2068 4178 2226 4243 sunt,
2261 4173 2403 4230 betae
2440 4176 2499 4231 in
2530 4181 2784 4248 quatuor
2813 4181 3010 4249 partes
3049 4175 3446 4246 comminutae,
3481 4175 3624 4232 clavi
3656 4177 3716 4232 in

2068 4263 2330 4319 minutas
2351 4268 2545 4336 partes
2578 4265 2880 4321 confracti.
2917 4265 3045 4338 Ipse
3074 4280 3208 4320 vero
3247 4265 3390 4337 quid
3423 4265 3495 4321 de
3525 4282 3592 4322 eo
3624 4266 3714 4322 dt-

2063 4350 2283 4408 vinitus
2307 4353 2590 4425 agebatur
2604 4355 2840 4426 penitus
2862 4353 3187 4426 ignorabat.
3205 4354 3495 4426 Surgente
3513 4359 3710 4411 autem

2065 4437 2163 4494 illo
2193 4440 2264 4496 ab
2297 4427 2580 4512 oratione,
2604 4441 2940 4498 ceciderunt
2953 4440 3184 4498 vincula
3201 4442 3273 4496 de
3289 4441 3540 4514 pedibus
3557 4442 3708 4510 suis;

299 4527 378 4584 tis
407 4528 500 4584 vix
529 4529 686 4586 labia
715 4538 1065 4590 moventem,
1092 4535 1308 4592 Deinde
1356 4537 1558 4594 accitis
1611 4541 1712 4613 qui
1763 4561 1950 4616 nuper
1980 4570 2026 4636 Β
2065 4545 2192 4599 qua:
2224 4527 2434 4586 tollens
2464 4529 2520 4584 in
2556 4531 2832 4586 manibus
2864 4531 3012 4601 suis,
3041 4545 3145 4603 per
3175 4530 3436 4586 medium
3461 4531 3708 4588 fratrum

299 4616 653 4674 advenerant
685 4619 1035 4678 senioribus.
1070 4623 1173 4679 Hic
1199 4625 1345 4696 dies,
1365 4627 1466 4695 ait,
1487 4628 1598 4684 erit
1623 4631 1786 4686 vobis
1810 4633 1944 4689 boni

299 4705 491 4760 nuntii
523 4707 670 4764 dies.
695 4707 1012 4766 Dominum
1043 4715 1100 4767 et
1129 4713 1358 4770 Patrem
1388 4721 1656 4773 nostrum
1687 4720 1946 4778 Dunsta-

297 4811 440 4851 num
474 4795 570 4852 hic
604 4796 807 4865 fuisse,
841 4801 898 4854 et
929 4817 1022 4856 me
1053 4801 1126 4856 ab
1173 4803 1333 4858 omni
1377 4805 1636 4876 corporis
1681 4809 1952 4869 molestia

297 4898 539 4940 sanasse
593 4885 819 4942 scitote.
863 4887 1260 4961 Regredimini
1305 4908 1442 4966 ergo
1493 4895 1565 4950 ad
1617 4895 1946 4970 ecclesiam,

297 4977 494 5041 portas
526 4973 654 5046 ejus
685 4991 865 5048 super
894 4993 996 5033 vos
1028 4978 1313 5047 obserate,
1350 4982 1420 5036 ad
1455 4983 1797 5040 memoriam
1823 5005 1952 5044 san-

296 5059 373 5114 cti
423 5061 698 5132 accedite,
748 5082 942 5137 genua
990 5065 1221 5135 ﬂectite,
1257 5085 1324 5124 ac
1375 5088 1477 5142 pro
1529 5073 1756 5130 reddita
1802 5077 1948 5133 mihi

299 5148 549 5236 sanitate
578 5150 786 5208 uberes
814 5154 1035 5227 gratias
1069 5156 1294 5212 referte.
1323 5157 1464 5215 Nolo
1495 5161 1710 5218 etenim
1733 5181 1836 5236 per
1857 5183 1950 5223 me

294 5233 489 5308 ipsum
522 5240 695 5295 modo
726 5242 942 5310 venire,
978 5261 1049 5298 nc
1076 5245 1412 5303 existiment
1441 5265 1534 5305 me
1555 5233 1824 5308 homines
1845 5253 1949 5310 ali-

299 5325 440 5396 quid
465 5343 615 5396 esse,
649 5347 817 5401 quam
849 5332 948 5402 qui
980 5334 1270 5404 potuerim
1303 5337 1402 5392 Dei
1450 5345 1683 5396 sanctos
1729 5342 1943 5400 videre.

301 5412 634 5472 Faciuntilli
649 5417 954 5491 imperata,
972 5439 1370 5496 magnumque
1390 5426 1666 5485 fratribus
1679 5432 1748 5486 dc
1762 5438 1946 5490 morte

301 5500 486 5560 Patris
517 5508 806 5579 suspectis
831 5509 1113 5583 gaudium
1147 5518 1442 5582 praestant.

2056 4617 2516 4688 omnipotentem
2547 4619 2845 4675 Christum
2878 4637 2982 4692 pro
3023 4619 3306 4674 miraculo
3337 4619 3711 4676 laudantium

2058 4707 2328 4777 perrexit,
2361 4723 2544 4780 eaque
2575 4725 2754 4782 super
2783 4709 2963 4766 altare
2993 4708 3189 4764 Christ
3209 4707 3426 4782 posuit,
3459 4709 3711 4766 offerens

2060 4794 2176 4851 Deo
2209 4811 2311 4868 pro
2342 4813 2584 4854 munere
2614 4799 2770 4870 quod
2803 4798 2914 4855 sibi
2967 4800 3156 4856 fuerat
3206 4815 3311 4870 pro
3351 4815 3545 4855 onere.
3578 4797 3714 4854 Post

2060 4898 2278 4953 paucos
2308 4883 2467 4952 dies,
2487 4885 2627 4941 dum
2661 4903 2782 4941 rem
2814 4885 2989 4942 istam
3020 4885 3386 4943 Lanfrancus
3423 4887 3708 4958 archiepi-

2061 4987 2274 5044 scopus
2295 4971 2528 5029 cuidam
2548 4976 2889 5047 praepotenti
2907 4976 3028 5031 viro
3049 4978 3366 5042 narrasset,
3383 4972 3482 5030 ille
3497 4973 3713 5030 vicaria

2060 5061 2358 5129 relatione,
2393 5065 2461 5118 Et
2491 5079 2618 5136 ego,
2653 5064 2865 5136 inquit,
2899 5065 3014 5121 tale
3042 5063 3263 5138 aliquid
3295 5067 3500 5119 vestris
3521 5061 3707 5119 excel-

2059 5149 2249 5205 lentiae
2273 5169 2508 5207 narrare
2524 5153 2709 5218 valeo,
2727 5154 2883 5225 quod
2902 5172 3018 5210 non
3035 5151 3280 5208 minoris
3299 5151 3709 5208 admirationis

2059 5241 2211 5311 apud
2247 5244 2302 5294 te
2329 5241 2448 5294 fore
2479 5242 2768 5298 existimo.
2799 5243 3032 5298 Tertius
3063 5256 3318 5313 namque
3350 5240 3476 5295 dies
3497 5243 3586 5295 est
3605 5239 3706 5294 ho-

2057 5327 2170 5393 die,
2205 5346 2274 5383 ex
2304 5344 2418 5399 quo
2450 5330 2703 5386 sedecim
2744 5348 2919 5386 naves
2968 5331 3293 5402 piratarum
3343 5327 3706 5383 validissimo

2053 5421 2226 5471 vento
2257 5421 2416 5484 actm,
2451 5419 2522 5472 ad
2559 5419 2745 5492 ripam
2779 5421 2959 5475 maris
2984 5421 3370 5492 suntjactatze
3395 5434 3409 5472 :
3435 5417 3706 5473 homines

2055 5510 2251 5560 autem
2289 5506 2387 5578 qui
2438 5507 2596 5563 intus
2648 5508 2896 5577 fuerant,
2931 5509 3144 5582 partim
3194 5505 3376 5563 maris
3427 5504 3703 5560 fluetibus

2055 5599 2195 5650 sunt
2223 5595 2509 5664 immersi,
2542 5596 2756 5668 partim
2778 5615 2813 5654 a
2833 5599 3010 5672 regiis
3040 5598 3409 5656 exactoribus
3440 5609 3701 5668 compre-
