4056 6178
227 406 234 413 ,
297 336 410 403 469
1780 335 1942 401 MIRJ

2053 337 2206 404 ΗΑΛ.
2728 350 2735 353 ’
3576 345 3701 414 470

298 473 477 543 hensi,
492 490 629 531 cum
646 468 907 548 principe
928 489 1035 531 suo
1057 470 1295 531 nomine
1315 470 1539 531 Baraba
1559 473 1937 548 compedibus
1965 474 2023 543 Α
2051 474 2341 534 dantium.
2364 476 2565 536 Victus
2592 478 2827 538 tandem
2876 479 3319 556 importunitate
3366 484 3693 554 tentatoris,

230 596 237 606 ο
299 563 512 623 astricti
542 568 710 632 sunt;
734 562 834 636 qui
862 563 1078 620 idcirco
1111 565 1395 621 Barabam
1425 582 1487 622 se
1516 564 1798 638 appellari
1833 581 1939 620 vo-
2047 566 2268 623 exitum
2301 569 2372 624 de
2403 568 2648 626 ecclesia
2677 569 3048 641 moliebatur,
3082 577 3141 628 et
3170 574 3391 646 paratis
3420 573 3693 631 omnibus

296 655 420 723 luit,
471 653 752 726 quoniam
803 652 997 708 nimiae
1046 670 1280 726 semper
1318 654 1682 711 crudelitatis
1731 653 1941 710 fuisset
2047 672 2176 727 quae
2204 656 2276 712 ad
2298 657 2407 715 hoc
2428 658 2801 731 sacrilegium
2823 660 3171 733 explendum
3196 663 3403 719 idonea
3424 662 3696 720 videban-

298 743 657 814 multamque
685 740 990 797 hominum
1021 743 1256 798 turbam
1274 760 1453 800 manu
1480 760 1588 799 sua
1606 742 1933 799 occidisset.
2045 748 2163 813 tur,
2200 746 2528 820 ingreditur
2573 748 2878 804 ecclesiam
2919 750 3050 820 (68),
3081 767 3116 806 a
3148 755 3348 807 sancto
3388 752 3691 809 Dunstano

292 833 550 890 Evadens
589 835 802 909 autem.
842 832 913 888 de
951 832 1334 904 compedibus
1389 832 1545 889 viam
1597 848 1726 904 qua:
1774 831 1939 889 ducit
2043 834 2339 900 licentiam
2370 837 2617 891 exeundi
2649 841 2706 894 et
2736 838 2808 893 ad
2839 836 3117 894 saeculum
3140 840 3461 896 revertendi
3486 842 3692 913 petitu-

291 920 662 980 Cantuariam
694 920 962 994 arripuit,
998 921 1190 977 sciens
1234 938 1297 978 se
1348 938 1537 995 neque
1571 922 1711 992 vita,
1746 938 1935 994 neque

292 1010 567 1069 membris
588 1010 995 1079 cariturum,si
1025 1009 1330 1067 ecclesiam
1352 1010 1568 1066 Christi
1599 1010 1935 1084 contingere

290 1104 483 1175 posset
513 1097 765 1172 asylum.
790 1098 901 1155 Sed
933 1114 1068 1155 cum
1092 1101 1221 1170 jam
1250 1116 1429 1173 prope
1460 1099 1750 1156 civitatem
1782 1099 1932 1155 fuis-

2044 923 2374 992 rus,sciens
2402 925 2606 996 procul
2635 925 2813 981 dubio
2832 928 2989 998 quod
3022 926 3167 983 nihil
3197 929 3246 983 ei
3272 945 3546 1001 prospere
3567 947 3694 1003 pro-

2042 1013 2291 1080 cederet,
2326 1012 2374 1067 si
2408 1011 2507 1067 illo
2557 1013 2777 1069 offenso
2827 1014 3126 1072 discedere
3170 1033 3286 1072 non
3338 1017 3589 1074 timeret.
3621 1021 3693 1077 Et

2041 1117 2289 1175 surgens
2319 1102 2390 1157 ab
2412 1102 2671 1158 oratione
2691 1106 2758 1158 ut
2782 1103 2998 1160 ostium
3020 1104 3277 1161 ecclesiae
3297 1107 3690 1180 egrederetur,

292 1191 393 1259 set,
409 1205 544 1245 mox
575 1190 643 1243 ut
671 1187 915 1259 pinnam
946 1187 1308 1257 Ecclesiae,et
1353 1187 1647 1245 Cherubin
1687 1204 1932 1245 aureum
2042 1191 2254 1264 reperit
2282 1190 2341 1245 in
2370 1191 2518 1246 ostio
2541 1191 2910 1248 Dunstanum
2932 1209 3067 1249 cum
3086 1193 3252 1266 virga
3270 1198 3549 1265 stantem,
3574 1213 3688 1252 non

286 1279 445 1345 vidit,
465 1275 635 1350 quasi
666 1274 917 1333 cmlestis
937 1276 1232 1333 Cherubin
1251 1277 1465 1333 virtute
1485 1276 1756 1351 repulsus
1780 1277 1933 1334 ultra
2038 1280 2216 1337 talem
2248 1284 2389 1336 tunc
2419 1280 2651 1352 qualem
2682 1280 2850 1337 illum
2894 1281 3120 1339 viderat
3172 1283 3557 1353 Lanfrancus,
3588 1287 3689 1341 sed

288 1367 553 1443 progredi
604 1382 719 1421 non
772 1364 978 1438 potuit.
1014 1365 1231 1422 Nititur
1280 1366 1477 1439 itaque
1522 1367 1662 1424 totis
1709 1366 1930 1424 viribus
2039 1369 2359 1427 terribilem
2405 1369 2591 1437 vultu,
2626 1369 2812 1425 oculis
2861 1370 3261 1440 minacem,et
3314 1373 3690 1431 mordacibus

287 1456 483 1514 conira
510 1470 763 1511 vacuum
792 1458 1077 1523 aerem,et
1098 1472 1330 1528 semper
1348 1472 1482 1511 eum
1503 1456 1670 1528 quasi
1693 1472 1929 1513 murum
2036 1458 2211 1515 labiis
2242 1457 2362 1514 haec
2403 1457 2810 1514 infrementem
2840 1474 2853 1512 :
2888 1458 3213 1531 Regredere
3258 1459 3455 1527 miser,
3490 1476 3689 1534 regre-

286 1547 536 1604 ferreum
565 1543 871 1601 sentiebat.
921 1544 1098 1600 Haesit
1142 1561 1277 1601 vero
1304 1548 1568 1618 stupens,
1621 1549 1679 1601 et
1717 1545 1930 1602 iterum
2039 1544 2599 1617 dere,omnipotenti
2630 1544 2877 1601 Domino
2900 1549 2957 1601 te
2972 1550 3686 1623 prosterne,conceptum-

282 1633 600 1707 resumptis
613 1633 837 1689 viribus
855 1634 1068 1705 prioris
1087 1633 1256 1689 lucta)
1276 1638 1569 1690 certamen
1587 1634 1928 1707 assumpsit;

280 1725 377 1782 sed
399 1740 473 1780 ea
493 1740 623 1797 quae
650 1726 785 1779 ante
811 1721 1024 1780 virtute
1046 1723 1339 1796 repulsus,
1356 1724 1576 1795 majore
1598 1739 1774 1797 quam
1797 1727 1932 1780 ante

279 1812 468 1887 spatio
519 1810 747 1868 resiliit.
782 1811 1068 1868 Tentabat
1114 1812 1164 1868 si
1216 1812 1370 1868 unde
1417 1816 1655 1868 venerat
1703 1812 1932 1886 regredi

276 1905 516 1977 posset:
542 1912 788 1957 currere
820 1903 1047 1973 poterat
1089 1903 1376 1973 quantum
1424 1900 1675 1957 volebat.
1710 1901 1769 1957 Si
1799 1917 1933 1958 vero

277 2005 387 2065 quo
420 1989 792 2064 disponebat,
827 1988 1095 2062 progredi
1124 1988 1313 2059 vellet,
1345 2004 1479 2045 mox
1520 1994 1587 2045 ut
1627 1988 1933 2047 ecclesiam

275 2080 530 2147 videbat,
546 2079 755 2152 pedem
773 2094 1006 2135 movere
1035 2096 1153 2135 non
1173 2082 1421 2152 poterat.
1441 2078 1769 2151 Desperans
1797 2095 1935 2153 ergo

278 2170 346 2226 de
374 2167 573 2226 salute
602 2185 713 2224 sua
740 2171 799 2224 et
847 2167 920 2223 de
968 2166 1370 2225 misericordia
1401 2167 1525 2223 Dei.
1560 2168 1936 2225 Manifestum

280 2262 381 2328 est,
397 2258 621 2331 inquit,
636 2274 772 2313 eum
807 2257 1102 2314 damnatis
1123 2273 1217 2314 me
1240 2260 1458 2313 sortem
1480 2256 1695 2314 habere
1715 2257 1809 2313 cui
1840 2274 1937 2314 ec-

282 2347 528 2405 clesiam
550 2345 768 2403 Christi
791 2362 907 2402 non
928 2344 1064 2402 licet
1083 2346 1296 2403 videre.
1322 2347 1472 2414 Quid
1518 2363 1654 2420 ergo
1701 2348 1939 2419 prodest

289 2435 587 2494 crudelem
618 2434 917 2495 Christum
948 2435 1235 2501 invocare,
1256 2453 1290 2491 a
1321 2452 1436 2508 quo
1468 2452 1583 2491 non
1614 2435 1692 2492 sit
1711 2434 1939 2491 miseri-

285 2526 549 2584 cordiam
565 2523 917 2597 impetrare?
941 2524 1015 2582 Ut
1036 2524 1271 2581 fortuna
1290 2524 1465 2592 volet,
1480 2528 1603 2593 eat;
1628 2540 1764 2598 ergo
1783 2525 1942 2580 dein-

286 2633 422 2688 ceps
459 2614 657 2687 fugam
681 2630 797 2669 non
822 2612 1118 2682 inibo,sed
1152 2614 1308 2670 unde
1333 2614 1463 2670 veni
1505 2612 1826 2670 moriturus
1857 2629 1941 2669 re-

284 2705 446 2763 dibo.
482 2704 612 2760 Haec
661 2702 1187 2776 dicens,praecipiti
1238 2720 1415 2760 cursu
1448 2702 1615 2772 redit,
1650 2720 1777 2776 qua:
1826 2702 1938 2759 sibi

285 2793 654 2867 contigerant
671 2790 877 2848 multis
899 2790 1161 2848 millibus
1181 2790 1487 2847 hominum
1512 2790 1784 2847 narravit.
1805 2791 1942 2847 Post

283 2883 405 2946 haec
460 2879 783 2955 condignas
834 2879 1004 2936 factis
1063 2896 1266 2952 poenas
1311 2879 1501 2936 solvit.
1535 2880 1637 2937 His
1686 2878 1941 2951 acceptis

285 2973 657 3029 Lanfrancus
683 2972 888 3027 vocato
919 2986 1013 3025 me
1043 2968 1316 3045 praecepit
1345 2969 1460 3026 ista
1482 2969 1541 3024 in
1567 2967 1781 3042 populo
1803 2984 1943 3041 prae-

283 3061 494 3128 dicari,
529 3060 857 3132 adiungens
886 3058 1016 3115 ideo
1054 3058 1212 3114 hunc
1236 3058 1308 3115 ab
1335 3056 1580 3115 ecclesia
1606 3055 1943 3114 terribiliter

286 3150 619 3224 repulsum,
637 3145 794 3222 Quod
812 3148 947 3204 ficto
969 3147 1140 3205 corde
1162 3148 1234 3207 ad
1257 3162 1387 3204 eam
1409 3146 1747 3215 accesserit;
1772 3145 1939 3201 illum

2039 1650 2152 1707 que
2182 1632 2399 1691 diaboli
2430 1648 2719 1691 venenum
2741 1635 2813 1690 de
2843 1631 3016 1691 corde
3046 1639 3146 1692 tuo
3173 1653 3392 1694 evome.
3426 1637 3689 1712 Cumque

2038 1722 2137 1780 ille
2166 1740 2384 1796 pavens
2415 1739 2481 1779 ac
2511 1727 2770 1779 tremens
2801 1724 3061 1794 haereret,
3078 1725 3420 1783 Dunstanus
3468 1726 3691 1786 elevata

2040 1818 2245 1869 contra
2272 1812 2441 1868 illum
2470 1812 2748 1885 virga,ait
2781 1829 2794 1868 :
2826 1812 2952 1869 Non
2985 1813 3307 1884 exibis,sed
3343 1816 3438 1873 hic
3476 1820 3689 1875 morie-

2043 1902 2145 1958 ris.
2180 1902 2298 1958 Hoc
2331 1902 2485 1958 dicto
2517 1902 2615 1975 qui
2646 1901 2995 1975 loquebatur
3024 1903 3333 1977 disparuit,
3366 1909 3424 1962 et
3470 1906 3561 1962 cui
3608 1906 3692 1962 lo-

2044 1992 2336 2065 quebatur
2378 1990 2633 2065 graviter
2677 1989 2992 2063 aegrotavit.
3039 1991 3170 2047 Mox
3228 1992 3425 2066 itaque
3482 1994 3694 2054 lectulo

2043 2084 2336 2154 receptus,
2386 2080 2618 2137 duobus
2656 2079 2960 2136 mensibus
3018 2078 3080 2135 in
3127 2080 3359 2154 magnis
3406 2084 3696 2157 angustiis

2042 2170 2206 2238 vixit,
2241 2174 2299 2225 et
2348 2172 2482 2243 post
2515 2168 2638 2224 hac
2684 2168 2867 2224 vitam
2916 2169 3365 2225 consummavit.
3398 2172 3511 2227 Sed
3561 2187 3697 2228 cum

2047 2260 2119 2316 ad
2149 2259 2258 2316 hoc
2287 2263 2528 2315 ventum
2560 2256 2770 2314 fuisset
2792 2261 2859 2313 ut
2889 2257 3149 2314 animam
3172 2260 3413 2316 reddere
3438 2261 3694 2328 deberet,

2048 2348 2347 2405 accersitis
2398 2348 2491 2404 his
2526 2363 2674 2419 Quos
2720 2347 2943 2419 primos
2985 2346 3044 2402 in
3093 2363 3288 2404 amore
3318 2349 3698 2406 fraternitatis

2047 2439 2354 2505 habuerat,
2379 2435 2650 2492 universa
2680 2451 2784 2508 per
2812 2436 3077 2492 ordinem
3112 2453 3239 2509 qua;
3267 2436 3354 2493 vel
3395 2437 3549 2494 male
3578 2440 3699 2495 dis-

2047 2530 2342 2601 posuerat,
2356 2525 2441 2581 vel
2466 2525 2619 2581 bono
2650 2541 2757 2580 suo
2778 2524 3019 2592 viderat,
3044 2525 3103 2579 in
3126 2528 3549 2599 magnacordis
3570 2544 3701 2583 con-

2049 2616 2285 2671 tritione
2317 2614 2612 2670 narrabat.
2643 2613 2773 2668 Haec
2804 2614 3005 2669 eadem
3046 2612 3197 2669 alius
3230 2614 3470 2687 quidam
3520 2616 3700 2672 frater

2050 2706 2214 2760 bonae
2245 2702 2459 2759 indolis
2486 2701 2847 2768 adolescens,
2880 2702 3114 2758 nomine
3157 2704 3470 2772 Adrianus,
3502 2721 3697 2760 coram

2048 2793 2325 2850 omnibus
2354 2791 2657 2848 confessus
2688 2795 2798 2857 est,
2830 2791 3031 2846 dicens
3060 2807 3122 2846 se
3150 2794 3210 2847 et
3236 2792 3539 2849 conscium
3569 2800 3699 2859 com-

2050 2882 2167 2940 silii
2196 2884 2255 2938 et
2283 2885 2738 2937 consentaneum
2770 2880 2949 2951 operi.

2430 2987 2741 3044 Dunstanus
2771 2988 3046 3044 invocanti
3068 2987 3361 3061 propitius.

2117 3072 2207 3134 22.
2241 3079 2388 3134 Ante
2416 3076 2525 3133 hos
2555 3075 2681 3132 dies
2711 3086 2847 3132 cum
2878 3075 2937 3131 in
2968 3075 3165 3132 insula
3202 3078 3458 3135 Tanatos
3488 3093 3703 3150 essem,

2052 3166 2364 3241 gradiebar
2374 3166 2546 3239 juxta
2565 3163 2732 3221 littus
2754 3164 2935 3222 maris
2957 3181 3093 3221 cum
3127 3164 3338 3237 milite,
3354 3165 3453 3239 qui
3476 3183 3570 3223 me
3601 3184 3705 3241 pro

282 3238 636 3331 vemialiflm
666 3254 743 3331 ea_
764 3253 825 3293 Γθ
852 3237 912 3292 in
945 3235 1192 3331 θφςδξφείεξ
1226 3234 1573 3331 mirabiliter
1608 3235 1943 3331 Ῑίβθῖδξυφι
1972 3216 2021 3286 C
2052 3216 2398 3313 defensione;
2422 3253 2516 3310 sui
2545 3252 2913 3323 invitaverat,
2946 3216 3426 3312 considerans’ea
3449 3272 3576 3331 quas
3602 3216 3707 3313 ribi

286 3330 449 3402 quod
484 3328 557 3384 ad
579 3327 843 3384 eamdem
867 3324 1129 3399 quotidie
1159 3326 1362 3382 devoto
1392 3324 1589 3381 animo
1610 3325 1941 3382 tetenderit.

555 3430 845 3488 Monachus
874 3430 1119 3488 recedere
1148 3431 1331 3488 volens
1362 3429 1675 3503 impeditur.

350 3522 448 3578 21.
472 3520 581 3578 Sed
604 3524 661 3578 et
679 3519 825 3601 illud
841 3524 1123 3594 perpetua
1138 3520 1383 3593 dignum
1401 3524 1491 3576 est
1511 3519 1794 3577 memoria
1808 3520 1942 3591 (67),

285 3612 444 3684 quod
473 3609 627 3666 circa
655 3609 1015 3665 Edwardum
1046 3608 1212 3664 urbis
1238 3608 1555 3665 Lundoniae
1586 3608 1945 3665 archidiaco-

285 3718 431 3757 num
471 3701 599 3772 ejus
630 3696 941 3754 clementia
970 3696 1228 3772 mirabili
1259 3698 1433 3754 modo
1456 3701 1695 3770 cperata
1713 3696 1947 3765 est.Qui

282 3805 419 3847 cum
454 3791 614 3845 esset
658 3786 720 3842 in
765 3786 977 3843 saeculo
1026 3766 1251 3843 daiciis
1303 3785 1551 3859 pollens,
1578 3785 1946 3860 conspiciens

283 3877 495 3936 omnia
508 3875 706 3935 saeculi
724 3875 876 3931 bona
895 3891 1022 3931 esse
1039 3879 1311 3948 angusta,
1326 3874 1573 3931 contulit
1592 3892 1653 3931 se
1669 3876 1742 3931 ad
1760 3892 1946 3931 unum

282 3964 777 4024 incommutabile
809 3980 1121 4020 commune
1153 3963 1453 4021 sufﬁciens
1480 3965 1698 4021 bonum
1736 3963 1944 4032 Deum,

284 4061 570 4129 suscepta
596 4058 809 4110 sanctae
842 4053 1143 4127 religionis
1172 4060 1331 4110 veste
1355 4055 1413 4109 in
1436 4053 1681 4110 ecclesia
1701 4053 1948 4109 Cantua-

284 4146 496 4214 riensi,
516 4144 628 4200 sub
651 4142 935 4216 regimine
967 4143 1189 4215 praefati
1220 4143 1458 4215 gloriosi
1490 4143 1595 4198 viri
1636 4143 1946 4200 Lanfranci

285 4231 746 4306 archiepiscopi;
777 4231 877 4286 ubi
912 4247 1014 4303 per
1042 4230 1267 4303 aliquot
1296 4233 1481 4288 annos
1521 4233 1761 4288 honeste
1810 4249 1946 4288 con-

286 4326 581 4389 versatus,
597 4336 872 4395 magnam
890 4320 1044 4392 apud
1061 4336 1265 4376 omnes
1281 4320 1682 4377 cohabitantes
1698 4321 1946 4394 gratiam

286 4411 570 4468 obtinuit.
604 4410 716 4467 Sed
748 4412 881 4482 post
909 4409 1031 4464 haec
1065 4408 1360 4483 malignus
1391 4409 1632 4481 spiritus
1662 4411 1789 4481 ejus
1810 4427 1946 4466 con-

286 4498 546 4555 versioni
577 4497 754 4555 simul
804 4501 862 4553 et
906 4498 1332 4553 conversationi
1382 4497 1669 4566 invidens,
1703 4496 1948 4555 occultis

2056 3349 2196 3402 sunt
2224 3342 2518 3400 mirabilia
2533 3341 2657 3409 Dei,
2672 3346 2730 3398 et
2749 3343 3057 3399 materiam
3081 3343 3219 3400 boni
3242 3345 3530 3404 sermonis
3541 3345 3709 3403 exin-

2055 3435 2127 3491 de
2159 3433 2419 3491 eliciens.
2440 3432 2579 3489 Inde
2600 3448 2793 3489 sermo
2824 3432 2895 3488 ad
2928 3432 3159 3488 Patrem
3183 3433 3553 3491 Dunstanum
3581 3450 3710 3509 pro-

2055 3526 2280 3580 tractus
2311 3526 2420 3589 est,
2445 3521 2721 3595 quoniam
2746 3520 3068 3578 maximum
3101 3538 3334 3596 semper
3364 3521 3595 3581 lucrum
3627 3541 3712 3582 τε-

2056 3615 2196 3686 puto
2230 3610 2457 3684 quoties
2490 3608 2763 3683 loquendi
2814 3610 2885 3666 de
2934 3609 3033 3667 illo
3062 3611 3428 3669 occasionem
3458 3613 3703 3686 reperio.

2055 3703 2208 3758 Tum
2230 3699 2402 3755 miles
2424 3699 2579 3755 idem
2602 3702 2926 3754 memorato
2947 3699 3055 3754 hoc
3078 3698 3313 3756 nomine
3332 3703 3491 3756 totus
3510 3702 3709 3774 expal-

2055 3790 2187 3857 luit,
2206 3805 2272 3844 ac
2291 3787 2467 3843 veluti
2493 3786 2749 3843 dolorem
2772 3802 2841 3843 ex
2868 3786 3075 3844 intimo
3113 3787 3440 3860 suspirans,
3460 3789 3577 3858 νω,
3603 3790 3708 3862 ait,

2057 3876 2203 3934 mihi
2237 3875 2599 3949 ingrato,qui
2627 3879 2924 3931 tantorum
2948 3875 3367 3931 beneﬁciorum
3387 3877 3503 3933 huc
3520 3895 3708 3951 usque

2057 3967 2368 4022 immemor
2414 3965 2624 4021 existet
2659 3965 2809 4020 Tum
2862 3980 2967 4037 ego
3002 3980 3014 4018 :
3047 3964 3118 4020 Et
3166 3964 3328 4037 quid,
3364 3966 3709 4039 inquam,hi

2056 4060 2177 4112 tam
2227 4054 2458 4117 molesti
2509 4051 2822 4109 anhelitus.
2856 4052 3039 4121 Nosti,
3076 4053 3175 4121 ait,
3220 4058 3508 4126 quantum
3563 4056 3710 4112 mihi

2057 4146 2309 4201 infestus
2342 4143 2524 4198 abbas
2558 4142 2742 4197 sancti
2775 4141 3108 4215 Augustini,
3144 4143 3284 4205 dum
3317 4144 3609 4201 adviveret
3623 4163 3713 4201 cx-

2059 4233 2293 4302 stiterit,
2311 4233 2452 4288 dum
2487 4231 2734 4302 diripere
2765 4236 3003 4303 cuperet
3019 4248 3147 4303 qua:
3168 4233 3241 4287 ad
3264 4249 3357 4288 me
3378 4233 3714 4292 haereditate

2056 4323 2373 4380 venissent.
2407 4320 2569 4387 Novi,
2604 4321 2867 4392 inquam.
2900 4319 3055 4375 Num
3086 4324 3143 4376 et
3174 4319 3321 4376 illud
3354 4321 3506 4377 nosti
3558 4324 3712 4395 quod

2059 4430 2174 4469 non
2221 4412 2392 4466 modo
2441 4408 2588 4465 nihil
2635 4409 2763 4481 ejus
2809 4408 3219 4465 immoderatio
3267 4409 3476 4477 obfuit,
3507 4426 3709 4467 verum

2059 4500 2236 4557 etiam
2269 4500 2340 4555 ad
2374 4497 2615 4571 majoris
2644 4497 2789 4553 mihi
2835 4496 3031 4570 gloriae
3078 4486 3383 4554 cumulum
3423 4499 3710 4556 excrevit?

288 4588 651 4661 quibusdam
665 4586 1085 4659 etimportunis
1104 4586 1577 4660 suggestionibus
1589 4587 1785 4643 animo
1797 4586 1955 4646 illius
1984 4587 2033 4656 D
2062 4590 2178 4647 Nec
2207 4589 2337 4657 hoc,
2368 4588 2633 4660 inquam,
2657 4584 2828 4653 latet;
2863 4587 2965 4642 sed
3000 4598 3281 4658 quorsum
3312 4588 3428 4643 ista
3454 4603 3709 4644 comme-

288 4678 537 4734 teedium
568 4675 868 4750 religionis
900 4676 1219 4749 ingerebat,
1253 4677 1493 4749 cupiens
1514 4676 1681 4733 illum
1703 4679 1775 4735 ad
1798 4680 1948 4736 hanc

286 4767 513 4822 mentis
542 4765 836 4821 insaniam
869 4766 1210 4837 perducere,
1233 4770 1299 4821 ut
1336 4766 1408 4821 ad
1456 4766 1761 4837 szeculum,
1791 4769 1947 4825 unde

283 4859 547 4923 venerat,
561 4855 804 4926 repetito
819 4854 1040 4910 vomitu
1058 4855 1320 4911 sordium
1339 4855 1572 4912 rediret.
1588 4856 1948 4914 Immittebat

283 4960 550 5017 namque
581 4941 848 4998 diabolus
881 4942 941 4997 in
974 4958 1073 4998 cor
1100 4943 1231 5014 ejus
1252 4943 1949 5017 saeculivoluptates,am-

287 5032 501 5104 plexus
514 5030 1126 5103 feminarum,amplas
1138 5032 1692 5102 domos,amicorum
1710 5035 1949 5091 societa-

285 5128 408 5189 tes;
435 5137 544 5176 nec
565 5120 939 5192 permittebat
959 5120 1125 5175 illum
1148 5121 1422 5195 cogitare,
1443 5140 1617 5194 quam
1640 5124 1828 5179 dulcis
1859 5129 1949 5180 est

289 5211 585 5266 Dominus
606 5210 986 5282 gustantibus
1003 5226 1161 5279 eum,
1176 5227 1351 5282 quam
1370 5227 1584 5283 magna
1594 5212 1806 5268 domus
1823 5214 1943 5280 Dei,

289 5304 346 5354 et
373 5298 591 5370 ingens
620 5296 784 5354 locus
814 5297 1195 5354 habitationis
1238 5300 1387 5371 ejus,
1405 5316 1584 5371 quam
1630 5302 1799 5357 beata
1849 5319 1947 5357 so-

290 5388 484 5443 cietas
503 5384 841 5459 angelorum
863 5387 1047 5443 Deum
1076 5386 1135 5442 in
1158 5386 1437 5445 sazculum
1460 5389 1805 5445 saeculorum
1829 5389 1948 5446 lau-

289 5504 488 5630 in‘?
517 5502 633 5563 Hoc
668 5502 1020 5559 miraculum
1069 5503 1408 5560 distinctius
1449 5504 1623 5560 refert
1669 5505 1949 5564 Osbertus

365 5644 492 5718 (68)
517 5643 734 5719 Nempe
764 5646 906 5704 dum
940 5666 968 5697 ‹‹
1000 5646 1230 5704 Fratres
1259 5646 1584 5705 meridiana
1612 5646 1756 5706 hora
1782 5649 1842 5705 in
1864 5650 1950 5709 1e-

2058 4695 2270 4746 mores,
2304 4678 2528 4751 ignoro.
2553 4675 2735 4745 Scies,
2770 4674 2981 4747 inquit,
3014 4678 3183 4732 nocte
3231 4675 3546 4750 siquidem,
3581 4688 3708 4749 qum

2054 4771 2210 4826 diem
2234 4767 2438 4825 statuti
2482 4765 2635 4822 inter
2662 4780 2758 4821 me
2790 4769 2846 4821 et
2875 4764 3043 4820 illum
3074 4764 3273 4838 placiti
3322 4766 3707 4838 praecedebat,

2056 4872 2389 4916 memorans
2416 4871 2551 4911 cum
2572 4870 2762 4910 essem
2795 4853 2853 4908 in
2876 4854 3049 4909 domo
3083 4869 3213 4909 mea
3242 4872 3369 4928 quae
3401 4870 3579 4927 prope
3599 4858 3707 4923 est,

2056 4949 2211 5020 quod
2242 4947 2579 5018 frequenter
2598 4944 2826 5001 Patrem
2847 4943 3219 4999 Dunstanum
3241 4945 3361 5000 tuis
3384 4944 3709 5001 rationibus

2056 5036 2331 5093 extollere
2362 5033 2759 5101 consueveris,
2789 5049 2967 5100 nunc,
3003 5032 3114 5100 aio,
3145 5032 3389 5106 experiri
3428 5034 3636 5101 habeo,
3662 5035 3711 5090 si

2057 5131 2125 5181 ut
2152 5123 2370 5195 accepi,
2407 5122 2489 5176 ita
2521 5120 2617 5177 ille
2648 5119 2961 5176 laudabilis
2993 5122 3225 5177 existat.
3263 5122 3470 5178 Flexus
3492 5139 3628 5196 ergo
3654 5124 3712 5179 in

2057 5213 2337 5279 oratione,
2369 5211 2544 5277 Deus,
2579 5210 2803 5281 inquio,
2826 5209 3014 5264 Patris
3044 5210 3351 5280 Dunstani,
3383 5212 3509 5266 fave
3540 5212 3714 5267 hodie

2059 5308 2271 5360 nostrae
2284 5300 2433 5373 parti
2444 5342 2456 5355 .
2476 5301 2617 5355 Inde
2632 5298 3049 5370 corpusculum
3065 5298 3286 5372 requiei
3301 5298 3713 5366 dedens,video

2059 5393 2118 5448 in
2155 5390 2380 5448 somnis
2407 5388 2611 5443 urbem
2644 5385 3360 5455 Cantuariam,basilicam
3392 5385 3711 5442 Salvatoris

2059 5508 2170 5564 etis
2202 5504 2590 5579 pausabant,»
2625 5503 2779 5579 apud
2802 5501 3365 5579 Osbertum,qui_ait
3388 5501 3452 5579 id
3489 5501 3709 5579 factum

2059 5595 2187 5636 esse
2202 5572 2250 5629 ἰ(
2279 5578 2430 5631 inter
2460 5572 2606 5631 duas
2636 5572 2978 5637 festivitates
3000 5572 3434 5647 Asmmptionis
3458 5576 3515 5630 et
3545 5573 3706 5631 Nati-

2056 5650 2256 5711 vitatis
2287 5649 2346 5705 S.
2381 5647 2595 5705 Mariaa.
2626 5668 2656 5699 »
