4056 6178
329 315 441 372 471

1351 318 1412 378 S.
1463 317 1858 381 DUNSTANI
1903 314 2265 391 AIlGHIEP.
2317 319 2714 380 GANTUAR.

3620 318 3737 380 472

329 446 674 506 memoriam
731 448 950 519 Patris;
984 449 1078 506 cui
1127 450 1295 523 quasi
1341 451 1708 518 incumbens,
1759 449 1977 523 aspicio
2007 451 2064 518 Α
2093 451 2371 522 adfuisse,
2397 452 2587 509 divina
2621 456 2988 508 sacramenta
3017 451 3360 522 celebrasse,
3395 455 3450 508 et
3489 451 3744 514 necdum

325 535 518 594 virum
541 540 714 612 juxta
735 541 1300 608 stantem,decorum
1337 541 1543 608 forma,
1558 545 1719 595 veste
1751 555 1982 610 spec.o-

329 644 484 696 sum,
518 627 850 700 lampadem
899 629 1046 685 lucis
1096 646 1276 684 manu
1324 634 1656 696 tenentem;
1692 630 1762 683 ad
1812 629 1983 700 cujus

329 715 646 789 imaginem
677 719 1150 789 perterrefactus,
1186 719 1487 787 Quisnam,
1514 719 1778 791 inquam,
1804 736 1865 773 es
1897 723 1983 784 tu,

329 803 634 860 hominum
666 806 1094 878 pulcherrime?
1127 809 1308 875 Idem,
1344 809 1558 880 inquit,
1595 807 1688 862 ille
1719 809 1889 878 cujus
1919 810 1984 861 tu

327 891 501 965 paulo
535 899 668 951 ante
685 895 967 954 auxilium
993 897 1325 968 precabare.
1343 897 1514 970 Papo,
1533 886 1981 968 inquam,quam

327 979 479 1037 citus
501 999 562 1037 es
595 985 666 1040 ad
690 985 1056 1042 miserandos
1089 987 1358 1042 miseros!
1407 987 1569 1041 Nosti
1613 985 1751 1058 quid
1787 985 1981 1041 Domi-

329 1065 442 1124 nus
487 1072 784 1129 minatur?
813 1075 992 1143 Nihil,
1025 1078 1127 1142 ait,
1161 1077 1290 1147 ejus
1336 1075 1528 1130 minas
1581 1075 1980 1146 pertimescas,

329 1175 436 1214 nec
469 1163 668 1235 magni
696 1180 796 1221 eos
815 1165 1054 1220 omnino
1076 1167 1316 1237 pendas.
1346 1165 1432 1220 Ita
1462 1163 1631 1220 miles
1662 1163 1758 1219 ille
1777 1163 1982 1230 oravit,

329 1253 464 1320 post
495 1251 603 1307 hoc
650 1271 854 1310 versus
899 1255 970 1310 ad
1003 1272 1095 1310 me
1145 1255 1227 1311 ait
1259 1271 1271 1308 :
1305 1255 1436 1310 Jam
1468 1258 1674 1308 caetera
1711 1259 1774 1308 tu
1807 1251 1989 1338 nosti,

331 1343 835 1411 quemadmodum
863 1361 969 1416 ego
990 1347 1046 1399 et
1077 1350 1140 1399 tu
1171 1342 1634 1414 convenerimus,
1673 1344 1986 1400 contende-

327 1429 538 1503 rimus,
573 1431 1014 1488 convicerimus.
1053 1433 1325 1505 Signum,
1355 1433 1620 1504 inquam,
1653 1433 1874 1505 grande
1927 1433 1986 1486 in

328 1517 430 1574 illa
459 1520 550 1575 die
580 1521 744 1576 dedit
769 1527 1030 1582 sanctus.
1048 1526 1356 1594 propterea
1383 1523 1537 1594 quod
1573 1517 1715 1577 dum
1757 1521 1840 1577 illi
1865 1521 1989 1594 plu-

327 1626 444 1676 res,
477 1614 533 1666 et
563 1609 800 1666 climate
830 1611 1102 1667 acumine
1127 1611 1364 1680 fuerint,
1385 1629 1420 1666 a
1449 1610 1652 1683 paucis
1683 1617 1740 1668 et
1787 1612 1986 1668 minus

327 1698 515 1754 acutis
557 1698 693 1755 victi
743 1699 1016 1756 abierint.
1053 1701 1203 1756 Tum
1236 1705 1341 1774 ego
1395 1699 1714 1772 respiciens
1766 1701 1836 1757 ad
1885 1718 1986 1758 eos

325 1789 426 1860 qui
443 1791 758 1860 praesentes
779 1793 945 1847 erant
965 1789 1193 1847 ostendi
1215 1789 1430 1862 verbis,
1449 1789 1604 1862 quod
1629 1807 1782 1846 nunc
1799 1791 1980 1863 prodo

325 1875 560 1935 litteris.

744 1969 940 2026 Auctor
967 1967 1032 2024 de
1059 1985 1116 2026 re
1144 1977 1341 2026 narrat
1367 1970 1564 2026 visum.

395 2057 486 2112 23.
513 2058 678 2114 Nunc
704 2059 778 2114 ad
799 2075 866 2114 ea
883 2073 1009 2130 quas
1034 2074 1224 2115 meam
1249 2057 1481 2130 proprie
1517 2057 1814 2131 attingunt
1843 2075 1976 2130 pcr-

326 2163 552 2216 sonam,
587 2151 653 2202 ut
683 2145 882 2202 minus
912 2147 1158 2203 fortasse
1187 2147 1444 2220 sapiens,
1475 2147 1757 2215 transibo,
1787 2151 1845 2203 et
1893 2148 1976 2204 sic

323 2235 409 2291 ori
438 2235 738 2294 silentium
769 2253 1004 2308 ponam,
1033 2233 1308 2292 manibus
1339 2251 1570 2308 quoque
1601 2235 1788 2292 otium
1824 2235 1974 2295 indi-

225 2347 237 2360 κ
322 2325 756 2392 cam.Quodam
787 2329 1048 2398 tempore
1079 2323 1318 2398 quidam
1359 2323 1629 2380 homines
1676 2325 1835 2398 gravi
1883 2342 1976 2382 me

321 2413 452 2470 odio
486 2413 862 2486 infestabant,
882 2431 987 2470 nec
1017 2419 1182 2486 prius
1203 2415 1274 2470 ab
1315 2414 1646 2470 infestando
1680 2413 1976 2486 quiescere

318 2503 607 2572 volebant,
625 2520 802 2576 quam
834 2503 1024 2576 magis
1057 2503 1292 2576 injuriis
1312 2503 1588 2559 atfeetum
1610 2504 1976 2576 gravioribus

317 2593 693 2649 minarentur
719 2593 1115 2649 afﬁciendum.
1150 2594 1366 2648 Eorum
1413 2609 1545 2648 vero
1595 2593 1696 2664 qui
1738 2594 1974 2666 agenda;

321 2699 510 2739 causae
542 2687 754 2738 nostrae
776 2681 1011 2753 judices
1036 2682 1158 2738 dati
1189 2683 1427 2738 fuerunt
1457 2682 1540 2737 ita
1580 2683 1814 2739 animus
1855 2680 1974 2742 sive

321 2771 530 2845 gratia,
546 2771 664 2830 sive
695 2771 1135 2844 importunitate
1165 2769 1630 2828 adversariorum
1663 2790 1698 2830 a
1725 2790 1819 2830 me
1841 2774 1978 2832 alie-

324 2864 500 2917 natus
547 2863 657 2930 est,
689 2865 757 2917 ut
803 2876 994 2934 neque
1039 2861 1302 2916 oratione
1351 2859 1590 2929 inflecti,
1624 2879 1812 2936 neque
1855 2865 1974 2924 ulla

323 2953 564 3021 possent
585 2951 806 3008 ratione
838 2950 1077 3012 moveri.
1110 2949 1435 3022 Desperans
1453 2967 1590 3024 ergo
1632 2951 1701 3008 de
1723 2955 1972 3011 subven-

323 3037 480 3093 tione
509 3038 837 3105 hominum,
870 3037 1055 3096 solius
1077 3037 1180 3094 Dei
1211 3055 1276 3094 ac
1309 3038 1458 3094 beati
1496 3039 1668 3097 istius
1689 3043 1971 3101 auxilium

324 3128 460 3183 duxi
494 3127 879 3198 qumrendum
911 3143 1058 3184 esse.
1075 3126 1278 3198 Itaque
1300 3131 1583 3184 nocturno
1607 3134 1866 3204 tempore
1887 3151 1974 3190 so-

2092 543 2526 597 εοιιιηιυιιίοιιὶδ
2549 542 2870 614 antiphona
2891 543 3202 598 decartata
3223 541 3554 609 recessisse,
3569 545 3748 614 atque

2094 636 2159 686 ut
2190 631 2357 686 illum
2381 636 2708 703 expectaret
2739 630 2839 703 qui
2870 631 2940 686 ad
2973 629 3235 702 requiem
3261 629 3419 688 illius
3441 631 3753 690 decumbe-

2093 719 2194 775 bat
2225 721 2586 792 prmeepisse.
2621 718 2960 792 Cogitabam
2994 719 3194 790 itaque
3224 737 3296 774 ne
3334 719 3482 775 forte
3511 737 3618 793 ego
3650 717 3750 778 ille

2093 826 2304 864 essem.
2339 809 2602 880 Cumque
2623 808 2730 863 hoc
2757 807 2815 862 in
2840 807 3035 863 animo
3065 809 3372 877 volverem,
3396 825 3756 884 consurgen-

2094 901 2182 952 tes
2223 898 2328 952 viri
2371 897 2454 952 illi
2487 898 2918 970 apprehensum
2953 915 3046 953 me
3079 903 3411 954 statuerunt
3461 899 3519 955 in
3554 900 3752 958 medio

2094 987 2206 1055 sui,
2241 986 2538 1042 alterutris
2565 987 2806 1044 vocibus
2837 1005 2965 1042 esse
3015 987 3386 1044 cohortantes
3420 1005 3434 1044 :
3469 988 3591 1058 Eia,
3627 990 3752 1046 fra—

2092 1079 2230 1142 tres,
2266 1075 2480 1130 missas
2513 1075 2917 1140 terminemus,
2953 1075 3228 1148 quoniam
3274 1075 3326 1132 is
3369 1077 3556 1144 adest,
3576 1078 3754 1150 cujus

2093 1163 2281 1236 gratia
2309 1163 2424 1220 ista
2447 1163 2648 1220 dilatio
2683 1166 2833 1220 facta
2861 1169 2968 1220 est.
3019 1164 3329 1237 Coeperunt
3373 1165 3570 1239 itaque
3609 1165 3753 1224 dul-

2095 1253 2350 1309 cissimis
2379 1271 2446 1309 ac
2477 1252 2966 1309 modulatissimis
2996 1254 3236 1310 vocibus
3266 1253 3534 1326 psallere,
3565 1258 3626 1313 et
3657 1271 3752 1313 me

2094 1341 2167 1398 ad
2198 1342 2658 1416 organizandum
2681 1343 2834 1414 quod
2857 1340 3190 1414 psallebant
3213 1342 3476 1411 invitare,
3491 1344 3620 1400 Dico
3645 1361 3752 1400 au-

2093 1439 2201 1488 tem
2232 1433 2376 1488 vobis
2407 1433 2601 1488 amicis
2628 1433 2786 1497 meis,
2817 1448 2887 1488 ne
2915 1433 3234 1488 terreamini
3279 1432 3347 1488 ab
3392 1431 3479 1489 his
3527 1435 3626 1504 qui
3657 1449 3752 1492 vos

2088 1530 2510 1595 persequuntur.
2529 1521 2614 1577 Ad
2641 1537 2789 1594 quas
2818 1537 2987 1580 voces
3019 1526 3390 1594 experrectus
3412 1523 3748 1592 confestim,

2096 1613 2170 1668 ad
2191 1611 2527 1683 sepulcrum
2549 1609 2734 1667 sancti
2757 1610 3286 1681 eucurri,medium
3309 1609 3453 1666 illud
3475 1610 3753 1684 utrisque

2095 1699 2350 1757 brachiis
2381 1699 2745 1772 amplexatus
2775 1699 3272 1769 sum,vociferans
3308 1716 3375 1759 ac
3405 1699 3592 1758 nimia
3619 1717 3750 1766 cor-

2097 1790 2188 1846 dis
2207 1789 2562 1846 exultationc
2583 1787 2937 1862 proloquens
2960 1803 2975 1844 :
2997 1787 3274 1856 Adfuisti,
3288 1788 3458 1848 Pater
3475 1789 3754 1852 charissi-

2029 1877 2059 1906 θ’
2090 1897 2203 1949 me,
2223 1879 2494 1947 adfuisti;
2529 1879 2768 1935 adfuisti
2796 1877 2856 1934 in
2878 1877 3169 1952 angustiis
3189 1877 3574 1948 laboranti,et
3605 1897 3744 1952 8m.”

2086 1970 2230 2027 tiam
2261 1969 2346 2024 tui
2380 1967 2683 2026 humiliter
2711 1966 3054 2040 postulanti.
3083 1966 3231 2028 Vere
3263 1971 3502 2024 sanctus
3516 1967 3619 2026 Dei.
3646 1985 3736 2038 es.

2087 2065 2143 2116 et
2194 2059 2588 2132 quodcunque
2633 2056 2722 2114 vis
2772 2057 2844 2112 ab
2893 2055 2992 2112 illo
3042 2057 3358 2128 impetrare
3391 2061 3572 2129 potes.
3604 2057 3743 2116 ,ιω

2085 2165 2330 2213 securus
2353 2147 2586 2220 judices
2617 2146 2811 2214 adibo,
2845 2161 2951 2202 nec
2981 2145 3175 2206 minas
3207 2145 3540 2218 ctrieuspiam
3569 2145 3746 2204 hodie

2087 2239 2436 2296 formidabo.
2453 2235 2840 2292 Venientibus
2867 2251 3005 2310 ergo
3027 2234 3354 2308 judicibus,
3367 2252 3618 2309 quorum
3651 2237 3744 2292 in.-

2085 2329 2288 2387 terfuit
2335 2343 2574 2384 causam
2631 2326 2968 2394 terminare,
2991 2329 3368 2385 accesserunt
3411 2323 3454 2382 ii
3505 2325 3604 2397 qui
3647 2341 3744 2382 me

2085 2421 2322 2479 turbare
2355 2414 2800 2488 moliti,aecessi
2831 2419 2889 2472 et
2918 2429 3022 2487 ego
3052 2413 3410 2474 calumniam
3443 2414 3516 2472 de
3543 2414 3744 2471 adver-

2086 2509 2258 2568 sariis
2291 2504 2834 2578 1novi.ltaque,Deo
2867 2503 3179 2575 adiuvante
3210 2507 3268 2560 et
3295 2503 3600 2561 Dunstano
3633 2519 3744 2575 pa-

2084 2598 2661 2663 trocinante,omnes
2720 2593 2864 2650 mihi
2919 2593 3294 2650 adversantes
3345 2592 3552 2662 devici,
3584 2595 3652 2648 ut
3680 2594 3740 2648 et

2083 2688 2196 2760 ipsi
2229 2686 2464 2758 propria
2494 2703 2602 2740 sua
2620 2683 2856 2740 ratione
2887 2683 3182 2749 caderent,
3198 2685 3256 2737 et
3278 2697 3384 2755 ego
3405 2699 3523 2742 non
3543 2680 3740 2743 solum

2085 2778 2298 2834 factam
2330 2775 2474 2832 mihi
2500 2772 2778 2845 injuriam
2811 2788 2926 2828 non
2958 2772 3518 2844 eﬂ'ugerem,verum
3557 2771 3740 2830 etiam

2083 2866 2143 2923 in
2178 2883 2310 2922 mea
2339 2861 2676 2923 defensione
2716 2860 2893 2920 simul
2931 2864 2988 2916 et
3027 2859 3379 2918 exultatione
3409 2859 3738 2934 plurimum

2082 2955 2454 3014 exsultarem.
3079 2956 3086 2966 '

2469 3085 2474 3088 -
2499 3044 2694 3100 Auctor
2721 3043 2898 3099 multa
2921 3041 3313 3112 praemittit.

2151 3137 2243 3192 2A.
2271 3135 2431 3192 Satis
2473 3151 2604 3190 esse
2661 3133 2776 3189 ista
2821 3130 3117 3197 existimo,
3145 3129 3368 3186 domini
3419 3133 3479 3187 et
3535 3129 3739 3190 Patres

322 3214 998 3288 poratisomnibus,ejus
1016 3215 1358 3270 memoriam
1375 3214 1437 3272 in
1456 3233 1673 3290 magna
1685 3201 1978 3279 conﬁden-
2002 3201 2046 3269 (ἶ
2085 3223 2440 3292 charissimi,
2472 3221 2562 3279 vel
2591 3221 2665 3279 ad.
2713 3219 3102 3278 insinuandos
3150 3217 3502 3291 temporales
3547 3217 3739 3277 sancti

323 3303 409 3360 tia
435 3303 574 3376 adii,
589 3303 1118 3372 stmultitudinem
1139 3303 1584 3362 miserationum
1608 3306 1766 3363 illius
1787 3327 1976 3382 geme-

319 3393 536 3449 bundis
559 3393 820 3462 vocibus,
855 3410 921 3448 ac
961 3392 1442 3465 lacrymabilibus
1489 3394 1674 3452 oculis
1723 3399 1970 3470 pulsavi.

319 3482 570 3540 Demum
593 3485 788 3538 mente
809 3481 1026 3550 fessus,
1043 3481 1206 3537 luctu
1221 3481 1428 3538 anxius
1440 3485 1648 3540 recessi
1659 3493 1970 3554 ,secretum

319 3571 757 3643 petii,dolorem
781 3570 978 3629 cordis
1020 3570 1218 3643 requie
1269 3572 1629 3644 corporis,ut
1675 3576 1970 3636 interdum

319 3660 405 3729 ﬁt,
441 3660 621 3718 lenire
650 3660 1010 3720 desiderans.
1045 3661 1304 3717 Necdum
1337 3661 1480 3718 satis
1503 3663 1574 3717 ad
1597 3668 1967 3736 pausandum

318 3767 762 3824 composueram
795 3769 1006 3824 corpus
1038 3751 1180 3807 dum
1213 3751 1409 3806 animo
1432 3757 1642 3809 cuncta
1661 3758 1965 3829 excedens,

315 3841 542 3898 viderer
571 3841 716 3898 mihi
746 3841 806 3896 in
839 3841 986 3898 atrio
1035 3839 1237 3912 templi
1269 3841 1512 3898 domum
1558 3843 1772 3914 videre,
1797 3850 1967 3920 cujus

315 3931 660 4005 magnitudo
692 3929 998 4000 mirabilis,
1027 3929 1402 4002 pulchritudo
1425 3930 1872 4005 inaestimabilis,
1892 3939 1965 3994 ad

315 4038 492 4092 quam
528 4039 698 4078 nemo
731 4021 842 4076 nisi
874 4038 978 4092 per
1009 4020 1328 4093 quamdam
1361 4038 1650 4093 aquarum
1683 4023 1964 4084 colluvie-

316 4126 452 4164 nem
483 4113 710 4180 poterat
738 4109 1010 4165 transire.
1029 4108 1244 4164 Verum
1274 4108 1387 4164 ista
1409 4113 1854 4172 transeuntibus
1874 4115 1966 4174 lex

315 4201 461 4262 erat,
496 4201 562 4250 ut
588 4199 808 4268 quanto
840 4195 1031 4268 magis
1058 4197 1136 4251 ad
1170 4195 1478 4252 introitum
1509 4199 1720 4258 domus
1749 4220 1962 4276 appro-

313 4282 689 4355 pinquarent,
724 4285 888 4336 tanto
927 4281 1126 4336 minus
1157 4283 1392 4338 easdem
1441 4287 1728 4344 sentirent
1757 4307 1961 4362 aquas.

312 4370 661 4427 Transibam
683 4385 789 4442 ego
811 4385 946 4424 cum
969 4371 1433 4436 transeuntibus,
1448 4389 1512 4428 ac
1536 4380 1964 4439 rarescentibus

311 4459 480 4531 aquis
493 4459 564 4514 ad
588 4457 862 4514 ulteriora
875 4456 1017 4516 alvei
1041 4456 1237 4514 littora
1257 4461 1663 4530 perveniebam
1681 4481 1695 4533 ;
1715 4483 1963 4540 moxque

2082 3313 2188 3370 viri
2213 3313 2460 3381 labores,
2474 3311 2565 3368 vel
2587 3313 2664 3368 ad
2681 3311 2811 3381 ejus
2830 3308 3250 3382 sempiternam
3271 3307 3516 3382 gloriam
3533 3307 3738 3366 catho-

2080 3401 2202 3459 licaa
2234 3401 2502 3458 Ecclesiae
2551 3399 2824 3456 ﬁdelibus
2873 3398 3431 3466 commendandam;
3466 3414 3582 3454 non
3616 3413 3737 3470 quo

2080 3491 2250 3566 plura
2279 3507 2396 3546 non
2425 3489 2564 3559 sint,
2583 3495 2644 3546 et
2670 3490 2917 3546 fortasse
2944 3487 3038 3544 his
3069 3487 3316 3559 majora,
3329 3503 3459 3561 quae
3490 3487 3564 3543 ad
3611 3485 3737 3543 hac

2079 3581 2306 3638 narrari
2337 3578 2606 3636 valeant:
2635 3579 2735 3636 sed
2760 3578 2916 3650 quod
2948 3593 3016 3634 ea
3045 3573 3422 3632 solummodo
3447 3573 3736 3632 voluerim

2079 3687 2334 3737 narrare,
2355 3687 2482 3742 quae
2515 3669 2691 3725 fidem
2721 3667 2900 3742 (sicut
2921 3667 3200 3739 prooemio
3229 3664 3372 3735 dixi)
3401 3680 3518 3720 non
3565 3663 3734 3721 video

2077 3764 2280 3816 rentur
2309 3741 2602 3814 excedere.
2637 3741 2778 3824 Quis
2809 3769 3061 3827 namque
3087 3753 3286 3812 statim
3311 3751 3459 3810 mihi
3480 3752 3733 3809 creduli-

2077 3853 2258 3906 tatem
2291 3845 2778 3912 accomodaret,si
2808 3843 3062 3900 dicerem
3088 3847 3194 3900 aut
3218 3846 3442 3898 vestem
3467 3840 3640 3900 illum
3669 3843 3729 3900 in

2075 3939 2350 3998 colu-mna
2387 3935 2536 3993 lucis
2581 3934 2978 4008 suspendisse,
3014 3936 3117 3990 aut
3144 3937 3462 3990 extremam
3495 3931 3732 4004 cognati

2075 4027 2334 4102 parentis
2351 4030 2668 4099 egestatem
2685 4026 2758 4082 ad
2776 4040 3043 4080 summas
3059 4021 3294 4078 divitias
3314 4020 3545 4078 nummi.
3559 4019 3734 4076 dimi-

2075 4117 2168 4173 dio
2193 4115 2573 4188 perduxisse?
2593 4115 2774 4186 Cujus
2797 4111 3061 4168 animum
3083 4109 3290 4166 horror
3316 4125 3433 4166 non
3458 4108 3729 4180 percelle-

2074 4211 2182 4272 ret,
2199 4204 2245 4262 si
2278 4204 2508 4260 audiret
2539 4203 2895 4260 monachum
2922 4198 3347 4272 Jerosolymam
3380 4199 3494 4270 (69)
3516 4214 3727 4271 prope-

2074 4293 2410 4362 rantem,ab
2441 4291 2694 4348 exercitu
2735 4287 3106 4363 imperatoris
3153 4287 3730 4359 Constantinopolim

2075 4383 2564 4449 circumventum,
2586 4381 2656 4436 ad
2681 4379 2866 4436 solam
2895 4379 3085 4435 sancti
3116 4377 3277 4434 illius
3298 4375 3728 4444 invocationem

2074 4473 2146 4530 ab
2160 4489 2363 4528 eorum
2383 4467 3131 4540 molestissimairruptionc
3148 4466 3459 4524 liberatum
3471 4465 3499 4520 ?
3515 4468 3728 4538 Quem,

307 4545 1558 4642 domumingrediens,videbamtotamillam
1573 4554 1961 4629 majoriquam
1991 4575 2039 4642 Ι)
2072 4563 2335 4635 inquam,
2361 4565 2564 4632 stupor
2595 4577 2708 4616 non
2743 4557 3200 4631 apprehenderat
3229 4553 3724 4622 considerantem,

307 4636 481 4694 solari
505 4635 768 4694 claritate
799 4635 1138 4710 fulgentem,
1163 4641 1377 4692 coetum
1408 4639 1576 4710 quasi
1619 4649 1962 4706 sanctorum

303 4725 583 4782 ineffabili
605 4725 858 4798 quadam
881 4723 1165 4780 suavitate
1185 4723 1508 4780 laetantium
1534 4727 1958 4792 circumseden-

303 4820 452 4874 tem:
487 4819 546 4871 et
575 4814 894 4888 quamdam
926 4813 1154 4869 decoris
1185 4811 1594 4884 subtilitatem,
1627 4834 1754 4890 quae
1784 4825 1956 4882 modo

301 4903 561 4978 crystalli
593 4901 878 4976 pervideri
895 4907 1096 4974 posset
1117 4901 1301 4958 oculis
1333 4902 1688 4962 intuentium
1710 4915 1955 4979 praeten-

301 4995 558 5050 dentem.
575 4991 1028 5049 Considerabam
1047 4989 1410 5064 diligentius,
1431 4992 1628 5051 volens
1643 4996 1958 5069 deprehen-

299 5083 627 5149 dere,undc
643 5082 821 5137 etiam
844 5081 1146 5136 immensm
1168 5080 1318 5136 lucis
1343 5081 1578 5137 claritas
1601 5097 1954 5162 coruscaret,

300 5175 358 5226 et
383 5171 688 5226 videbatur
704 5170 847 5224 mihi
873 5171 1028 5240 quod
1053 5187 1166 5224 non
1191 5169 1426 5224 aliunde
1447 5187 1624 5242 quam
1657 5173 1728 5230 de
1745 5193 1952 5250 corpo-

299 5261 464 5315 ribus
495 5265 830 5316 sanctorum
854 5259 1006 5313 idem
1041 5258 1318 5330 splendor
1346 5259 1546 5314 exiret.
1568 5262 1951 5340 Interroganti

298 5352 491 5404 autem
523 5349 666 5404 mihi
701 5367 826 5420 qua:
851 5347 969 5402 hinc
1002 5349 1502 5414 essent,edoctum
1535 5355 1623 5406 est
1646 5353 1801 5410 hunc
1823 5375 1950 5414 esse

299 5436 517 5492 clerum
575 5438 771 5511 magni
822 5436 1130 5502 Dunstani,
1184 5436 1351 5491 illum
1395 5455 1528 5492 vero
1590 5441 1762 5511 paulo
1812 5453 1948 5502 ante

2066 4651 2154 4707 vel
2203 4651 2393 4708 furem
2447 4667 2482 4706 a
2529 4653 2732 4705 saneto
2793 4646 3264 4720 perterrefactum
3309 4659 3402 4700 res
3445 4659 3484 4698 a
3522 4643 3726 4716 requie

2068 4740 2229 4796 illius
2257 4743 2589 4812 exportatas
2618 4736 2681 4794 in
2701 4737 2848 4792 atrio
2876 4734 3078 4807 templi
3098 4733 3354 4790 illibatae
3375 4731 3720 4805 reliquisse;

2065 4829 2153 4885 vel
2179 4828 2360 4884 civem
2381 4825 2704 4884 Cantuariaa
2729 4831 2934 4882 contra
2953 4823 3282 4896 oppositam
3305 4820 3492 4878 sancti
3517 4825 3724 4877 aucto-

2065 4918 2296 4974 ritatem
2329 4917 2722 4974 substantiam
2745 4914 3002 4972 ecclesia:
3023 4911 3239 4970 Christi
3259 4909 3714 4980 subripieutem,

2064 5011 2196 5078 post
2226 5023 2444 5078 paucos
2473 5006 2597 5061 dies
2629 5021 2860 5076 pmnam
2891 5021 3012 5060 sua:
3043 4998 3394 5060 temeritatis
3423 4996 3670 5054 solvisse
3690 4998 3720 5052 ?

2051 5095 2287 5172 _Videtis
2318 5095 2533 5166 quibus
2563 5093 3170 5166 abstineo,propterea
3190 5088 3346 5162 quod
3377 5085 3720 5143 {estimatio-

2064 5201 2196 5240 ncm
2249 5182 2614 5240 audientium
2658 5181 2999 5254 supergredi
3047 5179 3210 5248 nolo;
3243 5195 3370 5250 qua:
3419 5180 3618 5230 tamen
3667 5174 3726 5233 si.

2061 5289 2600 5340 commemorarem,
2645 5271 3007 5327 incredibilis
3064 5286 3192 5325 esse
3251 5283 3367 5322 non
3418 5265 3716 5332 deberem,

2059 5366 2367 5433 propterea
2398 5362 2551 5434 quod
2586 5361 2732 5416 nihil
2765 5365 2856 5416 est
2885 5357 3267 5424 difﬁcultatis,
3303 5353 3404 5410 ubi
3426 5351 3723 5410 Dominus

2063 5449 2333 5506 Christus
2365 5454 2566 5506 auctor
2593 5455 2683 5506 est
2713 5449 2924 5522 operis.
2949 5446 3169 5504 Deinde
3196 5461 3356 5500 more
3402 5445 3714 5498 cantorum

366 5535 480 5602 (69)
511 5536 626 5590 Hoc
660 5533 1022 5620 mirac‘ulum.
1045 5534 1225 5614 refert
1248 5535 1548 5620 Osbertus,
1577 5537 1745 5596 infra.
1777 5543 1948 5620 Aliud
1983 5547 2055 5602 ab
2097 5547 2228 5605 aliis
2261 5550 2719 5620 praetermissum
2771 5551 3057 5603 memorat
3103 5541 3437 5599 Willelmus
3470 5540 3540 5595 de
3582 5539 3711 5597 fure

296 5623 602 5677 suspenso,
639 5623 810 5678 quem
844 5607 1182 5662 Dunst-anus
1212 5604 1564 5684 incolumem
1596 5614 1858 5672 servavit.
