4056 6178
236 334 356 399 473

1738 328 2146 394 EPISTOLA.

3529 340 3647 399 474

234 471 297 528 in
328 470 609 531 conviviis
638 470 934 545 agentium
965 468 1231 538 fecimus,
1259 468 1359 541 qui
1390 469 1529 525 dum
1564 466 1884 541 puleherri-
1913 465 1971 534 Α
1998 464 2173 523 ficere
2200 466 2402 523 voluit.
2434 466 2792 523 Veneremur
2822 484 3053 540 quoque
3084 466 3253 523 illum
3272 466 3332 523 in
3363 466 3479 524 Deo
3499 468 3649 539 ejus.

238 578 406 619 mum
438 565 547 630 est,
573 560 832 616 medium
862 576 1098 616 carmen
1132 558 1385 614 recidere
1406 558 1683 624 assolent,
1700 574 1816 629 quo
1838 560 1896 612 et

235 650 479 707 taedium
520 649 899 706 audientibus
940 648 1200 715 tollatur,
1233 664 1587 719 rursumque
1617 646 1890 703 audiendi

239 737 550 797 oblectatio
581 739 770 810 major
799 737 1099 794 excitetur.
1123 739 1208 793 Ad
1240 742 1603 809 postremum
1634 752 1771 790 vero
1805 734 1891 789 di-

240 828 409 885 cendi
441 828 745 901 praeceptis
774 827 861 883 vel
910 826 970 882 in
1005 828 1118 882 fine
1151 827 1329 897 hujus
1360 825 1640 881 orationis
1693 838 1893 896 parere

239 919 558 985 voluimus,
592 918 693 989 qui
745 916 1055 972 commotis
1085 915 1300 970 animis
1350 916 1684 970 auditorum
1718 915 1893 967 linem

242 1011 472 1082 ponunt
512 1006 721 1062 ofﬁciis
752 1008 1070 1061 oratorum.
1094 1005 1239 1059 Nam
1292 1004 1568 1075 lacryma,
1600 1005 1665 1056 ut
1692 1000 1894 1056 Tullus

242 1097 346 1163 ait,
382 1095 463 1150 nil
496 1095 671 1151 citius
700 1094 931 1151 arescit.
966 1094 1129 1159 Quod
1178 1093 1228 1148 si
1277 1108 1403 1164 ego,
1438 1092 1590 1147 sicut
1618 1090 1893 1163 oportuit,

242 1186 506 1242 ofﬁcium
555 1184 771 1257 peregi,
814 1186 1008 1255 grates
1061 1183 1299 1237 obsecro
1347 1180 1732 1253 omnipotenti
1780 1180 1896 1234 Deo

242 1290 481 1330 meeum
540 1271 834 1341 exsolvite,
869 1272 1040 1343 cujus
1089 1275 1155 1325 ut
1202 1271 1398 1343 peragi
1448 1272 1650 1340 posset
1698 1272 1895 1325 actum

242 1367 337 1420 est
366 1362 760 1429 miseratione,
793 1361 886 1416 sin
915 1376 1049 1415 vero
1080 1360 1278 1415 minus
1324 1358 1587 1431 apposite
1618 1357 1755 1425 dixi,
1782 1375 1897 1413 non

240 1452 379 1508 ideo
408 1451 606 1506 minus
635 1449 686 1505 is
718 1450 788 1505 de
834 1465 950 1521 quo
983 1448 1100 1503 dixi
1134 1449 1308 1504 debet
1356 1447 1692 1520 appretiari,
1727 1463 1897 1519 prep-

243 1546 407 1597 terea
464 1540 619 1611 quod
685 1536 833 1594 nihil
890 1540 979 1593 est
1036 1536 1366 1610 indignius,
1429 1553 1607 1609 quam
1666 1541 1901 1609 propter

238 1630 454 1685 vitium
488 1626 798 1684 scribentis
844 1625 1120 1681 virtutem
1160 1626 1424 1681 minuere
1467 1624 1615 1680 bene
1664 1639 1899 1697 prome-

241 1719 451 1776 rentis.
487 1715 685 1773 Potius
715 1716 775 1771 in
807 1714 906 1772 illo
945 1715 1130 1771 Deum
1161 1714 1628 1787 magniﬁcemus,
1665 1730 1902 1770 nomen-

242 1825 361 1882 que
391 1805 551 1863 illius
591 1805 857 1862 certatim
902 1804 1151 1860 invicem
1199 1802 1545 1871 exaltemus,
1578 1806 1816 1877 agentes
1846 1803 1897 1858 ei

242 1896 488 1971 gratias,
520 1894 622 1967 qui
652 1893 821 1950 illum
871 1896 1005 1949 ante
1052 1892 1258 1948 mundi
1314 1891 1790 1948 constitutionem
1839 1892 1913 1962 in,

241 1991 462 2043 aeterna
490 2000 600 2039 sua
640 1982 933 2055 sapientia
970 1981 1163 2055 elegit,
1200 1984 1257 2037 et
1283 1981 1605 2053 Anglorum
1637 1984 1901 2053 tempora

241 2091 351 2148 per
377 2070 774 2130 ostensionem
818 2070 1140 2144 corporalis
1178 2070 1496 2143 praesentiae
1528 2069 1686 2126 illius
1717 2069 1897 2126 beati-

2001 572 2117 627 que
2166 556 2373 611 merita
2424 555 2674 611 summis
2732 556 3053 612 honoribus
3104 556 3465 625 attollamus,
3509 558 3651 613 certi

2001 645 2156 716 quod
2191 646 2261 699 ad
2296 644 2397 700 Dei
2441 645 2688 716 gloriam
2738 644 3042 717 pertineat,
3078 645 3367 717 quidquid
3413 646 3475 701 in
3523 646 3652 717 ejus

2000 732 2371 789 veneratione
2392 739 2591 789 nostra
2613 733 2837 789 devotio
2867 733 3161 789 informat.
3185 734 3463 790 Amemus
3483 734 3652 789 illum

2003 839 2071 877 ex
2100 823 2375 877 omnibus
2415 822 2678 877 cordium
2727 827 3061 877 nostrorum
3110 822 3403 896 medullis,
3439 840 3505 878 ac
3553 840 3657 896 per

2002 911 2170 966 illum
2204 912 2489 983 quidquid
2522 929 2557 966 a
2586 912 2701 967 Deo
2743 912 2990 968 ﬁdeliter
3035 882 3402 984 peti‘erimus,
3421 930 3528 968 nos
3554 882 3657 968 re-

2005 1005 2275 1073 cepturos
2308 1018 2613 1073 speremus
2639 1018 2651 1055 :
2678 1004 2983 1072 propterea
3001 1002 3156 1071 quod
3188 1002 3332 1057 nihil
3356 1003 3523 1058 nobis
3555 1003 3656 1059 Dei

2006 1089 2318 1146 clementia
2347 1088 2894 1162 poteritﬁdenegare,
2919 1088 2969 1143 si
2994 1106 3168 1161 quem
3201 1088 3296 1146 ille
3316 1088 3526 1161 diligit,
3550 1108 3657 1147 nos

2007 1179 2414 1236 studuerimus
2461 1182 2519 1233 et
2567 1178 2763 1233 animo
2797 1176 3055 1249 diligere,
3080 1182 3138 1233 et
3182 1178 3460 1251 obsequio
3487 1195 3657 1235 vene-

2006 1267 2144 1324 rari.
2193 1266 2451 1325 Gloriam
2501 1267 2887 1340 omnipotenti
2948 1266 3063 1322 Deo
3113 1266 3287 1335 Patri,
3339 1268 3441 1340 qui
3490 1267 3657 1323 illum

2007 1357 2170 1425 fecit;
2204 1352 2389 1428 gloria
2422 1356 2722 1428 unigenito
2755 1356 2852 1412 Dei
2879 1356 3022 1411 Filio
3043 1355 3144 1428 qui
3176 1355 3344 1411 illum
3377 1357 3655 1427 redemit;

2007 1445 2195 1519 gloria
2224 1444 2465 1518 Spiritui
2499 1448 2700 1500 sancto
2734 1445 2835 1516 qui
2867 1444 3033 1499 illum
3068 1461 3179 1499 sua
3216 1444 3406 1517 gratia
3437 1444 3658 1501 illumi-

2008 1535 2196 1603 navit;
2230 1533 2332 1589 uni
2364 1533 2471 1589 soli
2500 1534 2628 1589 vivo
2656 1536 2714 1589 et
2741 1550 2874 1589 vero
2903 1534 3019 1590 Deo
3062 1533 3191 1590 laus
3236 1538 3294 1590 et
3333 1535 3656 1608 gratiarum

2009 1623 2158 1682 actio
2189 1639 2293 1697 per
2321 1622 2553 1681 inﬁnita
2582 1621 2794 1679 saecula
2824 1622 3191 1693 saeculorum,
3224 1640 3415 1682 amen.

2080 1806 2265 1869 Quem
2296 1817 2487 1874 genus
2516 1800 2783 1873 insignit,
2806 1800 2993 1858 virtus
3023 1801 3284 1860 attollere
3312 1806 3517 1872 certat,

2151 1890 2297 1947 Huic
2328 1890 2467 1946 dare
2497 1893 2699 1946 nostra
2724 1890 2931 1946 cohors
2964 1907 3212 1948 munera
3238 1892 3432 1949 laudis
3462 1892 3660 1951 habet.

2080 1981 2423 2037 Dunstanus
2457 1979 2623 2034 Pater
2651 1978 2902 2035 eximius
2928 1981 3294 2036 venerandus
3326 1980 3573 2038 in-orbe.

2153 2068 2289 2123 Post
2317 2065 2592 2135 hiemem,
2624 2064 2779 2123 veris
2804 2069 3069 2141 tempore
3096 2067 3229 2125 laeta
3257 2067 3435 2126 subit.

1404 2405 1525 2507 S.
1624 2400 2507 2507 DUNSTANI

1683 2607 2223 2703 EPISTULA

1066 2791 1159 2846 AD
1198 2791 1643 2849 WULFSINUM
1684 2786 2391 2847 SCHIREBURNENSEM
2434 2785 2835 2844 EPISCOPUM

1319 2944 1584 3015 (Mabill.,
1617 2944 1743 3001 Acta
1780 2942 1899 3009 ss.,
1932 2940 2140 2998 Saculi
2169 2940 2236 3009 v,
2273 2957 2403 3014 pag.
2434 2940 2584 3013 239.)

322 3226 391 3282 D.
424 3226 525 3282 Dei
554 3224 785 3299 [gratia]
807 3225 1280 3299 archiepiscopus
1303 3227 1457 3283 fideli
1490 3227 1676 3284 amico
1698 3228 1904 3283 Wunr-
1931 3225 1974 3293 C
2013 3223 2322 3281 habitator.
2349 3223 2548 3280 Mitem
2581 3228 2637 3279 te
2668 3227 2724 3280 et
2751 3223 3037 3282 humilem
3070 3225 3141 3283 ad
3174 3225 3443 3284 meliores
3474 3230 3666 3285 osten-

240 3331 383 3372 sum
412 3315 682 3387 episcopo
703 3318 929 3371 internae
959 3316 1262 3388 sospitatis
1288 3321 1347 3372 et
1375 3316 1536 3389 pacis
1566 3317 1627 3372 in
1657 3316 1903 3373 Domino

241 3404 354 3460 Dat
384 3402 655 3459 salutem.

320 3491 556 3549 Gratias
584 3508 832 3566 agamus
854 3492 992 3562 Deo,
1017 3493 1117 3565 qui
1148 3510 1257 3550 nos
1284 3494 1560 3568 indignos
1581 3500 1638 3552 et
1665 3495 1905 3553 ultimos

242 3590 554 3637 servatam
602 3597 845 3641 suorum
891 3582 1306 3653 prmordinavit
1353 3583 1425 3638 ad
1474 3584 1733 3657 regimen
1784 3603 1902 3641 suae

243 3676 465 3725 sanctis
493 3667 765 3725 Ecclesiae
792 3668 855 3723 in
882 3672 1006 3724 tam
1050 3668 1394 3740 periculosis
1425 3674 1482 3725 et
1512 3670 1904 3727 laboriosissi-

244 3758 362 3814 mis
390 3757 779 3831 temporibus.
804 3758 875 3813 Et
902 3774 1059 3813 nunc
1088 3756 1150 3813 in
1181 3773 1496 3814 commune
1524 3760 1907 3832 deprecemur

244 3846 669 3918 omnipotentis
697 3847 798 3903 Dei
821 3846 1197 3903 clementiam
1227 3851 1292 3902 ut
1318 3845 1415 3902 ille
1446 3863 1554 3903 nos
1584 3849 1817 3920 adjuvet
1844 3848 1905 3904 in

245 3937 413 3999 mini
441 3953 614 4008 opere
644 3937 817 3991 bono.
853 3937 925 3992 Et
951 3940 1038 4004 tu,
1062 3936 1407 3993 charissima
1444 3937 1642 4009 frater,
1666 3937 1907 3995 viriliter

246 4026 361 4095 fac,
392 4028 453 4081 et
496 4025 719 4081 fortiter
748 4042 896 4098 opus
945 4025 1177 4081 Domini
1207 4027 1363 4098 quod
1412 4026 1593 4083 habes
1625 4027 1686 4083 in
1716 4026 1903 4083 mani~

246 4115 386 4182 bus,
414 4115 633 4187 perﬁce
656 4115 731 4171 ad
760 4116 1087 4172 mercedem
1120 4114 1330 4171 animae
1380 4120 1589 4172 nostrae
1620 4120 1679 4172 et
1708 4116 1780 4173 ad
1812 4134 1904 4173 sa-

248 4203 435 4261 lutem
463 4203 789 4259 multarum
817 4203 1171 4260 animarum.
1197 4204 1323 4261 Non
1355 4208 1544 4261 cesset
1570 4204 1775 4278 lingua
1804 4210 1906 4263 tua

247 4291 312 4348 in
336 4292 728 4364 praedicando,
761 4309 875 4348 non
906 4310 1011 4371 pes
1048 4297 1192 4349 tuus
1221 4294 1639 4350 circumeundo
1668 4311 1904 4369 gregem

246 4381 363 4438 tibi
387 4380 806 4450 commissum;
839 4398 959 4438 non
986 4397 1203 4439 manus
1244 4387 1349 4438 tua
1395 4399 1430 4438 δ
1476 4383 1815 4455 laborando,
1840 4390 1906 4441 ut

246 4469 633 4542 elemosyna:
659 4470 805 4526 ﬂant
834 4488 937 4543 per
953 4475 1031 4539 te,
1054 4476 1121 4526 ut
1140 4476 1355 4527 sanctae
1386 4471 1490 4527 Dei
1522 4473 1739 4544 ubique
1758 4474 1905 4530 exal-
1954 4511 1964 4519 -

244 4562 405 4616 tota:
453 4558 730 4615 Ecclesia.
762 4558 903 4615 Esto
948 4560 1138 4616 forma
1183 4559 1712 4632 salutis'gomnium,
1741 4562 1801 4617 in
1849 4567 1904 4619 te

247 4646 326 4704 sit
351 4646 691 4720 exemplum
721 4648 1179 4706 conversationis
1218 4650 1623 4717 sanctissimae,
1655 4649 1714 4705 in
1746 4654 1803 4707 te
1830 4653 1907 4707 sit

248 4736 531 4796 solatium
558 4737 930 4808 miserorum,
946 4738 1008 4794 in
1029 4743 1087 4795 te
1116 4739 1460 4795 eonfortatio
1478 4739 1900 4812 dubitantium,

250 4823 313 4881 in
336 4830 395 4882 te
426 4825 748 4898 disciplinae
776 4826 973 4900 jrigor,
1004 4828 1067 4887 in
1097 4832 1154 4884 te
1182 4828 1441 4885 veritatis
1487 4829 1723 4896 ﬁducia,
1754 4830 1815 4886 in
1848 4835 1903 4888 te

250 4914 428 4976 totius
458 4913 739 4971 bonitatis
769 4933 925 4989 spes.
958 4917 1083 4973 Non
1113 4921 1170 4973 te
1198 4917 1393 4974 saeculi
1426 4934 1643 4991 pompa
1669 4920 1899 4993 exaltet,

255 5019 363 5057 non
413 5003 680 5059 ciborum
731 5003 903 5062 luxus
958 5010 1209 5072 enervet,
1255 5023 1371 5062 non
1418 5008 1900 5066 vestimentorum

254 5091 483 5148 vanitas
505 5091 786 5159 emolliat,
817 5111 934 5150 non
975 5095 1341 5151 adulantium
1391 5096 1594 5170 lingua
1622 5098 1895 5171 decipiat,

258 5196 365 5235 non
394 5181 834 5241 detrahentium
864 5185 1186 5242 adversitas
1214 5187 1539 5253 conturbet,
1565 5203 1682 5241 non
1712 5188 1903 5244 tristia

257 5268 546 5343 inrigant,
580 5289 695 5327 non
725 5271 858 5328 laeta
901 5273 1140 5329 elevent.
1168 5275 1291 5331 Non
1344 5274 1426 5332 sis
1477 5277 1702 5331 arundo
1731 5280 1901 5333 vento

258 5358 491 5429 agitata,
523 5378 639 5417 non
686 5361 793 5417 llos
840 5380 993 5418 aurae
1040 5365 1406 5437 tempestatis
1455 5364 1749 5433 decidens,
1784 5382 1900 5420 non

259 5449 447 5517 paries
472 5450 736 5519 ruinosa,
769 5468 883 5507 non
927 5454 1139 5519 domus
1187 5471 1363 5525 super
1401 5470 1639 5510 arenam
1688 5454 1898 5525 posita,

260 5537 348 5591 sed
384 5538 676 5611 templum
705 5544 830 5596 esto
876 5541 978 5597 Dei
1007 5542 1118 5596 vivi
1170 5560 1346 5614 super
1393 5544 1623 5599 firmam
1674 5548 1899 5615 petram

260 5632 672 5699 constructum,
696 5631 867 5700 cujus
898 5632 1023 5703 ipse
1068 5631 1145 5688 sit
1176 5631 1428 5704 Spiritus
1460 5633 1776 5705 paraclitus
1810 5633 1898 5690 in-

2013 3314 2106 3381 de,
2130 3314 2345 3369 durum
2377 3317 2434 3369 et
2463 3314 2721 3389 rigidum
2744 3314 2815 3370 ad
2841 3314 3148 3388 superbos,
3171 3314 3370 3373 omnia
3391 3317 3667 3376 omnibus

2014 3402 2223 3471 factus,
2248 3406 2312 3457 ut
2332 3418 2536 3459 omnes
2558 3402 2772 3458 lucrari
2802 3403 3021 3477 possis;
3056 3403 3273 3463 habeas
3301 3406 3361 3462 in
3393 3406 3666 3465 manibus

2014 3490 2134 3547 tuis
2162 3490 2275 3546 mel
2308 3496 2364 3547 et
2396 3491 2784 3561 absinthium,
2817 3492 3103 3567 quidquid
3141 3493 3236 3551 cui
3280 3493 3507 3569 placeat
3535 3497 3669 3554 edat

2013 3594 2082 3635 ex
2111 3579 2228 3635 illis
2253 3596 2265 3635 :
2292 3580 2385 3635 cui
2419 3581 2489 3636 de
2520 3581 2618 3652 pia
2656 3581 3067 3653 praedicatione
3104 3583 3258 3639 vesci
3289 3583 3486 3653 libeat,
3511 3586 3668 3644 acci—

2013 3669 2137 3741 piat
2165 3669 2314 3735 mel;
2357 3670 2460 3740 qui
2512 3670 2660 3725 dura
2708 3670 3030 3727 invectione
3075 3670 3356 3745 indigeat,
3391 3673 3555 3733 bibat
3599 3692 3669 3732 ex

2015 3757 2330 3825 absinthio,
2356 3756 2439 3812 ita
2468 3762 2663 3814 tamen
2688 3764 2752 3814 ut
2779 3758 2951 3815 liceat
2981 3759 3030 3815 ei
3066 3760 3180 3816 mel
3210 3762 3390 3819 venia:
3412 3780 3665 3836 sperare,

2014 3845 2065 3901 si
2114 3862 2281 3902 rosea
2329 3846 2617 3902 confessio
2668 3849 3020 3920 paenitentiae
3070 3851 3358 3921 praecedat
3405 3868 3417 3908 :
3470 3853 3670 3909 omnia

2010 3938 2205 3991 vestra
2233 3935 2482 3991 honesta
2512 3952 2646 3991 cum
2677 3936 2881 3993 ordine
2909 3939 3071 3994 ﬁant.
3091 3940 3348 4012 Tempus
3378 3943 3670 3998 statuatur

2014 4023 2270 4093 lectioni,
2292 4029 2348 4080 et
2376 4025 2559 4081 oratio
2591 4042 2730 4081 suas
2778 4026 2991 4082 habeat
3026 4027 3219 4097 horas,
3244 4032 3301 4084 et
3349 4028 3668 4087 missarum

2015 4114 2301 4170 solemnia
2356 4114 2590 4186 proprio
2649 4118 2910 4187 tempore
2957 4116 3320 4174 conveniant;
3355 4118 3464 4185 Qui
3512 4118 3668 4176 diem

2015 4204 2185 4276 sapit.
2220 4204 2467 4259 Domino
2499 4203 2706 4276 sapiat,
2736 4204 2823 4261 Sit
2871 4206 3136 4262 modesta
3177 4204 3238 4262 in
3285 4207 3541 4265 convivis
3571 4209 3668 4266 lae-

2012 4292 2162 4360 titia,
2188 4292 2264 4349 sit
2298 4296 2461 4348 casta
2490 4293 2548 4348 in
2581 4293 2827 4365 jejuniis
2858 4294 3186 4368 perceptio:
3212 4294 3437 4353 lavetur
3483 4300 3668 4370 poeni-

2013 4382 2198 4438 tentia
2235 4381 2431 4450 facies,
2473 4386 2730 4455 ungatur
2759 4383 2885 4439 oleo
2933 4383 3345 4441 misericordiae
3376 4390 3570 4459 caput,
3605 4391 3671 4444 ut

2013 4469 2212 4527 omnia
2242 4469 2621 4541 aceeptabilia
2651 4471 2796 4527 ﬁant
2842 4470 3087 4528 Domino
3118 4473 3255 4541 Deo,
3280 4474 3380 4546 qui
3409 4478 3467 4531 te
3496 4474 3670 4550 elegit

2013 4560 2127 4617 sibi
2174 4559 2556 4615 sacerdotem.
2591 4559 2810 4616 Ducem
2861 4560 3111 4617 admone
3140 4566 3197 4618 et
3227 4579 3431 4620 omnes
3479 4581 3670 4622 saecu-

2013 4648 2165 4704 lares
2204 4648 2521 4720 principes,
2556 4652 2621 4703 ut
2664 4648 2938 4720 pietatem
2990 4653 3046 4705 et
3095 4649 3558 4708 misericordiam
3607 4653 3666 4709 in

2004 4736 2247 4810 judiciis
2280 4741 2645 4806 conservent,
2689 4737 3041 4794 munditiam
3073 4739 3263 4796 cordis
3306 4744 3365 4796 et
3408 4743 3668 4815 corporis

2012 4843 2243 4899 semper
2271 4826 2539 4899 diligant,
2575 4826 2714 4898 quia
2763 4827 2903 4883 beati
2948 4827 3153 4885 mundo
3198 4828 3374 4899 corde,
3408 4833 3670 4904 quoniam

2012 4918 2120 4988 ipsi
2166 4917 2337 4971 Deum
2378 4915 2655 4971 videbunt.
2697 4914 3017 4972 Ecclesium
3066 4916 3285 4975 Christi
3331 4918 3666 4990 defendant,

2011 5010 2077 5062 ut
2104 5021 2306 5061 eorum
2339 5004 2574 5075 adjutor
2603 5021 2669 5060 ac
2699 5005 2971 5061 defensor
2999 5006 3102 5062 ﬁat
3143 5006 3429 5065 Dominus
3472 5010 3665 5067 Eccle-

2012 5095 2129 5151 siae.
2160 5093 2367 5149 Viduis
2427 5097 2484 5148 et
2539 5092 2782 5166 pupillis
2841 5094 3269 5165 misericordes,
3317 5101 3383 5153 ut
3427 5097 3666 5156 illorum

2010 5184 2357 5240 misereatur
2404 5182 2592 5248 Deus;
2639 5186 2695 5237 et
2725 5182 2784 5237 in
2817 5200 3021 5239 omnes
3067 5185 3336 5243 homines
3387 5188 3561 5244 mites
3610 5192 3668 5245 et

2010 5271 2271 5343 benigni,
2304 5271 2587 5342 populum
2620 5270 2723 5326 Dei
2753 5276 3175 5345 congregantes
3205 5280 3262 5331 et
3292 5292 3408 5331 non
3440 5276 3662 5348 disper-

2008 5366 2232 5435 gentes,
2268 5375 2470 5430 pacem
2520 5358 2672 5414 inter
2703 5376 2763 5415 se
2802 5360 3105 5430 habentes,
3141 5364 3279 5435 quia
3327 5365 3470 5443 beati
3510 5368 3663 5437 paci-

2009 5453 2118 5523 ﬁci,
2155 5449 2413 5520 quoniam
2442 5448 2552 5516 ﬁlii
2580 5449 2678 5503 Dei
2708 5450 3159 5507 vocabunturrEt
3199 5456 3281 5521 tu,
3315 5453 3664 5523 charissima

2008 5543 2206 5607 frater,
2241 5539 2374 5593 ante
2404 5536 2603 5592 oculos
2633 5539 2825 5595 cordis
2874 5557 3105 5613 semper
3150 5541 3359 5598 habeto
3391 5542 3662 5601 timorem

2009 5631 2111 5690 Dei
2143 5633 2199 5686 et
2238 5642 2515 5721 amorem,
2551 5630 2607 5682 et
2657 5626 2805 5686 liber
2852 5629 3164 5688 Pastoralis
3212 5631 3364 5690 beati
3398 5633 3660 5707 Gregorii

3772 5792 3785 5812 ι

3663 5961 3691 6003 ε
