4116 6176
463 340 584 400 475
1485 335 1548 396 S.
1597 331 1996 397 DUNSTANI
2038 329 2404 393 ARCHlEP.
2453 329 2851 392 CANTUAB.
3759 327 3883 391 476

466 468 655 530 Patris
687 469 786 528 ubi
825 468 925 528 Dei
971 472 1259 526 rectorum
1292 468 1806 538 subjectorumque
1834 464 1953 521 vita
1981 464 2112 521 dili-
2141 465 2199 532 Α
2227 466 2460 521 nostrae.
2492 464 2563 518 Et
2592 463 2954 536 superlluum
2998 479 3113 519 non
3143 462 3421 533 aestimes,
3452 476 3561 519 nec
3600 476 3881 535 arrogan-

466 560 702 636 gentius
724 560 1104 626 discernatur,
1126 556 1339 629 saepius
1360 560 1493 611 ante
1515 558 1569 610 te
1589 555 1836 627 legatur,
1855 558 1913 611 et
1933 554 2116 610 nostri
2226 553 2341 621 tiae,
2376 556 2441 608 ut
2464 570 2567 609 vos
2595 553 2970 608 admonerem
2993 571 3006 620 ;
3041 553 3142 609 sed
3176 553 3382 610 intimo
3412 551 3723 608 charitatis
3741 554 3886 609 'all‘e-

468 649 810 707 memoriam
842 645 1097 703 nominis
1126 646 1335 700 habeto
1368 644 1425 699 in
1451 644 1568 699 tuis
1596 644 1816 699 sanctis
1848 642 2118 700 orationi-
2226 646 2323 698 ctu
2358 641 2657 715 suscipite,
2692 641 2831 713 quia
2876 643 3014 698 urbs
3064 644 3236 698 ﬁrma
3284 644 3463 699 frater
3507 643 3613 714 qui
3645 659 3682 698 a
3710 642 3888 698 fratre

466 737 598 805 bus,
628 740 691 791 ut
712 735 811 791 Dei
834 733 1251 807 omnipotentis
1274 730 1671 788 misericordia
1690 750 1798 789 nos
1820 732 2115 798 defendat,
2220 731 2480 802 juvatur.
2515 733 2595 788 Te
2626 732 2780 788 Deus
2819 732 3190 805 omnipotens
3230 732 3456 790 salvum
3489 738 3798 790 conservet
3828 732 3889 789 in

466 829 628 899 regat
657 827 832 895 atque
880 822 1188 887 custodiat,
1224 822 1377 877 sicut
1406 838 1506 877 vos
1534 821 1679 877 velle
1727 822 1920 889 credo,
1955 824 2021 877 ut
2059 820 2117 875 in
2227 837 2435 875 aevum.

465 912 770 970 dilectione
806 912 931 969 Dei"
958 916 1016 968 et
1060 911 1358 968 voluntate
1405 927 1646 967 cursum
1692 926 1940 983 agamus
1988 908 2117 966 vita:

1370 1269 1988 1376 SANG'I'I
2072 1265 2960 1374 DUNSTANI

1471 1475 2127 1567 REGULABIS
2188 1475 2852 1566 CONCOBDIA

1105 1657 1438 1716 ANGLICzE
1475 1658 1818 1715 NATIONIS
1858 1655 2369 1714 MONACHORUM
2410 1655 3231 1723 SANCTIMONIALIUMQUE

1218 1811 1405 1885 (Apud
1440 1810 1776 1879 Reinerum,
1809 1809 2099 1883 Apostolat.
2132 1808 2248 1866 0rd.
2284 1809 2340 1865 S.
2373 1809 2571 1868 Bened.
2605 1810 2666 1865 in
2691 1808 2873 1880 Angl.,
2907 1825 2964 1882 p.
2995 1809 3114 1878 77.)

1069 2061 1511 2120 PROOEMIUM.

535 2154 837 2214 Gloriosus
866 2152 1084 2209 etenim
1121 2152 1332 2225 Edgar,
1366 2149 1580 2207 Christi
1616 2150 1939 2223 opitulante
1974 2166 2111 2223 gra-

460 2244 891 2319 tia,Anglorum
904 2245 1363 2313 caaterarumque
1374 2240 1638 2313 gentium
1652 2239 1807 2295 intra
1818 2239 2110 2297 ambitum

460 2333 773 2393 Britanniae
793 2330 1000 2390 insula;
1017 2330 1355 2404 degentium
1375 2346 1474 2385 rex
1486 2328 1857 2402 egregius,ab
1874 2328 2112 2385 ineunte

460 2443 580 2483 sua:
608 2422 871 2498 pueritiaa
894 2424 1081 2491 astate,
1106 2419 1262 2488 licet,
1287 2419 1373 2475 uti
1407 2419 1535 2492 ipsa
1563 2417 1712 2476 solet
1738 2424 1900 2485 mtas,
1923 2418 2110 2476 diver-

459 2515 545 2572 sis
566 2518 830 2571 uteretur
851 2510 1410 2577 moribus,attamen
1432 2512 1702 2580 respectu
1719 2506 1915 2564 divino
1936 2511 2111 2564 attra-

459 2608 611 2667 ctus,
645 2602 856 2657 abbate
886 2599 1142 2670 quodam
1184 2598 1423 2652 assiduo
1453 2600 1745 2653 monente.
1780 2613 1847 2653 ac
1885 2597 2109 2669 regiam

458 2688 757 2750 catholica
801 2687 936 2744 fidei
978 2685 1131 2743 viam
1164 2686 1625 2754 demonstrante,
1658 2685 1827 2757 caepit
1861 2701 2108 2758 magno-

457 2797 593 2855 pere
631 2780 817 2836 Deum
856 2777 1085 2845 timere,
1113 2774 1353 2849 diligere
1390 2792 1459 2832 ac
1497 2774 1780 2831 venerari.
1823 2774 2110 2832 Radiante

455 2867 742 2944 paulatim
761 2866 896 2922 ﬁdei
917 2863 1192 2933 scintilla,
1209 2881 1282 2920 ne
1297 2864 1611 2920 otiositatis
1627 2868 1856 2935 torpore
1872 2862 2109 2935 explosa

455 2959 794 3022 detesceret,
824 2954 1041 3027 quibus
1089 2956 1427 3009 sanctorum
1478 2968 1721 3024 operum
1769 2951 1996 3007 meritis
2046 2951 2105 3006 in

453 3046 742 3104 fervidum
769 3041 1141 3116 perfectionis
1162 3042 1432 3096 ardorem
1454 3040 1692 3096 accendi
1718 3040 1954 3108 valeret,
1980 3044 2107 3095 stu-

453 3135 619 3193 diose
647 3130 1017 3205 percunctari
1040 3129 1322 3186 sollicitus
1343 3128 1536 3202 erepit.
1561 3128 1867 3201 Comperto
1889 3128 2106 3185 etenim

453 3223 610 3297 quod
642 3236 810 3277 sacra
838 3217 1103 3274 ccenobia
1130 3216 1375 3273 diversis
1396 3216 1490 3273 sui
1519 3216 1825 3289 regiminis
1858 3215 2001 3271 locis
2024 3215 2109 3271 di-

452 3315 632 3378 recta,
663 3325 729 3367 ac
778 3323 926 3382 pene
970 3305 1202 3362 Domini
1236 3305 1420 3361 nostri
1450 3304 1591 3362 Jesu
1623 3304 1840 3360 Christi
1869 3304 2105 3362 servitio

452 3399 736 3457 destituta
763 3394 1125 3468 negligenter
1150 3395 1534 3501 tabescerent,
1568 3392 1799 3501 Domini
1826 3410 2102 3501 compqn-
2133 3431 2177 3501 Ο

450 3491 585 3553 ctus
614 3484 804 3561 gratia
823 3500 958 3540 cum
981 3498 1196 3557 magna
1214 3481 1397 3539 animi
1419 3481 1720 3539 alacritate
1747 3482 2101 3551 festinando,

452 3573 791 3648 ubicunque
816 3570 1078 3629 locorum
1100 3569 1513 3628 decentissime
1533 3570 1856 3639 decoravit;
1880 3570 2107 3643 ejectis-

451 3681 567 3739 que
596 3660 1020 3738 negligentium
1049 3658 1395 3716 clericorum
1427 3658 1748 3732 spurcitiis,
1773 3676 1888 3716 non
1911 3659 2105 3718 solum

452 3753 795 3822 monachos,
827 3767 1029 3809 verum
1076 3748 1556 3808 sanctimoniales
1599 3750 1800 3817 etiam,
1833 3750 2103 3807 Patribus

453 3844 857 3916 Matribusque
887 3835 1222 3897 constitutis
1252 3840 1326 3896 ad
1364 3839 1467 3896 Dei
1500 3838 1854 3895 famulatum
1884 3839 2106 3912 ubique

452 3950 557 4009 per
584 3936 812 3990 tantam
860 3929 954 3987 sui
1004 3929 1169 4004 regni
1228 3927 1678 4001 amplitudinem
1729 3929 2103 3986 devotissime

452 4020 779 4089 constituit,
812 4019 1098 4093 bonisque
1128 4018 1405 4075 omnibus
1451 4016 1816 4090 locupletans
1846 4018 2103 4090 gratula-

453 4111 692 4166 bundus
718 4108 945 4165 ditavit.
972 4106 1171 4181 Regali
1204 4107 1402 4179 itaque
1436 4106 1674 4163 functus
1704 4106 1895 4163 officio
1923 4106 2101 4163 veluti

452 4201 758 4271 pastorum
780 4200 980 4270 pastor
998 4194 1305 4263 sollicitus,
1330 4212 1365 4251 a
1389 4195 1611 4251 rabidis
1642 4196 1997 4266 perfidorum
2021 4211 2104 4252 re-

456 4286 636 4356 tibus,
670 4285 758 4343 uti
788 4284 1090 4342 hiantibus
1136 4284 1411 4355 luporum
1462 4284 1732 4340 faucibus
1763 4301 1918 4354 oves,
1955 4301 2101 4358 quas

452 4375 688 4434 Domini
718 4373 1002 4449 largiente
1031 4372 1222 4447 gratia
1259 4372 1562 4428 studiosus
1607 4372 1939 4446 collegerat,
1971 4390 2100 4430 mu-

455 4465 666 4522 niendo
696 4462 932 4536 eripuit,
955 4460 1309 4535 conjugique
1329 4478 1448 4517 sua:
1469 4460 1761 4534 Alphridae
1792 4462 2101 4520 sanctimo-

455 4554 680 4612 nialum
720 4553 1019 4623 mandras,
1052 4556 1120 4608 ut
1166 4550 1445 4622 impavidi
1496 4566 1659 4607 more
1706 4551 1969 4607 custodis
1999 4552 2100 4608 de-

453 4644 715 4701 fenderet
743 4641 1084 4699 cautissime
1112 4640 1407 4713 praecepit,
1433 4644 1496 4695 ut
1525 4639 1794 4696 videlicet
1824 4656 1953 4696 mas
1982 4657 2101 4697 ma-

451 4733 617 4790 ribus
645 4731 865 4787 femina
900 4729 1157 4798 feminis,
1190 4729 1316 4785 sine
1360 4727 1480 4784 ullo
1529 4728 1885 4801 suspicionis
1933 4747 2098 4786 scru-

451 4821 589 4895 pulo
621 4820 975 4878 subveniret.

524 4909 797 4985 Regulari
828 4909 1025 4982 itaque
1052 4907 1239 4964 sancti
1272 4906 1568 4964 Benedicti
1591 4922 1798 4962 norma
1817 4907 2103 4965 honestis-

452 4999 600 5057 sime
631 5002 926 5072 suscepta,
960 5002 1081 5054 tam
1127 4997 1370 5052 abbates
1400 5013 1577 5069 quam
1626 4994 1886 5067 plurimi,
1922 5012 2100 5069 quam

451 5088 762 5147 abbatissae
793 5105 927 5144 cum
961 5086 1074 5144 sibi
1105 5085 1389 5158 subjectis
1438 5086 1686 5141 fratrum
1718 5102 2102 5159 sororumque

451 5176 713 5252 collegiis
757 5181 1096 5233 sanctorum
1138 5176 1305 5247 sequi
1352 5174 1600 5247 vestigia
1649 5192 1767 5230 una
1813 5175 1949 5244 fide,
1984 5192 2099 5231 non

449 5270 646 5323 tamen
668 5278 785 5322 uno
806 5264 1251 5322 consuetudinis
1276 5281 1410 5330 usu,
1437 5262 1701 5320 certatim
1724 5280 1859 5320 cum
1886 5280 2101 5338 magna

450 5357 808 5413 studuerunt
833 5354 1145 5411 hilaritate.
1184 5353 1308 5410 Tali
1350 5354 1533 5427 igitur
1574 5369 1641 5409 ac
1692 5356 1854 5409 tanto
1904 5354 2099 5410 studio

450 5446 727 5518 praefatus
753 5462 852 5503 rex
882 5460 1234 5518 magnopere
1256 5442 1597 5514 delectatus,
1623 5459 1836 5499 arcana
1856 5460 2101 5517 quaeque

451 5532 714 5607 diligenti
745 5550 887 5591 cura
916 5533 1258 5590 examinans
1290 5532 1565 5605 synodale
1596 5532 1910 5589 concilium
1938 5533 2102 5588 Win-

452 5622 623 5689 toniae
656 5625 780 5682 fieri
811 5623 1082 5693 decrevit,
1116 5620 1369 5693 illucque
1398 5623 1575 5679 verba
1615 5622 2003 5684 exhertatoria
2032 5639 2095 5680 ac

2140 2061 2190 2129 B
2220 2060 2464 2133 pacifica
2494 2060 2707 2135 pitacio
2736 2059 3204 2117 luculentissima
3232 2062 3471 2116 exarata
3498 2058 3874 2121 humillimus

2222 2148 2560 2218 destinavit,
2590 2153 2951 2222 cunctosque
2981 2148 3193 2206 Christi
3242 2153 3634 2221 compunctus
3681 2151 3875 2223 gratia

2223 2238 2473 2307 monuit,
2504 2242 2570 2294 ut
2609 2238 2927 2295 concordes
2977 2237 3184 2311 aequali
3233 2238 3680 2301 consuetudinis
3729 2256 3867 2307 usu,

2221 2330 2455 2383 sanctos
2479 2327 2869 2400 probatosque
2889 2325 3173 2383 imitando
3195 2326 3395 2384 Patres
3419 2326 3710 2400 regularis
3727 2345 3870 2400 prae-

2220 2419 2387 2488 cepta
2413 2416 2602 2473 tenaci
2633 2415 2849 2473 mentis
2881 2416 3134 2473 anchora
3162 2422 3482 2487 servantes,
3506 2416 3669 2474 nullo
3690 2418 3866 2475 modo

2220 2504 2620 2561 dissentiendo
2680 2503 3111 2573 discordarent;
3161 2521 3235 2561 ne
3292 2504 3503 2578 impar,
3554 2522 3622 2562 ac
3666 2506 3865 2563 varius

2220 2593 2395 2651 unius
2418 2593 2652 2668 regula,
2667 2610 2735 2650 ac
2757 2594 2936 2650 unius
2955 2593 3155 2666 patriae
3181 2610 3327 2651 usus
3350 2595 3626 2667 probrose
3644 2596 3868 2668 vitupe-

2219 2681 2371 2738 rium
2412 2686 2626 2741 sanctae
2674 2682 3098 2739 conversationi
3146 2682 3449 2758 irrogaret.
3480 2684 3670 2757 Hujus
3718 2700 3866 2758 pra:-

2217 2770 2619 2827 cellentissimi
2650 2771 2807 2844 regis
2835 2771 3029 2845 sagaci
3052 2771 3280 2827 monitu
3310 2772 3695 2845 spiritualiter
3713 2789 3869 2830 com-

2216 2860 2441 2933 puncti,
2473 2875 2589 2916 non
2620 2865 2853 2916 tantum
2884 2860 3161 2934 episcopi,
3182 2877 3385 2919 verum
3414 2862 3591 2918 etiam
3623 2862 3867 2920 abbates

2216 2967 2284 3006 ac
2313 2948 2815 3022 abbatissm,quod
2849 2949 3026 3006 talem
3049 2967 3115 3006 ac
3142 2954 3372 3007 tantum
3401 2951 3614 3008 habere
3644 2967 3871 3009 merue«

2216 3040 2355 3092 runt
2384 3037 2702 3107 doctorem,
2722 3037 2928 3095 erectis
2959 3039 3031 3094 ad
3063 3038 3279 3095 aethera
3297 3038 3512 3111 palmis
3541 3040 3867 3098 immensas

2216 3125 2581 3184 Celsithrono
2611 3131 2827 3200 grates,
2859 3127 2975 3184 voti
3017 3132 3314 3201 compotes
3356 3130 3566 3186 referre
3596 3145 3714 3186 non
3743 3130 3867 3189 dis-

2215 3216 2496 3274 tulerunt.

2286 3305 2433 3362 Nam
2457 3304 2612 3361 illico
2628 3306 2758 3378 ejus
2774 3305 3036 3379 imperiis
3053 3310 3174 3364 toto
3189 3307 3409 3364 mentis
3424 3308 3732 3364 conamine
3748 3308 3871 3366 alca-

2215 3394 2390 3451 criter
2409 3395 2899 3467 obtemperantes,
2921 3394 3226 3468 sanctique
3257 3395 3489 3468 patroni
3520 3395 3704 3454 nostri
3724 3397 3868 3456 Gre-

2214 3482 2361 3557 gorii
2392 3484 2765 3550 documenta,
2789 3483 3008 3556 quibus
3035 3485 3275 3542 beatum
3303 3485 3702 3559 Augustinum
3732 3503 3867 3544 mo-

2215 3588 2352 3629 nere
2383 3573 2633 3639 studuit,
2665 3576 2732 3629 ut
2760 3588 2877 3630 non
2908 3572 3101 3630 solum
3133 3574 3429 3644 Romanae,
3450 3591 3654 3633 verum
3681 3576 3867 3633 etiam

2214 3662 2557 3728 Galliarum,
2589 3663 2864 3720 honestos
2893 3661 3288 3720 Ecclesiarum
3314 3680 3463 3721 usus
3493 3664 3623 3721 rudi
3656 3664 3869 3740 Anglo-

2214 3767 2346 3808 rum
2376 3750 2646 3808 Ecclesiaa
2685 3752 3014 3809 decorando
3062 3752 3447 3810 constitueret
3494 3753 3862 3812 recolentes:

2213 3840 2417 3898 accitis
2449 3838 2741 3897 Florensis
2772 3840 2926 3897 beati
2972 3840 3270 3898 Benedicti
3316 3859 3543 3899 necnon
3583 3844 3865 3918 praecipui

2213 3927 2484 4000 cmnobii,
2507 3930 2664 4001 quod
2685 3928 2897 3986 celebri
2929 3930 3120 3988 Ghent
3140 3932 3537 4003 (Gandonum)
3559 3950 3864 4008 nuncupa-

2212 4023 2310 4074 tur
2329 4016 2610 4074 vocabulo
2627 4018 3205 4092 monachis,quzeque
3220 4036 3288 4076 ex
3304 4021 3501 4094 dignis
3519 4039 3722 4079 eorum
3747 4040 3868 4082 mo-

2212 4107 2377 4164 ribus
2408 4106 2655 4163 honesta
2682 4105 3043 4180 colligentes,
3070 4106 3156 4164 uti
3200 4125 3340 4181 apes
3378 4110 3573 4167 favum
3607 4113 3864 4169 nectaris

2211 4212 2242 4252 e
2269 4194 2516 4253 diversis
2545 4199 2848 4267 pratorum
2872 4196 3113 4254 ﬂoribus
3133 4198 3193 4253 in
3218 4186 3334 4255 uno
3357 4198 3627 4268 alvcario,
3650 4200 3736 4257 ita
3755 4201 3863 4259 has

2212 4300 2443 4342 morum
2467 4285 2923 4342 consuetudines
2944 4287 3019 4342 ad
3039 4286 3166 4342 vita:
3189 4286 3578 4359 honestatem,
3602 4293 3661 4345 et
3690 4290 3864 4364 regué

2210 4373 2351 4431 laris
2382 4373 2761 4431 observantia:
2793 4373 3181 4444 dulcedinem,
3206 4380 3273 4432 ut
3304 4377 3376 4433 ab
3425 4376 3540 4443 his,
3569 4378 3675 4449 qui
3704 4378 3858 4435 viam

2211 4463 2443 4538 regione
2464 4463 2878 4520 mandatorum
2903 4463 3135 4520 Domini
3156 4463 3380 4537 absque
3401 4466 3701 4537 jactantim
3720 4466 3860 4523 vitio

2207 4552 2377 4609 lactei
2414 4550 2606 4608 adhuc
2653 4551 2955 4608 humiliter
2989 4552 3291 4624 incedunt,
3330 4553 3577 4627 depulso
3627 4571 3862 4612 nausea:

2210 4641 2379 4698 taedio
2409 4640 2537 4698 sine
2559 4640 2795 4714 querela
2822 4640 3081 4715 legitime
3111 4640 3329 4699 haustu
3350 4644 3651 4716 degustari
3680 4644 3865 4702 liben-

2211 4730 2464 4800 tissime,
2485 4745 2552 4786 ac
2572 4729 2741 4788 avide
2759 4728 2997 4788 amabili
3019 4735 3261 4803 possent
3279 4732 3509 4805 impleri
3531 4733 3862 4801 devotione,

2129 4803 2180 4871 D
2211 4821 2534 4892 temperata
2561 4834 2696 4876 cum
2727 4835 2943 4893 magna
2978 4824 3155 4892 atque
3202 4803 3407 4877 subtili
3439 4821 3687 4879 rationis
3734 4824 3865 4879 dis-

2211 4908 2484 4976 cretione,
2498 4907 2716 4965 Christi
2739 4908 2945 4964 mundi
2967 4908 3281 4965 Salvatoris
3301 4909 3627 4982 opitulante
3646 4912 3861 4985 gratia,

2210 4997 2320 5054 hoc
2349 4996 2557 5070 exiguo
2588 5000 2989 5069 apposuerunt
3015 4996 3311 5055 carticello
3343 4997 3692 5073 [codicello].

2281 5087 2363 5142 Ne
2393 5086 2573 5158 igitur
2601 5085 2818 5159 singuli
2849 5086 2897 5141 si
2946 5103 3139 5158 suam,
3160 5087 3316 5160 quod
3365 5086 3543 5153 absit,
3574 5088 3864 5146 adiuven-

2210 5176 2426 5230 tionem
2450 5178 2658 5247 suapte
2678 5176 3131 5247 praesumptuosi
3155 5174 3435 5248 eligerent
3448 5176 3867 5234 excellentissi-

2211 5282 2375 5321 mum
2407 5266 2623 5321 sanctae
2645 5263 2987 5321 obedientiae
3008 5265 3263 5321 fructum
3296 5263 3549 5337 alicujus
3580 5280 3862 5340 arrogan-

2208 5354 2300 5410 tia:
2322 5354 2477 5410 fastu
2498 5352 2795 5425 inopinate
2817 5353 3040 5409 seducti
3063 5352 3474 5409 miserabiliter
3495 5353 3860 5424 amitterent,

2209 5460 2275 5501 ac
2306 5442 2618 5500 Sarabaitze
2639 5441 2727 5498 vel
2761 5443 2893 5498 fera:
2924 5442 3122 5515 potius
3137 5460 3315 5515 quam
3336 5441 3610 5499 monachi
3630 5447 3734 5499 aut
3753 5443 3860 5499 ho-

2209 5534 2397 5590 mines
2418 5532 2751 5589 viderentur
2773 5548 2786 5587 :
2813 5531 3142 5605 legitimum
3162 5537 3361 5590 votum
3382 5533 3631 5589 Domino
3657 5536 3861 5590 nostro

2206 5623 2239 5681 J
2244 5640 2347 5680 esu
2369 5621 2597 5681 Christo
2621 5620 2928 5680 unanimes
2942 5626 3242 5690 voverunt,
3256 5625 3540 5696 pactoque
3560 5620 3860 5695 spirituali
