4068 6172
234 329 320 395 t'l'l

1320 316 1424 382 DE
1468 317 1852 381 REGIMINE
1895 315 2475 384 MONACHORUM.

3472 323 3594 388 478

233 456 703 526 conﬁrmaverunt,
724 471 784 512 se
803 450 924 511 vita
944 452 1154 511 comite
1176 456 1322 528 jugo
1348 452 1562 528 regulae
1585 452 1831 511 deditos.
1864 452 1922 521 Α
1953 468 2118 525 cura,
2138 457 2196 509 et
2215 471 2566 527 magnopere
2587 452 2888 511 excellenti
2900 453 3125 530 jugiter
3144 453 3269 514 sine
3298 455 3595 515 intermis-

231 557 321 612 has
348 550 641 607 adnotatas
670 562 901 602 merum
932 546 1387 602 consuetudines
1418 544 1715 601 communi
1749 561 1843 616 pa-

230 644 328 700 lam
350 638 632 695 custodire
652 636 1109 692 conversatione.
1130 634 1413 691 Caeterum
1436 634 1843 705 unusquisque

230 728 439 790 secretis
468 725 715 782 Oratorii
747 724 912 789 locis,
946 725 1004 778 in
1050 728 1335 796 quantum
1369 723 1555 779 sancti
1591 722 1843 793 Spiritus

227 818 389 895 gratia
414 815 727 871 clementer
748 812 1111 885 instigaverit
1133 813 1530 883 peculiaribus
1558 815 1705 867 teste
1725 810 1842 865 Deo

228 924 342 965 cum
383 906 664 961 bonorum
708 918 949 974 operum
980 900 1284 972 vigilantia
1330 901 1595 956 consulte
1643 904 1845 955 utatur

225 993 581 1053 orationibus.
612 992 729 1047 Hoc
768 989 924 1046 enim
976 990 1314 1045 Dunstanus
1362 989 1633 1062 egregius
1666 989 1845 1059 hujus

224 1083 402 1158 patriae
431 1078 907 1151 archiepiscopus
957 1095 1216 1151 praesago
1249 1078 1461 1136 affatus
1511 1077 1722 1150 spiritu
1771 1078 1843 1133 ad

221 1169 695 1230 corroborandum
730 1167 954 1240 praefati
976 1167 1273 1241 synodalis
1302 1172 1620 1223 conventus
1651 1167 1842 1222 conci-

219 1260 483 1319 liabulum
515 1257 753 1331 provide
783 1274 849 1313 ac
881 1258 1173 1329 sapienter
1201 1257 1461 1313 addidit:
1486 1261 1552 1312 ut
1583 1255 1847 1312 videlicet

218 1348 398 1406 nullus
418 1345 953 1415 monachorum,vel
975 1345 1226 1417 alicujus
1249 1345 1475 1402 altioris
1498 1346 1718 1419 gradus
1736 1344 1842 1413 vir,

216 1438 294 1494 vel
314 1435 599 1492 inferioris
616 1438 840 1490 secreta
855 1433 1391 1492 sanctimonialium
1410 1434 1600 1489 audax
1620 1432 1845 1506 ingredi

216 1526 504 1583 lustrando
536 1526 915 1595 praesumeret
947 1540 959 1578 :
993 1526 1050 1578 et
1079 1522 1160 1590 hi,
1185 1523 1284 1595 qui
1317 1521 1641 1594 spiritualis
1671 1522 1850 1593 impe-

216 1614 281 1671 rii
307 1614 650 1686 prioratum,
677 1612 750 1668 ad
780 1611 1103 1683 disciplinis
1149 1611 1460 1668 utilitatem
1492 1629 1609 1667 non
1640 1611 1711 1667 ad
1742 1628 1846 1667 sae-

216 1702 411 1761 cularis
439 1700 814 1774 tyrannidem
846 1703 1204 1774 potentatus,
1227 1717 1404 1773 super
1432 1717 1530 1757 cas
1560 1702 1847 1767 exercent,

215 1792 288 1847 ita
316 1806 511 1860 suum,
543 1794 613 1846 ut
641 1790 848 1846 beatus
896 1789 1163 1846 hortatur
1190 1790 1450 1847 Isidorus
1490 1793 1847 1846 secretorum

216 1883 522 1952 temperate
550 1877 905 1951 praevideant
952 1894 1276 1948 accessum,
1313 1883 1380 1935 ut
1426 1895 1627 1936 earum
1681 1894 1850 1952 regu-

215 1965 310 2024 lari
339 1966 724 2024 observantiae
755 1966 999 2022 minimc
1029 1966 1449 2024 contradicant.

278 2057 337 2112 1d
383 2055 761 2112 solummodo
810 2055 1116 2112 catholicis
1148 2057 1401 2130 regulari
1444 2059 1590 2131 jugo
1639 2057 1854 2114 deditis

216 2146 625 2202 attendendum
643 2144 1003 2215 censuimus,
1019 2162 1091 2201 ne
1112 2160 1181 2201 ea
1196 2162 1322 2219 quae
1339 2162 1449 2202 usu
1474 2147 1735 2213 Patrum,
1749 2163 1852 2220 pro

217 2250 356 2308 rege,
389 2251 457 2290 ac
487 2232 982 2301 benefactoribus,
1011 2251 1263 2306 quorum
1294 2235 1594 2291 beneﬁciis
1624 2235 1854 2292 Christo

215 2322 484 2396 largiente
510 2322 828 2404 pascimur,
844 2323 1279 2379 intercessionis
1295 2325 1562 2380 oramina
1580 2328 1857 2381 consuete

216 2412 494 2479 canimus,
531 2411 718 2467 nimia
741 2410 1044 2467 velocitate
1088 2411 1413 2484 psallendo,
1445 2412 1629 2469 Deum
1661 2414 1856 2485 potius

214 2500 278 2556 ad
297 2498 666 2557 iracundiam
689 2499 1139 2568 inconsiderate,
1157 2502 1311 2573 quod
1331 2501 1504 2567 absit,
1525 2505 1854 2573 provocent,

215 2605 379 2661 quam
409 2589 655 2662 provide
675 2589 746 2645 ad
779 2589 1187 2661 peccaminum
1216 2591 1447 2647 veniam
1477 2590 1741 2647 invitent.
1775 2592 1859 2646 Ita

215 2676 386 2750 igitur
435 2678 717 2735 hortante
774 2678 940 2734 Patre
989 2683 1190 2735 nostro
1235 2678 1629 2748 Benedictino,
1661 2679 1861 2737 omnia

215 2764 477 2824 distincte
518 2766 820 2839 psallendo
867 2766 1297 2836 modiﬁcentur,
1331 2773 1398 2824 ut
1443 2784 1611 2825 mens
1660 2773 1861 2826 nostra

215 2855 527 2911 concordet
552 2854 678 2910 voci
708 2858 922 2912 1108th
961 2861 1020 2912 et
1060 2855 1374 2928 impleatur
1404 2857 1549 2915 illud
1579 2858 1860 2931 apostoli-

214 2958 339 2999 cum
372 2959 387 2998 :
420 2945 681 3000 Psallam
714 2946 934 3016 spiritu,
963 2946 1202 3017 psallam
1245 2956 1298 3002 rt
1340 2954 1536 3003 male.
1571 2948 1631 3004 Si
1663 2953 1860 3004 autem

212 3047 307 3103 pro
354 3033 630 3105 qualibet
675 3032 1044 3103 necessitate,
1089 3035 1230 3106 quid
1277 3039 1439 3091 extra
1488 3052 1860 3093 communem

212 3120 491 3192 regularis
538 3122 982 3179 consuetudinis
1030 3140 1205 3179 usum
1253 3124 1591 3181 addendum
1638 3125 1859 3182 fuerit:

212 3208 410 3266 tandiu
470 3214 712 3282 agatur,
746 3212 940 3283 quoad
988 3228 1177 3284 usque
1223 3213 1547 3286 negotium,
1592 3231 1696 3288 pro
1746 3232 1863 3288 quo

213 3297 417 3370 agitur,
451 3298 684 3355 Christi
714 3298 1041 3373 opitulante
1087 3300 1277 3374 gratia
1321 3302 1680 3371 melioretur,
1713 3308 1771 3360 et
1799 3307 1865 3360 ut

210 3391 548 3461 contempto
569 3389 915 3462 arrogantia
944 3389 1099 3445 fastu
1128 3391 1503 3462 gratissimus
1524 3393 1863 3450 obedientim

210 3476 549 3547 acquiratur
577 3476 825 3547 fructus,
856 3482 914 3534 et
943 3480 1162 3552 gradus
1192 3480 1290 3536 ille
1320 3481 1625 3555 regularis,
1657 3483 1716 3538 in
1748 3499 1863 3556 quo

212 3565 567 3637 praecipitur,
594 3570 661 3621 ut
690 3566 837 3622 nihil
866 3572 1001 3640 agat
1030 3570 1374 3635 monachus,
1398 3570 1511 3626 nisi
1534 3573 1688 3643 quod
1710 3588 1867 3628 com-

212 3653 400 3710 munis
431 3654 785 3712 monasterii
816 3656 1037 3730 regula,
1053 3656 1141 3712 vel
1164 3658 1455 3729 majorum
1487 3659 1866 3716 cohortantur

211 3743 493 3821 exempla,
538 3742 995 3817 diligentissime
1043 3746 1410 3802 custodiatur
1444 3764 1457 3802 :
1493 3765 1864 3822 nequaquam

211 3828 450 3889 ulterius
482 3836 956 3905 praesumptuose
979 3852 1090 3891 usu
1112 3838 1378 3890 teneatur
1394 3837 1724 3905 temerario,
1750 3837 1866 3893 nisi

211 3921 447 3977 concilio
478 3920 754 3994 synodali
776 3921 1474 3997 electum,_traditumquc
1496 3942 1631 3982 cum
1654 3926 1866 3983 discre-

207 4007 355 4066 tione
384 4012 688 4067 virtutum
718 4012 984 4068 omnium
1017 4018 1202 4069 matre
1251 4013 1324 4069 ab
1375 4014 1662 4072 universis
1692 4015 1868 4073 fuerit

211 4098 535 4157 catholicis.
636 4130 653 4143 κ

273 4186 526 4245 Prafato
558 4189 832 4262 equidem
854 4189 1119 4262 synodali
1141 4190 1528 4248 conciliabula
1549 4192 1659 4249 hoc
1688 4196 1867 4249 atten-

208 4273 465 4355 dendum
486 4292 848 4350 magnopere
864 4279 1060 4335 cuncti
1078 4279 1548 4350 decreverunt,ut
1564 4281 1863 4351 abbatum,

207 4363 652 4424 abbatissarum
673 4366 876 4424 electio
894 4384 1029 4424 cum
1050 4368 1205 4441 regis
1220 4385 1533 4435 consensu,
1546 4374 1604 4426 et
1623 4371 1867 4428 consilio

208 4458 422 4510 sancta:
454 4454 682 4528 regula:
728 4461 1000 4528 ageretur
1048 4457 1421 4526 documento,
1459 4458 1866 4530 episcoporum

1952 542 2115 598 sione
2146 544 2455 611 custodiat,
2490 561 2595 599 nec
2638 544 3009 618 episcopatus
3053 547 3357 603 occasione
3384 545 3598 619 regulis

1951 635 2239 703 praecepta
2254 632 2631 701 tumidus,vel
2649 632 2969 690 obliviosus
2990 638 3206 690 temere
3226 635 3598 702 intermittat,

1952 722 2054 777 sed
2078 726 2364 793 quantum
2385 721 2614 777 excellit
2644 723 2881 792 honore,
2904 728 3135 779 tantum
3157 729 3214 779 et
3235 741 3405 796 opere
3427 742 3603 780 seacu-

1950 806 2165 865 larium
2193 824 2328 863 vero
2360 808 2706 880 prioratum,
2731 827 2803 865 ne
2832 811 2904 866 ad
2938 812 3135 884 magni
3169 810 3400 867 ruinam
3431 812 3601 869 detri-

1953 896 2154 965 menti,
2187 896 2274 953 uti
2304 896 2444 952 olim
2493 898 2806 966 acciderat,
2842 898 3256 955 miserabiliter
3286 901 3597 969 deveniret,

1954 1000 2168 1056 magna
2198 983 2723 1053 animadversione,
2756 990 2932 1058 atque
2979 987 3353 1043 anathemate
3382 989 3602 1061 suscipi

1953 1072 2234 1129 coenobiis
2282 1073 2464 1128 sacris
2513 1074 2808 1146 sapienter
2837 1073 3231 1147 prohibentes,
3265 1075 3421 1149 regis
3466 1081 3602 1133 tan-

1952 1162 2277 1230 tummodo,
2303 1166 2358 1217 et
2388 1161 2600 1235 reginae
2630 1162 2960 1219 dominium
2989 1164 3061 1219 ad
3093 1164 3244 1221 sacri
3273 1163 3385 1220 loci
3417 1165 3607 1221 muni-

1955 1267 2113 1320 men,
2145 1255 2202 1306 et
2240 1251 2311 1307 ad
2343 1251 2748 1308 ecclesiasticae
2780 1252 3171 1324 possessionis
3218 1258 3604 1326 augmentum

1952 1343 2084 1397 voto
2105 1357 2335 1413 semper
2357 1341 2714 1415 efﬂagitante
2737 1341 2978 1416 Optabili
3001 1342 3461 1416 prudentissime
3481 1344 3607 1416 jus-

1956 1433 2178 1486 serunt.

2024 1519 2112 1575 Ad
2144 1520 2310 1593 regis,
2326 1536 2459 1576 vero
2491 1520 2866 1594 obsequium,
2899 1523 2957 1578 et
2987 1520 3225 1595 reginae,
3259 1521 3458 1580 Patres
3488 1539 3607 1581 mo-

1957 1609 2347 1666 nasteriorum
2381 1609 2733 1682 Matresquc,
2755 1610 2984 1684 quoties
3012 1611 3330 1684 expedierit
3359 1612 3432 1668 ad
3456 1611 3609 1670 sacri

1958 1697 2227 1767 cmnobii,
2253 1698 2347 1754 cui
2369 1703 2647 1771 praesunt,
2667 1699 2983 1756 utilitatem
3005 1716 3140 1756 cum
3172 1699 3276 1757 Dei
3308 1700 3539 1769 timore,
3552 1704 3613 1758 et

1959 1786 2172 1860 regula:
2194 1786 2566 1845 observantia
2593 1788 2897 1846 humiliter
2924 1789 3242 1847 accedant:
3269 1788 3611 1847 Potentibus

1958 1892 2092 1932 vero
2122 1893 2238 1932 non
2268 1893 2449 1933 causa
2473 1877 2838 1944 convivendi,
2863 1878 2965 1935 sed
2994 1894 3100 1950 pro
3130 1877 3472 1935 monasterii
3502 1878 3611 1935 uti-

1959 1964 2129 2037 litatp
2158 1969 2334 2039 atque
2362 1966 2541 2022 etiam
2562 1965 2898 2024 defensione
2924 1966 3152 2039 quoties
3173 1966 3495 2040 expedierit
3513 1967 3615 2024 ob-

1959 2052 2178 2124 viandi,
2211 2053 2367 2111 intra
2414 2055 2635 2113 infrave
2684 2053 3109 2113 monasterium
3156 2054 3454 2113 licentiam
3500 2053 3613 2112 ha-

1962 2143 2159 2200 beant.

2034 2232 2361 2305 Equitando
2404 2238 2625 2303 autem,
2655 2234 2744 2291 vel
2787 2234 3012 2307 pedites
3060 2234 3173 2292 iter
3219 2235 3445 2307 agendo
3495 2251 3612 2290 non

1964 2320 2168 2377 otiosis
2188 2322 2403 2379 fabulis
2423 2325 2765 2392 vacent,sed
2786 2324 2873 2380 vel
2904 2323 3250 2398 psalmodiis
3272 2324 3612 2393 inserviant,

1962 2409 2052 2465 vel
2073 2411 2143 2467 de
2173 2429 2233 2468 re
2264 2413 2595 2470 necessaria
2623 2418 2951 2486 opportuno
2982 2418 3244 2487 tempore
3274 2412 3612 2488 loquantur.

1966 2498 2085 2556 Hoc
2101 2501 2538 2559 considerantes
2557 2508 2622 2558 ut
2639 2503 2813 2560 horas
2829 2502 3128 2576 regulares
3141 2520 3257 2559 non
3274 2501 3613 2575 equitando,

1967 2589 2070 2644 sed
2094 2589 2165 2645 de
2195 2589 2362 2662 equis
2385 2590 2706 2648 desiliendo
2738 2591 3216 2665 genuﬂectentes,
3240 2589 3358 2648 nisi
3378 2589 3502 2647 dies
3528 2591 3616 2646 fe-

1967 2677 2115 2737 stiva
2146 2677 2338 2747 fuerit,
2373 2680 2782 2736 convenienter
2820 2684 2886 2735 ut
2926 2678 3226 2752 potuerint
3254 2694 3389 2735 cum
3421 2678 3619 2734 divina

1968 2767 2417 2840 compunctione
2448 2768 2797 2841 compleant.
2831 2769 3178 2825 Itinerantes
3206 2782 3342 2823 vero
3374 2781 3489 2824 non
3511 2765 3619 2838 ju-

1967 2856 2266 2924 venculos,
2301 2857 2403 2913 sed
2434 2856 2686 2925 adultos,
2713 2873 2963 2930 quorum
2994 2854 3392 2914 admonitione
3422 2853 3620 2911 melio-

1968 2950 2192 3015 rentur,
2225 2963 2425 3004 secum
2457 2946 2516 3003 in
2547 2947 2825 3003 comitatu
2869 2947 3116 3015 ducant;
3159 2944 3320 3002 domi
3348 2959 3481 3001 vero
3513 2944 3619 3000 de-

1966 3039 2193 3109 gentes,
2227 3051 2343 3091 non
2372 3035 2565 3091 solum
2596 3036 2824 3103 fratres,
2859 3035 2961 3091 sed
2992 3035 3170 3091 etiam
3200 3034 3462 3102 abbates,
3487 3032 3655 3104 ado-.

1968 3124 2274 3193 lescentes,
2305 3124 2392 3181 vel
2434 3124 2711 3199 puerulos
2757 3141 2875 3182 non
2923 3123 3180 3182 brachiis
3210 3120 3621 3195 amplexando,

1973 3214 2061 3271 vel
2085 3213 2266 3271 labris
2287 3213 2495 3271 leniter
2514 3213 2928 3283 deosculando,
2947 3212 3050 3271 sed
3072 3210 3417 3269 charitativo
3439 3207 3621 3268 animi

1971 3303 2181 3360 atfectu
2211 3303 2337 3360 sine
2366 3303 2558 3360 verbis
2587 3303 2934 3361 adulatoriis
2965 3306 3293 3360 reverenter
3322 3317 3459 3357 cum
3488 3317 3620 3356 ma-

1971 3409 2088 3467 gna
2103 3393 2330 3451 cautela
2346 3392 2736 3466 diligant.Nec
2751 3392 3101 3465 obsequium
3119 3389 3407 3465 privatum
3422 3405 3622 3463 quem-

1971 3482 2130 3555 piam
2152 3481 2408 3549 illorum,
2422 3498 2527 3538 nec
2550 3480 2779 3550 saltem,
2801 3482 2913 3538 sub
2934 3479 3258 3553 spiritualis
3279 3479 3360 3535 rei
3380 3478 3622 3536 obtentu

1973 3571 2165 3627 solum
2197 3571 2481 3626 deducere
2512 3574 2901 3642 praesumant;
2937 3570 3038 3626 sed
3072 3569 3155 3624 uti
3187 3567 3389 3642 regula
3417 3566 3622 3640 praeci-

1972 3660 2083 3732 pit,
2105 3660 2215 3715 sub
2247 3658 2337 3714 sui
2371 3657 2632 3714 custodis
2654 3658 2960 3731 vigilantia
2983 3656 3207 3730 jugiter
3233 3658 3491 3723 maneat,
3516 3671 3623 3711 nec

1972 3748 2099 3821 ipse
2130 3753 2333 3804 cuatos
2354 3763 2488 3802 cum
2514 3746 2746 3820 singulo
2778 3746 2975 3819 aliquo
2997 3744 3241 3819 puerulo
3269 3744 3396 3801 sine
3426 3743 3617 3811 tertio,

1976 3836 2075 3911 qui
2106 3835 2272 3892 testis
2304 3836 2559 3901 assistat,
2592 3834 2883 3908 migrandi
2926 3834 3221 3890 licentiam
3251 3831 3486 3899 habeat,
3519 3830 3620 3886 sed

1975 3943 2080 4000 pro
2111 3941 2272 3981 more
2303 3924 2472 3982 solito
2494 3940 2630 3980 cum
2661 3927 2785 3979 tota
2813 3922 3034 3993 schola,
3059 3922 3107 3978 si
3131 3938 3223 3979 res
3256 3918 3623 3977 rationabilis

1974 4014 2059 4072 ita
2087 4014 2358 4087 exegerit,
2382 4030 2498 4084 quo
2521 4028 2757 4069 necesse
2788 4016 2898 4081 est,
2923 4013 3032 4067 sub
3064 4009 3317 4077 silentio,
3339 4007 3429 4065 vel
3459 4006 3621 4082 psal-

1977 4104 2190 4161 modiis
2219 4102 2585 4159 inserviendo
2616 4118 2749 4157 cum
2781 4099 3181 4157 benedictione
3210 4102 3322 4156 eat.

2046 4192 2332 4249 Villarum
2363 4195 2559 4247 autem
2590 4189 2890 4260 circuitus,
2911 4190 3029 4246 nisi
3059 4187 3423 4245 necessitatis
3447 4204 3625 4245 causa

1977 4298 2193 4355 magna
2223 4280 2590 4353 compulerit,
2618 4284 2675 4335 et
2704 4278 3045 4336 necessariae
3077 4277 3321 4335 rationis
3350 4274 3622 4333 discretio

1976 4371 2087 4428 hoc
2135 4370 2457 4437 dictaverit,
2499 4369 2763 4441 vagando
2810 4384 3184 4440 nequaquam
3235 4366 3621 4437 frequentent.

1978 4458 2357 4517 Saecularium
2380 4473 2511 4514 vero
2534 4456 2797 4513 convivia
2823 4455 2935 4512 nisi
2975 4457 3121 4513 forte
3160 4454 3384 4511 itineris
3417 4451 3623 4525 hospi-

205 4554 441 4612 quoque
491 4542 728 4610 electio,
762 4543 847 4599 uti
898 4544 1201 4613 abbatum,
1236 4544 1572 4618 ubicunque
1620 4547 1680 4603 in
1732 4549 1869 4604 sede
1902 4557 1951 4624 ι)
1978 4547 2176 4606 talitas
2195 4546 2493 4620 inopinate
2524 4545 2942 4619 supervenerit,
2966 4544 3126 4601 nullo
3162 4543 3335 4600 modo
3356 4557 3506 4598 ausu
3534 4544 3623 4597 te.-

205 4628 532 4703 episcopali
566 4632 841 4689 monachi
873 4633 1171 4706 regulares
1202 4637 1639 4705 conversantur,
1673 4636 1723 4692 si
1753 4636 1871 4693 Do-

203 4717 345 4773 mini
367 4717 669 4793 largiente
688 4722 1037 4794 gratiatanti
1062 4723 1358 4795 profectus
1380 4724 1525 4779 inibi
1546 4725 1870 4783 monachus

204 4808 446 4891 reperiri
477 4810 743 4880 potuerit
762 4812 966 4868 eodem
998 4813 1171 4868 modo
1204 4816 1430 4885 agatur,
1456 4831 1561 4870 nec
1585 4813 1698 4870 alio
1720 4832 1870 4891 quo-

204 4890 341 4952 libet
359 4896 555 4953 modo
578 4898 721 4955 dum
742 4900 1006 4972 ejusdem
1030 4905 1169 4957 sunt
1192 4901 1712 4972 conversationis,a
1733 4890 1873 4976 quo-

205 4997 380 5053 quam
414 4991 842 5058 prmsumatur.
876 4989 936 5045 Si
977 4992 1175 5045 autem
1216 4989 1511 5060 imperitia
1539 4990 1870 5063 impedien-

204 5073 276 5137 te,
300 5073 391 5130 vel
425 5076 701 5146 peccatis
728 5079 1221 5150 promerentibus,
1244 5077 1399 5146 talis,
1421 5079 1520 5150 qui
1552 5082 1698 5135 tanti
1731 5099 1869 5155 gra-

203 5158 311 5216 dus
338 5162 581 5219 honore
612 5165 827 5238 dignus
857 5168 952 5234 sit,
988 5167 1046 5222 in
1079 5168 1283 5223 eadem
1314 5168 1758 5239 congregatione
1790 5188 1872 5227 re-

203 5249 376 5319 periri
409 5269 543 5308 non
577 5255 849 5325 potuerit,
884 5274 952 5312 ex
981 5255 1096 5312 alio
1125 5259 1262 5311 noto
1283 5255 1707 5312 monachorum
1742 5275 1869 5315 mo-

202 5340 466 5394 nasterio
502 5344 783 5399 concordi
805 5345 981 5418 regis,
1001 5349 1058 5400 et
1082 5345 1349 5413 fratrum,
1373 5343 1589 5415 quibus
1613 5345 1868 5403 dedicari

202 5422 390 5495 debet,
408 5429 672 5487 oonsilio
693 5431 962 5506 eligatur.
988 5424 1093 5500 Qui
1121 5433 1426 5489 ordinatus
1456 5431 1726 5488 videlicet
1754 5436 1871 5507 epi-

200 5529 417 5587 scopus
450 5518 519 5572 in
545 5520 822 5578 omnibus
844 5522 1117 5579 eumdem
1140 5537 1361 5578 morem
1386 5521 1711 5594 regularem
1733 5541 1869 5581 cum

197 5605 522 5665 monachis
544 5609 873 5683 suis,quem
897 5611 1078 5669 abbas
1099 5615 1257 5669 tenet
1278 5610 1581 5683 regularis,
1602 5610 1867 5687 diligenti

1981 4637 2230 4695 merario
2251 4651 2358 4691 nec
2377 4634 2620 4707 praelati,
2644 4650 2750 4690 nec
2785 4634 3035 4705 subjecti
3067 4632 3225 4689 adire
3246 4632 3625 4703 praesumant.

1982 4727 2234 4782 Licitum
2268 4741 2403 4781 cum
2434 4724 2707 4797 pondere,
2743 4739 3022 4780 mensura
3058 4725 3115 4777 et
3152 4735 3418 4788 numero,
3446 4717 3632 4775 vesti-

1979 4819 2127 4883 tum,
2152 4814 2471 4887 jejunium,
2496 4810 2936 4880 abstinentiam,
2959 4810 3222 4883 vigiliam
3261 4807 3627 4864 taciturnita-

1979 4910 2119 4974 tem,
2149 4902 2490 4960 obedientiae
2511 4901 2754 4966 bonum,
2781 4903 2838 4956 et
2859 4903 3065 4956 caetera
3089 4913 3334 4971 quaeque
3364 4913 3492 4969 qua:
3522 4913 3630 4969 pa-

1978 4994 2132 5051 troni
2154 4991 2341 5049 nostri
2361 4988 2654 5046 Benedicti
2675 4988 2987 5044 traditione
3008 4986 3352 5043 voluntariae
3375 4984 3629 5057 suscepi-

1981 5100 2115 5139 mus
2152 5079 2383 5137 Domini
2429 5077 2611 5133 nostri
2650 5078 2791 5133 Jesu
2830 5076 3044 5132 Christi
3086 5080 3399 5143 annuente,
3442 5073 3631 5145 gratia

1980 5173 2122 5229 totis
2179 5169 2402 5224 viribus
2459 5165 2892 5234 custodientes,
2941 5166 3013 5221 de
3070 5164 3365 5222 consuetis
3413 5165 3629 5218 sanctae

1981 5259 2193 5333 regula:
2243 5256 2505 5313 moribus
2553 5259 2675 5310 tam
2706 5272 2741 5309 a
2768 5254 3043 5327 praedicto
3084 5255 3252 5310 Patre
3295 5250 3625 5319 Benedicto,

1981 5367 2159 5425 quam
2191 5366 2225 5403 a
2255 5346 2475 5401 sanctis
2524 5344 2897 5415 sequacibus,
2932 5348 2989 5400 et
3031 5342 3430 5399 imitatoribus
3479 5340 3628 5407 suis,

1980 5439 2174 5513 palam
2199 5452 2333 5492 cum
2363 5449 2577 5504 magna
2600 5432 2886 5488 examinis
2907 5433 3274 5490 discussione
3287 5429 3418 5504 jugi
3442 5432 3630 5485 custo-

1981 5529 2119 5586 ditis
2149 5543 2283 5593 usu,
2315 5522 2573 5595 praedicti
2624 5522 2777 5594 regis
2818 5523 3046 5579 monitu
3093 5521 3242 5589 freti,
3280 5536 3346 5575 ac
3391 5519 3626 5574 Patrum

1978 5615 2243 5694 imperiis
2294 5610 2522 5683 conﬁsi,
2569 5609 2836 5682 sollicite,
2870 5613 2956 5668 uti
3009 5608 3254 5689 polliciti
3301 5625 3530 5678 sumus,
3565 5608 3625 5669 in
