4068 6172
465 333 586 396 4⁸79

1497 327 1570 404 S.
1608 325 2010 391 DUNSTANI
2054 324 2416 390 ARCHIEP.
2467 329 2860 394 CAN'l‘UAll.

3753 335 3886 401 480

463 465 752 542 quantum
782 459 934 521 vires
965 464 1297 537 suppetent,
1331 465 1388 516 et
1419 461 1676 534 Spiritus
1708 461 1894 518 sancti
1924 460 2112 536 gratia
2138 462 2194 530 Α
2224 462 2314 536 gis
2345 465 2516 519 corde
2548 480 2724 536 quam
2755 481 2874 533 ore,
2910 467 2992 522 ita
3036 470 3099 523 ut
3142 466 3302 525 illius
3329 485 3438 526 vox
3466 485 3570 543 per
3598 485 3884 544 magnam

464 553 810 612 instruxerit
835 552 909 608 ad
940 550 1285 608 charitatcm
1336 551 1602 606 fretorum
1633 549 1878 607 unitatis
1923 555 2116 608 custo-

465 644 624 702 diam
643 639 952 698 scribendo
974 639 1383 707 dilucidemus,
1400 643 1466 694 ut
1485 640 1558 695 ab
1590 639 1716 712 ipso
1741 643 1967 696 interna:
1989 639 2117 695 vita:

465 727 1016 796 remunerationem,
1055 731 1267 783 cuncta
1315 727 1703 798 concorditer,
1752 733 1809 783 et
1853 727 2117 802 gratula-

463 819 659 878 bundc
705 819 1135 885 cbnservantes,
1171 816 1546 890 recipiamus,
1583 817 1683 889 qui
1728 818 1866 872 facit
1910 817 2118 874 unani-

460 925 606 976 mes,
637 906 697 965 id
726 909 836 974 est,
869 905 1046 962 unius
1075 907 1257 960 moris
1297 904 1562 960 habitare
1595 905 1654 960 in
1687 907 1881 973 domo,
1908 905 2008 960 ubi
2029 914 2122 966 est.

460 1014 563 1054 rex
581 993 850 1052 Christus
871 993 1158 1051 Dominus
1177 993 1424 1067 virginis
1447 992 1625 1061 filius,
1643 994 1742 1066 qui
1768 1010 1903 1049 cum
1927 994 2118 1062 Patre,

444 1089 517 1154 et
545 1083 770 1156 Spiritu
819 1089 1022 1139 sancto
1051 1083 1209 1151 vivit,
1243 1088 1299 1138 et
1349 1087 1554 1156 regnat
1585 1082 1741 1138 Deus
1794 1081 1854 1139 in
1905 1082 2118 1139 saecula

461 1173 832 1232 mculorum.
859 1174 1065 1228 Amen.

895 1261 1262 1318 INCIPIUNT
1303 1261 1678 1317 CAPITULA.

499 1345 550 1404 1.
583 1340 842 1412 Qualiter
872 1341 1122 1408 diurnis,
1153 1341 1272 1398 sive
1303 1341 1606 1396 nocturnis
1637 1341 1798 1412 horis
1831 1339 2114 1412 regularis

637 1431 766 1470 mos
799 1430 833 1469 a
864 1413 1172 1488 monachis
1202 1430 1306 1488 per
1337 1413 1476 1468 anni
1510 1411 1795 1468 circulum
1818 1411 2113 1468 observari

638 1483 963 1541 conveniat.

493 1563 550 1615 2.
584 1555 844 1626 Qualiter
870 1556 1010 1612 ordo
1043 1556 1395 1628 hymnorum
1436 1559 1698 1628 tempore
1734 1553 1976 1628 hiemali
2009 1572 2108 1628 cu-

637 1628 1036 1700 stodiatur,get
1066 1625 1274 1683 caetera
1317 1633 1448 1699 quas
1494 1625 1840 1700 regulariter
1887 1627 2111 1700 agenda

639 1702 800 1773 sunt,
833 1697 1083 1773 qualiter
1112 1697 1378 1773 agentur.

492 1773 547 1831 3.
581 1767 1074 1846 Qualiter'vigilia
1125 1767 1363 1846 n'atalis.
1390 1767 1734 1846 Domini,_et
1783 1770 1854 1824 ab
1903 1769 2106 1846 eadem

635 1839 1006 1916 solemnitate
1036 1857 1226 1915 usque
1246 1842 1306 1897 in
1329 1839 1835 1916 Septuagesimum
1857 1840 1951 1913 agi
1975 1857 2106 1896 con-

630 1913 845 1970 veniat.

436 2035 446 2043 .
491 1988 546 2044 4.
579 1986 689 2059 Qui
720 1983 1008 2059 regularis
1038 1983 1276 2059 ordoua
1304 1983 1767 2057 Septuagesima,
1801 1985 1925 2040 tota
1952 1983 2104 2050 Qua-

637 2053 969 2138 dragésima
997 2053 1380 2138 custodiatur.

491 2127 548 2186 5.
589 2123 848 2196 Qualiter
893 2125 1124 2194 diurna,
1164 2123 1285 2182 sive
1332 2128 1619 2182 nocturna
1663 2125 1793 2181 laus
1841 2124 2100 2198 paschali

634 2199 944 2270 festivitate
974 2203 1205 2270 agatur.

489 2272 550 2329 6.
581 2269 841 2340 Qualiter
885 2266 1141 2326 Sabbato
1189 2270 1524 2325 octavarum
1573 2266 1828 2336 Pascha,
1861 2270 2100 2340 totoque

633 2342 854 2413 metatis
881 2345 1143 2413 tempore
1160 2344 1396 2413 agatur.

487 2415 547 2472 7.
581 2411 842 2486 Qualiter
874 2409 1050 2470 frater
1071 2411 1172 2486 qui
1205 2409 1362 2468 Circa
1379 2413 1620 2468 vocatur
1645 2425 1821 2469 suum
1841 2409 2100 2469 ofﬁcium

630 2482 892 2540 impleat.

487 2559 542 2614 8.
574 2552 833 2626 Qualiter
861 2554 1148 2628 diurnale,
1175 2553 1296 2611 sive
1314 2553 1656 2612 nocturnale
1675 2552 2096 2628 ofﬁciumfheb-

637 2628 890 2700 domada
921 2627 1286 2684 Pentecostes
1316 2631 1543 2700 agatur.

483 2700 538 2782 9.
572 2699 831 2782 Qualiter
858 2703 1112 2782 quatuor
1139 2697 1506 2782 temporibus
1535 2703 1764 2782 agatur.

451 2771 538 2830 10.
570 2771 830 2842 Qualiter
875 2769 1220 2828 mandatum
1264 2769 1627 2842 quotidianis
1675 2769 1882 2826 diebus
1914 2788 1948 2827 a
1979 2770 2093 2842 fra-

627 2841 816 2924 tribus
845 2843 1188 2900 exhibeatur
1215 2839 1610 2924 pauperibus,
1641 2845 1700 2898 et
1746 2858 1862 2914 quo
1891 2839 2094 2899 ordine

625 2915 809 2972 abbas
837 2931 975 3000 erga
996 2915 1342 3042 gaeregrinos
1369 2917 1521 2985 agat.

625 3003 693 3042 uo
745 2987 948 3042 ordme
1075 2985 1255 3040 bbato
1299 2985 1508 3040 fratres

448 2985 535 3044 11.
569 2988 693 3056 Quo
745 2985 948 3042 ordine

624 3061 1070 3184 ﬁpgnqumque
1099 3055 1292 3114 otﬁcia
1317 3055 1394 3113 ob
1434 3054 1646 3114 animas
1677 3055 1928 3116 salutem
1961 3073 2090 3129 per-

448 3197 536 3256 12.
569 3127 1055 3280 Qgggzldgcirca
1075 3201 1357 3280 aegrotum
1389 3195 1626 3253 fratrem
1657 3197 2090 3280 agatur,_quali-

621 3276 829 3342 terque
855 3268 1200 3326 defunctum
1231 3268 1411 3325 humo
1440 3268 1745 3325 conveniat
1773 3268 1958 3326 reddi.

439 3357 644 3432 Incipit
670 3357 830 3426 Ordo,
855 3359 1090 3432 qualiter
1117 3357 1356 3432 diurnis,
1384 3360 1502 3414 sive
1535 3359 1782 3432 nectaris
1830 3358 1981 3432 horis
2009 3375 2092 3416 rc-

511 3429 726 3502 gutaris
751 3429 890 3494 mos.
914 3446 948 3486 a
983 3429 1265 3487 monachis
1299 3445 1400 3502 per
1436 3432 1576 3485 anni
1609 3429 1880 3485 circulum
1917 3431 2092 3488 obser-

513 3503 638 3560 vari
667 3503 967 3560 coiwcniat.
1274 3515 1278 3519 ·

509 3581 561 3640 Α
589 3580 865 3640 Kalendis
901 3579 1062 3637 enim
1091 3579 1383 3648 Octobris,
1414 3579 1824 3654 religiosorum
1855 3597 2088 3640 morum

439 3669 674 3733 Domini
693 3669 1020 3744 opitulante
1047 3668 1256 3744 gratia,
1278 3668 1581 3726 exordium
1612 3671 1928 3740 sumendo;
1962 3687 2087 3728 om-

439 3759 539 3826 nia
567 3775 693 3833 quas
725 3776 838 3816 usu
869 3758 1144 3833 regulari,
1167 3762 1225 3814 et
1253 3761 1594 3816 sanctorum
1626 3759 1864 3816 Patrum
1891 3758 2086 3816 imita-

435 3846 614 3922 tione,
635 3847 968 3923 spiritualia
985 3849 1105 3904 sive
1126 3847 1468 3920 corporalia,
1493 3847 1704 3904 humili
1726 3865 1794 3906 ac
1823 3864 2088 3907 necessa-

437 3936 1276 4012 rioagendasuntofﬂcio,cum
1294 3936 1697 3994 benedictione
1714 3938 2082 3996 inchoantur.

507 4027 611 4085 Hic
627 4027 808 4101 igitur
821 4027 1061 4084 maximi
1080 4025 1428 4083 muniminis
1444 4043 1572 4083 mos
1589 4029 2081 4099 pernecessarius,

435 4119 559 4171 tam
606 4116 667 4171 in
718 4115 966 4172 modicis
1015 4117 1213 4183 rebus,
1244 4131 1422 4188 quam
1473 4116 1725 4190 magnis,
1760 4115 2021 4190 legitime
2051 4136 2086 4174 a

437 4203 684 4273 cunctis,
699 4204 848 4278 jugo
871 4202 1084 4278 regula:
1105 4203 1342 4272 deditis,
1355 4205 1485 4276 jugi
1507 4207 1774 4262 teneatur
1793 4206 2080 4276 custodia,

435 4291 668 4354 etiamei
685 4292 904 4366 singuli
916 4293 1220 4366 quippiam
1239 4292 1640 4350 inchoaverint
1651 4293 1894 4353 minime
1910 4295 2085 4352 inter-

435 4380 738 4444 mittatur:
763 4382 909 4440 nihil
930 4381 1132 4455 procul
1155 4381 1333 4438 dubio
1354 4382 1592 4438 ﬁrmum
1612 4382 1940 4442 validumve
1961 4401 2084 4457 per-

433 4470 700 4532 manebit
716 4471 874 4545 quod
896 4470 1094 4528 cuncti
1119 4470 1392 4539 creantis,
1417 4471 1660 4543 acjusto
1683 4474 2083 4534 moderamine

432 4561 837 4636 gubernantis,
869 4560 1082 4618 Christi
1123 4559 1530 4618 benedictione
1559 4561 1800 4630 carebit,
1833 4563 2080 4636 ideoque
2109 4578 2160 4646 D

431 4649 868 4724 omnitempore
890 4649 1194 4706 nocturnis
1215 4647 1536 4719 horis,cum
1558 4649 1632 4706 ad
1649 4667 1798 4722 opus
1815 4651 2078 4710 divinum

432 4739 504 4802 de
535 4739 748 4800 lectulo
795 4738 1113 4799 surrexerit
1142 4738 1338 4806 frater,
1373 4737 1630 4810 primum
1680 4737 1792 4796 sibi
1841 4741 2078 4815 signum

429 4829 942 4903 crucisimprimat
957 4845 1060 4901 per
1073 4833 1290 4886 sanctis
1309 4826 1613 4883 Trinitatis
1630 4828 2053 4886 invocationem
2063 4873 2076 4886 .

431 4919 652 4978 Deinde
680 4918 837 4978 dicat
863 4934 1096 4976 versum
1130 4933 1144 4973 :
1175 4917 1424 4984 Domine,
1456 4916 1604 4973 labia
1644 4933 1766 4973 mea
1802 4921 2078 4990 apcriccs;

431 5007 644 5066 dehinc
689 5007 986 5082 psalmum
1019 5023 1034 5064 :
1068 5009 1228 5064 Dcus.
1279 5009 1340 5062 in
1382 5005 1723 5079 adjutorium
1765 5022 1949 5064 nicum
1989 5009 2082 5065 in-

432 5097 637 5167 tranda,
665 5102 856 5154 totum
889 5115 1024 5154 cum
1054 5097 1252 5169 gloria.
1286 5096 1452 5151 Tunc
1482 5094 1782 5166 provideat
1809 5095 1922 5152 sibi
1953 5114 2077 5154 cor-

431 5202 670 5260 poream
687 5192 907 5243 natura:
925 5185 1354 5250 necessitatem,
1369 5183 1417 5240 si
1439 5183 1565 5256 ipsa
1579 5183 1724 5239 hora
1737 5183 1857 5240 indi
1864 5189 2076 5258 guerit,

431 5279 490 5332 et
509 5275 594 5331 sic
615 5275 688 5332 ad
710 5274 1029 5332 oratorium
1053 5273 1384 5332 festinando
1407 5271 1621 5344 psallat
1645 5272 1940 5346 psalmum
1964 5292 1978 5331 :
2002 5277 2080 5333 Ad

431 5373 503 5431 lc,
522 5365 768 5434 Domine,
792 5366 969 5421 levavi
992 5366 1236 5421 animm
1264 5380 1464 5429 meam,
1486 5378 1620 5417 cum
1651 5379 1885 5420 summa
1915 5383 2080 5422 reve-

431 5454 640 5522 rentia,
665 5459 724 5509 et
752 5453 982 5511 cautela
1009 5453 1256 5520 intrans,
1283 5456 1350 5508 ut
1379 5451 1525 5507 alios
1556 5456 1789 5508 orantes
1819 5471 1933 5510 non
1967 5456 2080 5512 im-

432 5542 649 5616 pediat,
673 5560 740 5599 ac
769 5548 932 5613 tunc,
965 5541 1127 5600 ﬂexis
1159 5541 1406 5614 genibus
1451 5539 1512 5595 in
1555 5540 1680 5597 loco
1712 5559 1989 5616 congruo,
2022 5551 2081 5602 et

434 5637 733 5702 consueto,
757 5633 814 5692 in
840 5631 1073 5692 Domini
1093 5633 1406 5705 conspectu
1430 5629 1692 5688 cll'undat
1714 5649 1934 5704 preces,
1960 5641 2102 5692 ma-“

1075 2983 1255 3040 bb'ato
1299 2983 1508 3040 fratres
1558 2983 1880 3041 munditias
1929 3001 2089 3040 exer-
2171 3019 2182 3029 -

2229 551 2408 608 animi
2441 555 2976 626 compunctioncm,
2998 560 3055 612 et
3075 557 3483 628 peccaminum
3513 576 3761 616 suorum
3793 577 3884 617 re-

2230 642 2625 698 cordationem
2659 661 2830 699 aures
2861 645 3258 701 misericordis
3289 647 3543 716 Domini,
3564 650 3889 706 efﬁcaciter

2229 735 2516 802 penetret,
2563 749 2630 787 ac
2679 731 2966 789 scelerum
3011 734 3535 801 omnium,Christi
3583 743 3887 796 annuente

2229 819 2438 892 gratia,
2459 821 2686 876 veniam
2721 823 2998 878 obtineat.

2303 909 2365 964 In
2396 909 2588 981 prima
2618 911 2814 983 itaque
2855 913 3140 982 oratione,
3173 915 3442 972 decantet
3488 920 3608 974 tres
3655 919 3886 992 primos

2229 999 2581 1069 poenitentiae
2615 999 2896 1072 psalmos,
2922 1018 3056 1057 cum
3075 1003 3336 1060 oratione
3357 1005 3684 1073 Dominica,
3708 1009 3798 1064 uti
3823 1011 3884 1064 in

2228 1089 2634 1158 sequentibus,
2659 1105 2762 1161 pro
2785 1089 2975 1162 seipse
2997 1091 3254 1162 primum
3281 1093 3722 1162 intercedendo;
3747 1103 3886 1170 post

2227 1176 2334 1233 hos
2364 1177 2684 1233 orationem
2717 1178 2888 1234 istam
2915 1195 2966 1233 :u
2988 1179 3218 1237 Gratias
3246 1181 3354 1237 tibi
3375 1199 3482 1255 ago
3503 1186 3884 1257 omnipotens

2227 1265 2413 1334 Pater,
2440 1267 2540 1338 qui
2573 1284 2664 1323 me
2695 1268 2974 1341 dignatus
3005 1285 3066 1324 es
3098 1269 3158 1326 in
3189 1271 3299 1327 hac
3330 1277 3495 1330 nocte
3538 1275 3880 1332 custodire:

2225 1354 2500 1426 deprecor
2529 1355 2899 1412 clementiam
2930 1360 3117 1424 tuam,
3152 1359 3487 1418 misericors
3517 1361 3788 1433 Domine,
3813 1371 3884 1420 ut

2222 1445 2503 1501 concedat
2551 1445 2695 1501 mihi
2744 1446 2902 1502 diem
2929 1452 3260 1517 venturam,
3293 1449 3380 1505 sic
3425 1449 3486 1504 in
3517 1455 3619 1507 tuo
3667 1458 3880 1509 sancto

2221 1532 2457 1590 servitio
2479 1549 2774 1608 peragere,
2791 1551 2926 1592 cum
2945 1533 3304 1606 humilitate,
3317 1542 3378 1594 et
3393 1536 3749 1597 discretione
3766 1542 3875 1598 tibi

2217 1620 2578 1694 complaceat
2606 1623 2852 1678 servitus
2885 1628 3110 1678 nostra.
3144 1623 3252 1680 Per
3279 1623 3624 1694 Dominum,
3645 1649 3674 1679 »
3708 1631 3822 1685 etc.

2288 1709 2428 1766 Inde
2452 1711 2648 1767 veniat
2675 1712 2745 1767 ad
2773 1712 3093 1768 secundam
3121 1712 3468 1780 orationem,
3493 1715 3596 1772 ubi
3627 1731 3878 1790 sequen-

2131 1831 2182 1902 Β
2215 1799 2472 1902 tes‘duo‘s
2491 1799 2648 1856 dicat
2675 1799 2937 1898 psalmos
2965 1816 3072 1872 pro
3083 1816 3238 1902 'rege
3256 1805 3314 1858 et
3344 1803 3570 1902 regina,
3583 1809 3764 1878 atque
3784 1805 3871 1862 fa-

2211 1887 2706 1956 miliaribus,cum
2723 1889 2988 1945 oratione
3013 1904 3065 1943 :«
3083 1888 3239 1946 Deus
3260 1891 3360 1962 qui
3382 1890 3690 1950 charitatis
3709 1893 3874 1952 dona

2210 1993 2314 2049 per
2331 1977 2581 2050 gratiam
2605 1977 2792 2033 sancti
2834 1976 3112 2048 Spiritus,
3137 1981 3376 2036 tuorum
3418 1981 3694 2038 cordibus
3711 1981 3870 2039 fide-

2209 2064 2377 2135 lium,
2407 2065 2705 2134 infudisti;
2739 2066 2815 2122 da
2847 2064 3086 2123 famulis
3115 2066 3258 2135 tuis,
3281 2071 3340 2124 et
3361 2068 3698 2128 famulabus
3715 2071 3867 2140 tuis,

2210 2170 2313 2226 pro
2334 2154 2552 2226 quibus
2582 2159 2746 2210 tuam
2777 2155 3160 2226 deprecamur
3187 2155 3584 2230 clementiam,
3609 2157 3866 2217 salutem

2209 2242 2444 2311 mentis,
2459 2246 2518 2300 et
2536 2243 2815 2316 corporis,
2829 2246 2894 2300 ut
2913 2246 2972 2301 te
2992 2247 3116 2302 tota
3134 2245 3348 2302 virtute
3368 2245 3640 2321 diligant,
3652 2253 3714 2305 et
3731 2265 3865 2322 qua:

2209 2331 2315 2388 tibi
2346 2331 2561 2404 placita
2589 2337 2750 2400 sunt,
2775 2335 2898 2388 tota
2928 2331 3242 2390 dilectione
3270 2333 3595 2408 perﬁciant.
3619 2337 3730 2395 Per
3757 2337 3865 2396 Do-

2206 2421 2440 2477 minum
2470 2425 2765 2488 nostrum,
2785 2443 2815 2472 ››
2849 2425 2962 2479 etc.

2279 2508 2419 2566 Inde
2448 2509 2521 2566 ad
2551 2509 2784 2566 tertiam
2834 2510 3157 2568 orationem
3186 2513 3452 2581 veniens,
3479 2514 3628 2572 duos
3657 2518 3860 2587 poste-

2206 2598 2388 2655 riores
2410 2597 2673 2672 psalmos
2688 2615 2794 2672 pro
2813 2597 3088 2658 ﬁdelibus
3105 2601 3402 2660 defunctis
3423 2603 3857 2672 deeantet,cum

2205 2687 2464 2746 oratione
2496 2703 2510 2743 :
2538 2709 2568 2738 κ
2598 2687 2924 2760 Inveniant,
2955 2705 3316 2762 quaesumus,
3350 2690 3616 2760 Domine,
3641 2693 3854 2750 animae

2201 2776 2560 2834 famulorum
2573 2777 3042 2852 famularumque
3053 2784 3294 2840 tuarum
3317 2779 3714 2838 lucismterntn
3723 2799 3861 2840 con-

2201 2867 2472 2935 sortium,
2497 2865 2597 2939 qui
2631 2865 2688 2922 in
2713 2865 2824 2924 hac
2855 2866 2986 2924 luce
3006 2867 3178 2940 positi
3201 2872 3372 2928 tuum
3391 2869 3692 2927 consecuti
3713 2876 3858 2928 sunt

2199 2960 2659 3014 sacramentum.
2693 2955 2799 3012 Per
2836 2955 3173 3026 Dominum,
3196 2979 3226 3008 η
3259 2961 3368 3014 etc.
3401 2957 3472 3014 Et
3499 2959 3685 3015 donec
3713 2961 3852 3032 qui-

2201 3046 2336 3102 dem
2365 3043 2532 3118 pueri
2559 3041 2856 3102 introeant
2885 3045 3214 3116 ecclesiam,
3243 3062 3428 3104 unum
3457 3047 3850 3106 oontinuatim

2197 3133 2466 3207 pulsetur
2485 3133 2976 3205 tintinnabulum,
2993 3134 3108 3208 ipsi
3131 3151 3364 3208 quoque
3382 3135 3547 3207 pueri
3573 3135 3851 3209 ingressi,

2118 3204 2163 3276 ϐ
2198 3204 2266 3279 ut
2293 3222 2602 3280 Trinitatis
2630 3223 2950 3280 reverentia
2963 3204 3044 3281 ab
3065 3204 3344 3281 omnibus
3368 3204 3854 3298 legitime'tenea;

2198 3316 2315 3380 tur,
2347 3311 2507 3368 trina
2535 3315 2778 3368 utantur
2806 3312 3090 3370 oratione.

2271 3399 2480 3458 Finitis
2501 3415 2634 3457 vero
2674 3401 2848 3458 trinis
2883 3402 3250 3460 orationibus
3289 3421 3326 3460 a
3363 3403 3581 3477 pueris,
3607 3409 3854 3462 sonatur

2198 3489 2526 3548 secundum
2544 3489 2674 3563 sign
2681 3489 3207 3560 um,residentihus
3219 3492 3450 3551 cunctis
3464 3491 3708 3550 sedibus
3723 3495 3854 3552 suis

2197 3578 2718 3652 ordinatim,atque
2729 3577 3078 3646 canentibus
3089 3579 3428 3654 quindecim
3443 3582 3708 3654 psalmos
3722 3600 3854 3659 gra-

2197 3666 2405 3732 duum,
2428 3664 2798 3739 singillatim,
2832 3665 2990 3724 trina
3026 3667 3361 3740 partitione,
3398 3671 3486 3726 uti
3519 3671 3852 3744 superiores

2197 3759 2420 3829 septem
2441 3755 2741 3811 ﬂectentes
2761 3771 2955 3828 genua
2974 3759 3109 3830 post
3129 3758 3392 3832 quinque
3412 3758 3675 3831 psalmos
3695 3760 3850 3832 facta

2194 3828 2364 3918 signo
2383 3861 2418 3900 a
2431 3842 2870 3917 prioreJterum
2886 3828 3084 3903 autem
3107 3828 3360 3920 pulsatis
3381 3828 3622 3921 reliquis
3637 3828 3848 3924 signis,

2195 3937 2372 4007 atque
2402 3931 2585 3988 finitis
2615 3933 2840 3990 eisdem
2871 3934 3121 4007 psalmis
3151 3935 3438 4010 incipiant
3467 3937 3849 3995 Nocturnum.

2195 4022 2451 4079 Peractis
2474 4021 3008 4092 nocturnis,dicant
3027 4025 3177 4082 duos
3198 4025 3486 4099 psalmos:
3507 4029 3761 4094 Domine,
3781 4046 3855 4086 ne

2194 4113 2254 4167 in
2281 4112 2470 4182 furore
2499 4118 2621 4178 tuo;
2643 4114 2702 4167 et
2734 4127 2747 4167 :
2780 4111 3056 4170 Exaudiat
3091 4121 3161 4180 te,
3187 4121 3544 4182 Deus,unum
3578 4117 3854 4174 videlicet

2193 4215 2296 4273 pro
2319 4193 2450 4272 rege
2472 4199 2823 4272 specialiter,
2838 4199 3090 4268 alterum
3104 4219 3240 4260 vero
3266 4222 3372 4277 pro
3393 4221 3526 4279 rege
3541 4210 3600 4262 et
3620 4206 3846 4280 regina,

2192 4304 2260 4344 ac
2283 4288 2674 4344 familiaribus
2695 4306 2828 4345 cum
2853 4288 2947 4346 his
2975 4291 3236 4350 collectis
3260 4311 3272 4350 :
3301 4315 3330 4344 «
3351 4295 3700 4360 Quaesumus
3717 4311 3848 4352 om-

2193 4378 2464 4450 nipotens
2483 4378 2660 4446 Deus,
2682 4383 2748 4434 ut
2773 4378 3034 4437 famulus
3072 4385 3213 4438 tuus
3253 4397 3355 4439 rex
3385 4386 3606 4450 noster,
3627 4383 3722 4452 PL,
3744 4384 3847 4456 qui

2191 4470 2293 4524 tua
2321 4466 2696 4524 miseratione
2727 4469 2992 4542 suscepit
3021 4471 3186 4543 regni
3209 4471 3635 4544 gubernacula,
3660 4473 3846 4529 virtu-

2188 4561 2318 4613 tum
2347 4554 2524 4612 etiam
2570 4555 2836 4614 omnium
2887 4557 3172 4631 percipiat
3216 4559 3603 4627 incrementa,
3627 4561 3849 4634 quibus

2189 4646 2460 4703 decenter
2486 4649 2754 4717 ornatus,
2770 4649 2830 4702 et
2867 4646 3144 4706 vitiorum
3190 4654 3458 4707 monstra
3502 4649 3764 4708 devitarc
3789 4656 3851 4708 et

2191 4735 2421 4792 hostem
2453 4750 2750 4807 superare,
2774 4735 2916 4808 quia
2932 4736 3048 4806 via,
3067 4737 3283 4796 veritas
3301 4743 3360 4796 et
3377 4739 3498 4796 vita
3515 4755 3600 4810 es,
3622 4740 3849 4813 gratio-

2191 4841 2294 4882 sus
2323 4822 2514 4880 valeat
2541 4823 2863 4897 pervenire,
2887 4841 2990 4897 per
3017 4825 3334 4888 Dominum
3364 4832 3655 4900 nostrum,
3681 4851 3703 4878 ι
3729 4833 3848 4901 etc,

2265 4934 2293 4963 α
2316 4911 2471 4985 Rege
2492 4929 2855 4984 quasumus,
2876 4914 3146 4986 Domine,
3167 4917 3454 4976 famulam
3485 4923 3674 4987 tuam,
3692 4917 3765 4974 Ν.
3789 4924 3853 4976 et

2189 5001 2390 5076 gratiis
2421 5006 2532 5055 tuae
2565 5001 2627 5056 in
2657 5018 2726 5057 ea
2755 5003 2909 5060 dona
2954 5004 3304 5078 multiplica,
3331 5013 3397 5064 ut
3442 5006 3518 5063 ab
3563 5007 3848 5064 omnibus

2187 5090 2374 5150 libera
2423 5089 2683 5159 oﬂ‘ensis,
2728 5095 2788 5147 et
2834 5093 3260 5165 temporalibus
3313 5112 3433 5152 non
3483 5095 3851 5152 destituatur

2190 5179 2441 5247 auxiliis,
2464 5184 2522 5234 et
2557 5180 2933 5251 sempiternis
2961 5183 3217 5256 gaudeat
3263 5181 3570 5252 institutis,
3605 5202 3710 5256 per
3740 5186 3851 5242 Do-

2190 5270 2419 5327 minum
2449 5271 2741 5336 nostrum,
2767 5291 2794 5320 »
2828 5273 2938 5326 etc.

2260 5359 2367 5414 Pro
2398 5371 2531 5428 rege
2561 5359 2621 5412 et
2663 5357 2887 5430 regina,
2917 5377 2983 5415 ac
3031 5361 3505 5417 benefactoribus
3555 5365 3700 5417 Deus
3747 5365 3852 5434 qui

2188 5448 2494 5516 chariuuz's,
2524 5448 2659 5513 ctc.,
2695 5451 2759 5501 ut
2785 5453 2986 5517 antea;
3021 5454 3078 5505 et
3108 5450 3212 5518 sic,
3239 5450 3424 5506 finitis
3453 5451 3734 5507 omnibus
3760 5468 3852 5506 re-

2188 5537 2494 5614 gularibus
2525 5533 2707 5603 horis,
2731 5553 2964 5610 semper
2994 5544 3222 5612 agatur.
3252 5540 3388 5597 Post
3417 5540 3525 5596 hos
3555 5539 3843 5613 psalmos,

2188 5625 2624 5703 parvissimum,
2668 5625 2754 5680 uti
2805 5627 3005 5700 regula
3053 5629 3336 5702 praecipit,
3367 5633 3426 5687 et
3469 5633 3592 5687 tota
3640 5633 3848 5688 aestate
