  <div class='ocr_page' id='page_1' title='image "/cluster/home/n/w/nwhite01/storage/ocr_20150623/137/hvd.32044054759972/252.png"; bbox 0 0 4068 6172; ppageno 0'>
   <div class='ocr_carea' id='block_1_1' title="bbox 223 315 327 381">
    <p class='ocr_par' dir='ltr' id='par_1_1' title="bbox 223 315 327 381">
     <span class='ocr_line' id='line_1_1' title="bbox 223 315 327 381; baseline 0 0"><span class='ocrx_word' id='word_1_1' title='bbox 223 315 327 381; x_wconf 68' lang='lat'>485</span> 
     </span>
    </p>
   </div>
   <div class='ocr_carea' id='block_1_2' title="bbox 1335 314 2482 382">
    <p class='ocr_par' dir='ltr' id='par_1_2' title="bbox 1335 314 2482 382">
     <span class='ocr_line' id='line_1_2' title="bbox 1335 314 2482 382; baseline 0.002 -5"><span class='ocrx_word' id='word_1_2' title='bbox 1335 315 1437 378; x_wconf 89' lang='lat' dir='ltr'>DE</span> <span class='ocrx_word' id='word_1_3' title='bbox 1482 315 1865 379; x_wconf 78' lang='lat' dir='ltr'>REGIMINE</span> <span class='ocrx_word' id='word_1_4' title='bbox 1907 314 2457 382; x_wconf 79' lang='lat' dir='ltr'>MONACHOBUM</span> <span class='ocrx_word' id='word_1_5' title='bbox 2469 368 2482 379; x_wconf 92' lang='lat'>.</span> 
     </span>
    </p>
   </div>
   <div class='ocr_carea' id='block_1_3' title="bbox 3484 334 3601 393">
    <p class='ocr_par' dir='ltr' id='par_1_3' title="bbox 3484 334 3601 393">
     <span class='ocr_line' id='line_1_3' title="bbox 3484 334 3601 393; baseline 0.017 -2"><span class='ocrx_word' id='word_1_6' title='bbox 3484 334 3601 393; x_wconf 67' lang='grc'>486</span> 
     </span>
    </p>
   </div>
   <div class='ocr_carea' id='block_1_4' title="bbox 224 448 3604 524">
    <p class='ocr_par' dir='ltr' id='par_1_4' title="bbox 224 448 3604 524">
     <span class='ocr_line' id='line_1_4' title="bbox 224 448 3604 524; baseline 0.003 -16"><span class='ocrx_word' id='word_1_7' title='bbox 224 454 506 515; x_wconf 88' lang='lat' dir='ltr'>cantante,</span> <span class='ocrx_word' id='word_1_8' title='bbox 520 449 814 505; x_wconf 86' lang='lat' dir='ltr'>addantur</span> <span class='ocrx_word' id='word_1_9' title='bbox 834 449 949 504; x_wconf 90' lang='lat' dir='ltr'>duo</span> <span class='ocrx_word' id='word_1_10' title='bbox 976 448 1211 523; x_wconf 84' lang='lat' dir='ltr'>psalmi,</span> <span class='ocrx_word' id='word_1_11' title='bbox 1236 451 1373 506; x_wconf 85' lang='lat' dir='ltr'>Deus</span> <span class='ocrx_word' id='word_1_12' title='bbox 1404 453 1464 506; x_wconf 85' lang='lat' dir='ltr'>in</span> <span class='ocrx_word' id='word_1_13' title='bbox 1490 451 1845 524; x_wconf 80' lang='lat' dir='ltr'>adjutorium,</span> <span class='ocrx_word' id='word_1_14' title='bbox 1874 450 1929 517; x_wconf 83' lang='grc' dir='ltr'><strong>Α</strong></span> <span class='ocrx_word' id='word_1_15' title='bbox 1962 451 2372 508; x_wconf 75' lang='lat' dir='ltr'>festivitatibus</span> <span class='ocrx_word' id='word_1_16' title='bbox 2404 455 2997 522; x_wconf 87' lang='lat' dir='ltr'>sanctorum,feriales</span> <span class='ocrx_word' id='word_1_17' title='bbox 3010 473 3169 514; x_wconf 81' lang='lat' dir='ltr'>more</span> <span class='ocrx_word' id='word_1_18' title='bbox 3185 458 3356 516; x_wconf 91' lang='lat' dir='ltr'>solito</span> <span class='ocrx_word' id='word_1_19' title='bbox 3371 463 3604 518; x_wconf 88' lang='lat' dir='ltr'>tenean-</span> 
     </span>
    </p>
   </div>
   <div class='ocr_carea' id='block_1_5' title="bbox 220 538 1844 612">
    <p class='ocr_par' dir='ltr' id='par_1_5' title="bbox 220 538 1844 612">
     <span class='ocr_line' id='line_1_5' title="bbox 220 538 1844 612; baseline -0.001 -15"><span class='ocrx_word' id='word_1_20' title='bbox 220 545 271 597; x_wconf 85' lang='lat' dir='ltr'>et</span> <span class='ocrx_word' id='word_1_21' title='bbox 298 540 526 607; x_wconf 74' lang='lat' dir='ltr'>levavi;</span> <span class='ocrx_word' id='word_1_22' title='bbox 556 554 661 611; x_wconf 92' lang='lat' dir='ltr'>pro</span> <span class='ocrx_word' id='word_1_23' title='bbox 701 554 835 612; x_wconf 88' lang='lat' dir='ltr'>rege</span> <span class='ocrx_word' id='word_1_24' title='bbox 884 554 950 594; x_wconf 91' lang='lat' dir='ltr'>ac</span> <span class='ocrx_word' id='word_1_25' title='bbox 999 538 1198 612; x_wconf 82' lang='lat' dir='ltr'>regina</span> <span class='ocrx_word' id='word_1_26' title='bbox 1245 545 1304 596; x_wconf 90' lang='lat' dir='ltr'>et</span> <span class='ocrx_word' id='word_1_27' title='bbox 1349 540 1844 596; x_wconf 88' lang='lat' dir='ltr'>benefactoribus.</span> 
     </span>
    </p>
   </div>
   <div class='ocr_carea' id='block_1_6' title="bbox 220 627 1845 700">
    <p class='ocr_par' dir='ltr' id='par_1_6' title="bbox 220 627 1845 700">
     <span class='ocr_line' id='line_1_6' title="bbox 220 627 1845 700; baseline 0 -15"><span class='ocrx_word' id='word_1_28' title='bbox 220 627 396 685; x_wconf 72' lang='lat' dir='ltr'>Finito</span> <span class='ocrx_word' id='word_1_29' title='bbox 437 627 841 700; x_wconf 88' lang='lat' dir='ltr'>completorio,</span> <span class='ocrx_word' id='word_1_30' title='bbox 883 631 949 684; x_wconf 89' lang='lat' dir='ltr'>ut</span> <span class='ocrx_word' id='word_1_31' title='bbox 996 629 1055 682; x_wconf 91' lang='lat' dir='ltr'>in</span> <span class='ocrx_word' id='word_1_32' title='bbox 1108 627 1317 684; x_wconf 89' lang='lat' dir='ltr'>ultima</span> <span class='ocrx_word' id='word_1_33' title='bbox 1362 629 1503 685; x_wconf 87' lang='lat' dir='ltr'>hora</span> <span class='ocrx_word' id='word_1_34' title='bbox 1544 630 1845 699; x_wconf 86' lang='lat' dir='ltr'>canonica,</span> 
     </span>
    </p>
   </div>
   <div class='ocr_carea' id='block_1_7' title="bbox 223 715 1849 774">
    <p class='ocr_par' dir='ltr' id='par_1_7' title="bbox 223 715 1849 774">
     <span class='ocr_line' id='line_1_7' title="bbox 223 715 1849 774; baseline 0 -1"><span class='ocrx_word' id='word_1_35' title='bbox 223 715 296 773; x_wconf 98' lang='lat' dir='ltr'>uti</span> <span class='ocrx_word' id='word_1_36' title='bbox 323 716 382 771; x_wconf 91' lang='lat' dir='ltr'>in</span> <span class='ocrx_word' id='word_1_37' title='bbox 413 715 651 772; x_wconf 81' lang='lat' dir='ltr'>exordio</span> <span class='ocrx_word' id='word_1_38' title='bbox 682 720 897 772; x_wconf 79' lang='lat' dir='ltr'>sanctae</span> <span class='ocrx_word' id='word_1_39' title='bbox 930 716 1236 773; x_wconf 81' lang='lat' dir='ltr'>Trinitatis</span> <span class='ocrx_word' id='word_1_40' title='bbox 1266 734 1332 774; x_wconf 91' lang='lat' dir='ltr'>ac</span> <span class='ocrx_word' id='word_1_41' title='bbox 1372 718 1686 773; x_wconf 75' lang='lat' dir='ltr'>individua:</span> <span class='ocrx_word' id='word_1_42' title='bbox 1717 718 1849 773; x_wconf 84' lang='lat' dir='ltr'>uni-</span> 
     </span>
    </p>
   </div>
   <div class='ocr_carea' id='block_1_8' title="bbox 217 804 1848 879">
    <p class='ocr_par' dir='ltr' id='par_1_8' title="bbox 217 804 1848 879">
     <span class='ocr_line' id='line_1_8' title="bbox 217 804 1848 879; baseline -0.001 -15"><span class='ocrx_word' id='word_1_43' title='bbox 217 806 349 864; x_wconf 87' lang='lat' dir='ltr'>tatis</span> <span class='ocrx_word' id='word_1_44' title='bbox 378 805 698 862; x_wconf 88' lang='lat' dir='ltr'>reverentia</span> <span class='ocrx_word' id='word_1_45' title='bbox 728 804 989 879; x_wconf 82' lang='lat' dir='ltr'>legitime</span> <span class='ocrx_word' id='word_1_46' title='bbox 1018 823 1053 862; x_wconf 92' lang='lat' dir='ltr'>a</span> <span class='ocrx_word' id='word_1_47' title='bbox 1081 806 1325 863; x_wconf 86' lang='lat' dir='ltr'>servulis</span> <span class='ocrx_word' id='word_1_48' title='bbox 1373 806 1716 862; x_wconf 76' lang='lat' dir='ltr'>exhibentur</span> <span class='ocrx_word' id='word_1_49' title='bbox 1754 824 1848 863; x_wconf 89' lang='lat' dir='ltr'>ca-</span> 
     </span>
    </p>
   </div>
   <div class='ocr_carea' id='block_1_9' title="bbox 216 892 1851 970">
    <p class='ocr_par' dir='ltr' id='par_1_9' title="bbox 216 892 1851 970">
     <span class='ocr_line' id='line_1_9' title="bbox 216 892 1851 970; baseline 0.001 -18"><span class='ocrx_word' id='word_1_50' title='bbox 216 892 459 962; x_wconf 87' lang='lat' dir='ltr'>tholicis,</span> <span class='ocrx_word' id='word_1_51' title='bbox 493 897 672 967; x_wconf 81' lang='lat' dir='ltr'>agant</span> <span class='ocrx_word' id='word_1_52' title='bbox 708 894 967 967; x_wconf 90' lang='lat' dir='ltr'>primum</span> <span class='ocrx_word' id='word_1_53' title='bbox 996 896 1162 968; x_wconf 90' lang='lat' dir='ltr'>pueri</span> <span class='ocrx_word' id='word_1_54' title='bbox 1212 900 1331 953; x_wconf 91' lang='lat' dir='ltr'>tres</span> <span class='ocrx_word' id='word_1_55' title='bbox 1375 896 1687 965; x_wconf 90' lang='lat' dir='ltr'>orationes,</span> <span class='ocrx_word' id='word_1_56' title='bbox 1719 901 1851 970; x_wconf 92' lang='lat' dir='ltr'>post</span> 
     </span>
    </p>
   </div>
   <div class='ocr_carea' id='block_1_10' title="bbox 215 983 904 1056">
    <p class='ocr_par' dir='ltr' id='par_1_10' title="bbox 215 983 904 1056">
     <span class='ocr_line' id='line_1_10' title="bbox 215 983 904 1056; baseline -0.001 -15"><span class='ocrx_word' id='word_1_57' title='bbox 215 1000 439 1056; x_wconf 89' lang='lat' dir='ltr'>pueros,</span> <span class='ocrx_word' id='word_1_58' title='bbox 471 987 648 1056; x_wconf 80' lang='lat' dir='ltr'>agant</span> <span class='ocrx_word' id='word_1_59' title='bbox 676 983 904 1040; x_wconf 80' lang='lat' dir='ltr'>fratres.</span> 
     </span>
    </p>
   </div>
   <div class='ocr_carea' id='block_1_11' title="bbox 280 1072 1851 1149">
    <p class='ocr_par' dir='ltr' id='par_1_11' title="bbox 280 1072 1851 1149">
     <span class='ocr_line' id='line_1_11' title="bbox 280 1072 1851 1149; baseline 0.003 -20"><span class='ocrx_word' id='word_1_60' title='bbox 280 1073 342 1129; x_wconf 82' lang='lat' dir='ltr'>In</span> <span class='ocrx_word' id='word_1_61' title='bbox 372 1072 564 1146; x_wconf 90' lang='lat' dir='ltr'>prima</span> <span class='ocrx_word' id='word_1_62' title='bbox 591 1072 872 1138; x_wconf 88' lang='lat' dir='ltr'>oratione,</span> <span class='ocrx_word' id='word_1_63' title='bbox 903 1078 1117 1130; x_wconf 80' lang='lat' dir='ltr'>canant</span> <span class='ocrx_word' id='word_1_64' title='bbox 1145 1074 1424 1146; x_wconf 85' lang='lat' dir='ltr'>psalmos,</span> <span class='ocrx_word' id='word_1_65' title='bbox 1444 1077 1720 1149; x_wconf 88' lang='lat' dir='ltr'>Usquequo</span> <span class='ocrx_word' id='word_1_66' title='bbox 1742 1078 1851 1133; x_wconf 90' lang='lat' dir='ltr'>Do-</span> 
     </span>
    </p>
   </div>
   <div class='ocr_carea' id='block_1_12' title="bbox 211 1160 1851 1237">
    <p class='ocr_par' dir='ltr' id='par_1_12' title="bbox 211 1160 1851 1237">
     <span class='ocr_line' id='line_1_12' title="bbox 211 1160 1851 1237; baseline 0.002 -18"><span class='ocrx_word' id='word_1_67' title='bbox 211 1164 373 1231; x_wconf 80' lang='lat' dir='ltr'>mine,</span> <span class='ocrx_word' id='word_1_68' title='bbox 406 1165 546 1230; x_wconf 86' lang='lat' dir='ltr'>etc.,</span> <span class='ocrx_word' id='word_1_69' title='bbox 577 1160 770 1218; x_wconf 82' lang='lat' dir='ltr'>Judiea</span> <span class='ocrx_word' id='word_1_70' title='bbox 797 1177 885 1217; x_wconf 88' lang='lat' dir='ltr'>me</span> <span class='ocrx_word' id='word_1_71' title='bbox 911 1163 1092 1231; x_wconf 86' lang='lat' dir='ltr'>Deus,-</span> <span class='ocrx_word' id='word_1_72' title='bbox 1121 1165 1288 1237; x_wconf 84' lang='lat' dir='ltr'>Kyrie</span> <span class='ocrx_word' id='word_1_73' title='bbox 1314 1166 1536 1235; x_wconf 84' lang='lat' dir='ltr'>eleison,</span> <span class='ocrx_word' id='word_1_74' title='bbox 1555 1166 1721 1221; x_wconf 87' lang='lat' dir='ltr'>Pater</span> <span class='ocrx_word' id='word_1_75' title='bbox 1744 1182 1851 1222; x_wconf 84' lang='lat' dir='ltr'>no-</span> 
     </span>
    </p>
   </div>
   <div class='ocr_carea' id='block_1_13' title="bbox 211 1251 1849 1325">
    <p class='ocr_par' dir='ltr' id='par_1_13' title="bbox 211 1251 1849 1325">
     <span class='ocr_line' id='line_1_13' title="bbox 211 1251 1849 1325; baseline 0.002 -17"><span class='ocrx_word' id='word_1_76' title='bbox 211 1260 336 1317; x_wconf 80' lang='lat' dir='ltr'>ster,</span> <span class='ocrx_word' id='word_1_77' title='bbox 369 1256 429 1307; x_wconf 89' lang='lat' dir='ltr'>et</span> <span class='ocrx_word' id='word_1_78' title='bbox 456 1267 679 1325; x_wconf 81' lang='lat' dir='ltr'>preces,</span> <span class='ocrx_word' id='word_1_79' title='bbox 709 1251 898 1308; x_wconf 84' lang='lat' dir='ltr'>Averte</span> <span class='ocrx_word' id='word_1_80' title='bbox 936 1253 1135 1324; x_wconf 80' lang='lat' dir='ltr'>faciem</span> <span class='ocrx_word' id='word_1_81' title='bbox 1178 1261 1367 1323; x_wconf 84' lang='lat' dir='ltr'>tuam;</span> <span class='ocrx_word' id='word_1_82' title='bbox 1400 1255 1503 1311; x_wconf 83' lang='lat' dir='ltr'>Cor</span> <span class='ocrx_word' id='word_1_83' title='bbox 1544 1256 1849 1324; x_wconf 82' lang='lat' dir='ltr'>mundum;</span> 
     </span>
    </p>
   </div>
   <div class='ocr_carea' id='block_1_14' title="bbox 212 1340 1850 1414">
    <p class='ocr_par' dir='ltr' id='par_1_14' title="bbox 212 1340 1850 1414">
     <span class='ocr_line' id='line_1_14' title="bbox 212 1340 1850 1414; baseline 0 -15"><span class='ocrx_word' id='word_1_84' title='bbox 212 1343 284 1399; x_wconf 82' lang='lat' dir='ltr'>Ne</span> <span class='ocrx_word' id='word_1_85' title='bbox 324 1342 623 1414; x_wconf 70' lang='lat' dir='ltr'>proﬁcias;</span> <span class='ocrx_word' id='word_1_86' title='bbox 671 1340 846 1396; x_wconf 86' lang='lat' dir='ltr'>Redde</span> <span class='ocrx_word' id='word_1_87' title='bbox 890 1342 1035 1397; x_wconf 83' lang='lat' dir='ltr'>mihi</span> <span class='ocrx_word' id='word_1_88' title='bbox 1073 1343 1357 1411; x_wconf 73' lang='lat' dir='ltr'>lwtitiam;</span> <span class='ocrx_word' id='word_1_89' title='bbox 1393 1367 1420 1395; x_wconf 87' lang='grc'><strong>‹‹</strong></span> <span class='ocrx_word' id='word_1_90' title='bbox 1470 1345 1699 1401; x_wconf 80' lang='lat' dir='ltr'>Gratias</span> <span class='ocrx_word' id='word_1_91' title='bbox 1746 1345 1850 1399; x_wconf 90' lang='lat' dir='ltr'>tibi</span> 
     </span>
    </p>
   </div>
   <div class='ocr_carea' id='block_1_15' title="bbox 211 1430 1852 1504">
    <p class='ocr_par' dir='ltr' id='par_1_15' title="bbox 211 1430 1852 1504">
     <span class='ocr_line' id='line_1_15' title="bbox 211 1430 1852 1504; baseline 0.002 -18"><span class='ocrx_word' id='word_1_92' title='bbox 211 1446 315 1504; x_wconf 87' lang='lat' dir='ltr'>ago</span> <span class='ocrx_word' id='word_1_93' title='bbox 342 1430 591 1486; x_wconf 90' lang='lat' dir='ltr'>Domine</span> <span class='ocrx_word' id='word_1_94' title='bbox 621 1435 820 1485; x_wconf 86' lang='lat' dir='ltr'>sancte</span> <span class='ocrx_word' id='word_1_95' title='bbox 838 1431 1008 1486; x_wconf 90' lang='lat' dir='ltr'>Pater</span> <span class='ocrx_word' id='word_1_96' title='bbox 1035 1432 1406 1503; x_wconf 87' lang='lat' dir='ltr'>omnipotens</span> <span class='ocrx_word' id='word_1_97' title='bbox 1438 1439 1650 1489; x_wconf 65' lang='lat' dir='ltr'>aeterne</span> <span class='ocrx_word' id='word_1_98' title='bbox 1674 1435 1852 1502; x_wconf 86' lang='lat' dir='ltr'>Deus,</span> 
     </span>
    </p>
   </div>
   <div class='ocr_carea' id='block_1_16' title="bbox 208 1519 1850 1594">
    <p class='ocr_par' dir='ltr' id='par_1_16' title="bbox 208 1519 1850 1594">
     <span class='ocr_line' id='line_1_16' title="bbox 208 1519 1850 1594; baseline 0.002 -19"><span class='ocrx_word' id='word_1_99' title='bbox 208 1521 307 1594; x_wconf 86' lang='lat' dir='ltr'>qui</span> <span class='ocrx_word' id='word_1_100' title='bbox 337 1536 436 1575; x_wconf 88' lang='lat' dir='ltr'>me</span> <span class='ocrx_word' id='word_1_101' title='bbox 465 1519 742 1592; x_wconf 90' lang='lat' dir='ltr'>dignatus</span> <span class='ocrx_word' id='word_1_102' title='bbox 770 1535 835 1575; x_wconf 89' lang='lat' dir='ltr'>es</span> <span class='ocrx_word' id='word_1_103' title='bbox 864 1520 923 1574; x_wconf 89' lang='lat' dir='ltr'>in</span> <span class='ocrx_word' id='word_1_104' title='bbox 954 1519 1061 1574; x_wconf 88' lang='lat' dir='ltr'>hac</span> <span class='ocrx_word' id='word_1_105' title='bbox 1093 1521 1187 1576; x_wconf 91' lang='lat' dir='ltr'>die</span> <span class='ocrx_word' id='word_1_106' title='bbox 1217 1521 1509 1577; x_wconf 86' lang='lat' dir='ltr'>custodire</span> <span class='ocrx_word' id='word_1_107' title='bbox 1558 1541 1660 1594; x_wconf 89' lang='lat' dir='ltr'>per</span> <span class='ocrx_word' id='word_1_108' title='bbox 1688 1528 1850 1579; x_wconf 91' lang='lat' dir='ltr'>tuam</span> 
     </span>
    </p>
   </div>
   <div class='ocr_carea' id='block_1_17' title="bbox 209 1607 1853 1677">
    <p class='ocr_par' dir='ltr' id='par_1_17' title="bbox 209 1607 1853 1677">
     <span class='ocr_line' id='line_1_17' title="bbox 209 1607 1853 1677; baseline 0.001 -10"><span class='ocrx_word' id='word_1_109' title='bbox 209 1613 472 1667; x_wconf 85' lang='lat' dir='ltr'>sanctam</span> <span class='ocrx_word' id='word_1_110' title='bbox 506 1607 900 1677; x_wconf 87' lang='lat' dir='ltr'>clementiam,</span> <span class='ocrx_word' id='word_1_111' title='bbox 934 1610 1182 1665; x_wconf 90' lang='lat' dir='ltr'>concede</span> <span class='ocrx_word' id='word_1_112' title='bbox 1223 1610 1389 1676; x_wconf 90' lang='lat' dir='ltr'>mihi,</span> <span class='ocrx_word' id='word_1_113' title='bbox 1420 1611 1571 1668; x_wconf 89' lang='lat' dir='ltr'>hanc</span> <span class='ocrx_word' id='word_1_114' title='bbox 1622 1618 1853 1669; x_wconf 86' lang='lat' dir='ltr'>noctem</span> 
     </span>
    </p>
   </div>
   <div class='ocr_carea' id='block_1_18' title="bbox 210 1698 1851 1775">
    <p class='ocr_par' dir='ltr' id='par_1_18' title="bbox 210 1698 1851 1775">
     <span class='ocr_line' id='line_1_18' title="bbox 210 1698 1851 1775; baseline 0 -18"><span class='ocrx_word' id='word_1_115' title='bbox 210 1700 433 1757; x_wconf 89' lang='lat' dir='ltr'>mundo</span> <span class='ocrx_word' id='word_1_116' title='bbox 461 1698 655 1766; x_wconf 90' lang='lat' dir='ltr'>corde,</span> <span class='ocrx_word' id='word_1_117' title='bbox 687 1701 745 1753; x_wconf 88' lang='lat' dir='ltr'>et</span> <span class='ocrx_word' id='word_1_118' title='bbox 773 1700 935 1754; x_wconf 88' lang='lat' dir='ltr'>casto</span> <span class='ocrx_word' id='word_1_119' title='bbox 965 1714 1224 1771; x_wconf 90' lang='lat' dir='ltr'>corpore,</span> <span class='ocrx_word' id='word_1_120' title='bbox 1259 1700 1343 1756; x_wconf 89' lang='lat' dir='ltr'>sic</span> <span class='ocrx_word' id='word_1_121' title='bbox 1375 1716 1648 1775; x_wconf 86' lang='lat' dir='ltr'>peragere</span> <span class='ocrx_word' id='word_1_122' title='bbox 1666 1701 1851 1773; x_wconf 87' lang='lat' dir='ltr'>quali-</span> 
     </span>
    </p>
   </div>
   <div class='ocr_carea' id='block_1_19' title="bbox 208 1788 1851 1862">
    <p class='ocr_par' dir='ltr' id='par_1_19' title="bbox 208 1788 1851 1862">
     <span class='ocr_line' id='line_1_19' title="bbox 208 1788 1851 1862; baseline 0.001 -16"><span class='ocrx_word' id='word_1_123' title='bbox 208 1795 292 1846; x_wconf 97' lang='lat' dir='ltr'>ter</span> <span class='ocrx_word' id='word_1_124' title='bbox 316 1804 496 1845; x_wconf 88' lang='lat' dir='ltr'>mane</span> <span class='ocrx_word' id='word_1_125' title='bbox 525 1802 773 1861; x_wconf 85' lang='lat' dir='ltr'>surgens</span> <span class='ocrx_word' id='word_1_126' title='bbox 804 1791 1038 1860; x_wconf 90' lang='lat' dir='ltr'>gratum</span> <span class='ocrx_word' id='word_1_127' title='bbox 1068 1788 1175 1843; x_wconf 87' lang='lat' dir='ltr'>tibi</span> <span class='ocrx_word' id='word_1_128' title='bbox 1206 1790 1508 1846; x_wconf 87' lang='lat' dir='ltr'>servitium</span> <span class='ocrx_word' id='word_1_129' title='bbox 1526 1791 1851 1862; x_wconf 81' lang='lat' dir='ltr'>persolvere</span> 
     </span>
    </p>
   </div>
   <div class='ocr_carea' id='block_1_20' title="bbox 208 1875 1454 1951">
    <p class='ocr_par' dir='ltr' id='par_1_20' title="bbox 208 1875 1454 1951">
     <span class='ocr_line' id='line_1_20' title="bbox 208 1875 1454 1951; baseline 0 -15"><span class='ocrx_word' id='word_1_130' title='bbox 208 1877 453 1951; x_wconf 86' lang='lat' dir='ltr'>possim.</span> <span class='ocrx_word' id='word_1_131' title='bbox 487 1876 594 1934; x_wconf 87' lang='lat' dir='ltr'>Per</span> <span class='ocrx_word' id='word_1_132' title='bbox 620 1875 935 1932; x_wconf 86' lang='lat' dir='ltr'>Dominum</span> <span class='ocrx_word' id='word_1_133' title='bbox 959 1881 1246 1945; x_wconf 88' lang='lat' dir='ltr'>nostrum,</span> <span class='ocrx_word' id='word_1_134' title='bbox 1280 1901 1308 1929; x_wconf 82' lang='grc'><strong>››</strong></span> <span class='ocrx_word' id='word_1_135' title='bbox 1344 1883 1454 1936; x_wconf 86' lang='lat' dir='ltr'>etc.</span> 
     </span>
    </p>
   </div>
   <div class='ocr_carea' id='block_1_21' title="bbox 272 1964 1853 2037">
    <p class='ocr_par' dir='ltr' id='par_1_21' title="bbox 272 1964 1853 2037">
     <span class='ocr_line' id='line_1_21' title="bbox 272 1964 1853 2037; baseline 0 -11"><span class='ocrx_word' id='word_1_136' title='bbox 272 1967 334 2026; x_wconf 87' lang='lat' dir='ltr'>In</span> <span class='ocrx_word' id='word_1_137' title='bbox 370 1965 636 2024; x_wconf 88' lang='lat' dir='ltr'>secunda</span> <span class='ocrx_word' id='word_1_138' title='bbox 664 1964 924 2023; x_wconf 90' lang='lat' dir='ltr'>oratione</span> <span class='ocrx_word' id='word_1_139' title='bbox 956 1980 971 2021; x_wconf 89' lang='lat'><strong>:</strong></span> <span class='ocrx_word' id='word_1_140' title='bbox 1005 1967 1143 2023; x_wconf 83' lang='lat' dir='ltr'>Deus</span> <span class='ocrx_word' id='word_1_141' title='bbox 1191 1970 1521 2025; x_wconf 73' lang='lat' dir='ltr'>misereatur</span> <span class='ocrx_word' id='word_1_142' title='bbox 1556 1972 1762 2037; x_wconf 77' lang='lat' dir='ltr'>nostri;</span> <span class='ocrx_word' id='word_1_143' title='bbox 1794 1973 1853 2026; x_wconf 91' lang='lat' dir='ltr'>et</span> 
     </span>
    </p>
   </div>
   <div class='ocr_carea' id='block_1_22' title="bbox 134 2055 1849 2128">
    <p class='ocr_par' dir='ltr' id='par_1_22' title="bbox 134 2055 1849 2128">
     <span class='ocr_line' id='line_1_22' title="bbox 134 2055 1849 2128; baseline 0.001 -15"><span class='ocrx_word' id='word_1_144' title='bbox 134 2086 139 2093; x_wconf 93' lang='lat'><strong><em>-</em></strong></span> <span class='ocrx_word' id='word_1_145' title='bbox 206 2058 320 2115; x_wconf 78' lang='lat' dir='ltr'>Nisi</span> <span class='ocrx_word' id='word_1_146' title='bbox 366 2057 657 2124; x_wconf 79' lang='lat' dir='ltr'>Dominus,</span> <span class='ocrx_word' id='word_1_147' title='bbox 702 2056 870 2128; x_wconf 82' lang='lat' dir='ltr'>Kyrie</span> <span class='ocrx_word' id='word_1_148' title='bbox 914 2055 1137 2125; x_wconf 85' lang='lat' dir='ltr'>eleison,</span> <span class='ocrx_word' id='word_1_149' title='bbox 1169 2058 1330 2113; x_wconf 88' lang='lat' dir='ltr'>Pater</span> <span class='ocrx_word' id='word_1_150' title='bbox 1371 2065 1571 2128; x_wconf 81' lang='lat' dir='ltr'>noster,</span> <span class='ocrx_word' id='word_1_151' title='bbox 1614 2059 1849 2115; x_wconf 90' lang='lat' dir='ltr'>easdem</span> 
     </span>
    </p>
   </div>
   <div class='ocr_carea' id='block_1_23' title="bbox 204 2143 1854 2220">
    <p class='ocr_par' dir='ltr' id='par_1_23' title="bbox 204 2143 1854 2220">
     <span class='ocr_line' id='line_1_23' title="bbox 204 2143 1854 2220; baseline 0 -15"><span class='ocrx_word' id='word_1_152' title='bbox 204 2163 404 2220; x_wconf 82' lang='lat' dir='ltr'>preces</span> <span class='ocrx_word' id='word_1_153' title='bbox 436 2162 585 2220; x_wconf 86' lang='lat' dir='ltr'>quas</span> <span class='ocrx_word' id='word_1_154' title='bbox 615 2161 817 2219; x_wconf 84' lang='lat' dir='ltr'>supra,</span> <span class='ocrx_word' id='word_1_155' title='bbox 838 2143 1170 2203; x_wconf 87' lang='lat' dir='ltr'>collectam:</span> <span class='ocrx_word' id='word_1_156' title='bbox 1195 2168 1223 2197; x_wconf 77' lang='grc' dir='ltr'>(ι</span> <span class='ocrx_word' id='word_1_157' title='bbox 1254 2146 1408 2204; x_wconf 91' lang='lat' dir='ltr'>Deus</span> <span class='ocrx_word' id='word_1_158' title='bbox 1439 2149 1531 2203; x_wconf 93' lang='lat' dir='ltr'>cui</span> <span class='ocrx_word' id='word_1_159' title='bbox 1563 2163 1735 2205; x_wconf 89' lang='lat' dir='ltr'>omne</span> <span class='ocrx_word' id='word_1_160' title='bbox 1754 2165 1854 2205; x_wconf 90' lang='lat' dir='ltr'>cor</span> 
     </span>
    </p>
   </div>
   <div class='ocr_carea' id='block_1_24' title="bbox 203 2232 1851 2310">
    <p class='ocr_par' dir='ltr' id='par_1_24' title="bbox 203 2232 1851 2310">
     <span class='ocr_line' id='line_1_24' title="bbox 203 2232 1851 2310; baseline 0 -17"><span class='ocrx_word' id='word_1_161' title='bbox 203 2240 383 2310; x_wconf 87' lang='lat' dir='ltr'>patet,</span> <span class='ocrx_word' id='word_1_162' title='bbox 419 2240 479 2293; x_wconf 89' lang='lat' dir='ltr'>et</span> <span class='ocrx_word' id='word_1_163' title='bbox 507 2233 703 2292; x_wconf 88' lang='lat' dir='ltr'>omnis</span> <span class='ocrx_word' id='word_1_164' title='bbox 725 2232 1001 2291; x_wconf 85' lang='lat' dir='ltr'>voluntas</span> <span class='ocrx_word' id='word_1_165' title='bbox 1029 2234 1309 2307; x_wconf 87' lang='lat' dir='ltr'>loquitur,</span> <span class='ocrx_word' id='word_1_166' title='bbox 1330 2241 1386 2292; x_wconf 91' lang='lat' dir='ltr'>et</span> <span class='ocrx_word' id='word_1_167' title='bbox 1415 2252 1590 2310; x_wconf 87' lang='lat' dir='ltr'>quem</span> <span class='ocrx_word' id='word_1_168' title='bbox 1622 2236 1851 2293; x_wconf 89' lang='lat' dir='ltr'>nullum</span> 
     </span>
    </p>
   </div>
   <div class='ocr_carea' id='block_1_25' title="bbox 204 2312 1851 2399">
    <p class='ocr_par' dir='ltr' id='par_1_25' title="bbox 204 2312 1851 2399">
     <span class='ocr_line' id='line_1_25' title="bbox 204 2312 1851 2399; baseline 0 -18"><span class='ocrx_word' id='word_1_169' title='bbox 204 2326 342 2383; x_wconf 84' lang='lat' dir='ltr'>latet</span> <span class='ocrx_word' id='word_1_170' title='bbox 373 2328 671 2382; x_wconf 85' lang='lat' dir='ltr'>secretum</span> <span class='ocrx_word' id='word_1_171' title='bbox 701 2323 946 2396; x_wconf 84' lang='lat' dir='ltr'>purifica</span> <span class='ocrx_word' id='word_1_172' title='bbox 974 2340 1076 2397; x_wconf 91' lang='lat' dir='ltr'>per</span> <span class='ocrx_word' id='word_1_173' title='bbox 1106 2323 1461 2381; x_wconf 87' lang='lat' dir='ltr'>infusionem</span> <span class='ocrx_word' id='word_1_174' title='bbox 1501 2312 1688 2383; x_wconf 80' lang='lat' dir='ltr'>sancti</span> <span class='ocrx_word' id='word_1_175' title='bbox 1721 2327 1851 2399; x_wconf 87' lang='lat' dir='ltr'>Spi-</span> 
     </span>
    </p>
   </div>
   <div class='ocr_carea' id='block_1_26' title="bbox 204 2412 1852 2488">
    <p class='ocr_par' dir='ltr' id='par_1_26' title="bbox 204 2412 1852 2488">
     <span class='ocr_line' id='line_1_26' title="bbox 204 2412 1852 2488; baseline 0.002 -19"><span class='ocrx_word' id='word_1_176' title='bbox 204 2414 408 2485; x_wconf 86' lang='lat' dir='ltr'>ritum,</span> <span class='ocrx_word' id='word_1_177' title='bbox 461 2413 842 2487; x_wconf 83' lang='lat' dir='ltr'>cogitationes</span> <span class='ocrx_word' id='word_1_178' title='bbox 889 2412 1084 2473; x_wconf 83' lang='lat' dir='ltr'>cordis</span> <span class='ocrx_word' id='word_1_179' title='bbox 1133 2414 1338 2483; x_wconf 84' lang='lat' dir='ltr'>nostri,</span> <span class='ocrx_word' id='word_1_180' title='bbox 1391 2419 1455 2471; x_wconf 92' lang='lat' dir='ltr'>ut</span> <span class='ocrx_word' id='word_1_181' title='bbox 1498 2416 1749 2488; x_wconf 85' lang='lat' dir='ltr'>perfecte</span> <span class='ocrx_word' id='word_1_182' title='bbox 1796 2419 1852 2473; x_wconf 90' lang='lat' dir='ltr'>te</span> 
     </span>
    </p>
   </div>
   <div class='ocr_carea' id='block_1_27' title="bbox 202 2501 1852 2578">
    <p class='ocr_par' dir='ltr' id='par_1_27' title="bbox 202 2501 1852 2578">
     <span class='ocr_line' id='line_1_27' title="bbox 202 2501 1852 2578; baseline 0.001 -19"><span class='ocrx_word' id='word_1_183' title='bbox 202 2504 473 2578; x_wconf 74' lang='lat' dir='ltr'>diligere,</span> <span class='ocrx_word' id='word_1_184' title='bbox 486 2506 545 2560; x_wconf 86' lang='lat' dir='ltr'>et</span> <span class='ocrx_word' id='word_1_185' title='bbox 569 2502 745 2576; x_wconf 88' lang='lat' dir='ltr'>digne</span> <span class='ocrx_word' id='word_1_186' title='bbox 775 2501 1001 2559; x_wconf 88' lang='lat' dir='ltr'>laudari</span> <span class='ocrx_word' id='word_1_187' title='bbox 1032 2503 1509 2560; x_wconf 88' lang='lat' dir='ltr'>mereamur.Per</span> <span class='ocrx_word' id='word_1_188' title='bbox 1538 2503 1852 2562; x_wconf 89' lang='lat' dir='ltr'>Dominum</span> 
     </span>
    </p>
   </div>
   <div class='ocr_carea' id='block_1_28' title="bbox 203 2598 707 2661">
    <p class='ocr_par' dir='ltr' id='par_1_28' title="bbox 203 2598 707 2661">
     <span class='ocr_line' id='line_1_28' title="bbox 203 2598 707 2661; baseline -0.004 -11"><span class='ocrx_word' id='word_1_189' title='bbox 203 2599 500 2661; x_wconf 86' lang='lat' dir='ltr'>nostrum,</span> <span class='ocrx_word' id='word_1_190' title='bbox 534 2615 562 2643; x_wconf 83' lang='lat'>»</span> <span class='ocrx_word' id='word_1_191' title='bbox 595 2598 707 2649; x_wconf 89' lang='lat' dir='ltr'>etc.</span> 
     </span>
    </p>
   </div>
   <div class='ocr_carea' id='block_1_29' title="bbox 266 2682 1852 2758">
    <p class='ocr_par' dir='ltr' id='par_1_29' title="bbox 266 2682 1852 2758">
     <span class='ocr_line' id='line_1_29' title="bbox 266 2682 1852 2758; baseline -0.001 -16"><span class='ocrx_word' id='word_1_192' title='bbox 266 2683 333 2742; x_wconf 86' lang='lat' dir='ltr'>In</span> <span class='ocrx_word' id='word_1_193' title='bbox 387 2682 567 2739; x_wconf 87' lang='lat' dir='ltr'>tertia</span> <span class='ocrx_word' id='word_1_194' title='bbox 612 2683 892 2752; x_wconf 85' lang='lat' dir='ltr'>oratione,</span> <span class='ocrx_word' id='word_1_195' title='bbox 940 2684 1016 2740; x_wconf 91' lang='lat' dir='ltr'>De</span> <span class='ocrx_word' id='word_1_196' title='bbox 1057 2682 1369 2756; x_wconf 80' lang='lat' dir='ltr'>profundis,</span> <span class='ocrx_word' id='word_1_197' title='bbox 1414 2684 1582 2758; x_wconf 80' lang='lat' dir='ltr'>Kyrie</span> <span class='ocrx_word' id='word_1_198' title='bbox 1627 2684 1852 2753; x_wconf 86' lang='lat' dir='ltr'>eleison,</span> 
     </span>
    </p>
   </div>
   <div class='ocr_carea' id='block_1_30' title="bbox 199 2771 1851 2846">
    <p class='ocr_par' dir='ltr' id='par_1_30' title="bbox 199 2771 1851 2846">
     <span class='ocr_line' id='line_1_30' title="bbox 199 2771 1851 2846; baseline 0.001 -19"><span class='ocrx_word' id='word_1_199' title='bbox 199 2773 361 2830; x_wconf 86' lang='lat' dir='ltr'>Pater</span> <span class='ocrx_word' id='word_1_200' title='bbox 390 2778 597 2841; x_wconf 78' lang='lat' dir='ltr'>noster,</span> <span class='ocrx_word' id='word_1_201' title='bbox 630 2772 865 2828; x_wconf 90' lang='lat' dir='ltr'>easdem</span> <span class='ocrx_word' id='word_1_202' title='bbox 905 2789 1105 2845; x_wconf 90' lang='lat' dir='ltr'>preces</span> <span class='ocrx_word' id='word_1_203' title='bbox 1150 2771 1372 2830; x_wconf 89' lang='lat' dir='ltr'>collect.</span> <span class='ocrx_word' id='word_1_204' title='bbox 1411 2795 1439 2823; x_wconf 87' lang='grc'><strong>‹‹</strong></span> <span class='ocrx_word' id='word_1_205' title='bbox 1469 2773 1851 2846; x_wconf 87' lang='lat' dir='ltr'>Omnipotens</span> 
     </span>
    </p>
   </div>
   <div class='ocr_carea' id='block_1_31' title="bbox 198 2861 1853 2943">
    <p class='ocr_par' dir='ltr' id='par_1_31' title="bbox 198 2861 1853 2943">
     <span class='ocr_line' id='line_1_31' title="bbox 198 2861 1853 2943; baseline 0.001 -25"><span class='ocrx_word' id='word_1_206' title='bbox 198 2861 525 2919; x_wconf 81' lang='lat' dir='ltr'>mitissime</span> <span class='ocrx_word' id='word_1_207' title='bbox 555 2861 709 2917; x_wconf 91' lang='lat' dir='ltr'>Deus</span> <span class='ocrx_word' id='word_1_208' title='bbox 730 2861 832 2934; x_wconf 87' lang='lat' dir='ltr'>qui</span> <span class='ocrx_word' id='word_1_209' title='bbox 864 2861 1085 2918; x_wconf 84' lang='lat' dir='ltr'>sitienti</span> <span class='ocrx_word' id='word_1_210' title='bbox 1114 2861 1352 2935; x_wconf 89' lang='lat' dir='ltr'>populo,</span> <span class='ocrx_word' id='word_1_211' title='bbox 1367 2862 1585 2943; x_wconf 82' lang='lat' dir='ltr'>fontem</span> <span class='ocrx_word' id='word_1_212' title='bbox 1605 2863 1853 2919; x_wconf 89' lang='lat' dir='ltr'>viventis</span> 
     </span>
    </p>
   </div>
   <div class='ocr_carea' id='block_1_32' title="bbox 197 2950 1851 3024">
    <p class='ocr_par' dir='ltr' id='par_1_32' title="bbox 197 2950 1851 3024">
     <span class='ocr_line' id='line_1_32' title="bbox 197 2950 1851 3024; baseline 0 -17"><span class='ocrx_word' id='word_1_213' title='bbox 197 2968 360 3024; x_wconf 70' lang='lat' dir='ltr'>aquae</span> <span class='ocrx_word' id='word_1_214' title='bbox 416 2950 492 3007; x_wconf 91' lang='lat' dir='ltr'>de</span> <span class='ocrx_word' id='word_1_215' title='bbox 536 2955 701 3024; x_wconf 87' lang='lat' dir='ltr'>petra</span> <span class='ocrx_word' id='word_1_216' title='bbox 747 2951 1093 3024; x_wconf 85' lang='lat' dir='ltr'>produxisti,</span> <span class='ocrx_word' id='word_1_217' title='bbox 1138 2953 1287 3008; x_wconf 87' lang='lat' dir='ltr'>educ</span> <span class='ocrx_word' id='word_1_218' title='bbox 1337 2952 1408 3008; x_wconf 89' lang='lat' dir='ltr'>de</span> <span class='ocrx_word' id='word_1_219' title='bbox 1436 2953 1629 3008; x_wconf 91' lang='lat' dir='ltr'>cordis</span> <span class='ocrx_word' id='word_1_220' title='bbox 1668 2953 1851 3008; x_wconf 87' lang='lat' dir='ltr'>nostri</span> 
     </span>
    </p>
   </div>
   <div class='ocr_carea' id='block_1_33' title="bbox 196 3030 1858 3115">
    <p class='ocr_par' dir='ltr' id='par_1_33' title="bbox 196 3030 1858 3115">
     <span class='ocr_line' id='line_1_33' title="bbox 196 3030 1858 3115; baseline 0.001 -19"><span class='ocrx_word' id='word_1_221' title='bbox 196 3042 445 3109; x_wconf 86' lang='lat' dir='ltr'>duritia,</span> <span class='ocrx_word' id='word_1_222' title='bbox 479 3030 952 3112; x_wconf 83' lang='lat' dir='ltr'>compunctiOnis</span> <span class='ocrx_word' id='word_1_223' title='bbox 982 3041 1289 3115; x_wconf 80' lang='lat' dir='ltr'>lacrymas,</span> <span class='ocrx_word' id='word_1_224' title='bbox 1309 3046 1375 3097; x_wconf 91' lang='lat' dir='ltr'>ut</span> <span class='ocrx_word' id='word_1_225' title='bbox 1404 3045 1641 3114; x_wconf 89' lang='lat' dir='ltr'>peccata</span> <span class='ocrx_word' id='word_1_226' title='bbox 1657 3045 1858 3098; x_wconf 89' lang='lat' dir='ltr'>nostra</span> 
     </span>
    </p>
   </div>
   <div class='ocr_carea' id='block_1_34' title="bbox 196 3129 1853 3204">
    <p class='ocr_par' dir='ltr' id='par_1_34' title="bbox 196 3129 1853 3204">
     <span class='ocr_line' id='line_1_34' title="bbox 196 3129 1853 3204; baseline 0.002 -20"><span class='ocrx_word' id='word_1_227' title='bbox 196 3129 486 3204; x_wconf 77' lang='lat' dir='ltr'>plangere</span> <span class='ocrx_word' id='word_1_228' title='bbox 511 3129 834 3198; x_wconf 80' lang='lat' dir='ltr'>valeamus,</span> <span class='ocrx_word' id='word_1_229' title='bbox 874 3130 1420 3203; x_wconf 89' lang='lat' dir='ltr'>remissioncmque,</span> <span class='ocrx_word' id='word_1_230' title='bbox 1452 3135 1507 3186; x_wconf 91' lang='lat' dir='ltr'>te</span> <span class='ocrx_word' id='word_1_231' title='bbox 1536 3131 1853 3188; x_wconf 88' lang='lat' dir='ltr'>miserante</span> 
     </span>
    </p>
   </div>
   <div class='ocr_carea' id='block_1_35' title="bbox 1956 540 3602 622">
    <p class='ocr_par' dir='ltr' id='par_1_35' title="bbox 1956 540 3602 622">
     <span class='ocr_line' id='line_1_35' title="bbox 1956 540 3602 622; baseline 0.008 -29"><span class='ocrx_word' id='word_1_232' title='bbox 1956 540 2383 598; x_wconf 75' lang='lat' dir='ltr'>tur.Pr:eelaris</span> <span class='ocrx_word' id='word_1_233' title='bbox 2403 559 2535 597; x_wconf 85' lang='lat' dir='ltr'>vero</span> <span class='ocrx_word' id='word_1_234' title='bbox 2566 549 2623 599; x_wconf 88' lang='lat' dir='ltr'>et</span> <span class='ocrx_word' id='word_1_235' title='bbox 2654 544 2876 599; x_wconf 85' lang='lat' dir='ltr'>festivis</span> <span class='ocrx_word' id='word_1_236' title='bbox 2900 544 3602 622; x_wconf 87' lang='lat' dir='ltr'>solemnitatibus,hymnl</span> 
     </span>
    </p>
   </div>
   <div class='ocr_carea' id='block_1_36' title="bbox 1958 631 3604 700">
    <p class='ocr_par' dir='ltr' id='par_1_36' title="bbox 1958 631 3604 700">
     <span class='ocr_line' id='line_1_36' title="bbox 1958 631 3604 700; baseline 0.008 -18"><span class='ocrx_word' id='word_1_237' title='bbox 1958 632 2372 700; x_wconf 88' lang='lat' dir='ltr'>competentes,</span> <span class='ocrx_word' id='word_1_238' title='bbox 2404 648 2516 687; x_wconf 91' lang='lat' dir='ltr'>usu</span> <span class='ocrx_word' id='word_1_239' title='bbox 2559 631 2928 688; x_wconf 87' lang='lat' dir='ltr'>celebrentur</span> <span class='ocrx_word' id='word_1_240' title='bbox 2972 640 3270 692; x_wconf 88' lang='lat' dir='ltr'>consueto.</span> <span class='ocrx_word' id='word_1_241' title='bbox 3304 638 3604 696; x_wconf 86' lang='lat' dir='ltr'>Adventus</span> 
     </span>
    </p>
   </div>
   <div class='ocr_carea' id='block_1_37' title="bbox 1957 719 3605 799">
    <p class='ocr_par' dir='ltr' id='par_1_37' title="bbox 1957 719 3605 799">
     <span class='ocr_line' id='line_1_37' title="bbox 1957 719 3605 799; baseline 0.008 -28"><span class='ocrx_word' id='word_1_242' title='bbox 1957 720 2151 772; x_wconf 90' lang='lat' dir='ltr'>autem</span> <span class='ocrx_word' id='word_1_243' title='bbox 2184 719 3007 794; x_wconf 84' lang='lat' dir='ltr'>Domini,Quadragesimae,ac</span> <span class='ocrx_word' id='word_1_244' title='bbox 3024 724 3321 780; x_wconf 88' lang='lat' dir='ltr'>Passionis</span> <span class='ocrx_word' id='word_1_245' title='bbox 3344 729 3605 799; x_wconf 86' lang='lat' dir='ltr'>tempore</span> 
     </span>
    </p>
   </div>
   <div class='ocr_carea' id='block_1_38' title="bbox 1957 805 3608 883">
    <p class='ocr_par' dir='ltr' id='par_1_38' title="bbox 1957 805 3608 883">
     <span class='ocr_line' id='line_1_38' title="bbox 1957 805 3608 883; baseline 0.007 -23"><span class='ocrx_word' id='word_1_246' title='bbox 1957 805 2161 878; x_wconf 81' lang='lat' dir='ltr'>hymni</span> <span class='ocrx_word' id='word_1_247' title='bbox 2191 808 2457 878; x_wconf 78' lang='lat' dir='ltr'>ejusdem</span> <span class='ocrx_word' id='word_1_248' title='bbox 2487 809 2681 866; x_wconf 89' lang='lat' dir='ltr'>cultus</span> <span class='ocrx_word' id='word_1_249' title='bbox 2713 809 2971 883; x_wconf 87' lang='lat' dir='ltr'>legitime</span> <span class='ocrx_word' id='word_1_250' title='bbox 3000 812 3494 883; x_wconf 90' lang='lat' dir='ltr'>decantentur,ita</span> <span class='ocrx_word' id='word_1_251' title='bbox 3524 819 3608 871; x_wconf 83' lang='lat' dir='ltr'>ta-</span> 
     </span>
    </p>
   </div>
   <div class='ocr_carea' id='block_1_39' title="bbox 1958 897 3604 976">
    <p class='ocr_par' dir='ltr' id='par_1_39' title="bbox 1958 897 3604 976">
     <span class='ocr_line' id='line_1_39' title="bbox 1958 897 3604 976; baseline 0.006 -26"><span class='ocrx_word' id='word_1_252' title='bbox 1958 911 2093 951; x_wconf 88' lang='lat' dir='ltr'>men</span> <span class='ocrx_word' id='word_1_253' title='bbox 2124 900 2190 950; x_wconf 90' lang='lat' dir='ltr'>ut</span> <span class='ocrx_word' id='word_1_254' title='bbox 2220 913 2334 952; x_wconf 90' lang='lat' dir='ltr'>non</span> <span class='ocrx_word' id='word_1_255' title='bbox 2364 897 2567 971; x_wconf 78' lang='lat' dir='ltr'>hymni</span> <span class='ocrx_word' id='word_1_256' title='bbox 2602 899 2672 954; x_wconf 92' lang='lat' dir='ltr'>de</span> <span class='ocrx_word' id='word_1_257' title='bbox 2694 897 3052 969; x_wconf 81' lang='lat' dir='ltr'>jejunio,sed</span> <span class='ocrx_word' id='word_1_258' title='bbox 3078 900 3138 955; x_wconf 91' lang='lat' dir='ltr'>hi</span> <span class='ocrx_word' id='word_1_259' title='bbox 3166 902 3265 973; x_wconf 89' lang='lat' dir='ltr'>qui</span> <span class='ocrx_word' id='word_1_260' title='bbox 3294 920 3397 976; x_wconf 89' lang='lat' dir='ltr'>per</span> <span class='ocrx_word' id='word_1_261' title='bbox 3416 907 3604 960; x_wconf 86' lang='lat' dir='ltr'>totum</span> 
     </span>
    </p>
   </div>
   <div class='ocr_carea' id='block_1_40' title="bbox 1958 986 3606 1053">
    <p class='ocr_par' dir='ltr' id='par_1_40' title="bbox 1958 986 3606 1053">
     <span class='ocr_line' id='line_1_40' title="bbox 1958 986 3606 1053; baseline 0.006 -14"><span class='ocrx_word' id='word_1_262' title='bbox 1958 1000 2177 1039; x_wconf 89' lang='lat' dir='ltr'>annum</span> <span class='ocrx_word' id='word_1_263' title='bbox 2225 990 2488 1053; x_wconf 88' lang='lat' dir='ltr'>currunt,</span> <span class='ocrx_word' id='word_1_264' title='bbox 2526 986 2842 1042; x_wconf 89' lang='lat' dir='ltr'>Dominicis</span> <span class='ocrx_word' id='word_1_265' title='bbox 2891 988 3098 1043; x_wconf 91' lang='lat' dir='ltr'>diebus</span> <span class='ocrx_word' id='word_1_266' title='bbox 3158 989 3278 1045; x_wconf 89' lang='lat' dir='ltr'>sive</span> <span class='ocrx_word' id='word_1_267' title='bbox 3333 991 3606 1049; x_wconf 91' lang='lat' dir='ltr'>noctibus</span> 
     </span>
    </p>
   </div>
   <div class='ocr_carea' id='block_1_41' title="bbox 1956 1074 3159 1145">
    <p class='ocr_par' dir='ltr' id='par_1_41' title="bbox 1956 1074 3159 1145">
     <span class='ocr_line' id='line_1_41' title="bbox 1956 1074 3159 1145; baseline 0.003 -18"><span class='ocrx_word' id='word_1_268' title='bbox 1956 1077 2218 1145; x_wconf 89' lang='lat' dir='ltr'>tempore</span> <span class='ocrx_word' id='word_1_269' title='bbox 2247 1074 2740 1145; x_wconf 87' lang='lat' dir='ltr'>quadragesimali</span> <span class='ocrx_word' id='word_1_270' title='bbox 2773 1074 3159 1132; x_wconf 85' lang='lat' dir='ltr'>celebrentur.</span> 
     </span>
    </p>
   </div>
   <div class='ocr_carea' id='block_1_42' title="bbox 2027 1161 3605 1226">
    <p class='ocr_par' dir='ltr' id='par_1_42' title="bbox 2027 1161 3605 1226">
     <span class='ocr_line' id='line_1_42' title="bbox 2027 1161 3605 1226; baseline 0.006 -10"><span class='ocrx_word' id='word_1_271' title='bbox 2027 1162 2113 1217; x_wconf 87' lang='lat' dir='ltr'>Ab</span> <span class='ocrx_word' id='word_1_272' title='bbox 2131 1161 2349 1218; x_wconf 89' lang='lat' dir='ltr'>eisdem</span> <span class='ocrx_word' id='word_1_273' title='bbox 2384 1162 2657 1217; x_wconf 86' lang='lat' dir='ltr'>Kalendis</span> <span class='ocrx_word' id='word_1_274' title='bbox 2670 1164 3023 1219; x_wconf 87' lang='lat' dir='ltr'>concedatur</span> <span class='ocrx_word' id='word_1_275' title='bbox 3038 1164 3317 1224; x_wconf 84' lang='lat' dir='ltr'>fratribus</span> <span class='ocrx_word' id='word_1_276' title='bbox 3333 1184 3605 1226; x_wconf 89' lang='lat' dir='ltr'>accessus</span> 
     </span>
    </p>
   </div>
   <div class='ocr_carea' id='block_1_43' title="bbox 1961 1249 3608 1327">
    <p class='ocr_par' dir='ltr' id='par_1_43' title="bbox 1961 1249 3608 1327">
     <span class='ocr_line' id='line_1_43' title="bbox 1961 1249 3608 1327; baseline 0.007 -24"><span class='ocrx_word' id='word_1_277' title='bbox 1961 1249 2282 1321; x_wconf 87' lang='lat' dir='ltr'>ignis,dum</span> <span class='ocrx_word' id='word_1_278' title='bbox 2307 1250 2622 1307; x_wconf 84' lang='lat' dir='ltr'>necessitas</span> <span class='ocrx_word' id='word_1_279' title='bbox 2636 1251 3066 1324; x_wconf 90' lang='lat' dir='ltr'>compulerit,et</span> <span class='ocrx_word' id='word_1_280' title='bbox 3088 1253 3319 1327; x_wconf 74' lang='lat' dir='ltr'>frigoris</span> <span class='ocrx_word' id='word_1_281' title='bbox 3334 1256 3608 1316; x_wconf 86' lang='lat' dir='ltr'>nimietas</span> 
     </span>
    </p>
   </div>
   <div class='ocr_carea' id='block_1_44' title="bbox 1962 1338 3606 1411">
    <p class='ocr_par' dir='ltr' id='par_1_44' title="bbox 1962 1338 3606 1411">
     <span class='ocr_line' id='line_1_44' title="bbox 1962 1338 3606 1411; baseline 0.007 -19"><span class='ocrx_word' id='word_1_282' title='bbox 1962 1338 2481 1404; x_wconf 88' lang='lat' dir='ltr'>incubuerit.Quod</span> <span class='ocrx_word' id='word_1_283' title='bbox 2515 1345 2707 1395; x_wconf 85' lang='lat' dir='ltr'>tamen</span> <span class='ocrx_word' id='word_1_284' title='bbox 2741 1342 2851 1397; x_wconf 89' lang='lat' dir='ltr'>sub</span> <span class='ocrx_word' id='word_1_285' title='bbox 2883 1341 3115 1396; x_wconf 89' lang='lat' dir='ltr'>silentio</span> <span class='ocrx_word' id='word_1_286' title='bbox 3148 1344 3335 1411; x_wconf 79' lang='lat' dir='ltr'>fiat,in</span> <span class='ocrx_word' id='word_1_287' title='bbox 3368 1347 3606 1403; x_wconf 85' lang='lat' dir='ltr'>refecto-</span> 
     </span>
    </p>
   </div>
   <div class='ocr_carea' id='block_1_45' title="bbox 1959 1427 3607 1504">
    <p class='ocr_par' dir='ltr' id='par_1_45' title="bbox 1959 1427 3607 1504">
     <span class='ocr_line' id='line_1_45' title="bbox 1959 1427 3607 1504; baseline 0.006 -24"><span class='ocrx_word' id='word_1_288' title='bbox 1959 1427 2045 1481; x_wconf 90' lang='lat' dir='ltr'>rio</span> <span class='ocrx_word' id='word_1_289' title='bbox 2076 1444 2209 1481; x_wconf 88' lang='lat' dir='ltr'>vero</span> <span class='ocrx_word' id='word_1_290' title='bbox 2230 1427 2339 1482; x_wconf 87' lang='lat' dir='ltr'>hoc</span> <span class='ocrx_word' id='word_1_291' title='bbox 2356 1428 2598 1483; x_wconf 90' lang='lat' dir='ltr'>minime</span> <span class='ocrx_word' id='word_1_292' title='bbox 2615 1429 2909 1501; x_wconf 88' lang='lat' dir='ltr'>agatur.ln</span> <span class='ocrx_word' id='word_1_293' title='bbox 2940 1429 3120 1501; x_wconf 87' lang='lat' dir='ltr'>hujus</span> <span class='ocrx_word' id='word_1_294' title='bbox 3142 1447 3371 1504; x_wconf 90' lang='lat' dir='ltr'>quoque</span> <span class='ocrx_word' id='word_1_295' title='bbox 3394 1433 3607 1491; x_wconf 88' lang='lat' dir='ltr'>hiemis</span> 
     </span>
    </p>
   </div>
   <div class='ocr_carea' id='block_1_46' title="bbox 1959 1517 3607 1592">
    <p class='ocr_par' dir='ltr' id='par_1_46' title="bbox 1959 1517 3607 1592">
     <span class='ocr_line' id='line_1_46' title="bbox 1959 1517 3607 1592; baseline 0.007 -23"><span class='ocrx_word' id='word_1_296' title='bbox 1959 1520 2484 1588; x_wconf 78' lang='lat' dir='ltr'>tempore,proptor</span> <span class='ocrx_word' id='word_1_297' title='bbox 2516 1518 2762 1572; x_wconf 88' lang='lat' dir='ltr'>nimiam</span> <span class='ocrx_word' id='word_1_298' title='bbox 2794 1517 3073 1573; x_wconf 86' lang='lat' dir='ltr'>imbrium</span> <span class='ocrx_word' id='word_1_299' title='bbox 3106 1522 3502 1592; x_wconf 85' lang='lat' dir='ltr'>asperitatem,</span> <span class='ocrx_word' id='word_1_300' title='bbox 3522 1523 3607 1580; x_wconf 86' lang='lat' dir='ltr'>lo-</span> 
     </span>
    </p>
   </div>
   <div class='ocr_carea' id='block_1_47' title="bbox 1961 1606 3605 1685">
    <p class='ocr_par' dir='ltr' id='par_1_47' title="bbox 1961 1606 3605 1685">
     <span class='ocr_line' id='line_1_47' title="bbox 1961 1606 3605 1685; baseline 0.005 -26"><span class='ocrx_word' id='word_1_301' title='bbox 1961 1620 2067 1659; x_wconf 90' lang='lat' dir='ltr'>cus</span> <span class='ocrx_word' id='word_1_302' title='bbox 2096 1608 2268 1677; x_wconf 86' lang='lat' dir='ltr'>aptus</span> <span class='ocrx_word' id='word_1_303' title='bbox 2300 1606 2579 1661; x_wconf 82' lang='lat' dir='ltr'>fratribus</span> <span class='ocrx_word' id='word_1_304' title='bbox 2611 1606 2970 1680; x_wconf 85' lang='lat' dir='ltr'>designetur,</span> <span class='ocrx_word' id='word_1_305' title='bbox 3002 1610 3194 1680; x_wconf 82' lang='lat' dir='ltr'>cujus.</span> <span class='ocrx_word' id='word_1_306' title='bbox 3231 1651 3243 1664; x_wconf 94' lang='lat'>.</span> <span class='ocrx_word' id='word_1_307' title='bbox 3281 1654 3294 1666; x_wconf 92' lang='lat'>.</span> <span class='ocrx_word' id='word_1_308' title='bbox 3331 1612 3605 1685; x_wconf 85' lang='lat' dir='ltr'>.refugio,</span> 
     </span>
    </p>
   </div>
   <div class='ocr_carea' id='block_1_48' title="bbox 1965 1692 3611 1775">
    <p class='ocr_par' dir='ltr' id='par_1_48' title="bbox 1965 1692 3611 1775">
     <span class='ocr_line' id='line_1_48' title="bbox 1965 1692 3611 1775; baseline 0.006 -27"><span class='ocrx_word' id='word_1_309' title='bbox 1965 1692 2284 1750; x_wconf 89' lang='lat' dir='ltr'>hibernalis</span> <span class='ocrx_word' id='word_1_310' title='bbox 2318 1695 2627 1768; x_wconf 86' lang='lat' dir='ltr'>argoris,et</span> <span class='ocrx_word' id='word_1_311' title='bbox 2658 1696 3022 1769; x_wconf 88' lang='lat' dir='ltr'>intemperiei</span> <span class='ocrx_word' id='word_1_312' title='bbox 3054 1699 3611 1775; x_wconf 86' lang='lat' dir='ltr'>adversitas,levige-</span> 
     </span>
    </p>
   </div>
   <div class='ocr_carea' id='block_1_49' title="bbox 1962 1781 3607 1859">
    <p class='ocr_par' dir='ltr' id='par_1_49' title="bbox 1962 1781 3607 1859">
     <span class='ocr_line' id='line_1_49' title="bbox 1962 1781 3607 1859; baseline 0.006 -22"><span class='ocrx_word' id='word_1_313' title='bbox 1962 1784 2086 1851; x_wconf 90' lang='lat' dir='ltr'>tur;</span> <span class='ocrx_word' id='word_1_314' title='bbox 2110 1781 2161 1838; x_wconf 89' lang='lat' dir='ltr'>si</span> <span class='ocrx_word' id='word_1_315' title='bbox 2192 1787 2387 1846; x_wconf 81' lang='lat' dir='ltr'>autem</span> <span class='ocrx_word' id='word_1_316' title='bbox 2419 1783 2732 1857; x_wconf 85' lang='lat' dir='ltr'>temperies</span> <span class='ocrx_word' id='word_1_317' title='bbox 2764 1785 3084 1857; x_wconf 91' lang='lat' dir='ltr'>tranquilla</span> <span class='ocrx_word' id='word_1_318' title='bbox 3123 1787 3318 1859; x_wconf 88' lang='lat' dir='ltr'>fuerit,</span> <span class='ocrx_word' id='word_1_319' title='bbox 3351 1788 3607 1847; x_wconf 89' lang='lat' dir='ltr'>claustro</span> 
     </span>
    </p>
   </div>
   <div class='ocr_carea' id='block_1_50' title="bbox 1960 1870 3605 1951">
    <p class='ocr_par' dir='ltr' id='par_1_50' title="bbox 1960 1870 3605 1951">
     <span class='ocr_line' id='line_1_50' title="bbox 1960 1870 3605 1951; baseline 0.004 -23"><span class='ocrx_word' id='word_1_320' title='bbox 1960 1872 2045 1928; x_wconf 90' lang='lat' dir='ltr'>uti</span> <span class='ocrx_word' id='word_1_321' title='bbox 2075 1870 2313 1929; x_wconf 89' lang='lat' dir='ltr'>libuerit</span> <span class='ocrx_word' id='word_1_322' title='bbox 2342 1889 2477 1929; x_wconf 89' lang='lat' dir='ltr'>cum</span> <span class='ocrx_word' id='word_1_323' title='bbox 2507 1872 2723 1929; x_wconf 86' lang='lat' dir='ltr'>Christi</span> <span class='ocrx_word' id='word_1_324' title='bbox 2747 1873 3150 1932; x_wconf 87' lang='lat' dir='ltr'>benedictione</span> <span class='ocrx_word' id='word_1_325' title='bbox 3180 1879 3605 1951; x_wconf 86' lang='lat' dir='ltr'>utantur,quod</span> 
     </span>
    </p>
   </div>
   <div class='ocr_carea' id='block_1_51' title="bbox 1960 1959 3608 2035">
    <p class='ocr_par' dir='ltr' id='par_1_51' title="bbox 1960 1959 3608 2035">
     <span class='ocr_line' id='line_1_51' title="bbox 1960 1959 3608 2035; baseline 0.002 -16"><span class='ocrx_word' id='word_1_326' title='bbox 1960 1962 2010 2019; x_wconf 91' lang='lat' dir='ltr'>si</span> <span class='ocrx_word' id='word_1_327' title='bbox 2043 1977 2146 2033; x_wconf 92' lang='lat' dir='ltr'>pro</span> <span class='ocrx_word' id='word_1_328' title='bbox 2178 1959 2829 2029; x_wconf 71' lang='lat' dir='ltr'>necessitate,claustro&#39;</span> <span class='ocrx_word' id='word_1_329' title='bbox 2849 1962 3219 2035; x_wconf 88' lang='lat' dir='ltr'>egredientes</span> <span class='ocrx_word' id='word_1_330' title='bbox 3246 1965 3489 2022; x_wconf 91' lang='lat' dir='ltr'>domum</span> <span class='ocrx_word' id='word_1_331' title='bbox 3520 1964 3608 2023; x_wconf 85' lang='lat' dir='ltr'>uti</span> 
     </span>
    </p>
   </div>
   <div class='ocr_carea' id='block_1_52' title="bbox 1959 2044 3608 2124">
    <p class='ocr_par' dir='ltr' id='par_1_52' title="bbox 1959 2044 3608 2124">
     <span class='ocr_line' id='line_1_52' title="bbox 1959 2044 3608 2124; baseline 0.004 -17"><span class='ocrx_word' id='word_1_332' title='bbox 1959 2051 2218 2107; x_wconf 84' lang='lat' dir='ltr'>diximus</span> <span class='ocrx_word' id='word_1_333' title='bbox 2247 2049 2615 2124; x_wconf 88' lang='lat' dir='ltr'>designatam</span> <span class='ocrx_word' id='word_1_334' title='bbox 2648 2049 2899 2124; x_wconf 89' lang='lat' dir='ltr'>ingressi</span> <span class='ocrx_word' id='word_1_335' title='bbox 2930 2044 3168 2122; x_wconf 85' lang='lat' dir='ltr'>fuerint,</span> <span class='ocrx_word' id='word_1_336' title='bbox 3187 2053 3343 2111; x_wconf 90' lang='lat' dir='ltr'>idem</span> <span class='ocrx_word' id='word_1_337' title='bbox 3370 2054 3452 2111; x_wconf 89' lang='lat' dir='ltr'>ibi</span> <span class='ocrx_word' id='word_1_338' title='bbox 3478 2071 3608 2114; x_wconf 89' lang='lat' dir='ltr'>mos</span> 
     </span>
    </p>
   </div>
   <div class='ocr_carea' id='block_1_53' title="bbox 1958 2138 3605 2213">
    <p class='ocr_par' dir='ltr' id='par_1_53' title="bbox 1958 2138 3605 2213">
     <span class='ocr_line' id='line_1_53' title="bbox 1958 2138 3605 2213; baseline 0.004 -17"><span class='ocrx_word' id='word_1_339' title='bbox 1958 2140 2019 2196; x_wconf 90' lang='lat' dir='ltr'>in</span> <span class='ocrx_word' id='word_1_340' title='bbox 2046 2140 2321 2197; x_wconf 90' lang='lat' dir='ltr'>omnibus</span> <span class='ocrx_word' id='word_1_341' title='bbox 2344 2139 2741 2213; x_wconf 90' lang='lat' dir='ltr'>teneatur,qui</span> <span class='ocrx_word' id='word_1_342' title='bbox 2762 2140 2821 2195; x_wconf 92' lang='lat' dir='ltr'>in</span> <span class='ocrx_word' id='word_1_343' title='bbox 2844 2138 3099 2197; x_wconf 83' lang='lat' dir='ltr'>claustro</span> <span class='ocrx_word' id='word_1_344' title='bbox 3129 2141 3299 2199; x_wconf 88' lang='lat' dir='ltr'>solito</span> <span class='ocrx_word' id='word_1_345' title='bbox 3328 2146 3561 2201; x_wconf 90' lang='lat' dir='ltr'>tenetur</span> <span class='ocrx_word' id='word_1_346' title='bbox 3589 2159 3605 2202; x_wconf 86' lang='lat'><strong>:</strong></span> 
     </span>
    </p>
   </div>
   <div class='ocr_carea' id='block_1_54' title="bbox 1962 2228 3610 2303">
    <p class='ocr_par' dir='ltr' id='par_1_54' title="bbox 1962 2228 3610 2303">
     <span class='ocr_line' id='line_1_54' title="bbox 1962 2228 3610 2303; baseline 0.004 -19"><span class='ocrx_word' id='word_1_347' title='bbox 1962 2246 2067 2285; x_wconf 91' lang='lat' dir='ltr'>nec</span> <span class='ocrx_word' id='word_1_348' title='bbox 2096 2228 2390 2302; x_wconf 88' lang='lat' dir='ltr'>quispiam</span> <span class='ocrx_word' id='word_1_349' title='bbox 2409 2228 2528 2285; x_wconf 93' lang='lat' dir='ltr'>ullo</span> <span class='ocrx_word' id='word_1_350' title='bbox 2542 2246 2803 2302; x_wconf 90' lang='lat' dir='ltr'>unquam</span> <span class='ocrx_word' id='word_1_351' title='bbox 2817 2234 3078 2303; x_wconf 89' lang='lat' dir='ltr'>tempore</span> <span class='ocrx_word' id='word_1_352' title='bbox 3104 2229 3429 2289; x_wconf 87' lang='lat' dir='ltr'>claustrum</span> <span class='ocrx_word' id='word_1_353' title='bbox 3451 2233 3610 2290; x_wconf 87' lang='lat' dir='ltr'>dese-</span> 
     </span>
    </p>
   </div>
   <div class='ocr_carea' id='block_1_55' title="bbox 1960 2318 3610 2395">
    <p class='ocr_par' dir='ltr' id='par_1_55' title="bbox 1960 2318 3610 2395">
     <span class='ocr_line' id='line_1_55' title="bbox 1960 2318 3610 2395; baseline 0.003 -21"><span class='ocrx_word' id='word_1_354' title='bbox 1960 2334 2094 2374; x_wconf 89' lang='lat' dir='ltr'>rens</span> <span class='ocrx_word' id='word_1_355' title='bbox 2125 2318 2367 2374; x_wconf 90' lang='lat' dir='ltr'>domum</span> <span class='ocrx_word' id='word_1_356' title='bbox 2384 2318 2723 2391; x_wconf 79' lang='lat' dir='ltr'>praedictam</span> <span class='ocrx_word' id='word_1_357' title='bbox 2747 2318 2819 2374; x_wconf 91' lang='lat' dir='ltr'>ad</span> <span class='ocrx_word' id='word_1_358' title='bbox 2837 2321 3320 2377; x_wconf 89' lang='lat' dir='ltr'>commorandum</span> <span class='ocrx_word' id='word_1_359' title='bbox 3333 2338 3610 2395; x_wconf 64' lang='lat' dir='ltr'>pressum-</span> 
     </span>
    </p>
   </div>
   <div class='ocr_carea' id='block_1_56' title="bbox 1960 2406 3608 2481">
    <p class='ocr_par' dir='ltr' id='par_1_56' title="bbox 1960 2406 3608 2481">
     <span class='ocr_line' id='line_1_56' title="bbox 1960 2406 3608 2481; baseline 0.005 -19"><span class='ocrx_word' id='word_1_360' title='bbox 1960 2411 2207 2480; x_wconf 89' lang='lat' dir='ltr'>ptuosus</span> <span class='ocrx_word' id='word_1_361' title='bbox 2236 2407 2427 2473; x_wconf 88' lang='lat' dir='ltr'>adeat,</span> <span class='ocrx_word' id='word_1_362' title='bbox 2443 2406 2532 2463; x_wconf 91' lang='lat' dir='ltr'>vel</span> <span class='ocrx_word' id='word_1_363' title='bbox 2563 2408 2806 2464; x_wconf 91' lang='lat' dir='ltr'>domum</span> <span class='ocrx_word' id='word_1_364' title='bbox 2839 2407 3254 2481; x_wconf 86' lang='lat' dir='ltr'>derelinquens</span> <span class='ocrx_word' id='word_1_365' title='bbox 3283 2409 3608 2470; x_wconf 86' lang='lat' dir='ltr'>claustrum</span> 
     </span>
    </p>
   </div>
   <div class='ocr_carea' id='block_1_57' title="bbox 1961 2496 3605 2572">
    <p class='ocr_par' dir='ltr' id='par_1_57' title="bbox 1961 2496 3605 2572">
     <span class='ocr_line' id='line_1_57' title="bbox 1961 2496 3605 2572; baseline 0.004 -21"><span class='ocrx_word' id='word_1_366' title='bbox 1961 2497 2087 2553; x_wconf 90' lang='lat' dir='ltr'>sine</span> <span class='ocrx_word' id='word_1_367' title='bbox 2100 2496 2313 2569; x_wconf 88' lang='lat' dir='ltr'>prioris</span> <span class='ocrx_word' id='word_1_368' title='bbox 2327 2496 2589 2566; x_wconf 89' lang='lat' dir='ltr'>licentia;</span> <span class='ocrx_word' id='word_1_369' title='bbox 2611 2497 2936 2554; x_wconf 90' lang='lat' dir='ltr'>secundum</span> <span class='ocrx_word' id='word_1_370' title='bbox 2949 2514 3083 2555; x_wconf 90' lang='lat' dir='ltr'>vero</span> <span class='ocrx_word' id='word_1_371' title='bbox 3096 2499 3309 2571; x_wconf 82' lang='lat' dir='ltr'>regqu</span> <span class='ocrx_word' id='word_1_372' title='bbox 3325 2500 3605 2572; x_wconf 89' lang='lat' dir='ltr'>edictum,</span> 
     </span>
    </p>
   </div>
   <div class='ocr_carea' id='block_1_58' title="bbox 1960 2584 3608 2661">
    <p class='ocr_par' dir='ltr' id='par_1_58' title="bbox 1960 2584 3608 2661">
     <span class='ocr_line' id='line_1_58' title="bbox 1960 2584 3608 2661; baseline 0.003 -20"><span class='ocrx_word' id='word_1_373' title='bbox 1960 2585 2281 2657; x_wconf 89' lang='lat' dir='ltr'>temperius</span> <span class='ocrx_word' id='word_1_374' title='bbox 2299 2585 2372 2642; x_wconf 89' lang='lat' dir='ltr'>ad</span> <span class='ocrx_word' id='word_1_375' title='bbox 2382 2584 2643 2658; x_wconf 86' lang='lat' dir='ltr'>vigiliam</span> <span class='ocrx_word' id='word_1_376' title='bbox 2658 2589 3011 2658; x_wconf 83' lang='lat' dir='ltr'>surgaturut</span> <span class='ocrx_word' id='word_1_377' title='bbox 3027 2588 3355 2644; x_wconf 89' lang='lat' dir='ltr'>nocturnali</span> <span class='ocrx_word' id='word_1_378' title='bbox 3374 2594 3608 2661; x_wconf 87' lang='lat' dir='ltr'>peracto</span> 
     </span>
    </p>
   </div>
   <div class='ocr_carea' id='block_1_59' title="bbox 1961 2671 3611 2748">
    <p class='ocr_par' dir='ltr' id='par_1_59' title="bbox 1961 2671 3611 2748">
     <span class='ocr_line' id='line_1_59' title="bbox 1961 2671 3611 2748; baseline 0.002 -19"><span class='ocrx_word' id='word_1_379' title='bbox 1961 2673 2173 2742; x_wconf 79' lang='lat' dir='ltr'>ofﬁcio,</span> <span class='ocrx_word' id='word_1_380' title='bbox 2206 2677 2263 2729; x_wconf 87' lang='lat' dir='ltr'>et</span> <span class='ocrx_word' id='word_1_381' title='bbox 2293 2671 2539 2746; x_wconf 87' lang='lat' dir='ltr'>psalmis</span> <span class='ocrx_word' id='word_1_382' title='bbox 2565 2673 2940 2746; x_wconf 90' lang='lat' dir='ltr'>supradictis,</span> <span class='ocrx_word' id='word_1_383' title='bbox 2965 2691 3032 2730; x_wconf 93' lang='lat' dir='ltr'>ac</span> <span class='ocrx_word' id='word_1_384' title='bbox 3060 2674 3260 2748; x_wconf 87' lang='lat' dir='ltr'>vigilia</span> <span class='ocrx_word' id='word_1_385' title='bbox 3279 2692 3383 2748; x_wconf 90' lang='lat' dir='ltr'>pro</span> <span class='ocrx_word' id='word_1_386' title='bbox 3405 2677 3611 2733; x_wconf 84' lang='lat' dir='ltr'>defun-</span> 
     </span>
    </p>
   </div>
   <div class='ocr_carea' id='block_1_60' title="bbox 1962 2760 3647 2833">
    <p class='ocr_par' dir='ltr' id='par_1_60' title="bbox 1962 2760 3647 2833">
     <span class='ocr_line' id='line_1_60' title="bbox 1962 2760 3647 2833; baseline 0.002 -16"><span class='ocrx_word' id='word_1_387' title='bbox 1962 2762 2075 2819; x_wconf 84' lang='lat' dir='ltr'>ctis</span> <span class='ocrx_word' id='word_1_388' title='bbox 2098 2778 2234 2818; x_wconf 90' lang='lat' dir='ltr'>cum</span> <span class='ocrx_word' id='word_1_389' title='bbox 2251 2760 2527 2818; x_wconf 87' lang='lat' dir='ltr'>laudibus</span> <span class='ocrx_word' id='word_1_390' title='bbox 2544 2761 2688 2829; x_wconf 90' lang='lat' dir='ltr'>suis,</span> <span class='ocrx_word' id='word_1_391' title='bbox 2705 2765 2879 2833; x_wconf 88' lang='lat' dir='ltr'>atque</span> <span class='ocrx_word' id='word_1_392' title='bbox 2904 2762 3212 2819; x_wconf 89' lang='lat' dir='ltr'>matutinis</span> <span class='ocrx_word' id='word_1_393' title='bbox 3232 2764 3305 2819; x_wconf 85' lang='lat' dir='ltr'>de</span> <span class='ocrx_word' id='word_1_394' title='bbox 3330 2766 3608 2821; x_wconf 85' lang='lat' dir='ltr'>omnibus</span> <span class='ocrx_word' id='word_1_395' title='bbox 3634 2766 3647 2773; x_wconf 68' lang='grc'><strong>“</strong></span> 
     </span>
    </p>
   </div>
   <div class='ocr_carea' id='block_1_61' title="bbox 1962 2848 3610 2922">
    <p class='ocr_par' dir='ltr' id='par_1_61' title="bbox 1962 2848 3610 2922">
     <span class='ocr_line' id='line_1_61' title="bbox 1962 2848 3610 2922; baseline 0.001 -15"><span class='ocrx_word' id='word_1_396' title='bbox 1962 2850 2180 2907; x_wconf 89' lang='lat' dir='ltr'>sanctis</span> <span class='ocrx_word' id='word_1_397' title='bbox 2210 2849 2474 2922; x_wconf 83' lang='lat' dir='ltr'>expletis,</span> <span class='ocrx_word' id='word_1_398' title='bbox 2508 2850 2792 2906; x_wconf 89' lang='lat' dir='ltr'>fratribus</span> <span class='ocrx_word' id='word_1_399' title='bbox 2821 2848 3161 2922; x_wconf 66' lang='lat' dir='ltr'>psalmodiis</span> <span class='ocrx_word' id='word_1_400' title='bbox 3191 2851 3610 2922; x_wconf 87' lang='lat' dir='ltr'>deditis,velle-</span> 
     </span>
    </p>
   </div>
   <div class='ocr_carea' id='block_1_62' title="bbox 1961 2937 3609 3015">
    <p class='ocr_par' dir='ltr' id='par_1_62' title="bbox 1961 2937 3609 3015">
     <span class='ocr_line' id='line_1_62' title="bbox 1961 2937 3609 3015; baseline 0.002 -21"><span class='ocrx_word' id='word_1_401' title='bbox 1961 2939 2138 2994; x_wconf 88' lang='lat' dir='ltr'>ctioni</span> <span class='ocrx_word' id='word_1_402' title='bbox 2169 2939 2494 2995; x_wconf 89' lang='lat' dir='ltr'>secundum</span> <span class='ocrx_word' id='word_1_403' title='bbox 2517 2937 2730 3012; x_wconf 67' lang='lat' dir='ltr'>regula:</span> <span class='ocrx_word' id='word_1_404' title='bbox 2756 2939 3196 3012; x_wconf 72' lang='lat' dir='ltr'>praeceptum,si</span> <span class='ocrx_word' id='word_1_405' title='bbox 3224 2941 3323 3014; x_wconf 86' lang='lat' dir='ltr'>qui</span> <span class='ocrx_word' id='word_1_406' title='bbox 3345 2941 3609 3015; x_wconf 88' lang='lat' dir='ltr'>indigue-</span> 
     </span>
    </p>
   </div>
   <div class='ocr_carea' id='block_1_63' title="bbox 1961 3027 3607 3103">
    <p class='ocr_par' dir='ltr' id='par_1_63' title="bbox 1961 3027 3607 3103">
     <span class='ocr_line' id='line_1_63' title="bbox 1961 3027 3607 3103; baseline 0.002 -20"><span class='ocrx_word' id='word_1_407' title='bbox 1961 3027 2080 3083; x_wconf 89' lang='lat' dir='ltr'>rint</span> <span class='ocrx_word' id='word_1_408' title='bbox 2105 3027 2577 3096; x_wconf 87' lang='lat' dir='ltr'>inservientibus,</span> <span class='ocrx_word' id='word_1_409' title='bbox 2595 3027 2969 3084; x_wconf 83' lang='lat' dir='ltr'>intervallum</span> <span class='ocrx_word' id='word_1_410' title='bbox 2992 3046 3299 3103; x_wconf 90' lang='lat' dir='ltr'>usquequo</span> <span class='ocrx_word' id='word_1_411' title='bbox 3329 3029 3607 3103; x_wconf 90' lang='lat' dir='ltr'>lucescat,</span> 
     </span>
    </p>
   </div>
   <div class='ocr_carea' id='block_1_64' title="bbox 1962 3117 3605 3193">
    <p class='ocr_par' dir='ltr' id='par_1_64' title="bbox 1962 3117 3605 3193">
     <span class='ocr_line' id='line_1_64' title="bbox 1962 3117 3605 3193; baseline 0.002 -20"><span class='ocrx_word' id='word_1_412' title='bbox 1962 3134 2096 3175; x_wconf 90' lang='lat' dir='ltr'>cum</span> <span class='ocrx_word' id='word_1_413' title='bbox 2116 3133 2330 3191; x_wconf 88' lang='lat' dir='ltr'>magna</span> <span class='ocrx_word' id='word_1_414' title='bbox 2340 3117 2643 3190; x_wconf 90' lang='lat' dir='ltr'>vigilantia</span> <span class='ocrx_word' id='word_1_415' title='bbox 2654 3117 3223 3175; x_wconf 87' lang='lat' dir='ltr'>custodiaturalucis</span> <span class='ocrx_word' id='word_1_416' title='bbox 3238 3121 3605 3193; x_wconf 90' lang='lat' dir='ltr'>crepusculo,</span> 
     </span>
    </p>
   </div>
   <div class='ocr_carea' id='block_1_65' title="bbox 198 3192 3607 3291">
    <p class='ocr_par' dir='ltr' id='par_1_65' title="bbox 198 3192 3607 3291">
     <span class='ocr_line' id='line_1_65' title="bbox 198 3192 3607 3291; baseline -0.003 -16"><span class='ocrx_word' id='word_1_417' title='bbox 198 3192 544 3276; x_wconf 65' lang='lat' dir='ltr'>mereamur</span> <span class='ocrx_word' id='word_1_418' title='bbox 573 3192 855 3291; x_wconf 83' lang='lat' dir='ltr'>accipere.</span> <span class='ocrx_word' id='word_1_419' title='bbox 890 3218 996 3274; x_wconf 88' lang='lat' dir='ltr'>Per</span> <span class='ocrx_word' id='word_1_420' title='bbox 1024 3192 1341 3276; x_wconf 80' lang='lat' dir='ltr'>Dominum</span> <span class='ocrx_word' id='word_1_421' title='bbox 1374 3192 1706 3291; x_wconf 82' lang='lat' dir='ltr'>nostrum,»</span> <span class='ocrx_word' id='word_1_422' title='bbox 1738 3224 1849 3278; x_wconf 66' lang='lat' dir='ltr'>etc,</span> <span class='ocrx_word' id='word_1_423' title='bbox 1881 3192 2106 3265; x_wconf 28' lang='lat' dir='ltr'>Citium</span> <span class='ocrx_word' id='word_1_424' title='bbox 2137 3207 2388 3263; x_wconf 66' lang='lat' dir='ltr'>aedituus</span> <span class='ocrx_word' id='word_1_425' title='bbox 2419 3207 2658 3280; x_wconf 87' lang='lat' dir='ltr'>signum</span> <span class='ocrx_word' id='word_1_426' title='bbox 2690 3206 3007 3279; x_wconf 83' lang='lat' dir='ltr'>pulsaverit</span> <span class='ocrx_word' id='word_1_427' title='bbox 3032 3208 3107 3263; x_wconf 90' lang='lat' dir='ltr'>ad</span> <span class='ocrx_word' id='word_1_428' title='bbox 3137 3207 3445 3265; x_wconf 86' lang='lat' dir='ltr'>ecclesiam</span> <span class='ocrx_word' id='word_1_429' title='bbox 3476 3212 3607 3265; x_wconf 89' lang='lat' dir='ltr'>uni-</span> 
     </span>
    </p>
   </div>
   <div class='ocr_carea' id='block_1_66' title="bbox 269 3306 1859 3383">
    <p class='ocr_par' dir='ltr' id='par_1_66' title="bbox 269 3306 1859 3383">
     <span class='ocr_line' id='line_1_66' title="bbox 269 3306 1859 3383; baseline 0.004 -24"><span class='ocrx_word' id='word_1_430' title='bbox 269 3330 299 3359; x_wconf 72' lang='grc' dir='ltr'><strong>σε</strong></span> <span class='ocrx_word' id='word_1_431' title='bbox 330 3308 728 3381; x_wconf 86' lang='lat' dir='ltr'>Omnipotens</span> <span class='ocrx_word' id='word_1_432' title='bbox 758 3306 1072 3364; x_wconf 87' lang='lat' dir='ltr'>mitissime</span> <span class='ocrx_word' id='word_1_433' title='bbox 1103 3309 1516 3381; x_wconf 88' lang='lat' dir='ltr'>Deus,respice</span> <span class='ocrx_word' id='word_1_434' title='bbox 1542 3311 1859 3383; x_wconf 75' lang='lat' dir='ltr'>propitius,</span> 
     </span>
    </p>
   </div>
   <div class='ocr_carea' id='block_1_67' title="bbox 199 3397 1858 3471">
    <p class='ocr_par' dir='ltr' id='par_1_67' title="bbox 199 3397 1858 3471">
     <span class='ocr_line' id='line_1_67' title="bbox 199 3397 1858 3471; baseline 0.002 -18"><span class='ocrx_word' id='word_1_435' title='bbox 199 3398 269 3455; x_wconf 87' lang='lat' dir='ltr'>ad</span> <span class='ocrx_word' id='word_1_436' title='bbox 299 3414 515 3471; x_wconf 85' lang='lat' dir='ltr'>preces</span> <span class='ocrx_word' id='word_1_437' title='bbox 547 3401 799 3465; x_wconf 85' lang='lat' dir='ltr'>nostras,</span> <span class='ocrx_word' id='word_1_438' title='bbox 832 3400 890 3453; x_wconf 90' lang='lat' dir='ltr'>et</span> <span class='ocrx_word' id='word_1_439' title='bbox 916 3397 1101 3453; x_wconf 89' lang='lat' dir='ltr'>libera</span> <span class='ocrx_word' id='word_1_440' title='bbox 1129 3414 1229 3453; x_wconf 92' lang='lat' dir='ltr'>cor</span> <span class='ocrx_word' id='word_1_441' title='bbox 1255 3403 1544 3469; x_wconf 86' lang='lat' dir='ltr'>nostrum,</span> <span class='ocrx_word' id='word_1_442' title='bbox 1578 3400 1648 3456; x_wconf 90' lang='lat' dir='ltr'>de</span> <span class='ocrx_word' id='word_1_443' title='bbox 1682 3400 1858 3457; x_wconf 88' lang='lat' dir='ltr'>mala-</span> 
     </span>
    </p>
   </div>
   <div class='ocr_carea' id='block_1_68' title="bbox 200 3485 1854 3561">
    <p class='ocr_par' dir='ltr' id='par_1_68' title="bbox 200 3485 1854 3561">
     <span class='ocr_line' id='line_1_68' title="bbox 200 3485 1854 3561; baseline 0.002 -16"><span class='ocrx_word' id='word_1_444' title='bbox 200 3505 330 3545; x_wconf 85' lang='lat' dir='ltr'>rum</span> <span class='ocrx_word' id='word_1_445' title='bbox 385 3486 714 3543; x_wconf 86' lang='lat' dir='ltr'>tentatione</span> <span class='ocrx_word' id='word_1_446' title='bbox 756 3485 1197 3560; x_wconf 88' lang='lat' dir='ltr'>cogitationum,</span> <span class='ocrx_word' id='word_1_447' title='bbox 1249 3491 1315 3543; x_wconf 91' lang='lat' dir='ltr'>ut</span> <span class='ocrx_word' id='word_1_448' title='bbox 1362 3488 1615 3561; x_wconf 76' lang='lat' dir='ltr'>Spiritus</span> <span class='ocrx_word' id='word_1_449' title='bbox 1665 3492 1854 3549; x_wconf 90' lang='lat' dir='ltr'>sancti</span> 
     </span>
    </p>
   </div>
   <div class='ocr_carea' id='block_1_69' title="bbox 197 3572 1857 3652">
    <p class='ocr_par' dir='ltr' id='par_1_69' title="bbox 197 3572 1857 3652">
     <span class='ocr_line' id='line_1_69' title="bbox 197 3572 1857 3652; baseline 0.001 -18"><span class='ocrx_word' id='word_1_450' title='bbox 197 3577 456 3652; x_wconf 84' lang='lat' dir='ltr'>dignum</span> <span class='ocrx_word' id='word_1_451' title='bbox 483 3574 610 3632; x_wconf 87' lang='lat' dir='ltr'>ﬁeri</span> <span class='ocrx_word' id='word_1_452' title='bbox 638 3572 1042 3632; x_wconf 87' lang='lat' dir='ltr'>habitaculum</span> <span class='ocrx_word' id='word_1_453' title='bbox 1086 3592 1419 3633; x_wconf 89' lang='lat' dir='ltr'>mereamur</span> <span class='ocrx_word' id='word_1_454' title='bbox 1449 3579 1715 3650; x_wconf 89' lang='lat' dir='ltr'>inveniri,</span> <span class='ocrx_word' id='word_1_455' title='bbox 1750 3581 1857 3637; x_wconf 78' lang='lat' dir='ltr'>Per</span> 
     </span>
    </p>
   </div>
   <div class='ocr_carea' id='block_1_70' title="bbox 193 3665 1046 3733">
    <p class='ocr_par' dir='ltr' id='par_1_70' title="bbox 193 3665 1046 3733">
     <span class='ocr_line' id='line_1_70' title="bbox 193 3665 1046 3733; baseline -0.001 -10"><span class='ocrx_word' id='word_1_456' title='bbox 193 3665 525 3723; x_wconf 87' lang='lat' dir='ltr'>Dominum</span> <span class='ocrx_word' id='word_1_457' title='bbox 554 3667 844 3733; x_wconf 89' lang='lat' dir='ltr'>nostrum,</span> <span class='ocrx_word' id='word_1_458' title='bbox 876 3685 907 3715; x_wconf 84' lang='lat'><strong>»</strong></span> <span class='ocrx_word' id='word_1_459' title='bbox 939 3668 1046 3722; x_wconf 85' lang='lat' dir='ltr'>etc.</span> 
     </span>
    </p>
   </div>
   <div class='ocr_carea' id='block_1_71' title="bbox 259 3752 1855 3829">
    <p class='ocr_par' dir='ltr' id='par_1_71' title="bbox 259 3752 1855 3829">
     <span class='ocr_line' id='line_1_71' title="bbox 259 3752 1855 3829; baseline 0.003 -17"><span class='ocrx_word' id='word_1_460' title='bbox 259 3756 503 3824; x_wconf 78' lang='lat' dir='ltr'>Quibus</span> <span class='ocrx_word' id='word_1_461' title='bbox 530 3752 804 3827; x_wconf 81' lang='lat' dir='ltr'>peractis,</span> <span class='ocrx_word' id='word_1_462' title='bbox 835 3754 1361 3829; x_wconf 67' lang='lat' dir='ltr'>conSpergautur:a</span> <span class='ocrx_word' id='word_1_463' title='bbox 1389 3758 1687 3815; x_wconf 90' lang='lat' dir='ltr'>sacerdote</span> <span class='ocrx_word' id='word_1_464' title='bbox 1718 3759 1855 3816; x_wconf 91' lang='lat' dir='ltr'>heb-</span> 
     </span>
    </p>
   </div>
   <div class='ocr_carea' id='block_1_72' title="bbox 196 3840 1853 3920">
    <p class='ocr_par' dir='ltr' id='par_1_72' title="bbox 196 3840 1853 3920">
     <span class='ocr_line' id='line_1_72' title="bbox 196 3840 1853 3920; baseline 0.004 -20"><span class='ocrx_word' id='word_1_465' title='bbox 196 3843 572 3913; x_wconf 87' lang='lat' dir='ltr'>domadario,</span> <span class='ocrx_word' id='word_1_466' title='bbox 602 3840 908 3901; x_wconf 85' lang='lat' dir='ltr'>benedicta</span> <span class='ocrx_word' id='word_1_467' title='bbox 936 3860 1107 3917; x_wconf 91' lang='lat' dir='ltr'>aqua,</span> <span class='ocrx_word' id='word_1_468' title='bbox 1140 3849 1199 3900; x_wconf 89' lang='lat' dir='ltr'>et</span> <span class='ocrx_word' id='word_1_469' title='bbox 1228 3844 1311 3901; x_wconf 88' lang='lat' dir='ltr'>sic</span> <span class='ocrx_word' id='word_1_470' title='bbox 1349 3851 1596 3920; x_wconf 89' lang='lat' dir='ltr'>pergant</span> <span class='ocrx_word' id='word_1_471' title='bbox 1643 3849 1715 3905; x_wconf 90' lang='lat' dir='ltr'>ad</span> <span class='ocrx_word' id='word_1_472' title='bbox 1770 3866 1853 3907; x_wconf 89' lang='lat' dir='ltr'>re-</span> 
     </span>
    </p>
   </div>
   <div class='ocr_carea' id='block_1_73' title="bbox 194 3934 1853 4007">
    <p class='ocr_par' dir='ltr' id='par_1_73' title="bbox 194 3934 1853 4007">
     <span class='ocr_line' id='line_1_73' title="bbox 194 3934 1853 4007; baseline 0.004 -16"><span class='ocrx_word' id='word_1_473' title='bbox 194 3934 399 4006; x_wconf 84' lang='lat' dir='ltr'>quiem</span> <span class='ocrx_word' id='word_1_474' title='bbox 452 3948 645 4001; x_wconf 88' lang='lat' dir='ltr'>suam,</span> <span class='ocrx_word' id='word_1_475' title='bbox 679 3947 815 3988; x_wconf 91' lang='lat' dir='ltr'>cum</span> <span class='ocrx_word' id='word_1_476' title='bbox 856 3949 1101 3989; x_wconf 67' lang='lat' dir='ltr'>summie</span> <span class='ocrx_word' id='word_1_477' title='bbox 1130 3934 1580 4007; x_wconf 89' lang='lat' dir='ltr'>tranquillitatis</span> <span class='ocrx_word' id='word_1_478' title='bbox 1605 3953 1763 4007; x_wconf 90' lang='lat' dir='ltr'>voce,</span> <span class='ocrx_word' id='word_1_479' title='bbox 1794 3944 1853 3997; x_wconf 90' lang='lat' dir='ltr'>et</span> 
     </span>
    </p>
   </div>
   <div class='ocr_carea' id='block_1_74' title="bbox 192 4020 1851 4096">
    <p class='ocr_par' dir='ltr' id='par_1_74' title="bbox 192 4020 1851 4096">
     <span class='ocr_line' id='line_1_74' title="bbox 192 4020 1851 4096; baseline 0.004 -17"><span class='ocrx_word' id='word_1_480' title='bbox 192 4022 565 4092; x_wconf 72' lang='lat' dir='ltr'>reverentia;</span> <span class='ocrx_word' id='word_1_481' title='bbox 597 4020 649 4078; x_wconf 90' lang='lat' dir='ltr'>si</span> <span class='ocrx_word' id='word_1_482' title='bbox 681 4020 813 4094; x_wconf 88' lang='lat' dir='ltr'>quis</span> <span class='ocrx_word' id='word_1_483' title='bbox 842 4037 996 4091; x_wconf 89' lang='lat' dir='ltr'>vero,</span> <span class='ocrx_word' id='word_1_484' title='bbox 1030 4025 1165 4096; x_wconf 90' lang='lat' dir='ltr'>post</span> <span class='ocrx_word' id='word_1_485' title='bbox 1204 4022 1346 4094; x_wconf 71' lang='lat' dir='ltr'>haec,</span> <span class='ocrx_word' id='word_1_486' title='bbox 1380 4025 1702 4083; x_wconf 88' lang='lat' dir='ltr'>devotionis</span> <span class='ocrx_word' id='word_1_487' title='bbox 1732 4046 1851 4086; x_wconf 67' lang='lat' dir='ltr'>sua:</span> 
     </span>
    </p>
   </div>
   <div class='ocr_carea' id='block_1_75' title="bbox 194 4109 1853 4191">
    <p class='ocr_par' dir='ltr' id='par_1_75' title="bbox 194 4109 1853 4191">
     <span class='ocr_line' id='line_1_75' title="bbox 194 4109 1853 4191; baseline 0.007 -27"><span class='ocrx_word' id='word_1_488' title='bbox 194 4111 338 4169; x_wconf 80' lang='lat' dir='ltr'>forte</span> <span class='ocrx_word' id='word_1_489' title='bbox 370 4112 622 4179; x_wconf 81' lang='lat' dir='ltr'>fervore,</span> <span class='ocrx_word' id='word_1_490' title='bbox 655 4109 751 4167; x_wconf 88' lang='lat' dir='ltr'>his</span> <span class='ocrx_word' id='word_1_491' title='bbox 778 4110 1003 4167; x_wconf 89' lang='lat' dir='ltr'>diutius</span> <span class='ocrx_word' id='word_1_492' title='bbox 1032 4109 1372 4171; x_wconf 89' lang='lat' dir='ltr'>incumbere</span> <span class='ocrx_word' id='word_1_493' title='bbox 1415 4114 1683 4186; x_wconf 88' lang='lat' dir='ltr'>voluerit,</span> <span class='ocrx_word' id='word_1_494' title='bbox 1718 4123 1853 4191; x_wconf 88' lang='lat' dir='ltr'>agat</span> 
     </span>
    </p>
   </div>
   <div class='ocr_carea' id='block_1_76' title="bbox 190 4200 1850 4277">
    <p class='ocr_par' dir='ltr' id='par_1_76' title="bbox 190 4200 1850 4277">
     <span class='ocr_line' id='line_1_76' title="bbox 190 4200 1850 4277; baseline 0.005 -20"><span class='ocrx_word' id='word_1_495' title='bbox 190 4202 445 4273; x_wconf 86' lang='lat' dir='ltr'>quidem</span> <span class='ocrx_word' id='word_1_496' title='bbox 474 4200 618 4269; x_wconf 66' lang='lat' dir='ltr'>haec,</span> <span class='ocrx_word' id='word_1_497' title='bbox 652 4200 755 4257; x_wconf 89' lang='lat' dir='ltr'>sed</span> <span class='ocrx_word' id='word_1_498' title='bbox 787 4200 989 4257; x_wconf 90' lang='lat' dir='ltr'>audito</span> <span class='ocrx_word' id='word_1_499' title='bbox 1020 4202 1188 4274; x_wconf 89' lang='lat' dir='ltr'>signo</span> <span class='ocrx_word' id='word_1_500' title='bbox 1234 4202 1451 4272; x_wconf 71' lang='lat' dir='ltr'>teditui,</span> <span class='ocrx_word' id='word_1_501' title='bbox 1483 4221 1599 4277; x_wconf 89' lang='lat' dir='ltr'>quo</span> <span class='ocrx_word' id='word_1_502' title='bbox 1630 4207 1850 4265; x_wconf 89' lang='lat' dir='ltr'>resides</span> 
     </span>
    </p>
   </div>
   <div class='ocr_carea' id='block_1_77' title="bbox 192 4289 1850 4365">
    <p class='ocr_par' dir='ltr' id='par_1_77' title="bbox 192 4289 1850 4365">
     <span class='ocr_line' id='line_1_77' title="bbox 192 4289 1850 4365; baseline 0.005 -19"><span class='ocrx_word' id='word_1_503' title='bbox 192 4291 261 4346; x_wconf 84' lang='lat' dir='ltr'>ad</span> <span class='ocrx_word' id='word_1_504' title='bbox 294 4290 730 4365; x_wconf 81' lang='lat' dir='ltr'>egrediendum</span> <span class='ocrx_word' id='word_1_505' title='bbox 777 4294 967 4360; x_wconf 90' lang='lat' dir='ltr'>vocat,</span> <span class='ocrx_word' id='word_1_506' title='bbox 1000 4290 1082 4346; x_wconf 92' lang='lat' dir='ltr'>nil</span> <span class='ocrx_word' id='word_1_507' title='bbox 1135 4289 1415 4350; x_wconf 80' lang='lat' dir='ltr'>moretur.</span> <span class='ocrx_word' id='word_1_508' title='bbox 1448 4293 1619 4350; x_wconf 91' lang='lat' dir='ltr'>Omni</span> <span class='ocrx_word' id='word_1_509' title='bbox 1670 4297 1850 4354; x_wconf 89' lang='lat' dir='ltr'>etiam</span> 
     </span>
    </p>
   </div>
   <div class='ocr_carea' id='block_1_78' title="bbox 189 4379 1852 4454">
    <p class='ocr_par' dir='ltr' id='par_1_78' title="bbox 189 4379 1852 4454">
     <span class='ocr_line' id='line_1_78' title="bbox 189 4379 1852 4454; baseline 0.006 -20"><span class='ocrx_word' id='word_1_510' title='bbox 189 4384 387 4448; x_wconf 79' lang='lat' dir='ltr'>nocte,</span> <span class='ocrx_word' id='word_1_511' title='bbox 441 4384 575 4452; x_wconf 87' lang='lat' dir='ltr'>post</span> <span class='ocrx_word' id='word_1_512' title='bbox 620 4379 1089 4454; x_wconf 90' lang='lat' dir='ltr'>completorium,</span> <span class='ocrx_word' id='word_1_513' title='bbox 1118 4386 1467 4454; x_wconf 86' lang='lat' dir='ltr'>aspergatur</span> <span class='ocrx_word' id='word_1_514' title='bbox 1511 4384 1721 4442; x_wconf 90' lang='lat' dir='ltr'>domus</span> <span class='ocrx_word' id='word_1_515' title='bbox 1769 4404 1852 4443; x_wconf 86' lang='lat' dir='ltr'>re-</span> 
     </span>
    </p>
   </div>
   <div class='ocr_carea' id='block_1_79' title="bbox 188 4468 1852 4546">
    <p class='ocr_par' dir='ltr' id='par_1_79' title="bbox 188 4468 1852 4546">
     <span class='ocr_line' id='line_1_79' title="bbox 188 4468 1852 4546; baseline 0.005 -22"><span class='ocrx_word' id='word_1_516' title='bbox 188 4468 522 4541; x_wconf 85' lang='lat' dir='ltr'>quietionis</span> <span class='ocrx_word' id='word_1_517' title='bbox 552 4483 754 4525; x_wconf 87' lang='lat' dir='ltr'>eorum</span> <span class='ocrx_word' id='word_1_518' title='bbox 800 4469 1279 4526; x_wconf 85' lang='lat' dir='ltr'>recumbentibus</span> <span class='ocrx_word' id='word_1_519' title='bbox 1319 4471 1422 4538; x_wconf 90' lang='lat' dir='ltr'>eis,</span> <span class='ocrx_word' id='word_1_520' title='bbox 1456 4478 1694 4546; x_wconf 85' lang='lat' dir='ltr'>propter</span> <span class='ocrx_word' id='word_1_521' title='bbox 1723 4474 1852 4532; x_wconf 82' lang='lat' dir='ltr'>illu-</span> 
     </span>
    </p>
   </div>
   <div class='ocr_carea' id='block_1_80' title="bbox 186 4556 771 4615">
    <p class='ocr_par' dir='ltr' id='par_1_80' title="bbox 186 4556 771 4615">
     <span class='ocr_line' id='line_1_80' title="bbox 186 4556 771 4615; baseline -0.002 -2"><span class='ocrx_word' id='word_1_522' title='bbox 186 4558 397 4615; x_wconf 86' lang='lat' dir='ltr'>siones</span> <span class='ocrx_word' id='word_1_523' title='bbox 429 4556 771 4615; x_wconf 78' lang='lat' dir='ltr'>diabolicae.</span> 
     </span>
    </p>
   </div>
   <div class='ocr_carea' id='block_1_81' title="bbox 186 4664 1854 4738">
    <p class='ocr_par' dir='ltr' id='par_1_81' title="bbox 186 4664 1854 4738">
     <span class='ocr_line' id='line_1_81' title="bbox 186 4664 1854 4738; baseline 0.004 -17"><span class='ocrx_word' id='word_1_524' title='bbox 186 4667 460 4737; x_wconf 76' lang='lat' dir='ltr'>Qualiter</span> <span class='ocrx_word' id='word_1_525' title='bbox 478 4664 615 4722; x_wconf 42' lang='lat' dir='ltr'>“ordo</span> <span class='ocrx_word' id='word_1_526' title='bbox 644 4665 974 4738; x_wconf 83' lang='lat' dir='ltr'>hymnorum</span> <span class='ocrx_word' id='word_1_527' title='bbox 999 4673 1235 4738; x_wconf 86' lang='lat' dir='ltr'>tempore</span> <span class='ocrx_word' id='word_1_528' title='bbox 1262 4666 1492 4725; x_wconf 83' lang='lat' dir='ltr'>hiemali</span> <span class='ocrx_word' id='word_1_529' title='bbox 1520 4671 1854 4728; x_wconf 80' lang='lat' dir='ltr'>custodiatur</span> 
     </span>
    </p>
   </div>
   <div class='ocr_carea' id='block_1_82' title="bbox 249 4738 1853 4865">
    <p class='ocr_par' dir='ltr' id='par_1_82' title="bbox 249 4738 1853 4865">
     <span class='ocr_line' id='line_1_82' title="bbox 249 4738 1853 4865; baseline 0.004 -72"><span class='ocrx_word' id='word_1_530' title='bbox 249 4747 307 4794; x_wconf 89' lang='lat' dir='ltr'>et</span> <span class='ocrx_word' id='word_1_531' title='bbox 370 4744 605 4865; x_wconf 51' lang='lat' dir='ltr'>a&#39;teterea</span> <span class='ocrx_word' id='word_1_532' title='bbox 660 4753 783 4810; x_wconf 71' lang='lat' dir='ltr'>quae</span> <span class='ocrx_word' id='word_1_533' title='bbox 832 4738 1160 4809; x_wconf 84' lang='lat' dir='ltr'>regulariter</span> <span class='ocrx_word' id='word_1_534' title='bbox 1203 4740 1411 4811; x_wconf 82' lang='lat' dir='ltr'>agenda</span> <span class='ocrx_word' id='word_1_535' title='bbox 1459 4750 1589 4797; x_wconf 87' lang='lat' dir='ltr'>sunt</span> <span class='ocrx_word' id='word_1_536' title='bbox 1616 4745 1853 4815; x_wconf 82' lang='lat' dir='ltr'>qualiter</span> 
     </span>
     <span class='ocr_line' id='line_1_83' title="bbox 251 4825 526 4865; baseline -0.011 0"><span class='ocrx_word' id='word_1_537' title='bbox 251 4826 409 4865; x_wconf 78' lang='lat' dir='ltr'>anan</span> <span class='ocrx_word' id='word_1_538' title='bbox 438 4825 526 4864; x_wconf 88' lang='lat' dir='ltr'>ur.</span> 
     </span>
    </p>
   </div>
   <div class='ocr_carea' id='block_1_83' title="bbox 251 4825 526 4881">
    <p class='ocr_par' dir='ltr' id='par_1_83' title="bbox 251 4825 526 4881">
     <span class='ocr_line' id='line_1_84' title="bbox 251 4825 526 4881; baseline -0.007 -17"><span class='ocrx_word' id='word_1_539' title='bbox 251 4825 526 4881; x_wconf 80' lang='lat' dir='ltr'>agantur.</span> 
     </span>
    </p>
   </div>
   <div class='ocr_carea' id='block_1_84' title="bbox 250 4905 1849 4987">
    <p class='ocr_par' dir='ltr' id='par_1_84' title="bbox 250 4905 1849 4987">
     <span class='ocr_line' id='line_1_85' title="bbox 250 4905 1849 4987; baseline 0.004 -23"><span class='ocrx_word' id='word_1_540' title='bbox 250 4909 300 4964; x_wconf 78' lang='grc' dir='ltr'>Α</span> <span class='ocrx_word' id='word_1_541' title='bbox 332 4905 627 4963; x_wconf 80' lang='lat' dir='ltr'>Kalendis</span> <span class='ocrx_word' id='word_1_542' title='bbox 652 4907 1016 4976; x_wconf 82' lang='lat' dir='ltr'>Novembris,</span> <span class='ocrx_word' id='word_1_543' title='bbox 1040 4925 1225 4980; x_wconf 89' lang='lat' dir='ltr'>usque</span> <span class='ocrx_word' id='word_1_544' title='bbox 1246 4909 1304 4965; x_wconf 90' lang='lat' dir='ltr'>in</span> <span class='ocrx_word' id='word_1_545' title='bbox 1323 4916 1500 4984; x_wconf 90' lang='lat' dir='ltr'>caput</span> <span class='ocrx_word' id='word_1_546' title='bbox 1522 4914 1849 4987; x_wconf 84' lang='lat' dir='ltr'>Quadrage—</span> 
     </span>
    </p>
   </div>
   <div class='ocr_carea' id='block_1_85' title="bbox 186 4996 1850 5070">
    <p class='ocr_par' dir='ltr' id='par_1_85' title="bbox 186 4996 1850 5070">
     <span class='ocr_line' id='line_1_86' title="bbox 186 4996 1850 5070; baseline 0.005 -19"><span class='ocrx_word' id='word_1_547' title='bbox 186 4996 551 5065; x_wconf 64' lang='lat' dir='ltr'>simas,unus</span> <span class='ocrx_word' id='word_1_548' title='bbox 580 5001 847 5053; x_wconf 88' lang='lat' dir='ltr'>teneatur</span> <span class='ocrx_word' id='word_1_549' title='bbox 876 4997 1016 5052; x_wconf 92' lang='lat' dir='ltr'>ordo</span> <span class='ocrx_word' id='word_1_550' title='bbox 1047 4996 1765 5070; x_wconf 78' lang='lat' dir='ltr'>hymnorum,scilicet,uti</span> <span class='ocrx_word' id='word_1_551' title='bbox 1791 5003 1850 5060; x_wconf 90' lang='lat' dir='ltr'>in</span> 
     </span>
    </p>
   </div>
   <div class='ocr_carea' id='block_1_86' title="bbox 182 5084 1850 5161">
    <p class='ocr_par' dir='ltr' id='par_1_86' title="bbox 182 5084 1850 5161">
     <span class='ocr_line' id='line_1_87' title="bbox 182 5084 1850 5161; baseline 0.005 -22"><span class='ocrx_word' id='word_1_552' title='bbox 182 5084 410 5142; x_wconf 84' lang='lat' dir='ltr'>diebus</span> <span class='ocrx_word' id='word_1_553' title='bbox 440 5084 805 5142; x_wconf 88' lang='lat' dir='ltr'>brevioribus</span> <span class='ocrx_word' id='word_1_554' title='bbox 834 5086 1127 5143; x_wconf 89' lang='lat' dir='ltr'>breviores</span> <span class='ocrx_word' id='word_1_555' title='bbox 1157 5086 1430 5143; x_wconf 90' lang='lat' dir='ltr'>dicantur</span> <span class='ocrx_word' id='word_1_556' title='bbox 1458 5088 1758 5161; x_wconf 81' lang='lat' dir='ltr'>hymni,et</span> <span class='ocrx_word' id='word_1_557' title='bbox 1789 5093 1850 5148; x_wconf 91' lang='lat' dir='ltr'>in</span> 
     </span>
    </p>
   </div>
   <div class='ocr_carea' id='block_1_87' title="bbox 180 5172 1847 5249">
    <p class='ocr_par' dir='ltr' id='par_1_87' title="bbox 180 5172 1847 5249">
     <span class='ocr_line' id='line_1_88' title="bbox 180 5172 1847 5249; baseline 0.006 -21"><span class='ocrx_word' id='word_1_558' title='bbox 180 5172 568 5248; x_wconf 84' lang='lat' dir='ltr'>longioribus</span> <span class='ocrx_word' id='word_1_559' title='bbox 594 5175 996 5247; x_wconf 78' lang='lat' dir='ltr'>productior-es</span> <span class='ocrx_word' id='word_1_560' title='bbox 1028 5176 1206 5233; x_wconf 88' lang='lat' dir='ltr'>etiam</span> <span class='ocrx_word' id='word_1_561' title='bbox 1237 5176 1439 5249; x_wconf 81' lang='lat' dir='ltr'>hymni</span> <span class='ocrx_word' id='word_1_562' title='bbox 1472 5177 1803 5249; x_wconf 86' lang='lat' dir='ltr'>psallantur</span> <span class='ocrx_word' id='word_1_563' title='bbox 1833 5198 1847 5238; x_wconf 90' lang='lat'><strong>:</strong></span> 
     </span>
    </p>
   </div>
   <div class='ocr_carea' id='block_1_88' title="bbox 185 5262 1851 5338">
    <p class='ocr_par' dir='ltr' id='par_1_88' title="bbox 185 5262 1851 5338">
     <span class='ocr_line' id='line_1_89' title="bbox 185 5262 1851 5338; baseline 0.005 -21"><span class='ocrx_word' id='word_1_564' title='bbox 185 5262 242 5319; x_wconf 87' lang='lat' dir='ltr'>id</span> <span class='ocrx_word' id='word_1_565' title='bbox 271 5268 377 5321; x_wconf 86' lang='lat' dir='ltr'>est</span> <span class='ocrx_word' id='word_1_566' title='bbox 407 5269 497 5332; x_wconf 89' lang='lat' dir='ltr'>ut,</span> <span class='ocrx_word' id='word_1_567' title='bbox 531 5264 837 5321; x_wconf 89' lang='lat' dir='ltr'>Dominica</span> <span class='ocrx_word' id='word_1_568' title='bbox 863 5264 1137 5338; x_wconf 88' lang='lat' dir='ltr'>Vespera,</span> <span class='ocrx_word' id='word_1_569' title='bbox 1172 5265 1212 5321; x_wconf 93' lang='lat'><em>0</em></span> <span class='ocrx_word' id='word_1_570' title='bbox 1244 5266 1344 5321; x_wconf 75' lang='lat' dir='ltr'>lux</span> <span class='ocrx_word' id='word_1_571' title='bbox 1373 5266 1561 5335; x_wconf 85' lang='lat' dir='ltr'>beata;</span> <span class='ocrx_word' id='word_1_572' title='bbox 1581 5268 1654 5324; x_wconf 90' lang='lat' dir='ltr'>ad</span> <span class='ocrx_word' id='word_1_573' title='bbox 1686 5268 1851 5325; x_wconf 91' lang='lat' dir='ltr'>Com-</span> 
     </span>
    </p>
   </div>
   <div class='ocr_carea' id='block_1_89' title="bbox 185 5352 1849 5429">
    <p class='ocr_par' dir='ltr' id='par_1_89' title="bbox 185 5352 1849 5429">
     <span class='ocr_line' id='line_1_90' title="bbox 185 5352 1849 5429; baseline 0.004 -21"><span class='ocrx_word' id='word_1_574' title='bbox 185 5352 539 5424; x_wconf 79' lang='lat' dir='ltr'>pletorium,</span> <span class='ocrx_word' id='word_1_575' title='bbox 572 5352 782 5410; x_wconf 70' lang='lat' dir='ltr'>Christe</span> <span class='ocrx_word' id='word_1_576' title='bbox 828 5356 925 5427; x_wconf 84' lang='lat' dir='ltr'>qui</span> <span class='ocrx_word' id='word_1_577' title='bbox 972 5355 1073 5410; x_wconf 75' lang='lat' dir='ltr'>tua:</span> <span class='ocrx_word' id='word_1_578' title='bbox 1116 5371 1210 5423; x_wconf 86' lang='lat' dir='ltr'>es;</span> <span class='ocrx_word' id='word_1_579' title='bbox 1241 5355 1313 5411; x_wconf 89' lang='lat' dir='ltr'>ad</span> <span class='ocrx_word' id='word_1_580' title='bbox 1348 5360 1665 5414; x_wconf 89' lang='lat' dir='ltr'>nocturnas</span> <span class='ocrx_word' id='word_1_581' title='bbox 1692 5375 1849 5429; x_wconf 89' lang='lat' dir='ltr'>vero,</span> 
     </span>
    </p>
   </div>
   <div class='ocr_carea' id='block_1_90' title="bbox 182 5440 1855 5511">
    <p class='ocr_par' dir='ltr' id='par_1_90' title="bbox 182 5440 1855 5511">
     <span class='ocr_line' id='line_1_91' title="bbox 182 5440 1855 5511; baseline 0.005 -15"><span class='ocrx_word' id='word_1_582' title='bbox 182 5441 391 5500; x_wconf 77' lang='lat' dir='ltr'>Primo</span> <span class='ocrx_word' id='word_1_583' title='bbox 433 5440 690 5511; x_wconf 80' lang='lat' dir='ltr'>dierum;</span> <span class='ocrx_word' id='word_1_584' title='bbox 734 5446 794 5499; x_wconf 89' lang='lat' dir='ltr'>et</span> <span class='ocrx_word' id='word_1_585' title='bbox 840 5442 913 5499; x_wconf 87' lang='lat' dir='ltr'>ad</span> <span class='ocrx_word' id='word_1_586' title='bbox 957 5444 1281 5500; x_wconf 88' lang='lat' dir='ltr'>matutinas</span> <span class='ocrx_word' id='word_1_587' title='bbox 1329 5443 1602 5501; x_wconf 83' lang='lat' dir='ltr'>dicatur:</span> <span class='ocrx_word' id='word_1_588' title='bbox 1637 5448 1855 5505; x_wconf 48' lang='lat' dir='ltr'>literne</span> 
     </span>
    </p>
   </div>
   <div class='ocr_carea' id='block_1_91' title="bbox 180 5531 1851 5608">
    <p class='ocr_par' dir='ltr' id='par_1_91' title="bbox 180 5531 1851 5608">
     <span class='ocr_line' id='line_1_92' title="bbox 180 5531 1851 5608; baseline 0.005 -22"><span class='ocrx_word' id='word_1_589' title='bbox 180 5548 391 5587; x_wconf 70' lang='lat' dir='ltr'>rerum</span> <span class='ocrx_word' id='word_1_590' title='bbox 416 5531 680 5589; x_wconf 81' lang='lat' dir='ltr'>conditor.</span> <span class='ocrx_word' id='word_1_591' title='bbox 714 5532 891 5589; x_wconf 84' lang='lat' dir='ltr'>Omni</span> <span class='ocrx_word' id='word_1_592' title='bbox 917 5548 1052 5589; x_wconf 89' lang='lat' dir='ltr'>vero</span> <span class='ocrx_word' id='word_1_593' title='bbox 1084 5537 1345 5606; x_wconf 89' lang='lat' dir='ltr'>tempore</span> <span class='ocrx_word' id='word_1_594' title='bbox 1376 5535 1449 5590; x_wconf 89' lang='lat' dir='ltr'>ad</span> <span class='ocrx_word' id='word_1_595' title='bbox 1477 5541 1851 5608; x_wconf 88' lang='lat' dir='ltr'>nocturnam,</span> 
     </span>
    </p>
   </div>
   <div class='ocr_carea' id='block_1_92' title="bbox 182 5619 1856 5701">
    <p class='ocr_par' dir='ltr' id='par_1_92' title="bbox 182 5619 1856 5701">
     <span class='ocr_line' id='line_1_93' title="bbox 182 5619 1856 5701; baseline 0.004 -20"><span class='ocrx_word' id='word_1_596' title='bbox 182 5621 262 5681; x_wconf 74' lang='lat' dir='ltr'>ad</span> <span class='ocrx_word' id='word_1_597' title='bbox 294 5619 685 5694; x_wconf 83' lang='lat' dir='ltr'>matutinam,</span> <span class='ocrx_word' id='word_1_598' title='bbox 716 5622 790 5681; x_wconf 89' lang='lat' dir='ltr'>ad</span> <span class='ocrx_word' id='word_1_599' title='bbox 816 5638 1142 5698; x_wconf 86' lang='lat' dir='ltr'>vesperam,</span> <span class='ocrx_word' id='word_1_600' title='bbox 1169 5623 1423 5701; x_wconf 82' lang='lat' dir='ltr'>exceptis</span> <span class='ocrx_word' id='word_1_601' title='bbox 1456 5623 1777 5685; x_wconf 90' lang='lat' dir='ltr'>Dominicis</span> <span class='ocrx_word' id='word_1_602' title='bbox 1797 5630 1856 5688; x_wconf 85' lang='lat' dir='ltr'>et</span> 
     </span>
    </p>
   </div>
   <div class='ocr_carea' id='block_1_93' title="bbox 1962 3296 3612 3370">
    <p class='ocr_par' dir='ltr' id='par_1_93' title="bbox 1962 3296 3612 3370">
     <span class='ocr_line' id='line_1_94' title="bbox 1962 3296 3612 3370; baseline 0.002 -19"><span class='ocrx_word' id='word_1_603' title='bbox 1962 3296 2111 3352; x_wconf 89' lang='lat' dir='ltr'>versi</span> <span class='ocrx_word' id='word_1_604' title='bbox 2143 3296 2512 3363; x_wconf 89' lang='lat' dir='ltr'>conveniant,</span> <span class='ocrx_word' id='word_1_605' title='bbox 2543 3296 2814 3368; x_wconf 87' lang='lat' dir='ltr'>factaque</span> <span class='ocrx_word' id='word_1_606' title='bbox 2842 3297 3102 3353; x_wconf 88' lang='lat' dir='ltr'>oratione</span> <span class='ocrx_word' id='word_1_607' title='bbox 3131 3298 3338 3354; x_wconf 81' lang='lat' dir='ltr'>Laudes</span> <span class='ocrx_word' id='word_1_608' title='bbox 3354 3298 3612 3370; x_wconf 88' lang='lat' dir='ltr'>psallant</span> 
     </span>
    </p>
   </div>
   <div class='ocr_carea' id='block_1_94' title="bbox 1964 3384 3611 3460">
    <p class='ocr_par' dir='ltr' id='par_1_94' title="bbox 1964 3384 3611 3460">
     <span class='ocr_line' id='line_1_95' title="bbox 1964 3384 3611 3460; baseline 0.002 -20"><span class='ocrx_word' id='word_1_609' title='bbox 1964 3385 2593 3452; x_wconf 88' lang='lat' dir='ltr'>matutinales.Quibus</span> <span class='ocrx_word' id='word_1_610' title='bbox 2608 3384 2812 3455; x_wconf 78' lang='lat' dir='ltr'>ﬁnitis,</span> <span class='ocrx_word' id='word_1_611' title='bbox 2827 3385 3026 3442; x_wconf 89' lang='lat' dir='ltr'>dicant</span> <span class='ocrx_word' id='word_1_612' title='bbox 3040 3386 3395 3459; x_wconf 89' lang='lat' dir='ltr'>antiphonas</span> <span class='ocrx_word' id='word_1_613' title='bbox 3410 3405 3611 3460; x_wconf 89' lang='lat' dir='ltr'>supra-</span> 
     </span>
    </p>
   </div>
   <div class='ocr_carea' id='block_1_95' title="bbox 1963 3474 3608 3550">
    <p class='ocr_par' dir='ltr' id='par_1_95' title="bbox 1963 3474 3608 3550">
     <span class='ocr_line' id='line_1_96' title="bbox 1963 3474 3608 3550; baseline 0.003 -21"><span class='ocrx_word' id='word_1_614' title='bbox 1963 3474 2150 3530; x_wconf 85' lang='lat' dir='ltr'>dictas</span> <span class='ocrx_word' id='word_1_615' title='bbox 2177 3492 2364 3548; x_wconf 87' lang='lat' dir='ltr'>usque</span> <span class='ocrx_word' id='word_1_616' title='bbox 2395 3476 2468 3530; x_wconf 91' lang='lat' dir='ltr'>ad</span> <span class='ocrx_word' id='word_1_617' title='bbox 2497 3476 2809 3532; x_wconf 89' lang='lat' dir='ltr'>adventum</span> <span class='ocrx_word' id='word_1_618' title='bbox 2842 3475 3097 3544; x_wconf 86' lang='lat' dir='ltr'>Domini,</span> <span class='ocrx_word' id='word_1_619' title='bbox 3130 3493 3277 3549; x_wconf 90' lang='lat' dir='ltr'>quas</span> <span class='ocrx_word' id='word_1_620' title='bbox 3324 3482 3608 3550; x_wconf 87' lang='lat' dir='ltr'>sequatur</span> 
     </span>
    </p>
   </div>
   <div class='ocr_carea' id='block_1_96' title="bbox 1960 3563 3604 3639">
    <p class='ocr_par' dir='ltr' id='par_1_96' title="bbox 1960 3563 3604 3639">
     <span class='ocr_line' id='line_1_97' title="bbox 1960 3563 3604 3639; baseline 0.003 -21"><span class='ocrx_word' id='word_1_621' title='bbox 1960 3563 2172 3631; x_wconf 82' lang='lat' dir='ltr'>Prima,</span> <span class='ocrx_word' id='word_1_622' title='bbox 2223 3567 2281 3619; x_wconf 90' lang='lat' dir='ltr'>et</span> <span class='ocrx_word' id='word_1_623' title='bbox 2329 3563 2615 3636; x_wconf 86' lang='lat' dir='ltr'>speciales</span> <span class='ocrx_word' id='word_1_624' title='bbox 2656 3563 2892 3636; x_wconf 90' lang='lat' dir='ltr'>psalmi,</span> <span class='ocrx_word' id='word_1_625' title='bbox 2942 3568 3001 3620; x_wconf 90' lang='lat' dir='ltr'>et</span> <span class='ocrx_word' id='word_1_626' title='bbox 3046 3564 3271 3633; x_wconf 88' lang='lat' dir='ltr'>litania,</span> <span class='ocrx_word' id='word_1_627' title='bbox 3305 3571 3437 3639; x_wconf 85' lang='lat' dir='ltr'>post</span> <span class='ocrx_word' id='word_1_628' title='bbox 3482 3566 3604 3623; x_wconf 68' lang='lat' dir='ltr'>hmo</span> 
     </span>
    </p>
   </div>
   <div class='ocr_carea' id='block_1_97' title="bbox 1960 3651 3605 3726">
    <p class='ocr_par' dir='ltr' id='par_1_97' title="bbox 1960 3651 3605 3726">
     <span class='ocr_line' id='line_1_98' title="bbox 1960 3651 3605 3726; baseline 0.002 -18"><span class='ocrx_word' id='word_1_629' title='bbox 1960 3652 2337 3726; x_wconf 87' lang='lat' dir='ltr'>egrediantur</span> <span class='ocrx_word' id='word_1_630' title='bbox 2376 3651 2703 3721; x_wconf 86' lang='lat' dir='ltr'>ecclesiam,</span> <span class='ocrx_word' id='word_1_631' title='bbox 2736 3657 2911 3724; x_wconf 89' lang='lat' dir='ltr'>atque</span> <span class='ocrx_word' id='word_1_632' title='bbox 2954 3653 3015 3708; x_wconf 91' lang='lat' dir='ltr'>in</span> <span class='ocrx_word' id='word_1_633' title='bbox 3062 3652 3393 3723; x_wconf 89' lang='lat' dir='ltr'>lectionem,</span> <span class='ocrx_word' id='word_1_634' title='bbox 3426 3671 3605 3711; x_wconf 67' lang='lat' dir='ltr'>sacra:</span> 
     </span>
    </p>
   </div>
   <div class='ocr_carea' id='block_1_98' title="bbox 1961 3740 3604 3815">
    <p class='ocr_par' dir='ltr' id='par_1_98' title="bbox 1961 3740 3604 3815">
     <span class='ocr_line' id='line_1_99' title="bbox 1961 3740 3604 3815; baseline 0.002 -17"><span class='ocrx_word' id='word_1_635' title='bbox 1961 3741 2169 3798; x_wconf 66' lang='lat' dir='ltr'>animai</span> <span class='ocrx_word' id='word_1_636' title='bbox 2217 3741 2545 3814; x_wconf 88' lang='lat' dir='ltr'>profectum</span> <span class='ocrx_word' id='word_1_637' title='bbox 2598 3740 2975 3814; x_wconf 80' lang='lat' dir='ltr'>meditantur,</span> <span class='ocrx_word' id='word_1_638' title='bbox 3015 3757 3204 3814; x_wconf 88' lang='lat' dir='ltr'>usque</span> <span class='ocrx_word' id='word_1_639' title='bbox 3251 3743 3324 3799; x_wconf 87' lang='lat' dir='ltr'>ad</span> <span class='ocrx_word' id='word_1_640' title='bbox 3369 3747 3604 3815; x_wconf 86' lang='lat' dir='ltr'>tempus</span> 
     </span>
    </p>
   </div>
   <div class='ocr_carea' id='block_1_99' title="bbox 1960 3830 2387 3905">
    <p class='ocr_par' dir='ltr' id='par_1_99' title="bbox 1960 3830 2387 3905">
     <span class='ocr_line' id='line_1_100' title="bbox 1960 3830 2387 3905; baseline -0.005 -17"><span class='ocrx_word' id='word_1_641' title='bbox 1960 3830 2387 3905; x_wconf 85' lang='lat' dir='ltr'>supradictum.</span> 
     </span>
    </p>
   </div>
   <div class='ocr_carea' id='block_1_100' title="bbox 2029 3918 3602 3992">
    <p class='ocr_par' dir='ltr' id='par_1_100' title="bbox 2029 3918 3602 3992">
     <span class='ocr_line' id='line_1_101' title="bbox 2029 3918 3602 3992; baseline 0.001 -15"><span class='ocrx_word' id='word_1_642' title='bbox 2029 3923 2077 3977; x_wconf 85' lang='lat' dir='ltr'><strong>A</strong></span> <span class='ocrx_word' id='word_1_643' title='bbox 2124 3920 2435 3977; x_wconf 84' lang='lat' dir='ltr'>festivitate</span> <span class='ocrx_word' id='word_1_644' title='bbox 2483 3918 2671 3976; x_wconf 88' lang='lat' dir='ltr'>sancti</span> <span class='ocrx_word' id='word_1_645' title='bbox 2721 3918 2977 3987; x_wconf 82' lang='lat' dir='ltr'>Martini,</span> <span class='ocrx_word' id='word_1_646' title='bbox 3020 3919 3251 3977; x_wconf 83' lang='lat' dir='ltr'>refectis</span> <span class='ocrx_word' id='word_1_647' title='bbox 3298 3920 3602 3992; x_wconf 81' lang='lat' dir='ltr'>fratribus,</span> 
     </span>
    </p>
   </div>
   <div class='ocr_carea' id='block_1_101' title="bbox 1959 4008 3603 4085">
    <p class='ocr_par' dir='ltr' id='par_1_101' title="bbox 1959 4008 3603 4085">
     <span class='ocr_line' id='line_1_102' title="bbox 1959 4008 3603 4085; baseline 0.002 -20"><span class='ocrx_word' id='word_1_648' title='bbox 1959 4008 2268 4066; x_wconf 88' lang='lat' dir='ltr'>ecclesiam</span> <span class='ocrx_word' id='word_1_649' title='bbox 2295 4008 2676 4076; x_wconf 87' lang='lat' dir='ltr'>intrantibus,</span> <span class='ocrx_word' id='word_1_650' title='bbox 2710 4011 2919 4082; x_wconf 88' lang='lat' dir='ltr'>agatur</span> <span class='ocrx_word' id='word_1_651' title='bbox 2946 4008 3185 4083; x_wconf 88' lang='lat' dir='ltr'>signum</span> <span class='ocrx_word' id='word_1_652' title='bbox 3222 4009 3415 4081; x_wconf 64' lang='lat' dir='ltr'>Nonae,</span> <span class='ocrx_word' id='word_1_653' title='bbox 3447 4011 3603 4085; x_wconf 85' lang='lat' dir='ltr'>quod</span> 
     </span>
    </p>
   </div>
   <div class='ocr_carea' id='block_1_102' title="bbox 1959 4097 3603 4175">
    <p class='ocr_par' dir='ltr' id='par_1_102' title="bbox 1959 4097 3603 4175">
     <span class='ocr_line' id='line_1_103' title="bbox 1959 4097 3603 4175; baseline 0.002 -21"><span class='ocrx_word' id='word_1_654' title='bbox 1959 4102 2242 4171; x_wconf 90' lang='lat' dir='ltr'>sequatur</span> <span class='ocrx_word' id='word_1_655' title='bbox 2267 4099 2396 4172; x_wconf 91' lang='lat' dir='ltr'>ipsa</span> <span class='ocrx_word' id='word_1_656' title='bbox 2425 4097 2761 4171; x_wconf 90' lang='lat' dir='ltr'>laus,quam</span> <span class='ocrx_word' id='word_1_657' title='bbox 2781 4098 2993 4155; x_wconf 84' lang='lat' dir='ltr'>Nonam</span> <span class='ocrx_word' id='word_1_658' title='bbox 3014 4115 3128 4156; x_wconf 92' lang='lat' dir='ltr'>non</span> <span class='ocrx_word' id='word_1_659' title='bbox 3146 4100 3415 4173; x_wconf 87' lang='lat' dir='ltr'>sequitur</span> <span class='ocrx_word' id='word_1_660' title='bbox 3428 4104 3603 4175; x_wconf 90' lang='lat' dir='ltr'>potus</span> 
     </span>
    </p>
   </div>
   <div class='ocr_carea' id='block_1_103' title="bbox 1959 4187 3605 4264">
    <p class='ocr_par' dir='ltr' id='par_1_103' title="bbox 1959 4187 3605 4264">
     <span class='ocr_line' id='line_1_104' title="bbox 1959 4187 3605 4264; baseline 0.002 -20"><span class='ocrx_word' id='word_1_661' title='bbox 1959 4204 2147 4261; x_wconf 90' lang='lat' dir='ltr'>usque</span> <span class='ocrx_word' id='word_1_662' title='bbox 2178 4188 2250 4245; x_wconf 89' lang='lat' dir='ltr'>ad</span> <span class='ocrx_word' id='word_1_663' title='bbox 2284 4187 2752 4245; x_wconf 84' lang='lat' dir='ltr'>Puriticationem</span> <span class='ocrx_word' id='word_1_664' title='bbox 2785 4191 3000 4244; x_wconf 64' lang='lat' dir='ltr'>sanctis</span> <span class='ocrx_word' id='word_1_665' title='bbox 3031 4188 3247 4256; x_wconf 65' lang='lat' dir='ltr'>Marias,</span> <span class='ocrx_word' id='word_1_666' title='bbox 3279 4189 3365 4246; x_wconf 91' lang='lat' dir='ltr'>sic</span> <span class='ocrx_word' id='word_1_667' title='bbox 3412 4190 3605 4264; x_wconf 88' lang='lat' dir='ltr'>agitur</span> 
     </span>
    </p>
   </div>
   <div class='ocr_carea' id='block_1_104' title="bbox 1959 4275 3605 4350">
    <p class='ocr_par' dir='ltr' id='par_1_104' title="bbox 1959 4275 3605 4350">
     <span class='ocr_line' id='line_1_105' title="bbox 1959 4275 3605 4350; baseline 0.001 -16"><span class='ocrx_word' id='word_1_668' title='bbox 1959 4277 2235 4334; x_wconf 91' lang='lat' dir='ltr'>omnibus</span> <span class='ocrx_word' id='word_1_669' title='bbox 2251 4276 2613 4334; x_wconf 87' lang='lat' dir='ltr'>solemnibus</span> <span class='ocrx_word' id='word_1_670' title='bbox 2643 4275 3030 4334; x_wconf 90' lang='lat' dir='ltr'>diebus.Aliis</span> <span class='ocrx_word' id='word_1_671' title='bbox 3054 4294 3189 4334; x_wconf 92' lang='lat' dir='ltr'>vero</span> <span class='ocrx_word' id='word_1_672' title='bbox 3216 4277 3605 4350; x_wconf 79' lang='lat' dir='ltr'>diebusjuxta</span> 
     </span>
    </p>
   </div>
   <div class='ocr_carea' id='block_1_105' title="bbox 1958 4365 3603 4439">
    <p class='ocr_par' dir='ltr' id='par_1_105' title="bbox 1958 4365 3603 4439">
     <span class='ocr_line' id='line_1_106' title="bbox 1958 4365 3603 4439; baseline -0.001 -15"><span class='ocrx_word' id='word_1_673' title='bbox 1958 4366 2360 4439; x_wconf 88' lang='lat' dir='ltr'>supradictum</span> <span class='ocrx_word' id='word_1_674' title='bbox 2380 4367 2644 4423; x_wconf 90' lang='lat' dir='ltr'>ordinem</span> <span class='ocrx_word' id='word_1_675' title='bbox 2663 4367 2973 4439; x_wconf 85' lang='lat' dir='ltr'>faciant,ut</span> <span class='ocrx_word' id='word_1_676' title='bbox 2988 4365 3253 4423; x_wconf 88' lang='lat' dir='ltr'>videlicet</span> <span class='ocrx_word' id='word_1_677' title='bbox 3269 4367 3419 4423; x_wconf 87' lang='lat' dir='ltr'>facto</span> <span class='ocrx_word' id='word_1_678' title='bbox 3435 4367 3603 4439; x_wconf 88' lang='lat' dir='ltr'>signo</span> 
     </span>
    </p>
   </div>
   <div class='ocr_carea' id='block_1_106' title="bbox 1959 4455 3605 4528">
    <p class='ocr_par' dir='ltr' id='par_1_106' title="bbox 1959 4455 3605 4528">
     <span class='ocr_line' id='line_1_107' title="bbox 1959 4455 3605 4528; baseline -0.001 -14"><span class='ocrx_word' id='word_1_679' title='bbox 1959 4456 2206 4514; x_wconf 90' lang='lat' dir='ltr'>calcient</span> <span class='ocrx_word' id='word_1_680' title='bbox 2234 4472 2316 4525; x_wconf 91' lang='lat' dir='ltr'>se,</span> <span class='ocrx_word' id='word_1_681' title='bbox 2350 4459 2407 4510; x_wconf 89' lang='lat' dir='ltr'>et</span> <span class='ocrx_word' id='word_1_682' title='bbox 2437 4455 2665 4528; x_wconf 90' lang='lat' dir='ltr'>reliqua</span> <span class='ocrx_word' id='word_1_683' title='bbox 2696 4456 2914 4523; x_wconf 91' lang='lat' dir='ltr'>omnia,</span> <span class='ocrx_word' id='word_1_684' title='bbox 2948 4455 3100 4512; x_wconf 88' lang='lat' dir='ltr'>sicut</span> <span class='ocrx_word' id='word_1_685' title='bbox 3129 4455 3353 4511; x_wconf 91' lang='lat' dir='ltr'>dictum</span> <span class='ocrx_word' id='word_1_686' title='bbox 3383 4460 3473 4511; x_wconf 87' lang='lat' dir='ltr'>est</span> <span class='ocrx_word' id='word_1_687' title='bbox 3487 4455 3605 4512; x_wconf 91' lang='lat' dir='ltr'>im-</span> 
     </span>
    </p>
   </div>
   <div class='ocr_carea' id='block_1_107' title="bbox 1882 4542 3601 4635">
    <p class='ocr_par' dir='ltr' id='par_1_107' title="bbox 1882 4542 3601 4635">
     <span class='ocr_line' id='line_1_108' title="bbox 1882 4542 3601 4635; baseline -0.001 -34"><span class='ocrx_word' id='word_1_688' title='bbox 1882 4569 1929 4635; x_wconf 73' lang='grc' dir='ltr'>Ι)</span> <span class='ocrx_word' id='word_1_689' title='bbox 1959 4545 2176 4635; x_wconf 86' lang='lat' dir='ltr'>pleant,</span> <span class='ocrx_word' id='word_1_690' title='bbox 2206 4544 2264 4635; x_wconf 81' lang='lat' dir='ltr'>in</span> <span class='ocrx_word' id='word_1_691' title='bbox 2298 4545 2547 4635; x_wconf 84' lang='lat' dir='ltr'>adventu</span> <span class='ocrx_word' id='word_1_692' title='bbox 2574 4543 3166 4635; x_wconf 23' lang='lat' dir='ltr'>A‘Domini,pinguede</span> <span class='ocrx_word' id='word_1_693' title='bbox 3213 4542 3601 4635; x_wconf 84' lang='lat' dir='ltr'>interdicitur,</span> 
     </span>
    </p>
   </div>
   <div class='ocr_carea' id='block_1_108' title="bbox 1961 4632 3608 4707">
    <p class='ocr_par' dir='ltr' id='par_1_108' title="bbox 1961 4632 3608 4707">
     <span class='ocr_line' id='line_1_109' title="bbox 1961 4632 3608 4707; baseline -0.001 -15"><span class='ocrx_word' id='word_1_694' title='bbox 1961 4634 2183 4692; x_wconf 90' lang='lat' dir='ltr'>scilicet</span> <span class='ocrx_word' id='word_1_695' title='bbox 2212 4633 2380 4701; x_wconf 90' lang='lat' dir='ltr'>lardi,</span> <span class='ocrx_word' id='word_1_696' title='bbox 2413 4634 2527 4689; x_wconf 91' lang='lat' dir='ltr'>nisi</span> <span class='ocrx_word' id='word_1_697' title='bbox 2561 4633 2779 4691; x_wconf 87' lang='lat' dir='ltr'>festivis</span> <span class='ocrx_word' id='word_1_698' title='bbox 2809 4633 3037 4690; x_wconf 88' lang='lat' dir='ltr'>diebus.</span> <span class='ocrx_word' id='word_1_699' title='bbox 3068 4632 3324 4705; x_wconf 89' lang='lat' dir='ltr'>Vespera</span> <span class='ocrx_word' id='word_1_700' title='bbox 3346 4633 3608 4707; x_wconf 86' lang='lat' dir='ltr'>quotidie</span> 
     </span>
    </p>
   </div>
   <div class='ocr_carea' id='block_1_109' title="bbox 1961 4721 3608 4797">
    <p class='ocr_par' dir='ltr' id='par_1_109' title="bbox 1961 4721 3608 4797">
     <span class='ocr_line' id='line_1_110' title="bbox 1961 4721 3608 4797; baseline -0.001 -17"><span class='ocrx_word' id='word_1_701' title='bbox 1961 4740 2152 4780; x_wconf 90' lang='lat' dir='ltr'>mores</span> <span class='ocrx_word' id='word_1_702' title='bbox 2202 4721 2373 4779; x_wconf 91' lang='lat' dir='ltr'>solito</span> <span class='ocrx_word' id='word_1_703' title='bbox 2421 4728 2650 4797; x_wconf 89' lang='lat' dir='ltr'>agatur,</span> <span class='ocrx_word' id='word_1_704' title='bbox 2686 4728 2749 4778; x_wconf 91' lang='lat' dir='ltr'>ut</span> <span class='ocrx_word' id='word_1_705' title='bbox 2792 4722 3014 4779; x_wconf 88' lang='lat' dir='ltr'>scilicet</span> <span class='ocrx_word' id='word_1_706' title='bbox 3044 4738 3153 4778; x_wconf 88' lang='lat' dir='ltr'>suo</span> <span class='ocrx_word' id='word_1_707' title='bbox 3180 4724 3442 4795; x_wconf 88' lang='lat' dir='ltr'>tempore</span> <span class='ocrx_word' id='word_1_708' title='bbox 3472 4726 3608 4795; x_wconf 87' lang='lat' dir='ltr'>post</span> 
     </span>
    </p>
   </div>
   <div class='ocr_carea' id='block_1_110' title="bbox 1961 4811 2601 4870">
    <p class='ocr_par' dir='ltr' id='par_1_110' title="bbox 1961 4811 2601 4870">
     <span class='ocr_line' id='line_1_111' title="bbox 1961 4811 2601 4870; baseline -0.002 -2"><span class='ocrx_word' id='word_1_709' title='bbox 1961 4829 2226 4870; x_wconf 89' lang='lat' dir='ltr'>mensam</span> <span class='ocrx_word' id='word_1_710' title='bbox 2258 4811 2601 4869; x_wconf 88' lang='lat' dir='ltr'>celebretur.</span> 
     </span>
    </p>
   </div>
   <div class='ocr_carea' id='block_1_111' title="bbox 1963 4915 3604 4991">
    <p class='ocr_par' dir='ltr' id='par_1_111' title="bbox 1963 4915 3604 4991">
     <span class='ocr_line' id='line_1_112' title="bbox 1963 4915 3604 4991; baseline -0.002 -14"><span class='ocrx_word' id='word_1_711' title='bbox 1963 4922 2206 4991; x_wconf 86' lang='lat' dir='ltr'>Qualiter</span> <span class='ocrx_word' id='word_1_712' title='bbox 2234 4921 2430 4991; x_wconf 83' lang='lat' dir='ltr'>vigilia</span> <span class='ocrx_word' id='word_1_713' title='bbox 2458 4919 2669 4976; x_wconf 83' lang='lat' dir='ltr'>Natalis</span> <span class='ocrx_word' id='word_1_714' title='bbox 2698 4919 2935 4983; x_wconf 86' lang='lat' dir='ltr'>Domini,</span> <span class='ocrx_word' id='word_1_715' title='bbox 2964 4924 3017 4973; x_wconf 89' lang='lat' dir='ltr'>et</span> <span class='ocrx_word' id='word_1_716' title='bbox 3041 4918 3109 4973; x_wconf 88' lang='lat' dir='ltr'>ab</span> <span class='ocrx_word' id='word_1_717' title='bbox 3137 4915 3324 4973; x_wconf 80' lang='lat' dir='ltr'>eadem</span> <span class='ocrx_word' id='word_1_718' title='bbox 3347 4919 3604 4975; x_wconf 85' lang='lat' dir='ltr'>solemni-</span> 
     </span>
    </p>
   </div>
   <div class='ocr_carea' id='block_1_112' title="bbox 2118 4990 3440 5065">
    <p class='ocr_par' dir='ltr' id='par_1_112' title="bbox 2118 4990 3440 5065">
     <span class='ocr_line' id='line_1_113' title="bbox 2118 4990 3440 5065; baseline -0.003 -16"><span class='ocrx_word' id='word_1_719' title='bbox 2118 5001 2223 5049; x_wconf 84' lang='lat' dir='ltr'>tate</span> <span class='ocrx_word' id='word_1_720' title='bbox 2250 4990 2421 5065; x_wconf 82' lang='lat' dir='ltr'>usque</span> <span class='ocrx_word' id='word_1_721' title='bbox 2449 4993 2509 5046; x_wconf 87' lang='lat' dir='ltr'>in</span> <span class='ocrx_word' id='word_1_722' title='bbox 2540 4991 2991 5062; x_wconf 86' lang='lat' dir='ltr'>septuagesimam</span> <span class='ocrx_word' id='word_1_723' title='bbox 3017 4990 3110 5060; x_wconf 86' lang='lat' dir='ltr'>agi</span> <span class='ocrx_word' id='word_1_724' title='bbox 3137 4992 3440 5045; x_wconf 84' lang='lat' dir='ltr'>conveniat.</span> 
     </span>
    </p>
   </div>
   <div class='ocr_carea' id='block_1_113' title="bbox 2031 5085 3606 5163">
    <p class='ocr_par' dir='ltr' id='par_1_113' title="bbox 2031 5085 3606 5163">
     <span class='ocr_line' id='line_1_114' title="bbox 2031 5085 3606 5163; baseline -0.003 -16"><span class='ocrx_word' id='word_1_725' title='bbox 2031 5090 2096 5147; x_wconf 89' lang='lat' dir='ltr'>In</span> <span class='ocrx_word' id='word_1_726' title='bbox 2127 5089 2325 5163; x_wconf 89' lang='lat' dir='ltr'>vigilia</span> <span class='ocrx_word' id='word_1_727' title='bbox 2354 5087 2576 5145; x_wconf 87' lang='lat' dir='ltr'>Natalis</span> <span class='ocrx_word' id='word_1_728' title='bbox 2602 5085 2858 5155; x_wconf 89' lang='lat' dir='ltr'>Domini,</span> <span class='ocrx_word' id='word_1_729' title='bbox 2889 5086 3032 5141; x_wconf 92' lang='lat' dir='ltr'>dum</span> <span class='ocrx_word' id='word_1_730' title='bbox 3076 5087 3342 5158; x_wconf 89' lang='lat' dir='ltr'>ejusdem</span> <span class='ocrx_word' id='word_1_731' title='bbox 3392 5086 3606 5144; x_wconf 86' lang='lat' dir='ltr'>natalis</span> 
     </span>
    </p>
   </div>
   <div class='ocr_carea' id='block_1_114' title="bbox 1961 5174 3606 5248">
    <p class='ocr_par' dir='ltr' id='par_1_114' title="bbox 1961 5174 3606 5248">
     <span class='ocr_line' id='line_1_115' title="bbox 1961 5174 3606 5248; baseline -0.002 -14"><span class='ocrx_word' id='word_1_732' title='bbox 1961 5179 2179 5235; x_wconf 90' lang='lat' dir='ltr'>mentio</span> <span class='ocrx_word' id='word_1_733' title='bbox 2209 5196 2244 5234; x_wconf 90' lang='lat' dir='ltr'>a</span> <span class='ocrx_word' id='word_1_734' title='bbox 2272 5178 2484 5234; x_wconf 90' lang='lat' dir='ltr'>lectore</span> <span class='ocrx_word' id='word_1_735' title='bbox 2513 5176 2794 5232; x_wconf 88' lang='lat' dir='ltr'>recitatur</span> <span class='ocrx_word' id='word_1_736' title='bbox 2819 5175 2879 5231; x_wconf 92' lang='lat' dir='ltr'>in</span> <span class='ocrx_word' id='word_1_737' title='bbox 2910 5174 3185 5247; x_wconf 89' lang='lat' dir='ltr'>capitulo,</span> <span class='ocrx_word' id='word_1_738' title='bbox 3218 5192 3423 5232; x_wconf 89' lang='lat' dir='ltr'>omnes</span> <span class='ocrx_word' id='word_1_739' title='bbox 3451 5175 3606 5248; x_wconf 90' lang='lat' dir='ltr'>pari-</span> 
     </span>
    </p>
   </div>
   <div class='ocr_carea' id='block_1_115' title="bbox 1959 5265 3611 5341">
    <p class='ocr_par' dir='ltr' id='par_1_115' title="bbox 1959 5265 3611 5341">
     <span class='ocr_line' id='line_1_116' title="bbox 1959 5265 3611 5341; baseline -0.002 -17"><span class='ocrx_word' id='word_1_740' title='bbox 1959 5273 2050 5325; x_wconf 90' lang='lat' dir='ltr'>ter</span> <span class='ocrx_word' id='word_1_741' title='bbox 2077 5271 2383 5341; x_wconf 88' lang='lat' dir='ltr'>surgentes</span> <span class='ocrx_word' id='word_1_742' title='bbox 2413 5282 2566 5340; x_wconf 90' lang='lat' dir='ltr'>genu</span> <span class='ocrx_word' id='word_1_743' title='bbox 2599 5265 3087 5339; x_wconf 82' lang='lat' dir='ltr'>ﬂcctant,gratias</span> <span class='ocrx_word' id='word_1_744' title='bbox 3118 5269 3355 5338; x_wconf 89' lang='lat' dir='ltr'>agentes</span> <span class='ocrx_word' id='word_1_745' title='bbox 3372 5269 3611 5338; x_wconf 89' lang='lat' dir='ltr'>propter</span> 
     </span>
    </p>
   </div>
   <div class='ocr_carea' id='block_1_116' title="bbox 1961 5352 3608 5429">
    <p class='ocr_par' dir='ltr' id='par_1_116' title="bbox 1961 5352 3608 5429">
     <span class='ocr_line' id='line_1_117' title="bbox 1961 5352 3608 5429; baseline -0.002 -15"><span class='ocrx_word' id='word_1_746' title='bbox 1961 5359 2090 5429; x_wconf 89' lang='lat' dir='ltr'>ejus</span> <span class='ocrx_word' id='word_1_747' title='bbox 2118 5356 2473 5414; x_wconf 83' lang='lat' dir='ltr'>ineffabilem</span> <span class='ocrx_word' id='word_1_748' title='bbox 2504 5354 2801 5427; x_wconf 88' lang='lat' dir='ltr'>pietatem,</span> <span class='ocrx_word' id='word_1_749' title='bbox 2835 5371 2952 5427; x_wconf 91' lang='lat' dir='ltr'>qua</span> <span class='ocrx_word' id='word_1_750' title='bbox 2982 5355 3272 5410; x_wconf 91' lang='lat' dir='ltr'>mundum</span> <span class='ocrx_word' id='word_1_751' title='bbox 3316 5371 3351 5409; x_wconf 89' lang='lat' dir='ltr'>a</span> <span class='ocrx_word' id='word_1_752' title='bbox 3379 5352 3608 5427; x_wconf 89' lang='lat' dir='ltr'>laqueis</span> 
     </span>
    </p>
   </div>
   <div class='ocr_carea' id='block_1_117' title="bbox 1961 5444 3608 5518">
    <p class='ocr_par' dir='ltr' id='par_1_117' title="bbox 1961 5444 3608 5518">
     <span class='ocr_line' id='line_1_118' title="bbox 1961 5444 3608 5518; baseline -0.002 -16"><span class='ocrx_word' id='word_1_753' title='bbox 1961 5446 2177 5503; x_wconf 89' lang='lat' dir='ltr'>diaboli</span> <span class='ocrx_word' id='word_1_754' title='bbox 2196 5446 2607 5518; x_wconf 90' lang='lat' dir='ltr'>redempturus</span> <span class='ocrx_word' id='word_1_755' title='bbox 2622 5444 3211 5500; x_wconf 89' lang='lat' dir='ltr'>descendit.Sabbato</span> <span class='ocrx_word' id='word_1_756' title='bbox 3224 5459 3455 5516; x_wconf 87' lang='lat' dir='ltr'>quoque</span> <span class='ocrx_word' id='word_1_757' title='bbox 3476 5460 3608 5500; x_wconf 86' lang='lat' dir='ltr'>san-</span> 
     </span>
    </p>
   </div>
   <div class='ocr_carea' id='block_1_118' title="bbox 1961 5531 3609 5605">
    <p class='ocr_par' dir='ltr' id='par_1_118' title="bbox 1961 5531 3609 5605">
     <span class='ocr_line' id='line_1_119' title="bbox 1961 5531 3609 5605; baseline -0.002 -13"><span class='ocrx_word' id='word_1_758' title='bbox 1961 5539 2031 5592; x_wconf 71' lang='grc' dir='ltr'>ιω</span> <span class='ocrx_word' id='word_1_759' title='bbox 2062 5534 2472 5603; x_wconf 63' lang='lat' dir='ltr'>Paschm,dum</span> <span class='ocrx_word' id='word_1_760' title='bbox 2503 5550 2537 5588; x_wconf 90' lang='lat' dir='ltr'>a</span> <span class='ocrx_word' id='word_1_761' title='bbox 2563 5549 2742 5605; x_wconf 89' lang='lat' dir='ltr'>puero</span> <span class='ocrx_word' id='word_1_762' title='bbox 2774 5532 3142 5589; x_wconf 79' lang='lat' dir='ltr'>Resurrectio</span> <span class='ocrx_word' id='word_1_763' title='bbox 3172 5531 3403 5588; x_wconf 92' lang='lat' dir='ltr'>Domini</span> <span class='ocrx_word' id='word_1_764' title='bbox 3422 5531 3609 5589; x_wconf 82' lang='lat' dir='ltr'>nostri</span> 
     </span>
    </p>
   </div>
   <div class='ocr_carea' id='block_1_119' title="bbox 1959 5621 3605 5704">
    <p class='ocr_par' dir='ltr' id='par_1_119' title="bbox 1959 5621 3605 5704">
     <span class='ocr_line' id='line_1_120' title="bbox 1959 5621 3605 5704; baseline -0.001 -17"><span class='ocrx_word' id='word_1_765' title='bbox 1959 5627 2102 5687; x_wconf 88' lang='lat' dir='ltr'>Jesu</span> <span class='ocrx_word' id='word_1_766' title='bbox 2131 5622 2347 5685; x_wconf 85' lang='lat' dir='ltr'>Christi</span> <span class='ocrx_word' id='word_1_767' title='bbox 2379 5621 2609 5703; x_wconf 84' lang='lat' dir='ltr'>legitur,</span> <span class='ocrx_word' id='word_1_768' title='bbox 2625 5638 2986 5704; x_wconf 82' lang='lat' dir='ltr'>quamquam</span> <span class='ocrx_word' id='word_1_769' title='bbox 3016 5622 3076 5681; x_wconf 91' lang='lat' dir='ltr'>in</span> <span class='ocrx_word' id='word_1_770' title='bbox 3107 5621 3516 5703; x_wconf 70' lang='lat' dir='ltr'>martyrologio</span> <span class='ocrx_word' id='word_1_771' title='bbox 3546 5621 3605 5685; x_wconf 88' lang='lat' dir='ltr'>id</span> 
     </span>
    </p>
   </div>
  </div>
