4068 6172
415 315 530 376 487

1444 313 1508 371 S.
1555 310 1949 372 DUNSTANI
1995 309 2356 371 ARCl-llEP.
2403 309 2792 370 CANTUAR.

3695 309 3818 370 488

418 463 534 504 non
565 445 832 506 habetur.
867 448 1100 517 prepter
1129 444 1256 516 ejus
1306 441 1709 516 glericsissimi
1757 441 2057 497 victoriam
2086 442 2143 510 Α
2172 445 2372 514 petant
2402 440 2732 496 luminaria.
2767 440 2984 496 Euntes
3013 443 3212 496 autem
3259 440 3498 497 silenter
3541 442 3819 498 incedant

317 561 338 570 ~
419 534 727 607 triumphi,
759 551 937 608 quam
969 532 1284 590 destructis
1317 531 1485 587 Erebi
1529 531 1824 599 claustris,
1858 547 2059 588 secum

419 623 620 680 fideles
649 639 913 698 quosque
944 622 1004 676 in
1038 621 1215 677 caelos
1243 619 1503 689 adduxit,
1525 619 1693 676 nobis
1719 619 1898 675 etiam
1917 619 2062 675 redi-

413 711 579 781 vivis,
609 727 776 786 spem
807 709 1160 767 ascendendi
1204 709 1496 766 concessit
1527 707 1894 764 uniformiter
1923 725 2059 781 aga-

413 803 529 870 tur,
555 816 796 873 vespere
824 802 1114 856 conantur
1143 797 1491 871 Antiphone:
1525 815 1797 871 congruae
1830 797 1901 852 de
1932 797 2062 870 ipsa

413 888 799 962 completione
832 889 1128 963 temporis,
1163 889 1235 944 ad
1269 887 1546 960 psalmos,
1577 887 1638 942 in
1670 889 1841 959 cujus
1871 887 2061 942 noctis

410 978 643 1053 Vigilia,
677 979 737 1034 in
765 982 990 1051 “quarto
1040 977 1430 1050 responsorio,
1464 981 1530 1031 ut
1577 975 2060 1032 honoriﬁcentius

413 1068 767 1140 agatur,due
798 1065 976 1124 simul
1009 1071 1245 1124 cantent
1284 1064 1514 1133 illud,et
1543 1063 1907 1137 evangelium
1931 1067 2062 1136 post

418 1158 484 1212 Te
523 1157 694 1212 Deum
741 1156 1030 1212 laudamus
1059 1155 1134 1212 ab
1165 1155 1376 1212 abbate
1405 1170 1564 1210 more
1601 1153 1771 1210 solito
1810 1152 2056 1225 legatur,

413 1244 570 1302 dicta
599 1245 880 1316 oratione,
901 1245 1012 1302 sub
1041 1243 1274 1301 silentio
1303 1242 1680 1317 egrediantur
1705 1242 2060 1310 ministri,ut

411 1334 662 1392 calcient
690 1334 971 1405 se,lavent
1000 1339 1058 1390 et
1080 1335 1323 1390 induant
1351 1333 1459 1388 sub
1475 1331 2057 1400 festinatione,omni-

412 1423 641 1498 basque
673 1423 860 1497 signis
890 1423 1086 1491 motis,
1121 1426 1330 1496 agatur
1357 1421 1568 1490 missa;
1603 1426 1735 1492 post
1765 1421 1905 1488 haec,
1940 1419 2061 1475 lau-

413 1511 956 1581 des—matutinales,
1009 1511 1103 1566 bis
1153 1509 1359 1580 ﬁnitis,
1401 1509 1688 1583 incipiant
1735 1509 1938 1566 laudes
1985 1510 2059 1565 de

411 1602 688 1658 omnibus
735 1601 974 1671 sanctis,
1029 1617 1190 1656 more
1237 1601 1430 1668 solito,
1485 1601 1534 1656 si
1583 1603 1780 1655 autem
1831 1600 2060 1656 duxerit

411 1691 657 1754 missam
689 1691 985 1748 celebrent
1010 1689 1438 1760 matutinalem,
1473 1707 1600 1762 quin
1633 1689 1694 1745 in
1744 1688 1892 1746 lucis
1942 1705 2060 1746 crc-

413 1779 664 1854 pusculo
690 1779 1039 1838 celebranda
1066 1778 1406 1838 est.Dehinc
1423 1784 1684 1851 tempore
1703 1783 2054 1856 opportuno,
2085 1818 2088 1829 ς

411 1870 582 1942 signo
613 1869 844 1943 pulsato
870 1873 1111 1925 canant.
1129 1870 1382 1924 Primm
1410 1865 1576 1924 ﬁnita
1599 1869 1811 1938 Prima,
1828 1867 2058 1924 venien-

411 1963 501 2015 tes
528 1954 605 2014 ad
634 1957 983 2030 capitulum,
1000 1961 1132 2030 post
1161 1961 1370 2014 cietera
1391 1955 1714 2028 spiritualis
1730 1956 2060 2013 aediﬁcatio-

412 2046 506 2103 nis
547 2045 842 2119 collcquie
887 2049 1094 2119 petunt
1135 2045 1350 2101 humili
1399 2045 1703 2102 devotione
1744 2046 1952 2102 fratres
1983 2047 2056 2104 ab

411 2135 641 2204 abbate,
675 2134 774 2207 qui
805 2135 961 2191 vices
991 2133 1206 2190 Christi
1229 2134 1352 2208 agit
1381 2134 1746 2208 postulantes
1771 2133 2056 2208 multipli~

410 2225 566 2282 cium
627 2223 1056 2298 indulgentiam
1111 2223 1374 2282 dicentes
1421 2223 1706 2296 Conﬁteor,
1761 2230 1819 2282 et
1874 2225 2056 2284 abbas

409 2313 760 2387 respondeat
780 2313 1374 2373 Miserealurﬂcmum
1397 2314 1524 2387 ipse
1553 2315 1735 2372 abbas
1757 2315 2056 2374 scletenus

407 2419 472 2460 se
501 2406 875 2476 prosternens
902 2402 1108 2460 eadem
1129 2419 1163 2458 a
1187 2402 1468 2462 fratribus
1482 2403 1822 2476 petat,ide'm
1845 2406 2056 2464 modus

408 2491 790 2550 confessionis
835 2491 1028 2566 prima
1071 2491 1368 2550 Paschalis
1416 2491 1810 2551 solemnitatis
1851 2495 1945 2553 die
1975 2495 2057 2554 ita

407 2587 630 2656 agatur.
655 2581 924 2655 Capitale
953 2583 1126 2651 facte,
1146 2587 1206 2640 et
1233 2582 1479 2655 psalmis
1511 2583 1684 2640 dict-is
1715 2584 1966 2641 induant
1985 2603 2054 2642 se
2088 2609 2097 2618 -

408 2687 613 2730 omnes
633 2677 700 2730 ut
709 2672 829 2728 sint
847 2672 1039 2728 ornati
1049 2689 1255 2730 omnes
1267 2673 1340 2729 ad
1353 2671 1722 2730 Tertiam.Ad
1738 2673 2052 2746 Vesperem

405 2761 594 2832 ipsius
623 2761 739 2818 diei
765 2761 1042 2818 dicantur
1061 2761 1617 2833 antiphenae,Tecam
1629 2763 1970 2835 principium
1977 2769 2054 2829 ,et

404 2849 674 2922 reliquae;
707 2849 936 2924 reliqui,
968 2866 1102 2908 vero
1131 2851 1324 2908 tribus
1353 2851 1562 2908 diebus
1591 2851 1866 2909 dicantur
1900 2854 2052 2909 antia

405 2937 611 3011 phcnm
641 2940 713 2995 de
742 2939 890 3012 ipsis
902 2939 1279 2999 sanctiscum
1293 2938 1542 3014 psalmis
1558 2940 1671 3013 ipsi
1693 2941 2050 2999 sclemnitati

403 3028 894 3100 competentibus.
929 3029 1031 3085 His
1057 3028 1310 3100 peractis
1341 3043 1576 3086 rursum
1627 3034 1924 3102 repetatur
1957 3036 2051 3090 Te.

402 3131 526 3170 cum
553 3117 918 3188 principium,
947 3133 1136 3189 usque
1163 3119 1236 3172 ad
1269 3117 1512 3173 Octavas
1542 3117 1797 3188 Domini,
1820 3120 1914 3178 his
1943 3141 2048 3179 nu-

2168 529 2507 602 psalmodiae
2555 527 2754 597 dediti,
2787 532 2846 584 et
2893 545 3094 588 omnes
3144 527 3295 586 albis
3344 529 3556 598 induti,
3591 529 3640 586 si
3691 530 3820 586 ﬁeri

2169 622 2362 690 potest
2389 617 2476 674 vel
2509 617 2662 674 aeris
2693 615 3026 689 permiserit
3052 617 3390 690 temperies,
3420 623 3479 674 et
3515 618 3819 676 intrantes

2169 707 2476 767 ecclesiam
2507 695 2684 780 agant
2710 707 3034 763 orationem
3061 723 3197 762 cum
3229 707 3574 780 antiphona,
3615 711 3676 764 et
3703 707 3819 764 col-

2167 795 2318 854 lecta
2333 798 2404 852 ad
2433 797 2862 852 venerationem
2879 794 3064 868 ipsius
3095 797 3280 852 sancti
3299 796 3393 852 cui
3421 795 3822 870 ecclesiaipsa

2169 887 2241 942 ad
2274 903 2452 958 quam
2481 886 2599 942 itur
2627 885 2895 941 dedicata
2923 887 3032 940 est.
3063 885 3284 940 Deinde
3333 884 3536 953 abbas,
3569 883 3722 941 stola
3759 890 3821 942 et

2167 993 2354 1049 cappa
2381 975 2626 1032 indutus
2673 973 2978 1030 benedicat
3023 973 3316 1040 candelas,
3352 978 3411 1030 et
3466 979 3821 1048 censpergat

2168 1083 2323 1138 aqua
2353 1065 2678 1134 benedicta,
2693 1067 2751 1120 et
2769 1063 3086 1134 thuriﬁcet,
3099 1065 3158 1119 et
3186 1063 3270 1120 sic
3289 1067 3526 1135 accepto
3540 1079 3710 1120 ceree
3740 1064 3815 1119 ab

2169 1155 2382 1211 mdituo
2394 1153 2780 1228 psallentibus
2801 1151 3346 1224 cunctis,accipiant
3375 1151 3594 1226 singuli
3615 1152 3818 1226 singu-

2167 1245 2666 1316 los,acccptcsque
2693 1242 3036 1298 accendant.
3057 1241 3198 1298 Inde
3227 1243 3582 1298 revertentes
3595 1246 3818 1298 canant

2169 1333 2674 1406 antiphonas,quzc
2705 1331 2923 1388 adsunt
2952 1347 3262 1404 nsquequc
3275 1329 3512 1388 veniant
3539 1336 3820 1403 antepar-

2168 1427 2309 1492 tani,
2347 1423 2444 1478 ubi
2491 1423 2798 1478 decantata
2845 1421 3189 1492 antiphena,
3233 1421 3565 1492 Responsum
3608 1423 3818 1493 accepit

2166 1514 2408 1580 Sinwon,
2446 1511 2672 1566 dicatur
2717 1510 2900 1566 oratio
2941 1509 3162 1566 Exaudi
3203 1526 3517 1582 quaesumus
3562 1511 3813 1578 Domine,

2167 1605 2479 1674 postquam
2509 1599 2915 1673 ingrediantur
2944 1597 3250 1656 ecclesiam
3271 1603 3546 1664 canentes
3577 1615 3818 1672 respon-

2165 1691 2388 1750 sorium
2407 1690 2542 1746 Cum
2552 1687 2868 1746 imlucerent
2871 1688 3244 1762 puerum,hoc
3253 1687 3602 1746 decantantc
3612 1689 3821 1748 dicant

2165 1779 2488 1836 orationem
2515 1776 2900 1847 Dominicam,
2933 1776 3146 1834 dehinc
3171 1779 3454 1849 sequatur
3483 1778 3665 1847 tertia,
3697 1794 3819 1851 qua

2161 1869 2336 1925 ‘ﬁnita
2365 1867 2415 1924 si
2445 1866 2878 1942 processionem
2909 1865 3103 1922 induti
3133 1883 3249 1924 non
3288 1870 3536 1938 egerunt
3559 1865 3818 1923 induant

2169 1964 2314 2027 se,.et
2345 1957 2590 2014 missam
2621 1955 2982 2013 celebrantes
3010 1959 3250 2013 teneant
3277 1955 3590 2014 luminaria
3607 1955 3669 2012 in
3686 1973 3813 2018 ma-

2168 2048 2344 2104 nibus
2373 2047 2554 2103 donec
2579 2050 2711 2120 post
2739 2045 3090 2102 oblationem
3115 2061 3186 2102 ea
3221 2044 3512 2104 sacerdoti
3539 2045 3812 2116 citarent,

2168 2137 2268 2210 qui
2299 2135 2582 2210 regularis
2612 2136 2754 2193 ordo
2784 2153 2818 2192 a
2848 2135 3292 2208 Septuagesima
3313 2138 3434 2193 tota
3477 2135 3816 2210 Quadrage-

2166 2227 2316 2284 sime
2343 2227 2728 2284 custodiatur.

2237 2317 2301 2374 In
2347 2316 2790 2390 Septuagesima
2836 2331 2968 2374 vero
3019 2316 3312 2389 pinguedo
3360 2317 3810 2386 intermittatur,

2167 2423 2356 2478 usque
2380 2406 2440 2461 in
2469 2404 3058 2478 Quinquagesimam;
3077 2423 3114 2462 a
3141 2405 3640 2480 Quinquegesima
3677 2425 3815 2465 vero

2165 2493 2738 2568 Quadragesimalcm
2755 2494 3416 2552 teneantabstinentiam
3433 2511 3594 2552 more
3615 2495 3812 2554 solito.

2161 2587 2208 2638 A
2239 2582 2686 2656 Septuagesima
2700 2587 2897 2639 autem
2916 2582 3097 2639 finitis
3123 2583 3314 2640 tribus
3343 2583 3696 2641 lectionibus
3711 2603 3814 2642 sex

2164 2679 2462 2730 nocturnae
2491 2672 2827 2746 posterioris
2855 2671 3068 2744 psalmi
3095 2671 3182 2728 uti
3210 2673 3438 2746 priores
3465 2689 3602 2730 cum
3618 2675 3813 2734 tribus

2163 2761 2599 2836 antiphonisex
2627 2761 2894 2834 ipsorum
2928 2761 3290 2834 psalmorum
3319 2766 3604 2820 concentu
3633 2764 3813 2824 editis

2163 2868 2350 2924 usque
2379 2851 2452 2908 ad
2471 2851 2706 2908 Coenam
2737 2849 2967 2908 Domini
2980 2868 3115 2908 cum
3130 2868 3369 2908 summa
3391 2851 3703 2926 diligentia
3717 2855 3816 2910 de-

2159 2940 2572 2998 cantentur.'A
2620 2940 2807 3014 capite
2829 2941 3066 3014 jejunii,
3100 2947 3330 3015 quarta,
3362 2947 3420 3000 et
3467 2947 3632 3000 sexta
3661 2944 3810 3000 feria

2158 3032 2591 3104 processionem
2619 3030 2954 3087 custodiant
2982 3048 3170 3104 usque
3195 3031 3258 3087 in
3285 3031 3463 3088 Cmna
3490 3032 3811 3101 Demini,et

2160 3121 2233 3176 ab
2264 3119 2482 3176 octavis
2512 3119 2879 3176 Pentecostes
2909 3136 3098 3192 usque
3122 3121 3195 3176 ad
3213 3119 3496 3178 Calendas
3511 3121 3806 3190 Octobris:

403 3208 523 3260 tem
553 3205 762 3261 diebus
789 3204 942 3262 inter
970 3205 1376 3262 Innocentium
1407 3205 1865 3276 festivitatem,et
1881 3211 2048 3269 Octa-
2075 3191 2124 3261 α
2160 3211 2333 3282 cujus
2363 3209 2504 3264 ordo
2535 3207 2926 3281 processionis
2955 3191 3036 3264 ita
3061 3211 3296 3282 agatur:
3320 3213 3536 3277 Quarta
3555 3211 3700 3268 τοῖ’ία
3719 3230 3812 3270 0&-

401 3308 504 3349 vas
531 3292 784 3364 Domini,
827 3293 968 3366 quia
1014 3295 1202 3352 Gloria
1248 3296 1310 3351 in
1355 3296 1586 3352 excelsis
1613 3298 1719 3354 Deo
1749 3300 1822 3354 ob
1871 3304 2050 3358 tanta:

401 3380 730 3440 festivitatis
759 3382 1266 3441 honoriﬁcentiam
1313 3385 1387 3440 ad
1419 3385 1665 3442 missam
1698 3387 2048 3462 celebratur,

401 3471 475 3526 ad
503 3471 884 3542 Nocturnum,
915 3477 976 3529 ct
1023 3473 1096 3530 ad
1143 3475 1484 3547 Vesperam,
1519 3475 1606 3532 uti
1657 3477 1730 3532 ad
1779 3479 2047 3552 missam,

399 3560 556 3617 sicut
583 3561 645 3617 in
670 3577 846 3618 usum
874 3561 1056 3636 hujus
1081 3563 1284 3636 patrias
1305 3563 1593 3638 indigenis
1624 3570 2050 3637 tenent,cmnia

398 3647 568 3722 signa
594 3649 925 3724 pulsentur,
949 3670 1087 3710 nam
1121 3652 1398 3710 honestas
1428 3654 1611 3726 hujus
1631 3656 1830 3728 patriae
1855 3675 2050 3720 mores

397 3739 471 3796 ad
503 3739 818 3801 Dominum
851 3743 1230 3816 pertinentes,
1247 3759 1396 3818 quos
1426 3749 1688 3803 veterum
1713 3765 1826 3804 usu
1848 3749 2050 3806 didici-

395 3843 530 3885 mus
558 3829 722 3888 nullo
753 3833 928 3888 modo
955 3833 1209 3906 abjicere
1238 3835 1340 3891 sed
1372 3835 1636 3910 undique
1674 3837 1758 3894 uti
1788 3838 2048 3900 diximus

393 3921 767 3980 correberare
797 3922 1182 3993 decrevimus,
1215 3925 1288 3982 ad
1321 3926 1644 3983 matutinas
1672 3944 1807 4003 vero
1829 3930 1900 3987 ob
1923 3947 2045 3988 rem

393 4007 730 4078 prmdictam
755 4009 891 4068 licet
923 4013 990 4072 Te
1017 4012 1190 4070 Deum
1209 4013 1513 4072 laudamus
1543 4031 1662 4074 non
1691 4020 1955 4088 canatur,
1988 4025 2047 4078 et

387 4095 760 4168 evangelium
801 4099 1045 4158 minime
1089 4101 1292 4159 festivo
1347 4119 1510 4162 more
1559 4103 1806 4178 legatur,
1839 4123 2044 4168 cereus

392 4186 592 4239 tamen
641 4187 1014 4258 accendatur,
1059 4194 1118 4246 et
1167 4189 1338 4262 signa
1386 4192 1697 4264 pulsentur
1736 4197 1957 4267 omnia,
1987 4203 2045 4256 et

389 4268 760 4360 thuribulum
810 4273 1204 4335 thurilicando
1252 4279 1607 4352 deportatur,
1659 4283 1798 4341 hinc
1855 4303 2042 4360 usque

393 4358 513 4434 (ad)
560 4361 948 4434 Epiphaniam
999 4365 1232 4424 Domini
1281 4369 1495 4442 psalmi
1543 4373 1616 4428 ad
1661 4358 2040 4447 vesperas'ad

389 4447 594 4507 feriam
625 4452 984 4524 pertinentes
1010 4471 1145 4512 cum
1183 4457 1506 4530 antiphcna
1536 4461 1826 4521 dicantur.
1864 4465 1926 4520 In
1955 4466 2038 4522 vi-

2158 3297 2297 3371 pitis
2319 3297 2532 3370 jejunii
2563 3297 2717 3353 Nona
2745 3297 3097 3352 decantanta
3135 3297 3317 3353 abbas
3364 3297 3514 3356 stola
3557 3306 3808 3357 ornatus

2157 3387 2465 3446 benedicat
2493 3387 2718 3443 cineres
2733 3403 2745 3442 :
2765 3387 2984 3459 quibus
2998 3386 3340 3444 benedictus
3353 3393 3447 3444 eat
3462 3389 3586 3460 ipse
3597 3391 3806 3460 abbas,

2158 3481 2217 3531 et
2247 3476 2512 3549 imponat
2537 3476 2831 3548 capitibus
2861 3474 3252 3550 singulorum,
3277 3476 3416 3550 quia
3441 3479 3572 3549 ejus
3587 3483 3676 3536 ωι
3690 3497 3810 3552 ρω-

2159 3565 2465 3622 nitentiam
2496 3565 2614 3622 illis
2641 3564 2962 3639 imponere,
2981 3571 3256 3622 canentes
3283 3566 3518 3624 interim
3541 3568 3808 3641 antipho-

2158 3671 2296 3712 nam
2329 3671 2342 3710 :
2375 3654 2594 3710 Exaudi
2620 3671 2742 3725 nos,
2791 3656 3058 3724 Domine;
3105 3655 3333 3712 Salvum
3371 3673 3461 3714 me
3495 3659 3608 3728 fac,
3637 3660 3804 3727 Deus,

2156 3749 2214 3800 et
2247 3743 2469 3812 Gloria,-
2512 3746 2680 3817 Kyrie
2717 3745 2922 3804 εἰσίδω
2943 3766 2964 3814 ;
2993 3747 3158 3804 Pater
3199 3754 3420 3815 noster,-
3448 3749 3590 3806 Deu:
3635 3749 3804 3806 mise-

2155 3843 2344 3892 reatur
2371 3836 2565 3904 nostri,
2597 3837 2656 3890 et
2683 3850 2906 3908 preces,
2939 3839 2998 3892 et
3043 3833 3340 3896 collectas.
3375 3837 3542 3894 Tune
3585 3837 3806 3896 vadunt

2155 3939 2270 3996 quo
2301 3923 2385 3980 ire
2414 3923 2634 3981 habent
2659 3927 2938 3982 canentes
2965 3923 3340 3997 antiphonas,
3371 3943 3500 3998 qum
3547 3927 3608 3983 in
3641 3925 3808 3983 Anti-

2153 4011 2438 4084 phcnaric
2468 4013 2842 4070 continentur
2869 4030 2882 4068 :
2915 4013 3216 4074 venientes
3245 4015 3317 4072 ad
3343 4015 3670 4086 ecclesiam,
3683 4033 3808 4090 quo

2152 4106 2311 4170 cunt,
2345 4101 2558 4158 iterum
2589 4105 2768 4174 agant
2795 4103 3140 4174 orationem,
3164 4107 3222 4160 et
3250 4107 3385 4177 post
3413 4104 3806 4178 antiphonam

2153 4191 2224 4247 de
2251 4196 2477 4262 sancto,
2507 4194 2567 4248 et
2594 4190 2912 4264 psalmum,
2946 4192 3025 4248 Ad
3053 4201 3102 4250 te
3131 4193 3308 4253 levavi
3333 4194 3565 4264 osculor,
3581 4198 3644 4255 et
3670 4209 3804 4268 pre-

2151 4284 2330 4348 ces,et
2357 4280 2680 4338 orationem
2697 4279 2777 4336 ibi
2795 4279 3140 4354 incipientes
3157 4281 3420 4338 litaniam
3439 4287 3808 4340 revertantur

2151 4369 2222 4426 ad
2255 4373 2505 4426 matrem
2537 4367 2941 4439 ecclesiam,ac
2961 4369 3174 4426 dehinc
3203 4387 3366 4428 more
3393 4369 3572 4428 solito
3590 4377 3804 4444 agatur

2147 4457 2349 4515 missa.
2387 4459 2502 4514 Iste
2534 4459 2674 4514 ordo
2693 4458 3085 4530 processionis
3114 4476 3350 4532 semper
3379 4464 3800 4534 teneaturquc-

389 4536 537 4634 gilia
562 4539 902 4634 Epiphaniae
927 4543 1166 4634 Domini
1181 4546 1480 4618 jejunium
1513 4549 1754 4608 minime
1784 4558 2042 4629 exsequi.
2071 4569 2118 4634 Ι)
2150 4549 2260 4606 ties
2294 4547 2587 4620 processio
2619 4547 2830 4620 agitur.
2865 4548 2978 4604 Sed
3011 4548 3144 4605 aliis
3173 4547 3539 4622 temporibus
3567 4565 3805 4623 semper

333 4631 345 4648 '
387 4629 594 4685 tur.Ad
626 4629 889 4701 psalmos
919 4633 1113 4706 ipsius
1138 4649 1390 4710 vespera:
1421 4637 1752 4712 antiphonae
1771 4643 2042 4706 dicantur

386 4714 459 4770 de
490 4717 695 4774 eadem
724 4719 1364 4782 sclemnitate.Czeteris
1396 4727 1604 4785 diebus
1633 4736 1766 4802 post
1797 4734 2041 4797 Octavas

386 4803 640 4899 Domini,
674 4813 732 4864 et
785 4809 1247 4884 Epiphaniarum
1296 4816 1554 4888 primum
1605 4819 1782 4890 diem,
1815 4827 1872 4879 et
1908 4832 2043 4899 post

385 4893 638 4986 primam
669 4903 880 4971 agatur
909 4901 1094 4960 missa
1141 4905 1525 4976 matutinalis,
1560 4912 1617 4964 et
1663 4909 1862 4968 tabula
1908 4893 2043 4986 post

385 4983 711 5078 capitulum
741 4989 1074 5078 pulsantur,
1107 4997 1165 5048 et
1185 4993 1515 5052 cbedientia
1546 4997 1758 5071 agitur,
1789 4983 2040 5078 etsigna

385 5071 562 5130 simul
598 5091 712 5132 non
747 5077 1040 5150 pulsatur,
1063 5098 1170 5138 nec
1201 5082 1385 5140 Gloria
1416 5087 1476 5140 in
1501 5088 1732 5145 excelsis
1763 5091 1866 5149 Deo
1887 5071 2038 5150 cani-

382 5164 500 5251 tur,
525 5163 638 5221 nisi
672 5165 788 5224 alia
817 5169 1102 5229 festivitas
1131 5171 1524 5244 intervenerit,
1559 5193 1746 5251 usque
1774 5186 2038 5242 octavam

383 5247 664 5326 diem,qui
697 5255 1040 5317 selemuiter
1070 5277 1204 5318 cum
1226 5280 1304 5320 xu
1320 5247 1671 5322 lectionibus
1686 5269 2032 5330 celebratur.

381 5336 469 5434 lib
497 5355 566 5396 ea
595 5340 688 5434 die
719 5361 909 5422 usque
937 5353 1113 5420 caput
1147 5351 1616 5426 Quadragesimae
1670 5360 2036 5434 suprascrip-

387 5429 483 5483 tus
514 5430 656 5486 ordo
681 5435 966 5492 teneatur.

385 5602 399 5616 .
453 5517 521 5574 In
552 5517 962 5616 Purilicationc
991 5533 1207 5586 sancta:
1242 5529 1436 5588 Mariae
1454 5533 1574 5591 sint
1599 5538 1750 5594 cerei
1778 5539 2035 5598 ordinati

383 5606 446 5664 in
495 5606 760 5684 ecclesia,
809 5615 882 5676 ad
931 5633 1109 5694 quam
1159 5618 1370 5680 fratres
1418 5621 1502 5680 ire
1529 5623 1762 5702 debent,
1793 5633 1859 5690 ut
1897 5629 2034 5692 inde

2149 4639 2470 4710 antiphena
2515 4638 2780 4709 Exsurge,
2831 4639 3077 4708 Domine,
3129 4638 3360 4696 dicatur
3413 4639 3606 4712 prima
3663 4657 3804 4696 cum

2151 4727 2378 4800 psalmo
2409 4732 2466 4784 et
2488 4727 2693 4784 Gloria.

2223 4818 2324 4872 His
2341 4817 2594 4890 peractis
2624 4817 2875 4874 induant
2900 4835 2963 4874 se
2981 4817 3234 4875 ministri
3252 4817 3803 4892 altaris,postquam

2148 4907 2398 4980 ingressi
2430 4907 2646 4962 fuerint
2673 4905 2980 4964 ecclesiam
3012 4922 3145 4964 cum
3169 4908 3806 4981 processicne,prolon-

2148 5003 2284 5074 gata
2312 4996 2537 5066 litania,
2561 5002 2850 5070 quantum
2878 4999 2954 5053 ad
2985 4997 3096 5054 hoc
3124 4997 3398 5055 sufﬁciat.
3415 4998 3580 5054 Tunc
3605 4998 3806 5054 induti

2147 5087 2366 5145 casulis
2399 5087 2690 5154 sacerdos,
2723 5087 3028 5153 diaconus,
3067 5087 3465 5144 subdiaconus
3515 5092 3806 5160 peragant

2149 5176 2476 5235 ministeria
2505 5193 2632 5232 sua.
2667 5176 2770 5232 His
2799 5180 2996 5235 autem
3043 5193 3170 5234 mes
3218 5177 3506 5245 cuman-ii,
3534 5180 3804 5234 tantum-

2147 5268 2321 5325 modo
2351 5265 2846 5339 quadragesimali
2879 5271 2940 5322 et
2975 5270 3232 5338 quatuor
3274 5265 3641 5340 temporibus
3685 5283 3802 5324 usu

2147 5357 2368 5430 praised
2377 5373 2446 5411 en
2453 5354 2534 5411 tiu
2543 5371 2601 5410 m
2616 5354 2856 5411 Patrum
2867 5355 3235 5413 observetur:
3251 5355 3652 5412 subdiaconus
3661 5371 3806 5428 quo-

2145 5444 2256 5501 ties
2285 5441 2486 5499 casula
2503 5441 2970 5512 induitur,exuat
2983 5459 3112 5502 eam
3128 5444 3272 5500 dum
3298 5443 3438 5518 legit
3451 5443 3799 5516 Epistolam,

2145 5551 2261 5608 qua
2307 5533 2476 5600 lecta,
2506 5547 2712 5588 rursus
2761 5548 2831 5588 ea
2886 5533 3194 5590 induatur:
3219 5534 3512 5594 Diaccnus
3557 5550 3695 5592 vero
3722 5534 3804 5591 ad

2142 5624 2522 5700 Evangelium
2551 5620 2864 5698 legendum
2912 5625 3168 5695 accedat,
3203 5627 3377 5684 exuat
3421 5623 3711 5697 casulum,
3743 5627 3808 5684 et
3859 5666 3866 5674 ι
