  <div class='ocr_page' id='page_1' title='image "/cluster/home/n/w/nwhite01/storage/ocr_20150623/137/hvd.32044054759972/254.png"; bbox 0 0 4056 6178; ppageno 0'>
   <div class='ocr_carea' id='block_1_1' title="bbox 278 356 394 443">
    <p class='ocr_par' dir='ltr' id='par_1_1' title="bbox 278 356 394 443">
     <span class='ocr_line' id='line_1_1' title="bbox 278 356 394 443; baseline 0 0"><span class='ocrx_word' id='word_1_1' title='bbox 278 356 394 443; x_wconf 70' lang='grc'>’489</span> 
     </span>
    </p>
   </div>
   <div class='ocr_carea' id='block_1_2' title="bbox 1402 370 2550 455">
    <p class='ocr_par' dir='ltr' id='par_1_2' title="bbox 1402 370 2550 455">
     <span class='ocr_line' id='line_1_2' title="bbox 1402 370 2550 455; baseline 0.004 -8"><span class='ocrx_word' id='word_1_2' title='bbox 1402 385 1504 447; x_wconf 87' lang='lat' dir='ltr'>DE</span> <span class='ocrx_word' id='word_1_3' title='bbox 1550 370 1951 448; x_wconf 24' lang='lat' dir='ltr'>REGIMINE‘</span> <span class='ocrx_word' id='word_1_4' title='bbox 1977 384 2550 455; x_wconf 82' lang='lat' dir='ltr'>MONACHORUM.</span> 
     </span>
    </p>
   </div>
   <div class='ocr_carea' id='block_1_3' title="bbox 3554 390 3674 458">
    <p class='ocr_par' dir='ltr' id='par_1_3' title="bbox 3554 390 3674 458">
     <span class='ocr_line' id='line_1_3' title="bbox 3554 390 3674 458; baseline 0.008 -1"><span class='ocrx_word' id='word_1_5' title='bbox 3554 390 3674 458; x_wconf 73' lang='grc'>490</span> 
     </span>
    </p>
   </div>
   <div class='ocr_carea' id='block_1_4' title="bbox 292 512 3669 599">
    <p class='ocr_par' dir='ltr' id='par_1_4' title="bbox 292 512 3669 599">
     <span class='ocr_line' id='line_1_4' title="bbox 292 512 3669 599; baseline 0.005 -29"><span class='ocrx_word' id='word_1_6' title='bbox 292 512 578 587; x_wconf 90' lang='lat' dir='ltr'>duplicans</span> <span class='ocrx_word' id='word_1_7' title='bbox 608 528 736 574; x_wconf 85' lang='lat' dir='ltr'>eam</span> <span class='ocrx_word' id='word_1_8' title='bbox 767 512 1171 587; x_wconf 88' lang='lat' dir='ltr'>circumponat</span> <span class='ocrx_word' id='word_1_9' title='bbox 1191 516 1302 572; x_wconf 86' lang='lat' dir='ltr'>sibi</span> <span class='ocrx_word' id='word_1_10' title='bbox 1325 516 1384 572; x_wconf 90' lang='lat' dir='ltr'>in</span> <span class='ocrx_word' id='word_1_11' title='bbox 1407 518 1650 574; x_wconf 85' lang='lat' dir='ltr'>sinistra</span> <span class='ocrx_word' id='word_1_12' title='bbox 1682 520 1921 593; x_wconf 89' lang='lat' dir='ltr'>scapula</span> <span class='ocrx_word' id='word_1_13' title='bbox 1951 522 2006 587; x_wconf 83' lang='grc' dir='ltr'><strong>Α</strong></span> <span class='ocrx_word' id='word_1_14' title='bbox 2034 523 2407 593; x_wconf 87' lang='lat' dir='ltr'>passionibus</span> <span class='ocrx_word' id='word_1_15' title='bbox 2420 529 2655 597; x_wconf 84' lang='lat' dir='ltr'>excepta</span> <span class='ocrx_word' id='word_1_16' title='bbox 2668 542 2988 597; x_wconf 71' lang='lat' dir='ltr'>parascevm</span> <span class='ocrx_word' id='word_1_17' title='bbox 3003 527 3382 599; x_wconf 89' lang='lat' dir='ltr'>passioneubi</span> <span class='ocrx_word' id='word_1_18' title='bbox 3396 532 3669 586; x_wconf 86' lang='lat' dir='ltr'>neutrum</span> 
     </span>
    </p>
   </div>
   <div class='ocr_carea' id='block_1_5' title="bbox 291 603 1917 682">
    <p class='ocr_par' dir='ltr' id='par_1_5' title="bbox 291 603 1917 682">
     <span class='ocr_line' id='line_1_5' title="bbox 291 603 1917 682; baseline 0.002 -21"><span class='ocrx_word' id='word_1_19' title='bbox 291 604 584 669; x_wconf 85' lang='lat' dir='ltr'>aunectens</span> <span class='ocrx_word' id='word_1_20' title='bbox 618 603 1297 663; x_wconf 83' lang='lat' dir='ltr'>alteramsummitatcm</span> <span class='ocrx_word' id='word_1_21' title='bbox 1328 609 1456 679; x_wconf 85' lang='lat' dir='ltr'>ejus</span> <span class='ocrx_word' id='word_1_22' title='bbox 1488 609 1721 682; x_wconf 89' lang='lat' dir='ltr'>cingulo</span> <span class='ocrx_word' id='word_1_23' title='bbox 1753 610 1917 665; x_wconf 72' lang='lat' dir='ltr'>albm.</span> 
     </span>
    </p>
   </div>
   <div class='ocr_carea' id='block_1_6' title="bbox 290 692 1922 765">
    <p class='ocr_par' dir='ltr' id='par_1_6' title="bbox 290 692 1922 765">
     <span class='ocr_line' id='line_1_6' title="bbox 290 692 1922 765; baseline 0.002 -15"><span class='ocrx_word' id='word_1_24' title='bbox 290 694 505 750; x_wconf 87' lang='lat' dir='ltr'>Peracto</span> <span class='ocrx_word' id='word_1_25' title='bbox 522 692 957 749; x_wconf 85' lang='lat' dir='ltr'>communionis</span> <span class='ocrx_word' id='word_1_26' title='bbox 980 700 1368 765; x_wconf 86' lang='lat' dir='ltr'>sacramento,</span> <span class='ocrx_word' id='word_1_27' title='bbox 1390 696 1595 753; x_wconf 85' lang='lat' dir='ltr'>induat</span> <span class='ocrx_word' id='word_1_28' title='bbox 1615 716 1743 753; x_wconf 90' lang='lat' dir='ltr'>eam</span> <span class='ocrx_word' id='word_1_29' title='bbox 1766 702 1922 754; x_wconf 87' lang='lat' dir='ltr'>ante-</span> 
     </span>
    </p>
   </div>
   <div class='ocr_carea' id='block_1_7' title="bbox 287 779 1921 856">
    <p class='ocr_par' dir='ltr' id='par_1_7' title="bbox 287 779 1921 856">
     <span class='ocr_line' id='line_1_7' title="bbox 287 779 1921 856; baseline 0.003 -19"><span class='ocrx_word' id='word_1_30' title='bbox 287 794 445 855; x_wconf 86' lang='lat' dir='ltr'>quam</span> <span class='ocrx_word' id='word_1_31' title='bbox 461 779 977 838; x_wconf 17' lang='lat' dir='ltr'>collectaifiniatur.</span> <span class='ocrx_word' id='word_1_32' title='bbox 994 783 1056 838; x_wconf 91' lang='lat' dir='ltr'>In</span> <span class='ocrx_word' id='word_1_33' title='bbox 1072 784 1427 856; x_wconf 80' lang='lat' dir='ltr'>supradictis</span> <span class='ocrx_word' id='word_1_34' title='bbox 1445 786 1651 842; x_wconf 89' lang='lat' dir='ltr'>diebus</span> <span class='ocrx_word' id='word_1_35' title='bbox 1670 788 1921 853; x_wconf 87' lang='lat' dir='ltr'>Quadra-</span> 
     </span>
    </p>
   </div>
   <div class='ocr_carea' id='block_1_8' title="bbox 286 870 1920 947">
    <p class='ocr_par' dir='ltr' id='par_1_8' title="bbox 286 870 1920 947">
     <span class='ocr_line' id='line_1_8' title="bbox 286 870 1920 947; baseline 0.004 -21"><span class='ocrx_word' id='word_1_36' title='bbox 286 870 480 944; x_wconf 75' lang='lat' dir='ltr'>gesina:</span> <span class='ocrx_word' id='word_1_37' title='bbox 510 870 810 944; x_wconf 72' lang='lat' dir='ltr'>completas</span> <span class='ocrx_word' id='word_1_38' title='bbox 842 871 1111 943; x_wconf 80' lang='lat' dir='ltr'>pulsetur</span> <span class='ocrx_word' id='word_1_39' title='bbox 1140 873 1377 946; x_wconf 88' lang='lat' dir='ltr'>signum</span> <span class='ocrx_word' id='word_1_40' title='bbox 1416 875 1490 930; x_wconf 91' lang='lat' dir='ltr'>ad</span> <span class='ocrx_word' id='word_1_41' title='bbox 1536 893 1827 947; x_wconf 85' lang='lat' dir='ltr'>vesperas,</span> <span class='ocrx_word' id='word_1_42' title='bbox 1861 882 1920 932; x_wconf 92' lang='lat' dir='ltr'>et</span> 
     </span>
    </p>
   </div>
   <div class='ocr_carea' id='block_1_9' title="bbox 286 959 1916 1037">
    <p class='ocr_par' dir='ltr' id='par_1_9' title="bbox 286 959 1916 1037">
     <span class='ocr_line' id='line_1_9' title="bbox 286 959 1916 1037; baseline 0.002 -22"><span class='ocrx_word' id='word_1_43' title='bbox 286 962 475 1033; x_wconf 87' lang='lat' dir='ltr'>agatur</span> <span class='ocrx_word' id='word_1_44' title='bbox 503 959 722 1026; x_wconf 84' lang='lat' dir='ltr'>oratio;</span> <span class='ocrx_word' id='word_1_45' title='bbox 758 960 966 1017; x_wconf 80' lang='lat' dir='ltr'>dehinc</span> <span class='ocrx_word' id='word_1_46' title='bbox 996 960 1055 1016; x_wconf 91' lang='lat' dir='ltr'>in</span> <span class='ocrx_word' id='word_1_47' title='bbox 1088 960 1392 1017; x_wconf 90' lang='lat' dir='ltr'>intervalla</span> <span class='ocrx_word' id='word_1_48' title='bbox 1423 981 1537 1035; x_wconf 90' lang='lat' dir='ltr'>quo</span> <span class='ocrx_word' id='word_1_49' title='bbox 1569 964 1739 1036; x_wconf 89' lang='lat' dir='ltr'>signa</span> <span class='ocrx_word' id='word_1_50' title='bbox 1788 964 1916 1037; x_wconf 90' lang='lat' dir='ltr'>pul-</span> 
     </span>
    </p>
   </div>
   <div class='ocr_carea' id='block_1_10' title="bbox 284 1047 1915 1124">
    <p class='ocr_par' dir='ltr' id='par_1_10' title="bbox 284 1047 1915 1124">
     <span class='ocr_line' id='line_1_10' title="bbox 284 1047 1915 1124; baseline 0.001 -19"><span class='ocrx_word' id='word_1_51' title='bbox 284 1051 491 1115; x_wconf 89' lang='lat' dir='ltr'>santur,</span> <span class='ocrx_word' id='word_1_52' title='bbox 526 1051 663 1103; x_wconf 88' lang='lat' dir='ltr'>eant</span> <span class='ocrx_word' id='word_1_53' title='bbox 693 1047 946 1104; x_wconf 85' lang='lat' dir='ltr'>ministri</span> <span class='ocrx_word' id='word_1_54' title='bbox 980 1049 1241 1122; x_wconf 86' lang='lat' dir='ltr'>accipere</span> <span class='ocrx_word' id='word_1_55' title='bbox 1284 1050 1554 1119; x_wconf 87' lang='lat' dir='ltr'>mixtum,</span> <span class='ocrx_word' id='word_1_56' title='bbox 1590 1052 1688 1124; x_wconf 87' lang='lat' dir='ltr'>qui</span> <span class='ocrx_word' id='word_1_57' title='bbox 1720 1050 1915 1106; x_wconf 83' lang='lat' dir='ltr'>volue-</span> 
     </span>
    </p>
   </div>
   <div class='ocr_carea' id='block_1_11' title="bbox 284 1136 1913 1211">
    <p class='ocr_par' dir='ltr' id='par_1_11' title="bbox 284 1136 1913 1211">
     <span class='ocr_line' id='line_1_11' title="bbox 284 1136 1913 1211; baseline 0.001 -18"><span class='ocrx_word' id='word_1_58' title='bbox 284 1136 511 1209; x_wconf 87' lang='lat' dir='ltr'>rint,qui</span> <span class='ocrx_word' id='word_1_59' title='bbox 524 1152 657 1197; x_wconf 85' lang='lat' dir='ltr'>vero</span> <span class='ocrx_word' id='word_1_60' title='bbox 671 1137 1271 1196; x_wconf 89' lang='lat' dir='ltr'>noluerintlicentiam</span> <span class='ocrx_word' id='word_1_61' title='bbox 1286 1140 1542 1197; x_wconf 78' lang='lat' dir='ltr'>habeant</span> <span class='ocrx_word' id='word_1_62' title='bbox 1553 1142 1694 1196; x_wconf 88' lang='lat' dir='ltr'>dimi</span> <span class='ocrx_word' id='word_1_63' title='bbox 1707 1141 1887 1196; x_wconf 91' lang='lat' dir='ltr'>ttendi</span> <span class='ocrx_word' id='word_1_64' title='bbox 1899 1184 1913 1211; x_wconf 89' lang='lat'>,</span> 
     </span>
    </p>
   </div>
   <div class='ocr_carea' id='block_1_12' title="bbox 282 1224 1914 1299">
    <p class='ocr_par' dir='ltr' id='par_1_12' title="bbox 282 1224 1914 1299">
     <span class='ocr_line' id='line_1_12' title="bbox 282 1224 1914 1299; baseline 0.001 -17"><span class='ocrx_word' id='word_1_65' title='bbox 282 1230 334 1282; x_wconf 90' lang='lat' dir='ltr'>et</span> <span class='ocrx_word' id='word_1_66' title='bbox 357 1224 491 1296; x_wconf 86' lang='lat' dir='ltr'>quia</span> <span class='ocrx_word' id='word_1_67' title='bbox 520 1224 730 1299; x_wconf 72' lang='lat' dir='ltr'>regulae</span> <span class='ocrx_word' id='word_1_68' title='bbox 759 1231 1030 1284; x_wconf 90' lang='lat' dir='ltr'>tenemus</span> <span class='ocrx_word' id='word_1_69' title='bbox 1059 1232 1472 1284; x_wconf 86' lang='lat' dir='ltr'>ornamentum</span> <span class='ocrx_word' id='word_1_70' title='bbox 1498 1230 1555 1284; x_wconf 93' lang='lat' dir='ltr'>in</span> <span class='ocrx_word' id='word_1_71' title='bbox 1579 1230 1671 1285; x_wconf 89' lang='lat' dir='ltr'>his</span> <span class='ocrx_word' id='word_1_72' title='bbox 1694 1231 1914 1286; x_wconf 88' lang='lat' dir='ltr'>sanctis</span> 
     </span>
    </p>
   </div>
   <div class='ocr_carea' id='block_1_13' title="bbox 280 1313 1912 1390">
    <p class='ocr_par' dir='ltr' id='par_1_13' title="bbox 280 1313 1912 1390">
     <span class='ocr_line' id='line_1_13' title="bbox 280 1313 1912 1390; baseline 0.002 -21"><span class='ocrx_word' id='word_1_73' title='bbox 280 1313 472 1369; x_wconf 87' lang='lat' dir='ltr'>diebus</span> <span class='ocrx_word' id='word_1_74' title='bbox 502 1314 971 1387; x_wconf 79' lang='lat' dir='ltr'>Quadragesimae</span> <span class='ocrx_word' id='word_1_75' title='bbox 992 1315 1215 1389; x_wconf 90' lang='lat' dir='ltr'>aliquid</span> <span class='ocrx_word' id='word_1_76' title='bbox 1242 1317 1411 1374; x_wconf 89' lang='lat' dir='ltr'>nobis</span> <span class='ocrx_word' id='word_1_77' title='bbox 1431 1318 1682 1390; x_wconf 84' lang='lat' dir='ltr'>augendi</span> <span class='ocrx_word' id='word_1_78' title='bbox 1707 1317 1912 1373; x_wconf 81' lang='lat' dir='ltr'>divinae</span> 
     </span>
    </p>
   </div>
   <div class='ocr_carea' id='block_1_14' title="bbox 266 1401 1912 1477">
    <p class='ocr_par' dir='ltr' id='par_1_14' title="bbox 266 1401 1912 1477">
     <span class='ocr_line' id='line_1_14' title="bbox 266 1401 1912 1477; baseline 0.004 -20"><span class='ocrx_word' id='word_1_79' title='bbox 266 1401 528 1467; x_wconf 77' lang='lat' dir='ltr'>servituti</span> <span class='ocrx_word' id='word_1_80' title='bbox 560 1404 633 1461; x_wconf 83' lang='lat' dir='ltr'>ad</span> <span class='ocrx_word' id='word_1_81' title='bbox 664 1403 904 1460; x_wconf 91' lang='lat' dir='ltr'>solitum</span> <span class='ocrx_word' id='word_1_82' title='bbox 934 1420 1184 1476; x_wconf 84' lang='lat' dir='ltr'>pensum</span> <span class='ocrx_word' id='word_1_83' title='bbox 1218 1411 1430 1462; x_wconf 62' lang='lat' dir='ltr'>nostris</span> <span class='ocrx_word' id='word_1_84' title='bbox 1453 1408 1912 1477; x_wconf 88' lang='lat' dir='ltr'>servitutis,cen-</span> 
     </span>
    </p>
   </div>
   <div class='ocr_carea' id='block_1_15' title="bbox 276 1492 1910 1572">
    <p class='ocr_par' dir='ltr' id='par_1_15' title="bbox 276 1492 1910 1572">
     <span class='ocr_line' id='line_1_15' title="bbox 276 1492 1910 1572; baseline 0.004 -25"><span class='ocrx_word' id='word_1_85' title='bbox 276 1492 493 1548; x_wconf 88' lang='lat' dir='ltr'>suimus</span> <span class='ocrx_word' id='word_1_86' title='bbox 524 1497 591 1548; x_wconf 90' lang='lat' dir='ltr'>ut</span> <span class='ocrx_word' id='word_1_87' title='bbox 621 1509 655 1548; x_wconf 89' lang='lat' dir='ltr'>a</span> <span class='ocrx_word' id='word_1_88' title='bbox 676 1492 862 1565; x_wconf 82' lang='lat' dir='ltr'>capite</span> <span class='ocrx_word' id='word_1_89' title='bbox 893 1495 1362 1569; x_wconf 72' lang='lat' dir='ltr'>Quadragesimae</span> <span class='ocrx_word' id='word_1_90' title='bbox 1387 1513 1572 1572; x_wconf 85' lang='lat' dir='ltr'>usque</span> <span class='ocrx_word' id='word_1_91' title='bbox 1593 1498 1662 1553; x_wconf 89' lang='lat' dir='ltr'>ad</span> <span class='ocrx_word' id='word_1_92' title='bbox 1686 1514 1910 1554; x_wconf 74' lang='lat' dir='ltr'>omnem</span> 
     </span>
    </p>
   </div>
   <div class='ocr_carea' id='block_1_16' title="bbox 273 1581 1910 1660">
    <p class='ocr_par' dir='ltr' id='par_1_16' title="bbox 273 1581 1910 1660">
     <span class='ocr_line' id='line_1_16' title="bbox 273 1581 1910 1660; baseline 0.003 -22"><span class='ocrx_word' id='word_1_93' title='bbox 273 1581 515 1651; x_wconf 88' lang='lat' dir='ltr'>Domini,</span> <span class='ocrx_word' id='word_1_94' title='bbox 524 1582 750 1649; x_wconf 74' lang='lat' dir='ltr'>festivis</span> <span class='ocrx_word' id='word_1_95' title='bbox 767 1584 1023 1655; x_wconf 82' lang='lat' dir='ltr'>exceptis</span> <span class='ocrx_word' id='word_1_96' title='bbox 1042 1584 1546 1658; x_wconf 89' lang='lat' dir='ltr'>diebus,quotidie</span> <span class='ocrx_word' id='word_1_97' title='bbox 1566 1593 1699 1659; x_wconf 89' lang='lat' dir='ltr'>post</span> <span class='ocrx_word' id='word_1_98' title='bbox 1719 1587 1910 1660; x_wconf 86' lang='lat' dir='ltr'>exple-</span> 
     </span>
    </p>
   </div>
   <div class='ocr_carea' id='block_1_17' title="bbox 273 1670 1908 1749">
    <p class='ocr_par' dir='ltr' id='par_1_17' title="bbox 273 1670 1908 1749">
     <span class='ocr_line' id='line_1_17' title="bbox 273 1670 1908 1749; baseline 0.003 -23"><span class='ocrx_word' id='word_1_99' title='bbox 273 1670 478 1727; x_wconf 84' lang='lat' dir='ltr'>tionem</span> <span class='ocrx_word' id='word_1_100' title='bbox 511 1671 979 1745; x_wconf 86' lang='lat' dir='ltr'>uniuscujusque</span> <span class='ocrx_word' id='word_1_101' title='bbox 1002 1673 1155 1729; x_wconf 65' lang='lat' dir='ltr'>horae</span> <span class='ocrx_word' id='word_1_102' title='bbox 1178 1675 1324 1730; x_wconf 90' lang='lat' dir='ltr'>duos</span> <span class='ocrx_word' id='word_1_103' title='bbox 1350 1676 1611 1748; x_wconf 87' lang='lat' dir='ltr'>psalmos</span> <span class='ocrx_word' id='word_1_104' title='bbox 1633 1677 1908 1749; x_wconf 82' lang='lat' dir='ltr'>prostrati</span> 
     </span>
    </p>
   </div>
   <div class='ocr_carea' id='block_1_18' title="bbox 272 1759 1906 1835">
    <p class='ocr_par' dir='ltr' id='par_1_18' title="bbox 272 1759 1906 1835">
     <span class='ocr_line' id='line_1_18' title="bbox 272 1759 1906 1835; baseline 0.003 -19"><span class='ocrx_word' id='word_1_105' title='bbox 272 1759 382 1817; x_wconf 89' lang='lat' dir='ltr'>solo</span> <span class='ocrx_word' id='word_1_106' title='bbox 410 1760 647 1817; x_wconf 87' lang='lat' dir='ltr'>oratorii</span> <span class='ocrx_word' id='word_1_107' title='bbox 680 1778 1017 1833; x_wconf 88' lang='lat' dir='ltr'>peroremus</span> <span class='ocrx_word' id='word_1_108' title='bbox 1049 1763 1258 1832; x_wconf 79' lang='lat' dir='ltr'>devoti,</span> <span class='ocrx_word' id='word_1_109' title='bbox 1280 1782 1345 1819; x_wconf 91' lang='lat' dir='ltr'>co</span> <span class='ocrx_word' id='word_1_110' title='bbox 1363 1765 1586 1821; x_wconf 87' lang='lat' dir='ltr'>scilicet</span> <span class='ocrx_word' id='word_1_111' title='bbox 1602 1767 1804 1821; x_wconf 86' lang='lat' dir='ltr'>ordine</span> <span class='ocrx_word' id='word_1_112' title='bbox 1822 1771 1906 1835; x_wconf 90' lang='lat' dir='ltr'>ut,</span> 
     </span>
    </p>
   </div>
   <div class='ocr_carea' id='block_1_19' title="bbox 272 1849 1902 1927">
    <p class='ocr_par' dir='ltr' id='par_1_19' title="bbox 272 1849 1902 1927">
     <span class='ocr_line' id='line_1_19' title="bbox 272 1849 1902 1927; baseline 0.005 -22"><span class='ocrx_word' id='word_1_113' title='bbox 272 1849 566 1913; x_wconf 79' lang='lat' dir='ltr'>Matuti‘nis</span> <span class='ocrx_word' id='word_1_114' title='bbox 598 1851 804 1920; x_wconf 82' lang='lat' dir='ltr'>finitis,</span> <span class='ocrx_word' id='word_1_115' title='bbox 836 1869 971 1908; x_wconf 78' lang='lat' dir='ltr'>mox</span> <span class='ocrx_word' id='word_1_116' title='bbox 992 1853 1262 1909; x_wconf 90' lang='lat' dir='ltr'>dicantur</span> <span class='ocrx_word' id='word_1_117' title='bbox 1288 1854 1403 1910; x_wconf 91' lang='lat' dir='ltr'>duo</span> <span class='ocrx_word' id='word_1_118' title='bbox 1424 1855 1636 1927; x_wconf 88' lang='lat' dir='ltr'>psalmi</span> <span class='ocrx_word' id='word_1_119' title='bbox 1659 1857 1902 1925; x_wconf 79' lang='lat' dir='ltr'>Domine,</span> 
     </span>
    </p>
   </div>
   <div class='ocr_carea' id='block_1_20' title="bbox 268 1941 1907 2015">
    <p class='ocr_par' dir='ltr' id='par_1_20' title="bbox 268 1941 1907 2015">
     <span class='ocr_line' id='line_1_20' title="bbox 268 1941 1907 2015; baseline 0.004 -20"><span class='ocrx_word' id='word_1_120' title='bbox 268 1956 327 1996; x_wconf 84' lang='lat' dir='ltr'>ne</span> <span class='ocrx_word' id='word_1_121' title='bbox 350 1941 407 1997; x_wconf 89' lang='lat' dir='ltr'>in</span> <span class='ocrx_word' id='word_1_122' title='bbox 430 1941 650 2013; x_wconf 79' lang='lat' dir='ltr'>furore,</span> <span class='ocrx_word' id='word_1_123' title='bbox 683 1942 734 2006; x_wconf 86' lang='lat' dir='ltr'>l,</span> <span class='ocrx_word' id='word_1_124' title='bbox 767 1944 825 1997; x_wconf 90' lang='lat' dir='ltr'>et</span> <span class='ocrx_word' id='word_1_125' title='bbox 856 1942 931 1997; x_wconf 87' lang='lat' dir='ltr'>Ad</span> <span class='ocrx_word' id='word_1_126' title='bbox 962 1943 1272 2011; x_wconf 83' lang='lat' dir='ltr'>Dominum,</span> <span class='ocrx_word' id='word_1_127' title='bbox 1306 1945 1472 2015; x_wconf 83' lang='lat' dir='ltr'>Kyrie</span> <span class='ocrx_word' id='word_1_128' title='bbox 1500 1946 1721 2012; x_wconf 85' lang='lat' dir='ltr'>eleison,</span> <span class='ocrx_word' id='word_1_129' title='bbox 1745 1947 1907 2001; x_wconf 85' lang='lat' dir='ltr'>Pater</span> 
     </span>
    </p>
   </div>
   <div class='ocr_carea' id='block_1_21' title="bbox 267 2029 1906 2103">
    <p class='ocr_par' dir='ltr' id='par_1_21' title="bbox 267 2029 1906 2103">
     <span class='ocr_line' id='line_1_21' title="bbox 267 2029 1906 2103; baseline 0 -14"><span class='ocrx_word' id='word_1_130' title='bbox 267 2038 454 2095; x_wconf 82' lang='lat' dir='ltr'>noster,</span> <span class='ocrx_word' id='word_1_131' title='bbox 487 2034 546 2085; x_wconf 87' lang='lat' dir='ltr'>et</span> <span class='ocrx_word' id='word_1_132' title='bbox 580 2029 778 2101; x_wconf 57' lang='lat' dir='ltr'>pretes</span> <span class='ocrx_word' id='word_1_133' title='bbox 810 2048 914 2103; x_wconf 90' lang='lat' dir='ltr'>pro</span> <span class='ocrx_word' id='word_1_134' title='bbox 948 2031 1203 2102; x_wconf 83' lang='lat' dir='ltr'>peccatis</span> <span class='ocrx_word' id='word_1_135' title='bbox 1225 2036 1281 2087; x_wconf 86' lang='lat' dir='ltr'>et</span> <span class='ocrx_word' id='word_1_136' title='bbox 1303 2034 1509 2088; x_wconf 86' lang='lat' dir='ltr'>oratio.</span> <span class='ocrx_word' id='word_1_137' title='bbox 1531 2035 1613 2088; x_wconf 85' lang='lat' dir='ltr'>Ad</span> <span class='ocrx_word' id='word_1_138' title='bbox 1636 2035 1906 2103; x_wconf 79' lang='lat' dir='ltr'>Primam,</span> 
     </span>
    </p>
   </div>
   <div class='ocr_carea' id='block_1_22' title="bbox 265 2119 1905 2194">
    <p class='ocr_par' dir='ltr' id='par_1_22' title="bbox 265 2119 1905 2194">
     <span class='ocr_line' id='line_1_22' title="bbox 265 2119 1905 2194; baseline 0 -15"><span class='ocrx_word' id='word_1_139' title='bbox 265 2119 405 2179; x_wconf 81' lang='lat' dir='ltr'>Beati</span> <span class='ocrx_word' id='word_1_140' title='bbox 450 2134 689 2191; x_wconf 85' lang='lat' dir='ltr'>quorum</span> <span class='ocrx_word' id='word_1_141' title='bbox 735 2122 791 2174; x_wconf 90' lang='lat' dir='ltr'>et</span> <span class='ocrx_word' id='word_1_142' title='bbox 839 2120 1053 2185; x_wconf 78' lang='lat' dir='ltr'>Levavi,</span> <span class='ocrx_word' id='word_1_143' title='bbox 1098 2124 1155 2175; x_wconf 90' lang='lat' dir='ltr'>et</span> <span class='ocrx_word' id='word_1_144' title='bbox 1204 2119 1428 2193; x_wconf 86' lang='lat' dir='ltr'>reliqua</span> <span class='ocrx_word' id='word_1_145' title='bbox 1478 2126 1542 2177; x_wconf 90' lang='lat' dir='ltr'>ut</span> <span class='ocrx_word' id='word_1_146' title='bbox 1590 2140 1787 2194; x_wconf 85' lang='lat' dir='ltr'>supra.</span> <span class='ocrx_word' id='word_1_147' title='bbox 1820 2124 1905 2178; x_wconf 90' lang='lat' dir='ltr'>Ad</span> 
     </span>
    </p>
   </div>
   <div class='ocr_carea' id='block_1_23' title="bbox 270 2200 1906 2280">
    <p class='ocr_par' dir='ltr' id='par_1_23' title="bbox 270 2200 1906 2280">
     <span class='ocr_line' id='line_1_23' title="bbox 270 2200 1906 2280; baseline 0.002 -16"><span class='ocrx_word' id='word_1_148' title='bbox 270 2209 513 2277; x_wconf 70' lang='lat' dir='ltr'>Tertiam,</span> <span class='ocrx_word' id='word_1_149' title='bbox 544 2208 790 2276; x_wconf 84' lang='lat' dir='ltr'>Domine,</span> <span class='ocrx_word' id='word_1_150' title='bbox 822 2224 893 2265; x_wconf 90' lang='lat' dir='ltr'>ne</span> <span class='ocrx_word' id='word_1_151' title='bbox 922 2210 982 2263; x_wconf 91' lang='lat' dir='ltr'>in</span> <span class='ocrx_word' id='word_1_152' title='bbox 1005 2210 1212 2280; x_wconf 83' lang='lat' dir='ltr'>furore,</span> <span class='ocrx_word' id='word_1_153' title='bbox 1244 2200 1298 2279; x_wconf 86' lang='lat'>2,</span> <span class='ocrx_word' id='word_1_154' title='bbox 1333 2214 1389 2266; x_wconf 87' lang='lat' dir='ltr'>et</span> <span class='ocrx_word' id='word_1_155' title='bbox 1420 2212 1906 2267; x_wconf 76' lang='lat' dir='ltr'>Lazta!ussum.Ad</span> 
     </span>
    </p>
   </div>
   <div class='ocr_carea' id='block_1_24' title="bbox 264 2297 1905 2364">
    <p class='ocr_par' dir='ltr' id='par_1_24' title="bbox 264 2297 1905 2364">
     <span class='ocr_line' id='line_1_24' title="bbox 264 2297 1905 2364; baseline 0.001 -7"><span class='ocrx_word' id='word_1_156' title='bbox 264 2297 498 2363; x_wconf 69' lang='lat' dir='ltr'>Sextum,</span> <span class='ocrx_word' id='word_1_157' title='bbox 530 2297 783 2355; x_wconf 68' lang='lat' dir='ltr'>Miserere</span> <span class='ocrx_word' id='word_1_158' title='bbox 810 2298 940 2364; x_wconf 89' lang='lat' dir='ltr'>mei,</span> <span class='ocrx_word' id='word_1_159' title='bbox 973 2299 1112 2359; x_wconf 80' lang='lat' dir='ltr'>Deus</span> <span class='ocrx_word' id='word_1_160' title='bbox 1142 2303 1198 2354; x_wconf 92' lang='lat' dir='ltr'>et</span> <span class='ocrx_word' id='word_1_161' title='bbox 1225 2299 1305 2354; x_wconf 88' lang='lat' dir='ltr'>Ad</span> <span class='ocrx_word' id='word_1_162' title='bbox 1352 2307 1402 2356; x_wconf 88' lang='lat' dir='ltr'>te</span> <span class='ocrx_word' id='word_1_163' title='bbox 1448 2301 1643 2358; x_wconf 77' lang='lat' dir='ltr'>levavi.</span> <span class='ocrx_word' id='word_1_164' title='bbox 1668 2302 1751 2357; x_wconf 90' lang='lat' dir='ltr'>Ad</span> <span class='ocrx_word' id='word_1_165' title='bbox 1801 2302 1905 2358; x_wconf 86' lang='lat' dir='ltr'>No-</span> 
     </span>
    </p>
   </div>
   <div class='ocr_carea' id='block_1_25' title="bbox 264 2386 1907 2461">
    <p class='ocr_par' dir='ltr' id='par_1_25' title="bbox 264 2386 1907 2461">
     <span class='ocr_line' id='line_1_25' title="bbox 264 2386 1907 2461; baseline 0.003 -19"><span class='ocrx_word' id='word_1_166' title='bbox 264 2400 401 2453; x_wconf 76' lang='lat' dir='ltr'>num,</span> <span class='ocrx_word' id='word_1_167' title='bbox 430 2388 665 2443; x_wconf 80' lang='lat' dir='ltr'>Domine</span> <span class='ocrx_word' id='word_1_168' title='bbox 691 2386 916 2453; x_wconf 79' lang='lat' dir='ltr'>exaudi,</span> <span class='ocrx_word' id='word_1_169' title='bbox 947 2390 1004 2443; x_wconf 91' lang='lat' dir='ltr'>et</span> <span class='ocrx_word' id='word_1_170' title='bbox 1028 2388 1152 2444; x_wconf 87' lang='lat' dir='ltr'>Nisi</span> <span class='ocrx_word' id='word_1_171' title='bbox 1192 2390 1322 2461; x_wconf 84' lang='lat' dir='ltr'>quia</span> <span class='ocrx_word' id='word_1_172' title='bbox 1352 2389 1635 2446; x_wconf 80' lang='lat' dir='ltr'>Dominus.</span> <span class='ocrx_word' id='word_1_173' title='bbox 1668 2392 1752 2446; x_wconf 89' lang='lat' dir='ltr'>Ad</span> <span class='ocrx_word' id='word_1_174' title='bbox 1787 2391 1907 2447; x_wconf 85' lang='lat' dir='ltr'>Ves-</span> 
     </span>
    </p>
   </div>
   <div class='ocr_carea' id='block_1_26' title="bbox 259 2475 1905 2550">
    <p class='ocr_par' dir='ltr' id='par_1_26' title="bbox 259 2475 1905 2550">
     <span class='ocr_line' id='line_1_26' title="bbox 259 2475 1905 2550; baseline 0.002 -19"><span class='ocrx_word' id='word_1_175' title='bbox 259 2490 461 2547; x_wconf 80' lang='lat' dir='ltr'>peram,</span> <span class='ocrx_word' id='word_1_176' title='bbox 495 2475 571 2530; x_wconf 89' lang='lat' dir='ltr'>De</span> <span class='ocrx_word' id='word_1_177' title='bbox 595 2475 911 2548; x_wconf 78' lang='lat' dir='ltr'>profundis,</span> <span class='ocrx_word' id='word_1_178' title='bbox 942 2479 1001 2532; x_wconf 90' lang='lat' dir='ltr'>et</span> <span class='ocrx_word' id='word_1_179' title='bbox 1032 2476 1139 2544; x_wconf 85' lang='lat' dir='ltr'>Qui</span> <span class='ocrx_word' id='word_1_180' title='bbox 1165 2475 1461 2549; x_wconf 85' lang='lat' dir='ltr'>conﬁdunt.</span> <span class='ocrx_word' id='word_1_181' title='bbox 1492 2478 1575 2532; x_wconf 83' lang='lat' dir='ltr'>Ad</span> <span class='ocrx_word' id='word_1_182' title='bbox 1611 2477 1905 2550; x_wconf 83' lang='lat' dir='ltr'>Completo-</span> 
     </span>
    </p>
   </div>
   <div class='ocr_carea' id='block_1_27' title="bbox 263 2565 1909 2637">
    <p class='ocr_par' dir='ltr' id='par_1_27' title="bbox 263 2565 1909 2637">
     <span class='ocr_line' id='line_1_27' title="bbox 263 2565 1909 2637; baseline 0.002 -16"><span class='ocrx_word' id='word_1_183' title='bbox 263 2567 419 2636; x_wconf 87' lang='lat' dir='ltr'>rium,</span> <span class='ocrx_word' id='word_1_184' title='bbox 453 2567 687 2622; x_wconf 81' lang='lat' dir='ltr'>Domine</span> <span class='ocrx_word' id='word_1_185' title='bbox 705 2565 999 2635; x_wconf 73' lang='lat' dir='ltr'>exaudi,2,</span> <span class='ocrx_word' id='word_1_186' title='bbox 1013 2571 1070 2622; x_wconf 88' lang='lat' dir='ltr'>et</span> <span class='ocrx_word' id='word_1_187' title='bbox 1090 2566 1153 2621; x_wconf 86' lang='lat' dir='ltr'>In</span> <span class='ocrx_word' id='word_1_188' title='bbox 1169 2567 1540 2637; x_wconf 83' lang='lat' dir='ltr'>convertenda,</span> <span class='ocrx_word' id='word_1_189' title='bbox 1557 2572 1621 2624; x_wconf 88' lang='lat' dir='ltr'>ut</span> <span class='ocrx_word' id='word_1_190' title='bbox 1642 2568 1909 2626; x_wconf 86' lang='lat' dir='ltr'>videlicet</span> 
     </span>
    </p>
   </div>
   <div class='ocr_carea' id='block_1_28' title="bbox 262 2653 1905 2730">
    <p class='ocr_par' dir='ltr' id='par_1_28' title="bbox 262 2653 1905 2730">
     <span class='ocr_line' id='line_1_28' title="bbox 262 2653 1905 2730; baseline 0.001 -19"><span class='ocrx_word' id='word_1_191' title='bbox 262 2653 821 2730; x_wconf 84' lang='lat' dir='ltr'>persingulashoras</span> <span class='ocrx_word' id='word_1_192' title='bbox 839 2673 993 2711; x_wconf 89' lang='lat' dir='ltr'>unus</span> <span class='ocrx_word' id='word_1_193' title='bbox 1010 2655 1240 2712; x_wconf 90' lang='lat' dir='ltr'>dicatur</span> <span class='ocrx_word' id='word_1_194' title='bbox 1248 2656 1515 2728; x_wconf 89' lang='lat' dir='ltr'>psalmus</span> <span class='ocrx_word' id='word_1_195' title='bbox 1528 2657 1905 2730; x_wconf 76' lang='lat' dir='ltr'>pcenitentize,</span> 
     </span>
    </p>
   </div>
   <div class='ocr_carea' id='block_1_29' title="bbox 262 2744 1910 2818">
    <p class='ocr_par' dir='ltr' id='par_1_29' title="bbox 262 2744 1910 2818">
     <span class='ocr_line' id='line_1_29' title="bbox 262 2744 1910 2818; baseline 0.002 -17"><span class='ocrx_word' id='word_1_196' title='bbox 262 2748 314 2801; x_wconf 86' lang='lat' dir='ltr'>ct</span> <span class='ocrx_word' id='word_1_197' title='bbox 340 2744 487 2804; x_wconf 80' lang='lat' dir='ltr'>alter</span> <span class='ocrx_word' id='word_1_198' title='bbox 517 2745 831 2818; x_wconf 90' lang='lat' dir='ltr'>graduum.</span> <span class='ocrx_word' id='word_1_199' title='bbox 867 2762 980 2818; x_wconf 91' lang='lat' dir='ltr'>quo</span> <span class='ocrx_word' id='word_1_200' title='bbox 1013 2750 1073 2801; x_wconf 89' lang='lat' dir='ltr'>et</span> <span class='ocrx_word' id='word_1_201' title='bbox 1101 2763 1206 2801; x_wconf 89' lang='lat' dir='ltr'>nos</span> <span class='ocrx_word' id='word_1_202' title='bbox 1240 2750 1610 2818; x_wconf 89' lang='lat' dir='ltr'>peccatorum</span> <span class='ocrx_word' id='word_1_203' title='bbox 1662 2748 1910 2805; x_wconf 81' lang='lat' dir='ltr'>nexibus</span> 
     </span>
    </p>
   </div>
   <div class='ocr_carea' id='block_1_30' title="bbox 261 2833 1909 2908">
    <p class='ocr_par' dir='ltr' id='par_1_30' title="bbox 261 2833 1909 2908">
     <span class='ocr_line' id='line_1_30' title="bbox 261 2833 1909 2908; baseline 0.002 -20"><span class='ocrx_word' id='word_1_204' title='bbox 261 2834 467 2908; x_wconf 81' lang='lat' dir='ltr'>expiati</span> <span class='ocrx_word' id='word_1_205' title='bbox 503 2833 791 2890; x_wconf 86' lang='lat' dir='ltr'>virtutum</span> <span class='ocrx_word' id='word_1_206' title='bbox 822 2834 1101 2908; x_wconf 80' lang='lat' dir='ltr'>gradibus</span> <span class='ocrx_word' id='word_1_207' title='bbox 1133 2852 1389 2908; x_wconf 90' lang='lat' dir='ltr'>superna</span> <span class='ocrx_word' id='word_1_208' title='bbox 1437 2837 1815 2905; x_wconf 88' lang='lat' dir='ltr'>scandamus,</span> <span class='ocrx_word' id='word_1_209' title='bbox 1850 2837 1909 2892; x_wconf 91' lang='lat' dir='ltr'>in</span> 
     </span>
    </p>
   </div>
   <div class='ocr_carea' id='block_1_31' title="bbox 260 2923 1911 2998">
    <p class='ocr_par' dir='ltr' id='par_1_31' title="bbox 260 2923 1911 2998">
     <span class='ocr_line' id='line_1_31' title="bbox 260 2923 1911 2998; baseline 0.001 -20"><span class='ocrx_word' id='word_1_210' title='bbox 260 2923 470 2995; x_wconf 88' lang='lat' dir='ltr'>quibus</span> <span class='ocrx_word' id='word_1_211' title='bbox 489 2923 701 2979; x_wconf 87' lang='lat' dir='ltr'>diebus</span> <span class='ocrx_word' id='word_1_212' title='bbox 718 2923 1189 2998; x_wconf 84' lang='lat' dir='ltr'>Quadragesimac</span> <span class='ocrx_word' id='word_1_213' title='bbox 1207 2941 1309 2996; x_wconf 88' lang='lat' dir='ltr'>per</span> <span class='ocrx_word' id='word_1_214' title='bbox 1324 2928 1442 2981; x_wconf 90' lang='lat' dir='ltr'>tres</span> <span class='ocrx_word' id='word_1_215' title='bbox 1457 2924 1679 2997; x_wconf 90' lang='lat' dir='ltr'>priores</span> <span class='ocrx_word' id='word_1_216' title='bbox 1700 2925 1911 2980; x_wconf 87' lang='lat' dir='ltr'>hebdo-</span> 
     </span>
    </p>
   </div>
   <div class='ocr_carea' id='block_1_32' title="bbox 262 3006 1908 3087">
    <p class='ocr_par' dir='ltr' id='par_1_32' title="bbox 262 3006 1908 3087">
     <span class='ocr_line' id='line_1_32' title="bbox 262 3006 1908 3087; baseline 0.001 -19"><span class='ocrx_word' id='word_1_217' title='bbox 262 3012 459 3070; x_wconf 86' lang='lat' dir='ltr'>madas</span> <span class='ocrx_word' id='word_1_218' title='bbox 490 3012 619 3069; x_wconf 81' lang='lat' dir='ltr'>sint</span> <span class='ocrx_word' id='word_1_219' title='bbox 660 3012 854 3081; x_wconf 88' lang='lat' dir='ltr'>irrasi,</span> <span class='ocrx_word' id='word_1_220' title='bbox 886 3014 1183 3070; x_wconf 88' lang='lat' dir='ltr'>mediante</span> <span class='ocrx_word' id='word_1_221' title='bbox 1233 3031 1365 3070; x_wconf 91' lang='lat' dir='ltr'>vero</span> <span class='ocrx_word' id='word_1_222' title='bbox 1415 3006 1908 3087; x_wconf 80' lang='lat' dir='ltr'>quadragesimali</span> 
     </span>
    </p>
   </div>
   <div class='ocr_carea' id='block_1_33' title="bbox 261 3101 1912 3177">
    <p class='ocr_par' dir='ltr' id='par_1_33' title="bbox 261 3101 1912 3177">
     <span class='ocr_line' id='line_1_33' title="bbox 261 3101 1912 3177; baseline 0.001 -20"><span class='ocrx_word' id='word_1_223' title='bbox 261 3105 542 3175; x_wconf 82' lang='lat' dir='ltr'>tempore,</span> <span class='ocrx_word' id='word_1_224' title='bbox 576 3119 791 3158; x_wconf 69' lang='lat' dir='ltr'>rasura:</span> <span class='ocrx_word' id='word_1_225' title='bbox 822 3101 1013 3159; x_wconf 80' lang='lat' dir='ltr'>ofﬁcio</span> <span class='ocrx_word' id='word_1_226' title='bbox 1043 3101 1297 3175; x_wconf 92' lang='lat' dir='ltr'>pilorum</span> <span class='ocrx_word' id='word_1_227' title='bbox 1328 3102 1578 3160; x_wconf 85' lang='lat' dir='ltr'>evellant</span> <span class='ocrx_word' id='word_1_228' title='bbox 1607 3104 1912 3177; x_wconf 80' lang='lat' dir='ltr'>superflui-</span> 
     </span>
    </p>
   </div>
   <div class='ocr_carea' id='block_1_34' title="bbox 264 3194 457 3248">
    <p class='ocr_par' dir='ltr' id='par_1_34' title="bbox 264 3194 457 3248">
     <span class='ocr_line' id='line_1_34' title="bbox 264 3194 457 3248; baseline 0 -2"><span class='ocrx_word' id='word_1_229' title='bbox 264 3194 457 3248; x_wconf 82' lang='lat' dir='ltr'>tatem.</span> 
     </span>
    </p>
   </div>
   <div class='ocr_carea' id='block_1_35' title="bbox 2030 610 3678 682">
    <p class='ocr_par' dir='ltr' id='par_1_35' title="bbox 2030 610 3678 682">
     <span class='ocr_line' id='line_1_35' title="bbox 2030 610 3678 682; baseline 0.007 -18"><span class='ocrx_word' id='word_1_230' title='bbox 2030 610 2260 668; x_wconf 83' lang='lat' dir='ltr'>dicatur</span> <span class='ocrx_word' id='word_1_231' title='bbox 2306 630 2409 669; x_wconf 89' lang='lat' dir='ltr'>nec</span> <span class='ocrx_word' id='word_1_232' title='bbox 2457 616 2720 671; x_wconf 79' lang='lat' dir='ltr'>Dominus</span> <span class='ocrx_word' id='word_1_233' title='bbox 2770 616 3066 682; x_wconf 86' lang='lat' dir='ltr'>vobiscum,</span> <span class='ocrx_word' id='word_1_234' title='bbox 3095 634 3198 672; x_wconf 90' lang='lat' dir='ltr'>nec</span> <span class='ocrx_word' id='word_1_235' title='bbox 3231 617 3415 674; x_wconf 78' lang='lat' dir='ltr'>Gloria</span> <span class='ocrx_word' id='word_1_236' title='bbox 3447 618 3549 675; x_wconf 88' lang='lat' dir='ltr'>tibi</span> <span class='ocrx_word' id='word_1_237' title='bbox 3575 620 3678 675; x_wconf 81' lang='lat' dir='ltr'>De-</span> 
     </span>
    </p>
   </div>
   <div class='ocr_carea' id='block_1_36' title="bbox 2027 701 3681 778">
    <p class='ocr_par' dir='ltr' id='par_1_36' title="bbox 2027 701 3681 778">
     <span class='ocr_line' id='line_1_36' title="bbox 2027 701 3681 778; baseline 0.004 -23"><span class='ocrx_word' id='word_1_238' title='bbox 2027 702 2195 756; x_wconf 85' lang='lat' dir='ltr'>mine.</span> <span class='ocrx_word' id='word_1_239' title='bbox 2230 701 2443 768; x_wconf 86' lang='lat' dir='ltr'>Quinta</span> <span class='ocrx_word' id='word_1_240' title='bbox 2476 703 2619 758; x_wconf 83' lang='lat' dir='ltr'>feria</span> <span class='ocrx_word' id='word_1_241' title='bbox 2647 720 2774 775; x_wconf 68' lang='lat' dir='ltr'>quae</span> <span class='ocrx_word' id='word_1_242' title='bbox 2824 708 2882 760; x_wconf 90' lang='lat' dir='ltr'>et</span> <span class='ocrx_word' id='word_1_243' title='bbox 2930 707 3099 762; x_wconf 61' lang='lat' dir='ltr'>Cinna</span> <span class='ocrx_word' id='word_1_244' title='bbox 3146 705 3378 761; x_wconf 89' lang='lat' dir='ltr'>Domini</span> <span class='ocrx_word' id='word_1_245' title='bbox 3444 707 3681 778; x_wconf 89' lang='lat' dir='ltr'>dicitur,</span> 
     </span>
    </p>
   </div>
   <div class='ocr_carea' id='block_1_37' title="bbox 2029 790 3681 867">
    <p class='ocr_par' dir='ltr' id='par_1_37' title="bbox 2029 790 3681 867">
     <span class='ocr_line' id='line_1_37' title="bbox 2029 790 3681 867; baseline 0.005 -25"><span class='ocrx_word' id='word_1_246' title='bbox 2029 790 2370 845; x_wconf 91' lang='lat' dir='ltr'>nocturnale</span> <span class='ocrx_word' id='word_1_247' title='bbox 2429 791 2693 847; x_wconf 77' lang='lat' dir='ltr'>ofﬁcium</span> <span class='ocrx_word' id='word_1_248' title='bbox 2751 798 2962 865; x_wconf 87' lang='lat' dir='ltr'>agatur</span> <span class='ocrx_word' id='word_1_249' title='bbox 3017 795 3347 850; x_wconf 91' lang='lat' dir='ltr'>secundum</span> <span class='ocrx_word' id='word_1_250' title='bbox 3406 795 3564 867; x_wconf 90' lang='lat' dir='ltr'>quod</span> <span class='ocrx_word' id='word_1_251' title='bbox 3616 796 3681 853; x_wconf 89' lang='lat' dir='ltr'>in</span> 
     </span>
    </p>
   </div>
   <div class='ocr_carea' id='block_1_38' title="bbox 2026 876 3681 955">
    <p class='ocr_par' dir='ltr' id='par_1_38' title="bbox 2026 876 3681 955">
     <span class='ocr_line' id='line_1_38' title="bbox 2026 876 3681 955; baseline 0.005 -24"><span class='ocrx_word' id='word_1_252' title='bbox 2026 876 2371 948; x_wconf 87' lang='lat' dir='ltr'>antiphonio</span> <span class='ocrx_word' id='word_1_253' title='bbox 2402 878 2671 935; x_wconf 87' lang='lat' dir='ltr'>habetur.</span> <span class='ocrx_word' id='word_1_254' title='bbox 2687 881 3097 953; x_wconf 89' lang='lat' dir='ltr'>Comperimus</span> <span class='ocrx_word' id='word_1_255' title='bbox 3118 884 3297 939; x_wconf 88' lang='lat' dir='ltr'>etiam</span> <span class='ocrx_word' id='word_1_256' title='bbox 3320 881 3380 938; x_wconf 92' lang='lat' dir='ltr'>in</span> <span class='ocrx_word' id='word_1_257' title='bbox 3405 900 3681 955; x_wconf 88' lang='lat' dir='ltr'>quorum-</span> 
     </span>
    </p>
   </div>
   <div class='ocr_carea' id='block_1_39' title="bbox 2026 965 3675 1045">
    <p class='ocr_par' dir='ltr' id='par_1_39' title="bbox 2026 965 3675 1045">
     <span class='ocr_line' id='line_1_39' title="bbox 2026 965 3675 1045; baseline 0.007 -27"><span class='ocrx_word' id='word_1_258' title='bbox 2026 965 2161 1019; x_wconf 87' lang='lat' dir='ltr'>dam</span> <span class='ocrx_word' id='word_1_259' title='bbox 2194 965 2599 1037; x_wconf 81' lang='lat' dir='ltr'>religiosorum</span> <span class='ocrx_word' id='word_1_260' title='bbox 2626 969 2889 1025; x_wconf 84' lang='lat' dir='ltr'>ecclesiis</span> <span class='ocrx_word' id='word_1_261' title='bbox 2941 973 3224 1043; x_wconf 90' lang='lat' dir='ltr'>quiddam</span> <span class='ocrx_word' id='word_1_262' title='bbox 3273 972 3419 1043; x_wconf 75' lang='lat' dir='ltr'>fieri,</span> <span class='ocrx_word' id='word_1_263' title='bbox 3456 989 3570 1045; x_wconf 83' lang='lat' dir='ltr'>quo</span> <span class='ocrx_word' id='word_1_264' title='bbox 3602 974 3675 1029; x_wconf 91' lang='lat' dir='ltr'>ad</span> 
     </span>
    </p>
   </div>
   <div class='ocr_carea' id='block_1_40' title="bbox 2024 1052 3674 1131">
    <p class='ocr_par' dir='ltr' id='par_1_40' title="bbox 2024 1052 3674 1131">
     <span class='ocr_line' id='line_1_40' title="bbox 2024 1052 3674 1131; baseline 0.008 -25"><span class='ocrx_word' id='word_1_265' title='bbox 2024 1052 2357 1109; x_wconf 86' lang='lat' dir='ltr'>animarum</span> <span class='ocrx_word' id='word_1_266' title='bbox 2389 1058 2903 1129; x_wconf 85' lang='lat' dir='ltr'>compunctionem</span> <span class='ocrx_word' id='word_1_267' title='bbox 2935 1059 3260 1131; x_wconf 85' lang='lat' dir='ltr'>spiritualis</span> <span class='ocrx_word' id='word_1_268' title='bbox 3282 1060 3363 1115; x_wconf 90' lang='lat' dir='ltr'>rei</span> <span class='ocrx_word' id='word_1_269' title='bbox 3388 1060 3674 1119; x_wconf 89' lang='lat' dir='ltr'>indicium</span> 
     </span>
    </p>
   </div>
   <div class='ocr_carea' id='block_1_41' title="bbox 2023 1145 3677 1221">
    <p class='ocr_par' dir='ltr' id='par_1_41' title="bbox 2023 1145 3677 1221">
     <span class='ocr_line' id='line_1_41' title="bbox 2023 1145 3677 1221; baseline 0.004 -25"><span class='ocrx_word' id='word_1_270' title='bbox 2023 1145 2287 1198; x_wconf 84' lang='lat' dir='ltr'>exortum</span> <span class='ocrx_word' id='word_1_271' title='bbox 2318 1150 2429 1213; x_wconf 89' lang='lat' dir='ltr'>est,</span> <span class='ocrx_word' id='word_1_272' title='bbox 2459 1145 2731 1202; x_wconf 81' lang='lat' dir='ltr'>videlicet</span> <span class='ocrx_word' id='word_1_273' title='bbox 2763 1151 2826 1203; x_wconf 90' lang='lat' dir='ltr'>ut</span> <span class='ocrx_word' id='word_1_274' title='bbox 2848 1153 3079 1220; x_wconf 86' lang='lat' dir='ltr'>peracto</span> <span class='ocrx_word' id='word_1_275' title='bbox 3099 1148 3383 1221; x_wconf 90' lang='lat' dir='ltr'>quidquid</span> <span class='ocrx_word' id='word_1_276' title='bbox 3404 1150 3475 1204; x_wconf 89' lang='lat' dir='ltr'>ad</span> <span class='ocrx_word' id='word_1_277' title='bbox 3500 1151 3677 1206; x_wconf 85' lang='lat' dir='ltr'>canti-</span> 
     </span>
    </p>
   </div>
   <div class='ocr_carea' id='block_1_42' title="bbox 2021 1229 3676 1311">
    <p class='ocr_par' dir='ltr' id='par_1_42' title="bbox 2021 1229 3676 1311">
     <span class='ocr_line' id='line_1_42' title="bbox 2021 1229 3676 1311; baseline 0.005 -26"><span class='ocrx_word' id='word_1_278' title='bbox 2021 1229 2216 1288; x_wconf 86' lang='lat' dir='ltr'>lenam</span> <span class='ocrx_word' id='word_1_279' title='bbox 2247 1233 2406 1289; x_wconf 89' lang='lat' dir='ltr'>illius</span> <span class='ocrx_word' id='word_1_280' title='bbox 2425 1235 2612 1292; x_wconf 89' lang='lat' dir='ltr'>noctis</span> <span class='ocrx_word' id='word_1_281' title='bbox 2630 1237 2905 1309; x_wconf 87' lang='lat' dir='ltr'>pertinet,</span> <span class='ocrx_word' id='word_1_282' title='bbox 2920 1237 3333 1311; x_wconf 88' lang='lat' dir='ltr'>Evangeliique</span> <span class='ocrx_word' id='word_1_283' title='bbox 3354 1238 3676 1311; x_wconf 86' lang='lat' dir='ltr'>antiphona</span> 
     </span>
    </p>
   </div>
   <div class='ocr_carea' id='block_1_43' title="bbox 2022 1321 3672 1397">
    <p class='ocr_par' dir='ltr' id='par_1_43' title="bbox 2022 1321 3672 1397">
     <span class='ocr_line' id='line_1_43' title="bbox 2022 1321 3672 1397; baseline 0.004 -21"><span class='ocrx_word' id='word_1_284' title='bbox 2022 1321 2210 1391; x_wconf 78' lang='lat' dir='ltr'>finita,</span> <span class='ocrx_word' id='word_1_285' title='bbox 2242 1323 2657 1397; x_wconf 59' lang='lat' dir='ltr'>nihilqucjam</span> <span class='ocrx_word' id='word_1_286' title='bbox 2688 1343 2987 1382; x_wconf 90' lang='lat' dir='ltr'>cereorum</span> <span class='ocrx_word' id='word_1_287' title='bbox 3018 1327 3262 1383; x_wconf 87' lang='lat' dir='ltr'>luminis</span> <span class='ocrx_word' id='word_1_288' title='bbox 3312 1332 3672 1396; x_wconf 90' lang='lat' dir='ltr'>remanente,</span> 
     </span>
    </p>
   </div>
   <div class='ocr_carea' id='block_1_44' title="bbox 2022 1409 3676 1488">
    <p class='ocr_par' dir='ltr' id='par_1_44' title="bbox 2022 1409 3676 1488">
     <span class='ocr_line' id='line_1_44' title="bbox 2022 1409 3676 1488; baseline 0.004 -24"><span class='ocrx_word' id='word_1_289' title='bbox 2022 1409 2142 1465; x_wconf 89' lang='lat' dir='ltr'>sint</span> <span class='ocrx_word' id='word_1_290' title='bbox 2172 1412 2287 1467; x_wconf 92' lang='lat' dir='ltr'>duo</span> <span class='ocrx_word' id='word_1_291' title='bbox 2319 1414 2391 1468; x_wconf 91' lang='lat' dir='ltr'>ad</span> <span class='ocrx_word' id='word_1_292' title='bbox 2414 1412 2523 1468; x_wconf 92' lang='lat' dir='ltr'>hoc</span> <span class='ocrx_word' id='word_1_293' title='bbox 2546 1414 2700 1469; x_wconf 90' lang='lat' dir='ltr'>idem</span> <span class='ocrx_word' id='word_1_294' title='bbox 2723 1415 3003 1471; x_wconf 87' lang='lat' dir='ltr'>destinati</span> <span class='ocrx_word' id='word_1_295' title='bbox 3024 1416 3189 1488; x_wconf 90' lang='lat' dir='ltr'>pueri</span> <span class='ocrx_word' id='word_1_296' title='bbox 3212 1416 3269 1471; x_wconf 91' lang='lat' dir='ltr'>in</span> <span class='ocrx_word' id='word_1_297' title='bbox 3290 1417 3492 1471; x_wconf 75' lang='lat' dir='ltr'>dextra</span> <span class='ocrx_word' id='word_1_298' title='bbox 3511 1420 3676 1488; x_wconf 85' lang='lat' dir='ltr'>parte</span> 
     </span>
    </p>
   </div>
   <div class='ocr_carea' id='block_1_45' title="bbox 2021 1499 3675 1579">
    <p class='ocr_par' dir='ltr' id='par_1_45' title="bbox 2021 1499 3675 1579">
     <span class='ocr_line' id='line_1_45' title="bbox 2021 1499 3675 1579; baseline 0.004 -25"><span class='ocrx_word' id='word_1_299' title='bbox 2021 1499 2202 1567; x_wconf 89' lang='lat' dir='ltr'>chori,</span> <span class='ocrx_word' id='word_1_300' title='bbox 2222 1503 2323 1573; x_wconf 89' lang='lat' dir='ltr'>qui</span> <span class='ocrx_word' id='word_1_301' title='bbox 2347 1519 2559 1558; x_wconf 88' lang='lat' dir='ltr'>sonora</span> <span class='ocrx_word' id='word_1_302' title='bbox 2580 1502 2835 1575; x_wconf 82' lang='lat' dir='ltr'>psallunt</span> <span class='ocrx_word' id='word_1_303' title='bbox 2858 1522 2994 1561; x_wconf 89' lang='lat' dir='ltr'>voce</span> <span class='ocrx_word' id='word_1_304' title='bbox 3018 1507 3192 1578; x_wconf 86' lang='lat' dir='ltr'>Kyrie</span> <span class='ocrx_word' id='word_1_305' title='bbox 3211 1504 3675 1579; x_wconf 88' lang='lat' dir='ltr'>cleison,duoque</span> 
     </span>
    </p>
   </div>
   <div class='ocr_carea' id='block_1_46' title="bbox 2022 1587 3677 1668">
    <p class='ocr_par' dir='ltr' id='par_1_46' title="bbox 2022 1587 3677 1668">
     <span class='ocr_line' id='line_1_46' title="bbox 2022 1587 3677 1668; baseline 0.005 -26"><span class='ocrx_word' id='word_1_306' title='bbox 2022 1587 2081 1643; x_wconf 90' lang='lat' dir='ltr'>in</span> <span class='ocrx_word' id='word_1_307' title='bbox 2115 1588 2354 1646; x_wconf 90' lang='lat' dir='ltr'>sinistra</span> <span class='ocrx_word' id='word_1_308' title='bbox 2385 1597 2548 1663; x_wconf 89' lang='lat' dir='ltr'>parte</span> <span class='ocrx_word' id='word_1_309' title='bbox 2580 1591 2876 1661; x_wconf 87' lang='lat' dir='ltr'>similiter,</span> <span class='ocrx_word' id='word_1_310' title='bbox 2908 1594 3010 1667; x_wconf 92' lang='lat' dir='ltr'>qui</span> <span class='ocrx_word' id='word_1_311' title='bbox 3040 1595 3433 1668; x_wconf 89' lang='lat' dir='ltr'>respondeant</span> <span class='ocrx_word' id='word_1_312' title='bbox 3464 1594 3677 1651; x_wconf 85' lang='lat' dir='ltr'>Christe</span> 
     </span>
    </p>
   </div>
   <div class='ocr_carea' id='block_1_47' title="bbox 2018 1678 3673 1757">
    <p class='ocr_par' dir='ltr' id='par_1_47' title="bbox 2018 1678 3673 1757">
     <span class='ocr_line' id='line_1_47' title="bbox 2018 1678 3673 1757; baseline 0.004 -24"><span class='ocrx_word' id='word_1_313' title='bbox 2018 1678 2241 1747; x_wconf 86' lang='lat' dir='ltr'>eleison,</span> <span class='ocrx_word' id='word_1_314' title='bbox 2277 1696 2381 1735; x_wconf 91' lang='lat' dir='ltr'>nec</span> <span class='ocrx_word' id='word_1_315' title='bbox 2421 1698 2535 1736; x_wconf 92' lang='lat' dir='ltr'>non</span> <span class='ocrx_word' id='word_1_316' title='bbox 2586 1686 2643 1737; x_wconf 90' lang='lat' dir='ltr'>ct</span> <span class='ocrx_word' id='word_1_317' title='bbox 2690 1681 2749 1737; x_wconf 91' lang='lat' dir='ltr'>in</span> <span class='ocrx_word' id='word_1_318' title='bbox 2799 1682 3143 1740; x_wconf 87' lang='lat' dir='ltr'>occidentali</span> <span class='ocrx_word' id='word_1_319' title='bbox 3193 1687 3357 1757; x_wconf 90' lang='lat' dir='ltr'>parte</span> <span class='ocrx_word' id='word_1_320' title='bbox 3409 1685 3525 1741; x_wconf 92' lang='lat' dir='ltr'>duo</span> <span class='ocrx_word' id='word_1_321' title='bbox 3572 1684 3673 1757; x_wconf 92' lang='lat' dir='ltr'>qui</span> 
     </span>
    </p>
   </div>
   <div class='ocr_carea' id='block_1_48' title="bbox 2020 1766 3670 1845">
    <p class='ocr_par' dir='ltr' id='par_1_48' title="bbox 2020 1766 3670 1845">
     <span class='ocr_line' id='line_1_48' title="bbox 2020 1766 3670 1845; baseline 0.004 -24"><span class='ocrx_word' id='word_1_322' title='bbox 2020 1766 2218 1823; x_wconf 87' lang='lat' dir='ltr'>dicant</span> <span class='ocrx_word' id='word_1_323' title='bbox 2275 1770 2518 1838; x_wconf 83' lang='lat' dir='ltr'>Domine,</span> <span class='ocrx_word' id='word_1_324' title='bbox 2567 1773 2827 1827; x_wconf 78' lang='lat' dir='ltr'>miserere</span> <span class='ocrx_word' id='word_1_325' title='bbox 2880 1772 3074 1841; x_wconf 85' lang='lat' dir='ltr'>nobis;</span> <span class='ocrx_word' id='word_1_326' title='bbox 3122 1772 3339 1845; x_wconf 89' lang='lat' dir='ltr'>quibus</span> <span class='ocrx_word' id='word_1_327' title='bbox 3398 1772 3670 1845; x_wconf 88' lang='lat' dir='ltr'>peractis,</span> 
     </span>
    </p>
   </div>
   <div class='ocr_carea' id='block_1_49' title="bbox 2023 1858 3672 1929">
    <p class='ocr_par' dir='ltr' id='par_1_49' title="bbox 2023 1858 3672 1929">
     <span class='ocr_line' id='line_1_49' title="bbox 2023 1858 3672 1929; baseline 0.005 -19"><span class='ocrx_word' id='word_1_328' title='bbox 2023 1858 2370 1928; x_wconf 85' lang='lat' dir='ltr'>respondeat</span> <span class='ocrx_word' id='word_1_329' title='bbox 2395 1858 2575 1914; x_wconf 92' lang='lat' dir='ltr'>simul</span> <span class='ocrx_word' id='word_1_330' title='bbox 2618 1860 2809 1915; x_wconf 87' lang='lat' dir='ltr'>omnis</span> <span class='ocrx_word' id='word_1_331' title='bbox 2862 1861 3096 1929; x_wconf 88' lang='lat' dir='ltr'>chorus,</span> <span class='ocrx_word' id='word_1_332' title='bbox 3132 1863 3378 1918; x_wconf 81' lang='lat' dir='ltr'>Christus</span> <span class='ocrx_word' id='word_1_333' title='bbox 3407 1863 3672 1919; x_wconf 78' lang='lat' dir='ltr'>Dominus</span> 
     </span>
    </p>
   </div>
   <div class='ocr_carea' id='block_1_50' title="bbox 2017 1947 3669 2022">
    <p class='ocr_par' dir='ltr' id='par_1_50' title="bbox 2017 1947 3669 2022">
     <span class='ocr_line' id='line_1_50' title="bbox 2017 1947 3669 2022; baseline 0.002 -22"><span class='ocrx_word' id='word_1_334' title='bbox 2017 1947 2193 2016; x_wconf 73' lang='lat' dir='ltr'>fartus</span> <span class='ocrx_word' id='word_1_335' title='bbox 2217 1955 2297 2002; x_wconf 79' lang='lat' dir='ltr'>est</span> <span class='ocrx_word' id='word_1_336' title='bbox 2323 1947 2574 2003; x_wconf 80' lang='lat' dir='ltr'>obediens</span> <span class='ocrx_word' id='word_1_337' title='bbox 2604 1966 2775 2021; x_wconf 87' lang='lat' dir='ltr'>usque</span> <span class='ocrx_word' id='word_1_338' title='bbox 2802 1950 2873 2005; x_wconf 88' lang='lat' dir='ltr'>ad</span> <span class='ocrx_word' id='word_1_339' title='bbox 2921 1958 3167 2006; x_wconf 84' lang='lat' dir='ltr'>mortem.</span> <span class='ocrx_word' id='word_1_340' title='bbox 3202 1950 3450 2006; x_wconf 88' lang='lat' dir='ltr'>Domum</span> <span class='ocrx_word' id='word_1_341' title='bbox 3503 1951 3669 2022; x_wconf 85' lang='lat' dir='ltr'>pueri</span> 
     </span>
    </p>
   </div>
   <div class='ocr_carea' id='block_1_51' title="bbox 2016 2036 3669 2112">
    <p class='ocr_par' dir='ltr' id='par_1_51' title="bbox 2016 2036 3669 2112">
     <span class='ocr_line' id='line_1_51' title="bbox 2016 2036 3669 2112; baseline 0.003 -22"><span class='ocrx_word' id='word_1_342' title='bbox 2016 2036 2357 2092; x_wconf 74' lang='lat' dir='ltr'>dexterioris</span> <span class='ocrx_word' id='word_1_343' title='bbox 2391 2037 2551 2092; x_wconf 80' lang='lat' dir='ltr'>chori</span> <span class='ocrx_word' id='word_1_344' title='bbox 2583 2042 2847 2109; x_wconf 84' lang='lat' dir='ltr'>repetant</span> <span class='ocrx_word' id='word_1_345' title='bbox 2879 2057 3007 2110; x_wconf 72' lang='lat' dir='ltr'>quae</span> <span class='ocrx_word' id='word_1_346' title='bbox 3032 2057 3231 2112; x_wconf 89' lang='lat' dir='ltr'>supra,</span> <span class='ocrx_word' id='word_1_347' title='bbox 3258 2040 3464 2095; x_wconf 85' lang='lat' dir='ltr'>eodem</span> <span class='ocrx_word' id='word_1_348' title='bbox 3496 2040 3669 2095; x_wconf 89' lang='lat' dir='ltr'>modo</span> 
     </span>
    </p>
   </div>
   <div class='ocr_carea' id='block_1_52' title="bbox 2016 2127 3668 2202">
    <p class='ocr_par' dir='ltr' id='par_1_52' title="bbox 2016 2127 3668 2202">
     <span class='ocr_line' id='line_1_52' title="bbox 2016 2127 3668 2202; baseline 0.004 -24"><span class='ocrx_word' id='word_1_349' title='bbox 2016 2141 2130 2195; x_wconf 88' lang='lat' dir='ltr'>quo</span> <span class='ocrx_word' id='word_1_350' title='bbox 2183 2142 2379 2196; x_wconf 90' lang='lat' dir='ltr'>supra,</span> <span class='ocrx_word' id='word_1_351' title='bbox 2430 2144 2735 2199; x_wconf 82' lang='lat' dir='ltr'>usquequo</span> <span class='ocrx_word' id='word_1_352' title='bbox 2793 2127 3007 2183; x_wconf 83' lang='lat' dir='ltr'>chorus</span> <span class='ocrx_word' id='word_1_353' title='bbox 3058 2128 3225 2183; x_wconf 81' lang='lat' dir='ltr'>ﬁniat</span> <span class='ocrx_word' id='word_1_354' title='bbox 3282 2145 3410 2201; x_wconf 64' lang='lat' dir='ltr'>quae</span> <span class='ocrx_word' id='word_1_355' title='bbox 3470 2147 3668 2202; x_wconf 87' lang='lat' dir='ltr'>supra.</span> 
     </span>
    </p>
   </div>
   <div class='ocr_carea' id='block_1_53' title="bbox 2018 2214 3671 2288">
    <p class='ocr_par' dir='ltr' id='par_1_53' title="bbox 2018 2214 3671 2288">
     <span class='ocr_line' id='line_1_53' title="bbox 2018 2214 3671 2288; baseline 0.004 -20"><span class='ocrx_word' id='word_1_356' title='bbox 2018 2214 2294 2286; x_wconf 89' lang='lat' dir='ltr'>Idemque</span> <span class='ocrx_word' id='word_1_357' title='bbox 2312 2214 2481 2270; x_wconf 85' lang='lat' dir='ltr'>tertio</span> <span class='ocrx_word' id='word_1_358' title='bbox 2504 2220 2769 2288; x_wconf 88' lang='lat' dir='ltr'>repetant</span> <span class='ocrx_word' id='word_1_359' title='bbox 2790 2217 2993 2273; x_wconf 91' lang='lat' dir='ltr'>eodem</span> <span class='ocrx_word' id='word_1_360' title='bbox 3016 2218 3239 2275; x_wconf 90' lang='lat' dir='ltr'>ordine.</span> <span class='ocrx_word' id='word_1_361' title='bbox 3256 2218 3479 2284; x_wconf 87' lang='lat' dir='ltr'>Quibus</span> <span class='ocrx_word' id='word_1_362' title='bbox 3502 2218 3671 2275; x_wconf 89' lang='lat' dir='ltr'>tertio</span> 
     </span>
    </p>
   </div>
   <div class='ocr_carea' id='block_1_54' title="bbox 2016 2301 3665 2382">
    <p class='ocr_par' dir='ltr' id='par_1_54' title="bbox 2016 2301 3665 2382">
     <span class='ocr_line' id='line_1_54' title="bbox 2016 2301 3665 2382; baseline 0.005 -27"><span class='ocrx_word' id='word_1_363' title='bbox 2016 2301 2220 2371; x_wconf 83' lang='lat' dir='ltr'>ﬁnitis,</span> <span class='ocrx_word' id='word_1_364' title='bbox 2255 2308 2432 2376; x_wconf 85' lang='lat' dir='ltr'>agant</span> <span class='ocrx_word' id='word_1_365' title='bbox 2462 2306 2671 2362; x_wconf 90' lang='lat' dir='ltr'>tacitas</span> <span class='ocrx_word' id='word_1_366' title='bbox 2700 2307 3006 2379; x_wconf 78' lang='lat' dir='ltr'>genuﬂexo</span> <span class='ocrx_word' id='word_1_367' title='bbox 3038 2324 3199 2364; x_wconf 90' lang='lat' dir='ltr'>more</span> <span class='ocrx_word' id='word_1_368' title='bbox 3230 2307 3403 2365; x_wconf 90' lang='lat' dir='ltr'>solito</span> <span class='ocrx_word' id='word_1_369' title='bbox 3442 2324 3665 2382; x_wconf 89' lang='lat' dir='ltr'>preces.</span> 
     </span>
    </p>
   </div>
   <div class='ocr_carea' id='block_1_55' title="bbox 2017 2392 3669 2458">
    <p class='ocr_par' dir='ltr' id='par_1_55' title="bbox 2017 2392 3669 2458">
     <span class='ocr_line' id='line_1_55' title="bbox 2017 2392 3669 2458; baseline 0.003 -11"><span class='ocrx_word' id='word_1_370' title='bbox 2017 2392 2122 2458; x_wconf 90' lang='lat' dir='ltr'>Qui</span> <span class='ocrx_word' id='word_1_371' title='bbox 2138 2393 2279 2448; x_wconf 91' lang='lat' dir='ltr'>ordo</span> <span class='ocrx_word' id='word_1_372' title='bbox 2297 2394 2477 2449; x_wconf 90' lang='lat' dir='ltr'>trium</span> <span class='ocrx_word' id='word_1_373' title='bbox 2496 2395 2756 2451; x_wconf 87' lang='lat' dir='ltr'>noctium</span> <span class='ocrx_word' id='word_1_374' title='bbox 2771 2396 3422 2453; x_wconf 82' lang='lat' dir='ltr'>uniformiterteneatur</span> <span class='ocrx_word' id='word_1_375' title='bbox 3433 2398 3505 2455; x_wconf 87' lang='lat' dir='ltr'>ab</span> <span class='ocrx_word' id='word_1_376' title='bbox 3521 2396 3669 2454; x_wconf 88' lang='lat' dir='ltr'>illis:</span> 
     </span>
    </p>
   </div>
   <div class='ocr_carea' id='block_1_56' title="bbox 2019 2480 3673 2558">
    <p class='ocr_par' dir='ltr' id='par_1_56' title="bbox 2019 2480 3673 2558">
     <span class='ocr_line' id='line_1_56' title="bbox 2019 2480 3673 2558; baseline 0.007 -24"><span class='ocrx_word' id='word_1_377' title='bbox 2019 2480 2118 2553; x_wconf 92' lang='lat' dir='ltr'>qui</span> <span class='ocrx_word' id='word_1_378' title='bbox 2146 2486 2212 2537; x_wconf 94' lang='lat' dir='ltr'>ut</span> <span class='ocrx_word' id='word_1_379' title='bbox 2243 2499 2372 2538; x_wconf 89' lang='lat' dir='ltr'>reor</span> <span class='ocrx_word' id='word_1_380' title='bbox 2398 2482 2809 2540; x_wconf 73' lang='lat' dir='ltr'>ecclesiastica:</span> <span class='ocrx_word' id='word_1_381' title='bbox 2841 2485 3311 2558; x_wconf 88' lang='lat' dir='ltr'>compunctionis</span> <span class='ocrx_word' id='word_1_382' title='bbox 3342 2504 3488 2544; x_wconf 91' lang='lat' dir='ltr'>usus</span> <span class='ocrx_word' id='word_1_383' title='bbox 3516 2505 3552 2543; x_wconf 87' lang='lat' dir='ltr'>a</span> <span class='ocrx_word' id='word_1_384' title='bbox 3571 2504 3673 2545; x_wconf 84' lang='lat' dir='ltr'>ca-</span> 
     </span>
    </p>
   </div>
   <div class='ocr_carea' id='block_1_57' title="bbox 2018 2569 3674 2645">
    <p class='ocr_par' dir='ltr' id='par_1_57' title="bbox 2018 2569 3674 2645">
     <span class='ocr_line' id='line_1_57' title="bbox 2018 2569 3674 2645; baseline 0.005 -21"><span class='ocrx_word' id='word_1_385' title='bbox 2018 2569 2252 2626; x_wconf 89' lang='lat' dir='ltr'>tholicis</span> <span class='ocrx_word' id='word_1_386' title='bbox 2297 2572 2427 2628; x_wconf 89' lang='lat' dir='ltr'>ideo</span> <span class='ocrx_word' id='word_1_387' title='bbox 2478 2577 2741 2645; x_wconf 89' lang='lat' dir='ltr'>repertus</span> <span class='ocrx_word' id='word_1_388' title='bbox 2789 2577 2899 2642; x_wconf 90' lang='lat' dir='ltr'>est,</span> <span class='ocrx_word' id='word_1_389' title='bbox 2950 2580 3015 2630; x_wconf 91' lang='lat' dir='ltr'>ut</span> <span class='ocrx_word' id='word_1_390' title='bbox 3062 2575 3438 2632; x_wconf 84' lang='lat' dir='ltr'>tenebrarum</span> <span class='ocrx_word' id='word_1_391' title='bbox 3487 2580 3674 2633; x_wconf 89' lang='lat' dir='ltr'>terror</span> 
     </span>
    </p>
   </div>
   <div class='ocr_carea' id='block_1_58' title="bbox 2019 2659 3673 2735">
    <p class='ocr_par' dir='ltr' id='par_1_58' title="bbox 2019 2659 3673 2735">
     <span class='ocr_line' id='line_1_58' title="bbox 2019 2659 3673 2735; baseline 0.005 -23"><span class='ocrx_word' id='word_1_392' title='bbox 2019 2659 2142 2731; x_wconf 87' lang='lat' dir='ltr'>(qui</span> <span class='ocrx_word' id='word_1_393' title='bbox 2161 2659 2522 2732; x_wconf 78' lang='lat' dir='ltr'>tripertitum</span> <span class='ocrx_word' id='word_1_394' title='bbox 2541 2662 2831 2717; x_wconf 92' lang='lat' dir='ltr'>mundum</span> <span class='ocrx_word' id='word_1_395' title='bbox 2854 2662 3161 2718; x_wconf 90' lang='lat' dir='ltr'>Dominica</span> <span class='ocrx_word' id='word_1_396' title='bbox 3176 2664 3448 2735; x_wconf 86' lang='lat' dir='ltr'>passione</span> <span class='ocrx_word' id='word_1_397' title='bbox 3466 2664 3673 2721; x_wconf 90' lang='lat' dir='ltr'>timore</span> 
     </span>
    </p>
   </div>
   <div class='ocr_carea' id='block_1_59' title="bbox 2019 2748 3675 2824">
    <p class='ocr_par' dir='ltr' id='par_1_59' title="bbox 2019 2748 3675 2824">
     <span class='ocr_line' id='line_1_59' title="bbox 2019 2748 3675 2824; baseline 0.004 -21"><span class='ocrx_word' id='word_1_398' title='bbox 2019 2748 2269 2820; x_wconf 90' lang='lat' dir='ltr'>percutit</span> <span class='ocrx_word' id='word_1_399' title='bbox 2284 2749 2564 2818; x_wconf 89' lang='lat' dir='ltr'>insolito),</span> <span class='ocrx_word' id='word_1_400' title='bbox 2580 2768 2647 2806; x_wconf 87' lang='lat' dir='ltr'>ac</span> <span class='ocrx_word' id='word_1_401' title='bbox 2670 2750 3000 2823; x_wconf 69' lang='lat' dir='ltr'>apostolica:</span> <span class='ocrx_word' id='word_1_402' title='bbox 3023 2751 3455 2824; x_wconf 57' lang='lat' dir='ltr'>praedicationis</span> <span class='ocrx_word' id='word_1_403' title='bbox 3476 2770 3675 2811; x_wconf 84' lang='lat' dir='ltr'>conso-</span> 
     </span>
    </p>
   </div>
   <div class='ocr_carea' id='block_1_60' title="bbox 2018 2837 3670 2913">
    <p class='ocr_par' dir='ltr' id='par_1_60' title="bbox 2018 2837 3670 2913">
     <span class='ocr_line' id='line_1_60' title="bbox 2018 2837 3670 2913; baseline 0.004 -21"><span class='ocrx_word' id='word_1_404' title='bbox 2018 2837 2159 2894; x_wconf 86' lang='lat' dir='ltr'>latio</span> <span class='ocrx_word' id='word_1_405' title='bbox 2192 2842 2342 2911; x_wconf 69' lang='lat' dir='ltr'>(qua:</span> <span class='ocrx_word' id='word_1_406' title='bbox 2379 2839 2648 2895; x_wconf 88' lang='lat' dir='ltr'>universo</span> <span class='ocrx_word' id='word_1_407' title='bbox 2681 2840 2902 2895; x_wconf 87' lang='lat' dir='ltr'>mundo</span> <span class='ocrx_word' id='word_1_408' title='bbox 2924 2839 3223 2896; x_wconf 88' lang='lat' dir='ltr'>Christum</span> <span class='ocrx_word' id='word_1_409' title='bbox 3246 2840 3367 2912; x_wconf 87' lang='lat' dir='ltr'>pati</span> <span class='ocrx_word' id='word_1_410' title='bbox 3390 2858 3575 2913; x_wconf 90' lang='lat' dir='ltr'>usque</span> <span class='ocrx_word' id='word_1_411' title='bbox 3597 2844 3670 2898; x_wconf 89' lang='lat' dir='ltr'>ad</span> 
     </span>
    </p>
   </div>
   <div class='ocr_carea' id='block_1_61' title="bbox 2021 2928 3671 3001">
    <p class='ocr_par' dir='ltr' id='par_1_61' title="bbox 2021 2928 3671 3001">
     <span class='ocr_line' id='line_1_61' title="bbox 2021 2928 3671 3001; baseline 0.004 -20"><span class='ocrx_word' id='word_1_412' title='bbox 2021 2932 2266 2982; x_wconf 90' lang='lat' dir='ltr'>mortem</span> <span class='ocrx_word' id='word_1_413' title='bbox 2299 2945 2401 3000; x_wconf 92' lang='lat' dir='ltr'>pro</span> <span class='ocrx_word' id='word_1_414' title='bbox 2432 2928 2663 3001; x_wconf 85' lang='lat' dir='ltr'>generis</span> <span class='ocrx_word' id='word_1_415' title='bbox 2695 2929 2966 2986; x_wconf 73' lang='lat' dir='ltr'>humana:</span> <span class='ocrx_word' id='word_1_416' title='bbox 2990 2928 3178 2985; x_wconf 89' lang='lat' dir='ltr'>salute</span> <span class='ocrx_word' id='word_1_417' title='bbox 3201 2930 3567 2987; x_wconf 87' lang='lat' dir='ltr'>obedientem</span> <span class='ocrx_word' id='word_1_418' title='bbox 3590 2948 3671 2987; x_wconf 91' lang='lat' dir='ltr'>re-</span> 
     </span>
    </p>
   </div>
   <div class='ocr_carea' id='block_1_62' title="bbox 2017 3016 3667 3095">
    <p class='ocr_par' dir='ltr' id='par_1_62' title="bbox 2017 3016 3667 3095">
     <span class='ocr_line' id='line_1_62' title="bbox 2017 3016 3667 3095; baseline 0.004 -24"><span class='ocrx_word' id='word_1_419' title='bbox 2017 3016 2327 3087; x_wconf 88' lang='lat' dir='ltr'>velaverat)</span> <span class='ocrx_word' id='word_1_420' title='bbox 2388 3017 2870 3075; x_wconf 82' lang='lat' dir='ltr'>manifestissime</span> <span class='ocrx_word' id='word_1_421' title='bbox 2928 3018 3292 3091; x_wconf 89' lang='lat' dir='ltr'>designetur.</span> <span class='ocrx_word' id='word_1_422' title='bbox 3349 3019 3480 3075; x_wconf 67' lang='lat' dir='ltr'>Haec</span> <span class='ocrx_word' id='word_1_423' title='bbox 3530 3036 3667 3095; x_wconf 88' lang='lat' dir='ltr'>ergo</span> 
     </span>
    </p>
   </div>
   <div class='ocr_carea' id='block_1_63' title="bbox 2006 3105 3670 3182">
    <p class='ocr_par' dir='ltr' id='par_1_63' title="bbox 2006 3105 3670 3182">
     <span class='ocr_line' id='line_1_63' title="bbox 2006 3105 3670 3182; baseline 0.004 -22"><span class='ocrx_word' id='word_1_424' title='bbox 2006 3105 2332 3161; x_wconf 66' lang='lat' dir='ltr'>inserenda</span> <span class='ocrx_word' id='word_1_425' title='bbox 2361 3107 2722 3176; x_wconf 89' lang='lat' dir='ltr'>censuimus,</span> <span class='ocrx_word' id='word_1_426' title='bbox 2743 3114 2809 3163; x_wconf 92' lang='lat' dir='ltr'>ut</span> <span class='ocrx_word' id='word_1_427' title='bbox 2830 3108 2878 3162; x_wconf 90' lang='lat' dir='ltr'>si</span> <span class='ocrx_word' id='word_1_428' title='bbox 2897 3108 3115 3181; x_wconf 88' lang='lat' dir='ltr'>quibus</span> <span class='ocrx_word' id='word_1_429' title='bbox 3137 3108 3460 3165; x_wconf 87' lang='lat' dir='ltr'>devotionis</span> <span class='ocrx_word' id='word_1_430' title='bbox 3481 3110 3670 3182; x_wconf 87' lang='lat' dir='ltr'>gratia</span> 
     </span>
    </p>
   </div>
   <div class='ocr_carea' id='block_1_64' title="bbox 2020 3193 3668 3272">
    <p class='ocr_par' dir='ltr' id='par_1_64' title="bbox 2020 3193 3668 3272">
     <span class='ocr_line' id='line_1_64' title="bbox 2020 3193 3668 3272; baseline 0.004 -22"><span class='ocrx_word' id='word_1_431' title='bbox 2020 3193 2504 3267; x_wconf 86' lang='lat' dir='ltr'>complacuerint,</span> <span class='ocrx_word' id='word_1_432' title='bbox 2534 3196 2788 3252; x_wconf 87' lang='lat' dir='ltr'>habeant</span> <span class='ocrx_word' id='word_1_433' title='bbox 2816 3196 2875 3253; x_wconf 91' lang='lat' dir='ltr'>in</span> <span class='ocrx_word' id='word_1_434' title='bbox 2906 3196 2999 3253; x_wconf 91' lang='lat' dir='ltr'>his</span> <span class='ocrx_word' id='word_1_435' title='bbox 3022 3199 3178 3253; x_wconf 89' lang='lat' dir='ltr'>unde</span> <span class='ocrx_word' id='word_1_436' title='bbox 3198 3198 3378 3270; x_wconf 87' lang='lat' dir='ltr'>hujus</span> <span class='ocrx_word' id='word_1_437' title='bbox 3400 3199 3479 3254; x_wconf 91' lang='lat' dir='ltr'>rei</span> <span class='ocrx_word' id='word_1_438' title='bbox 3505 3198 3668 3272; x_wconf 43' lang='lat' dir='ltr'>igna‘</span> 
     </span>
    </p>
   </div>
   <div class='ocr_carea' id='block_1_65' title="bbox 324 3269 3670 3361">
    <p class='ocr_par' dir='ltr' id='par_1_65' title="bbox 324 3269 3670 3361">
     <span class='ocr_line' id='line_1_65' title="bbox 324 3269 3670 3361; baseline 0.002 -25"><span class='ocrx_word' id='word_1_439' title='bbox 324 3280 638 3339; x_wconf 89' lang='lat' dir='ltr'>Dominica</span> <span class='ocrx_word' id='word_1_440' title='bbox 668 3280 759 3337; x_wconf 87' lang='lat' dir='ltr'>die</span> <span class='ocrx_word' id='word_1_441' title='bbox 791 3279 1145 3350; x_wconf 84' lang='lat' dir='ltr'>Palmarum,</span> <span class='ocrx_word' id='word_1_442' title='bbox 1180 3281 1321 3356; x_wconf 89' lang='lat' dir='ltr'>quia</span> <span class='ocrx_word' id='word_1_443' title='bbox 1351 3283 1539 3354; x_wconf 88' lang='lat' dir='ltr'>major</span> <span class='ocrx_word' id='word_1_444' title='bbox 1567 3287 1750 3339; x_wconf 88' lang='lat' dir='ltr'>restat</span> <span class='ocrx_word' id='word_1_445' title='bbox 1777 3300 1909 3356; x_wconf 87' lang='lat' dir='ltr'>pro-</span> <span class='ocrx_word' id='word_1_446' title='bbox 1939 3269 1983 3339; x_wconf 89' lang='lat' dir='ltr'>C</span> <span class='ocrx_word' id='word_1_447' title='bbox 2023 3300 2118 3339; x_wconf 91' lang='lat' dir='ltr'>ros</span> <span class='ocrx_word' id='word_1_448' title='bbox 2141 3283 2465 3352; x_wconf 87' lang='lat' dir='ltr'>instruant;</span> <span class='ocrx_word' id='word_1_449' title='bbox 2486 3284 2586 3356; x_wconf 91' lang='lat' dir='ltr'>qui</span> <span class='ocrx_word' id='word_1_450' title='bbox 2607 3290 2806 3342; x_wconf 90' lang='lat' dir='ltr'>autem</span> <span class='ocrx_word' id='word_1_451' title='bbox 2829 3286 3140 3357; x_wconf 89' lang='lat' dir='ltr'>noluerint,</span> <span class='ocrx_word' id='word_1_452' title='bbox 3156 3287 3229 3342; x_wconf 89' lang='lat' dir='ltr'>ad</span> <span class='ocrx_word' id='word_1_453' title='bbox 3246 3269 3354 3343; x_wconf 89' lang='lat' dir='ltr'>hoc</span> <span class='ocrx_word' id='word_1_454' title='bbox 3376 3269 3670 3361; x_wconf 81' lang='lat' dir='ltr'>agendum</span> 
     </span>
    </p>
   </div>
   <div class='ocr_carea' id='block_1_66' title="bbox 262 3369 1910 3445">
    <p class='ocr_par' dir='ltr' id='par_1_66' title="bbox 262 3369 1910 3445">
     <span class='ocr_line' id='line_1_66' title="bbox 262 3369 1910 3445; baseline 0.001 -20"><span class='ocrx_word' id='word_1_455' title='bbox 262 3370 439 3426; x_wconf 88' lang='lat' dir='ltr'>cessio</span> <span class='ocrx_word' id='word_1_456' title='bbox 470 3371 725 3443; x_wconf 85' lang='lat' dir='ltr'>agenda,</span> <span class='ocrx_word' id='word_1_457' title='bbox 746 3369 849 3427; x_wconf 91' lang='lat' dir='ltr'>illa</span> <span class='ocrx_word' id='word_1_458' title='bbox 877 3388 1006 3444; x_wconf 73' lang='lat' dir='ltr'>qua:</span> <span class='ocrx_word' id='word_1_459' title='bbox 1027 3371 1174 3429; x_wconf 90' lang='lat' dir='ltr'>solet</span> <span class='ocrx_word' id='word_1_460' title='bbox 1194 3371 1255 3427; x_wconf 88' lang='lat' dir='ltr'>in</span> <span class='ocrx_word' id='word_1_461' title='bbox 1278 3370 1535 3428; x_wconf 85' lang='lat' dir='ltr'>claustro</span> <span class='ocrx_word' id='word_1_462' title='bbox 1558 3372 1649 3445; x_wconf 86' lang='lat' dir='ltr'>agi</span> <span class='ocrx_word' id='word_1_463' title='bbox 1674 3372 1910 3427; x_wconf 87' lang='lat' dir='ltr'>interim</span> 
     </span>
    </p>
   </div>
   <div class='ocr_carea' id='block_1_67' title="bbox 261 3458 1912 3533">
    <p class='ocr_par' dir='ltr' id='par_1_67' title="bbox 261 3458 1912 3533">
     <span class='ocr_line' id='line_1_67' title="bbox 261 3458 1912 3533; baseline 0.001 -18"><span class='ocrx_word' id='word_1_464' title='bbox 261 3460 394 3515; x_wconf 88' lang='lat' dir='ltr'>dum</span> <span class='ocrx_word' id='word_1_465' title='bbox 426 3458 801 3516; x_wconf 85' lang='lat' dir='ltr'>matutinalis</span> <span class='ocrx_word' id='word_1_466' title='bbox 832 3460 1016 3516; x_wconf 89' lang='lat' dir='ltr'>missa</span> <span class='ocrx_word' id='word_1_467' title='bbox 1046 3461 1298 3529; x_wconf 88' lang='lat' dir='ltr'>canitur,</span> <span class='ocrx_word' id='word_1_468' title='bbox 1332 3464 1539 3533; x_wconf 85' lang='lat' dir='ltr'>agatur</span> <span class='ocrx_word' id='word_1_469' title='bbox 1558 3477 1592 3516; x_wconf 86' lang='lat' dir='ltr'>a</span> <span class='ocrx_word' id='word_1_470' title='bbox 1612 3461 1912 3517; x_wconf 89' lang='lat' dir='ltr'>sacerdote</span> 
     </span>
    </p>
   </div>
   <div class='ocr_carea' id='block_1_68' title="bbox 262 3550 1907 3622">
    <p class='ocr_par' dir='ltr' id='par_1_68' title="bbox 262 3550 1907 3622">
     <span class='ocr_line' id='line_1_68' title="bbox 262 3550 1907 3622; baseline 0 -18"><span class='ocrx_word' id='word_1_471' title='bbox 262 3552 490 3605; x_wconf 87' lang='lat' dir='ltr'>tantum</span> <span class='ocrx_word' id='word_1_472' title='bbox 536 3550 1011 3622; x_wconf 87' lang='lat' dir='ltr'>conspersionem</span> <span class='ocrx_word' id='word_1_473' title='bbox 1060 3554 1117 3606; x_wconf 92' lang='lat' dir='ltr'>et</span> <span class='ocrx_word' id='word_1_474' title='bbox 1164 3550 1630 3606; x_wconf 89' lang='lat' dir='ltr'>benedictionem</span> <span class='ocrx_word' id='word_1_475' title='bbox 1680 3554 1907 3621; x_wconf 87' lang='lat' dir='ltr'>agente.</span> 
     </span>
    </p>
   </div>
   <div class='ocr_carea' id='block_1_69' title="bbox 261 3637 1911 3713">
    <p class='ocr_par' dir='ltr' id='par_1_69' title="bbox 261 3637 1911 3713">
     <span class='ocr_line' id='line_1_69' title="bbox 261 3637 1911 3713; baseline 0.001 -20"><span class='ocrx_word' id='word_1_476' title='bbox 261 3637 444 3695; x_wconf 87' lang='lat' dir='ltr'>Finita</span> <span class='ocrx_word' id='word_1_477' title='bbox 476 3637 587 3693; x_wconf 85' lang='lat' dir='ltr'>illa</span> <span class='ocrx_word' id='word_1_478' title='bbox 612 3638 815 3708; x_wconf 89' lang='lat' dir='ltr'>missa;</span> <span class='ocrx_word' id='word_1_479' title='bbox 837 3638 1162 3713; x_wconf 86' lang='lat' dir='ltr'>agaturilla</span> <span class='ocrx_word' id='word_1_480' title='bbox 1178 3640 1366 3711; x_wconf 82' lang='lat' dir='ltr'>major</span> <span class='ocrx_word' id='word_1_481' title='bbox 1380 3640 1672 3711; x_wconf 75' lang='lat' dir='ltr'>processio</span> <span class='ocrx_word' id='word_1_482' title='bbox 1690 3640 1748 3694; x_wconf 92' lang='lat' dir='ltr'>in</span> <span class='ocrx_word' id='word_1_483' title='bbox 1773 3657 1911 3711; x_wconf 90' lang='lat' dir='ltr'>qua,</span> 
     </span>
    </p>
   </div>
   <div class='ocr_carea' id='block_1_70' title="bbox 259 3718 1908 3801">
    <p class='ocr_par' dir='ltr' id='par_1_70' title="bbox 259 3718 1908 3801">
     <span class='ocr_line' id='line_1_70' title="bbox 259 3718 1908 3801; baseline 0.001 -20"><span class='ocrx_word' id='word_1_484' title='bbox 259 3726 405 3783; x_wconf 86' lang='lat' dir='ltr'>sicut</span> <span class='ocrx_word' id='word_1_485' title='bbox 436 3728 503 3783; x_wconf 86' lang='lat' dir='ltr'>in</span> <span class='ocrx_word' id='word_1_486' title='bbox 538 3727 716 3800; x_wconf 91' lang='lat' dir='ltr'>priori</span> <span class='ocrx_word' id='word_1_487' title='bbox 750 3728 1007 3784; x_wconf 82' lang='lat' dir='ltr'>diximus</span> <span class='ocrx_word' id='word_1_488' title='bbox 1047 3718 1466 3801; x_wconf 71' lang='lat' dir='ltr'>agenduin,ita</span> <span class='ocrx_word' id='word_1_489' title='bbox 1485 3727 1776 3801; x_wconf 84' lang='lat' dir='ltr'>agatur,id</span> <span class='ocrx_word' id='word_1_490' title='bbox 1799 3732 1908 3795; x_wconf 87' lang='lat' dir='ltr'>est,</span> 
     </span>
    </p>
   </div>
   <div class='ocr_carea' id='block_1_71' title="bbox 260 3814 1912 3890">
    <p class='ocr_par' dir='ltr' id='par_1_71' title="bbox 260 3814 1912 3890">
     <span class='ocr_line' id='line_1_71' title="bbox 260 3814 1912 3890; baseline 0.002 -21"><span class='ocrx_word' id='word_1_491' title='bbox 260 3819 320 3870; x_wconf 88' lang='lat' dir='ltr'>ut</span> <span class='ocrx_word' id='word_1_492' title='bbox 346 3817 420 3872; x_wconf 89' lang='lat' dir='ltr'>ad</span> <span class='ocrx_word' id='word_1_493' title='bbox 450 3814 624 3872; x_wconf 89' lang='lat' dir='ltr'>illam</span> <span class='ocrx_word' id='word_1_494' title='bbox 653 3815 962 3872; x_wconf 87' lang='lat' dir='ltr'>ecclesiam</span> <span class='ocrx_word' id='word_1_495' title='bbox 994 3818 1092 3873; x_wconf 90' lang='lat' dir='ltr'>ubi</span> <span class='ocrx_word' id='word_1_496' title='bbox 1126 3817 1334 3890; x_wconf 79' lang='lat' dir='ltr'>palma:</span> <span class='ocrx_word' id='word_1_497' title='bbox 1369 3821 1509 3873; x_wconf 91' lang='lat' dir='ltr'>sunt</span> <span class='ocrx_word' id='word_1_498' title='bbox 1538 3817 1648 3872; x_wconf 91' lang='lat' dir='ltr'>sub</span> <span class='ocrx_word' id='word_1_499' title='bbox 1678 3815 1912 3873; x_wconf 91' lang='lat' dir='ltr'>silentio</span> 
     </span>
    </p>
   </div>
   <div class='ocr_carea' id='block_1_72' title="bbox 261 3904 1914 3978">
    <p class='ocr_par' dir='ltr' id='par_1_72' title="bbox 261 3904 1914 3978">
     <span class='ocr_line' id='line_1_72' title="bbox 261 3904 1914 3978; baseline 0.001 -19"><span class='ocrx_word' id='word_1_500' title='bbox 261 3904 581 3962; x_wconf 89' lang='lat' dir='ltr'>ordinatim</span> <span class='ocrx_word' id='word_1_501' title='bbox 629 3909 766 3961; x_wconf 88' lang='lat' dir='ltr'>eant</span> <span class='ocrx_word' id='word_1_502' title='bbox 811 3905 993 3961; x_wconf 87' lang='lat' dir='ltr'>dediti</span> <span class='ocrx_word' id='word_1_503' title='bbox 1049 3905 1384 3978; x_wconf 79' lang='lat' dir='ltr'>psalmodiae</span> <span class='ocrx_word' id='word_1_504' title='bbox 1434 3922 1659 3975; x_wconf 90' lang='lat' dir='ltr'>omnes,</span> <span class='ocrx_word' id='word_1_505' title='bbox 1694 3906 1743 3962; x_wconf 92' lang='lat' dir='ltr'>si</span> <span class='ocrx_word' id='word_1_506' title='bbox 1789 3905 1914 3962; x_wconf 81' lang='lat' dir='ltr'>fieri</span> 
     </span>
    </p>
   </div>
   <div class='ocr_carea' id='block_1_73' title="bbox 258 3993 1912 4067">
    <p class='ocr_par' dir='ltr' id='par_1_73' title="bbox 258 3993 1912 4067">
     <span class='ocr_line' id='line_1_73' title="bbox 258 3993 1912 4067; baseline 0.001 -19"><span class='ocrx_word' id='word_1_507' title='bbox 258 3998 465 4065; x_wconf 88' lang='lat' dir='ltr'>potest,</span> <span class='ocrx_word' id='word_1_508' title='bbox 499 3998 563 4049; x_wconf 87' lang='lat' dir='ltr'>et</span> <span class='ocrx_word' id='word_1_509' title='bbox 590 3994 736 4049; x_wconf 89' lang='lat' dir='ltr'>hora</span> <span class='ocrx_word' id='word_1_510' title='bbox 779 3994 1131 4065; x_wconf 90' lang='lat' dir='ltr'>permiserit,</span> <span class='ocrx_word' id='word_1_511' title='bbox 1166 3993 1315 4049; x_wconf 89' lang='lat' dir='ltr'>albis</span> <span class='ocrx_word' id='word_1_512' title='bbox 1367 3994 1577 4063; x_wconf 90' lang='lat' dir='ltr'>induti,</span> <span class='ocrx_word' id='word_1_513' title='bbox 1613 4011 1727 4067; x_wconf 91' lang='lat' dir='ltr'>quo</span> <span class='ocrx_word' id='word_1_514' title='bbox 1777 4012 1912 4050; x_wconf 91' lang='lat' dir='ltr'>cum</span> 
     </span>
    </p>
   </div>
   <div class='ocr_carea' id='block_1_74' title="bbox 260 4082 1912 4157">
    <p class='ocr_par' dir='ltr' id='par_1_74' title="bbox 260 4082 1912 4157">
     <span class='ocr_line' id='line_1_74' title="bbox 260 4082 1912 4157; baseline 0.001 -18"><span class='ocrx_word' id='word_1_515' title='bbox 260 4082 633 4154; x_wconf 84' lang='lat' dir='ltr'>pervenerint</span> <span class='ocrx_word' id='word_1_516' title='bbox 661 4085 840 4157; x_wconf 82' lang='lat' dir='ltr'>agant</span> <span class='ocrx_word' id='word_1_517' title='bbox 860 4083 1185 4139; x_wconf 90' lang='lat' dir='ltr'>orationem</span> <span class='ocrx_word' id='word_1_518' title='bbox 1230 4083 1418 4155; x_wconf 84' lang='lat' dir='ltr'>ipsius</span> <span class='ocrx_word' id='word_1_519' title='bbox 1467 4083 1653 4139; x_wconf 89' lang='lat' dir='ltr'>sancti</span> <span class='ocrx_word' id='word_1_520' title='bbox 1705 4083 1912 4156; x_wconf 90' lang='lat' dir='ltr'>implo-</span> 
     </span>
    </p>
   </div>
   <div class='ocr_carea' id='block_1_75' title="bbox 259 4171 1917 4242">
    <p class='ocr_par' dir='ltr' id='par_1_75' title="bbox 259 4171 1917 4242">
     <span class='ocr_line' id='line_1_75' title="bbox 259 4171 1917 4242; baseline 0.002 -15"><span class='ocrx_word' id='word_1_521' title='bbox 259 4176 451 4230; x_wconf 84' lang='lat' dir='ltr'>rantes</span> <span class='ocrx_word' id='word_1_522' title='bbox 484 4171 693 4231; x_wconf 83' lang='lat' dir='ltr'>auxilii</span> <span class='ocrx_word' id='word_1_523' title='bbox 724 4171 1223 4242; x_wconf 89' lang='lat' dir='ltr'>intercessionem,</span> <span class='ocrx_word' id='word_1_524' title='bbox 1248 4173 1341 4228; x_wconf 93' lang='lat' dir='ltr'>cui</span> <span class='ocrx_word' id='word_1_525' title='bbox 1373 4172 1619 4229; x_wconf 90' lang='lat' dir='ltr'>ecclesia</span> <span class='ocrx_word' id='word_1_526' title='bbox 1649 4174 1917 4230; x_wconf 86' lang='lat' dir='ltr'>dedicata</span> 
     </span>
    </p>
   </div>
   <div class='ocr_carea' id='block_1_76' title="bbox 260 4261 1913 4336">
    <p class='ocr_par' dir='ltr' id='par_1_76' title="bbox 260 4261 1913 4336">
     <span class='ocr_line' id='line_1_76' title="bbox 260 4261 1913 4336; baseline 0.001 -19"><span class='ocrx_word' id='word_1_527' title='bbox 260 4266 363 4318; x_wconf 87' lang='lat' dir='ltr'>est.</span> <span class='ocrx_word' id='word_1_528' title='bbox 396 4261 601 4320; x_wconf 84' lang='lat' dir='ltr'>Finita</span> <span class='ocrx_word' id='word_1_529' title='bbox 629 4262 909 4331; x_wconf 88' lang='lat' dir='ltr'>oratione,</span> <span class='ocrx_word' id='word_1_530' title='bbox 935 4279 970 4318; x_wconf 90' lang='lat' dir='ltr'>a</span> <span class='ocrx_word' id='word_1_531' title='bbox 999 4262 1246 4318; x_wconf 87' lang='lat' dir='ltr'>diacono</span> <span class='ocrx_word' id='word_1_532' title='bbox 1278 4262 1507 4336; x_wconf 88' lang='lat' dir='ltr'>legatur</span> <span class='ocrx_word' id='word_1_533' title='bbox 1534 4262 1913 4336; x_wconf 87' lang='lat' dir='ltr'>Evangelium</span> 
     </span>
    </p>
   </div>
   <div class='ocr_carea' id='block_1_77' title="bbox 264 4348 1911 4426">
    <p class='ocr_par' dir='ltr' id='par_1_77' title="bbox 264 4348 1911 4426">
     <span class='ocr_line' id='line_1_77' title="bbox 264 4348 1911 4426; baseline 0.001 -19"><span class='ocrx_word' id='word_1_534' title='bbox 264 4348 435 4410; x_wconf 85' lang='lat' dir='ltr'>Turba</span> <span class='ocrx_word' id='word_1_535' title='bbox 464 4353 671 4422; x_wconf 87' lang='lat' dir='ltr'>multa,</span> <span class='ocrx_word' id='word_1_536' title='bbox 704 4369 891 4425; x_wconf 90' lang='lat' dir='ltr'>usque</span> <span class='ocrx_word' id='word_1_537' title='bbox 918 4352 1156 4409; x_wconf 86' lang='lat' dir='ltr'>mundus</span> <span class='ocrx_word' id='word_1_538' title='bbox 1187 4361 1325 4410; x_wconf 85' lang='lat' dir='ltr'>totus</span> <span class='ocrx_word' id='word_1_539' title='bbox 1360 4362 1482 4426; x_wconf 86' lang='lat' dir='ltr'>post</span> <span class='ocrx_word' id='word_1_540' title='bbox 1530 4356 1711 4426; x_wconf 85' lang='lat' dir='ltr'>ipsum</span> <span class='ocrx_word' id='word_1_541' title='bbox 1755 4354 1911 4422; x_wconf 86' lang='lat' dir='ltr'>abiit,</span> 
     </span>
    </p>
   </div>
   <div class='ocr_carea' id='block_1_78' title="bbox 260 4440 1915 4515">
    <p class='ocr_par' dir='ltr' id='par_1_78' title="bbox 260 4440 1915 4515">
     <span class='ocr_line' id='line_1_78' title="bbox 260 4440 1915 4515; baseline 0.001 -19"><span class='ocrx_word' id='word_1_542' title='bbox 260 4442 410 4512; x_wconf 88' lang='lat' dir='ltr'>quod</span> <span class='ocrx_word' id='word_1_543' title='bbox 454 4445 746 4515; x_wconf 88' lang='lat' dir='ltr'>sequatur</span> <span class='ocrx_word' id='word_1_544' title='bbox 792 4440 1124 4497; x_wconf 87' lang='lat' dir='ltr'>benedictio</span> <span class='ocrx_word' id='word_1_545' title='bbox 1170 4441 1539 4513; x_wconf 89' lang='lat' dir='ltr'>palmarum;</span> <span class='ocrx_word' id='word_1_546' title='bbox 1575 4446 1706 4514; x_wconf 90' lang='lat' dir='ltr'>post</span> <span class='ocrx_word' id='word_1_547' title='bbox 1735 4442 1915 4498; x_wconf 91' lang='lat' dir='ltr'>bene-</span> 
     </span>
    </p>
   </div>
   <div class='ocr_carea' id='block_1_79' title="bbox 259 4527 1918 4604">
    <p class='ocr_par' dir='ltr' id='par_1_79' title="bbox 259 4527 1918 4604">
     <span class='ocr_line' id='line_1_79' title="bbox 259 4527 1918 4604; baseline 0.003 -21"><span class='ocrx_word' id='word_1_548' title='bbox 259 4527 586 4587; x_wconf 89' lang='lat' dir='ltr'>dictionem</span> <span class='ocrx_word' id='word_1_549' title='bbox 619 4533 1006 4603; x_wconf 86' lang='lat' dir='ltr'>aspergantur</span> <span class='ocrx_word' id='word_1_550' title='bbox 1036 4531 1345 4587; x_wconf 89' lang='lat' dir='ltr'>benedicta</span> <span class='ocrx_word' id='word_1_551' title='bbox 1365 4548 1536 4604; x_wconf 90' lang='lat' dir='ltr'>aqua,</span> <span class='ocrx_word' id='word_1_552' title='bbox 1561 4535 1619 4586; x_wconf 89' lang='lat' dir='ltr'>et</span> <span class='ocrx_word' id='word_1_553' title='bbox 1638 4531 1778 4587; x_wconf 91' lang='lat' dir='ltr'>tbus</span> <span class='ocrx_word' id='word_1_554' title='bbox 1800 4548 1918 4588; x_wconf 89' lang='lat' dir='ltr'>cre-</span> 
     </span>
    </p>
   </div>
   <div class='ocr_carea' id='block_1_80' title="bbox 2022 3373 2744 3445">
    <p class='ocr_par' dir='ltr' id='par_1_80' title="bbox 2022 3373 2744 3445">
     <span class='ocr_line' id='line_1_80' title="bbox 2022 3373 2744 3445; baseline 0.006 -19"><span class='ocrx_word' id='word_1_555' title='bbox 2022 3373 2265 3428; x_wconf 89' lang='lat' dir='ltr'>minime</span> <span class='ocrx_word' id='word_1_556' title='bbox 2296 3373 2744 3445; x_wconf 87' lang='lat' dir='ltr'>compellantur.</span> 
     </span>
    </p>
   </div>
   <div class='ocr_carea' id='block_1_81' title="bbox 2092 3462 3672 3537">
    <p class='ocr_par' dir='ltr' id='par_1_81' title="bbox 2092 3462 3672 3537">
     <span class='ocr_line' id='line_1_81' title="bbox 2092 3462 3672 3537; baseline 0.005 -21"><span class='ocrx_word' id='word_1_557' title='bbox 2092 3462 2155 3516; x_wconf 93' lang='lat' dir='ltr'>In</span> <span class='ocrx_word' id='word_1_558' title='bbox 2170 3479 2420 3534; x_wconf 90' lang='lat' dir='ltr'>quarum</span> <span class='ocrx_word' id='word_1_559' title='bbox 2436 3462 2694 3519; x_wconf 88' lang='lat' dir='ltr'>noctium</span> <span class='ocrx_word' id='word_1_560' title='bbox 2710 3464 3096 3537; x_wconf 82' lang='lat' dir='ltr'>sequentibus</span> <span class='ocrx_word' id='word_1_561' title='bbox 3113 3465 3320 3522; x_wconf 91' lang='lat' dir='ltr'>diebus</span> <span class='ocrx_word' id='word_1_562' title='bbox 3343 3467 3415 3522; x_wconf 90' lang='lat' dir='ltr'>ad</span> <span class='ocrx_word' id='word_1_563' title='bbox 3438 3466 3672 3524; x_wconf 89' lang='lat' dir='ltr'>nullum</span> 
     </span>
    </p>
   </div>
   <div class='ocr_carea' id='block_1_82' title="bbox 2021 3551 3672 3627">
    <p class='ocr_par' dir='ltr' id='par_1_82' title="bbox 2021 3551 3672 3627">
     <span class='ocr_line' id='line_1_82' title="bbox 2021 3551 3672 3627; baseline 0.005 -20"><span class='ocrx_word' id='word_1_564' title='bbox 2021 3551 2238 3607; x_wconf 88' lang='lat' dir='ltr'>dicitur</span> <span class='ocrx_word' id='word_1_565' title='bbox 2275 3552 2479 3608; x_wconf 90' lang='lat' dir='ltr'>horam</span> <span class='ocrx_word' id='word_1_566' title='bbox 2515 3571 2527 3609; x_wconf 95' lang='lat'><strong>:</strong></span> <span class='ocrx_word' id='word_1_567' title='bbox 2563 3555 2703 3609; x_wconf 87' lang='lat' dir='ltr'>Deus</span> <span class='ocrx_word' id='word_1_568' title='bbox 2752 3557 2814 3609; x_wconf 89' lang='lat' dir='ltr'>in</span> <span class='ocrx_word' id='word_1_569' title='bbox 2860 3554 3195 3627; x_wconf 79' lang='lat' dir='ltr'>adjutorium</span> <span class='ocrx_word' id='word_1_570' title='bbox 3240 3574 3443 3627; x_wconf 87' lang='lat' dir='ltr'>meum,</span> <span class='ocrx_word' id='word_1_571' title='bbox 3477 3559 3578 3613; x_wconf 89' lang='lat' dir='ltr'>sed</span> <span class='ocrx_word' id='word_1_572' title='bbox 3612 3558 3672 3615; x_wconf 89' lang='lat' dir='ltr'>in</span> 
     </span>
    </p>
   </div>
   <div class='ocr_carea' id='block_1_83' title="bbox 2022 3640 3672 3725">
    <p class='ocr_par' dir='ltr' id='par_1_83' title="bbox 2022 3640 3672 3725">
     <span class='ocr_line' id='line_1_83' title="bbox 2022 3640 3672 3725; baseline 0.003 -28"><span class='ocrx_word' id='word_1_573' title='bbox 2022 3640 2309 3697; x_wconf 91' lang='lat' dir='ltr'>directum</span> <span class='ocrx_word' id='word_1_574' title='bbox 2343 3641 2601 3720; x_wconf 86' lang='lat' dir='ltr'>capitula</span> <span class='ocrx_word' id='word_1_575' title='bbox 2638 3644 2905 3725; x_wconf 74' lang='lat' dir='ltr'>canonici</span> <span class='ocrx_word' id='word_1_576' title='bbox 2954 3662 3164 3701; x_wconf 88' lang='lat' dir='ltr'>cursus</span> <span class='ocrx_word' id='word_1_577' title='bbox 3214 3647 3487 3703; x_wconf 79' lang='lat' dir='ltr'>dicantur</span> <span class='ocrx_word' id='word_1_578' title='bbox 3520 3663 3534 3702; x_wconf 87' lang='lat'><strong>:</strong></span> <span class='ocrx_word' id='word_1_579' title='bbox 3569 3648 3672 3702; x_wconf 90' lang='lat' dir='ltr'>de-</span> 
     </span>
    </p>
   </div>
   <div class='ocr_carea' id='block_1_84' title="bbox 2020 3729 3673 3804">
    <p class='ocr_par' dir='ltr' id='par_1_84' title="bbox 2020 3729 3673 3804">
     <span class='ocr_line' id='line_1_84' title="bbox 2020 3729 3673 3804; baseline 0.005 -20"><span class='ocrx_word' id='word_1_580' title='bbox 2020 3729 2159 3785; x_wconf 91' lang='lat' dir='ltr'>hinc</span> <span class='ocrx_word' id='word_1_581' title='bbox 2217 3747 2441 3798; x_wconf 89' lang='lat' dir='ltr'>versus,</span> <span class='ocrx_word' id='word_1_582' title='bbox 2495 3736 2552 3786; x_wconf 89' lang='lat' dir='ltr'>et</span> <span class='ocrx_word' id='word_1_583' title='bbox 2602 3733 2927 3803; x_wconf 90' lang='lat' dir='ltr'>sequentia.</span> <span class='ocrx_word' id='word_1_584' title='bbox 2964 3733 3025 3787; x_wconf 92' lang='lat' dir='ltr'>In</span> <span class='ocrx_word' id='word_1_585' title='bbox 3077 3738 3286 3804; x_wconf 86' lang='lat' dir='ltr'>quarta</span> <span class='ocrx_word' id='word_1_586' title='bbox 3338 3752 3472 3791; x_wconf 90' lang='lat' dir='ltr'>vero</span> <span class='ocrx_word' id='word_1_587' title='bbox 3529 3736 3673 3792; x_wconf 88' lang='lat' dir='ltr'>l‘cria</span> 
     </span>
    </p>
   </div>
   <div class='ocr_carea' id='block_1_85' title="bbox 2022 3817 3669 3890">
    <p class='ocr_par' dir='ltr' id='par_1_85' title="bbox 2022 3817 3669 3890">
     <span class='ocr_line' id='line_1_85' title="bbox 2022 3817 3669 3890; baseline 0.001 -16"><span class='ocrx_word' id='word_1_588' title='bbox 2022 3819 2226 3874; x_wconf 90' lang='lat' dir='ltr'>eadem</span> <span class='ocrx_word' id='word_1_589' title='bbox 2257 3817 2515 3890; x_wconf 89' lang='lat' dir='ltr'>capitula</span> <span class='ocrx_word' id='word_1_590' title='bbox 2543 3818 2718 3874; x_wconf 88' lang='lat' dir='ltr'>altius</span> <span class='ocrx_word' id='word_1_591' title='bbox 2749 3820 3045 3887; x_wconf 87' lang='lat' dir='ltr'>dicuntur,</span> <span class='ocrx_word' id='word_1_592' title='bbox 3070 3823 3135 3874; x_wconf 89' lang='lat' dir='ltr'>ut</span> <span class='ocrx_word' id='word_1_593' title='bbox 3163 3820 3236 3875; x_wconf 89' lang='lat' dir='ltr'>ab</span> <span class='ocrx_word' id='word_1_594' title='bbox 3268 3820 3547 3878; x_wconf 88' lang='lat' dir='ltr'>omnibus</span> <span class='ocrx_word' id='word_1_595' title='bbox 3565 3838 3669 3877; x_wconf 91' lang='lat' dir='ltr'>au-</span> 
     </span>
    </p>
   </div>
   <div class='ocr_carea' id='block_1_86' title="bbox 2024 3907 3670 3980">
    <p class='ocr_par' dir='ltr' id='par_1_86' title="bbox 2024 3907 3670 3980">
     <span class='ocr_line' id='line_1_86' title="bbox 2024 3907 3670 3980; baseline 0.002 -17"><span class='ocrx_word' id='word_1_596' title='bbox 2024 3907 2278 3975; x_wconf 91' lang='lat' dir='ltr'>diantur,</span> <span class='ocrx_word' id='word_1_597' title='bbox 2311 3911 2367 3962; x_wconf 91' lang='lat' dir='ltr'>et</span> <span class='ocrx_word' id='word_1_598' title='bbox 2396 3923 2670 3979; x_wconf 81' lang='lat' dir='ltr'>vesperae,</span> <span class='ocrx_word' id='word_1_599' title='bbox 2704 3912 2762 3963; x_wconf 89' lang='lat' dir='ltr'>et</span> <span class='ocrx_word' id='word_1_600' title='bbox 2787 3907 3257 3980; x_wconf 89' lang='lat' dir='ltr'>completorium,</span> <span class='ocrx_word' id='word_1_601' title='bbox 3292 3910 3518 3966; x_wconf 67' lang='lat' dir='ltr'>caatcris</span> <span class='ocrx_word' id='word_1_602' title='bbox 3549 3908 3670 3966; x_wconf 86' lang='lat' dir='ltr'>die-</span> 
     </span>
    </p>
   </div>
   <div class='ocr_carea' id='block_1_87' title="bbox 2022 3994 3674 4067">
    <p class='ocr_par' dir='ltr' id='par_1_87' title="bbox 2022 3994 3674 4067">
     <span class='ocr_line' id='line_1_87' title="bbox 2022 3994 3674 4067; baseline 0.002 -16"><span class='ocrx_word' id='word_1_603' title='bbox 2022 3995 2134 4052; x_wconf 90' lang='lat' dir='ltr'>bus</span> <span class='ocrx_word' id='word_1_604' title='bbox 2164 3994 2426 4051; x_wconf 90' lang='lat' dir='ltr'>minime.</span> <span class='ocrx_word' id='word_1_605' title='bbox 2464 3995 2527 4051; x_wconf 91' lang='lat' dir='ltr'>In</span> <span class='ocrx_word' id='word_1_606' title='bbox 2556 3996 2909 4067; x_wconf 87' lang='lat' dir='ltr'>supradictis</span> <span class='ocrx_word' id='word_1_607' title='bbox 2951 3996 3223 4053; x_wconf 83' lang='lat' dir='ltr'>noctibus</span> <span class='ocrx_word' id='word_1_608' title='bbox 3271 3997 3321 4054; x_wconf 90' lang='lat' dir='ltr'>si</span> <span class='ocrx_word' id='word_1_609' title='bbox 3369 3997 3674 4055; x_wconf 61' lang='lat' dir='ltr'>matutina</span> 
     </span>
    </p>
   </div>
   <div class='ocr_carea' id='block_1_88' title="bbox 2024 4085 3677 4158">
    <p class='ocr_par' dir='ltr' id='par_1_88' title="bbox 2024 4085 3677 4158">
     <span class='ocr_line' id='line_1_88' title="bbox 2024 4085 3677 4158; baseline 0.003 -17"><span class='ocrx_word' id='word_1_610' title='bbox 2024 4089 2157 4141; x_wconf 86' lang='lat' dir='ltr'>ante</span> <span class='ocrx_word' id='word_1_611' title='bbox 2188 4085 2376 4141; x_wconf 90' lang='lat' dir='ltr'>lucem</span> <span class='ocrx_word' id='word_1_612' title='bbox 2409 4085 2628 4142; x_wconf 86' lang='lat' dir='ltr'>fuerint</span> <span class='ocrx_word' id='word_1_613' title='bbox 2658 4087 2857 4157; x_wconf 83' lang='lat' dir='ltr'>ﬁnitae,</span> <span class='ocrx_word' id='word_1_614' title='bbox 2889 4088 3097 4143; x_wconf 86' lang='lat' dir='ltr'>fratres</span> <span class='ocrx_word' id='word_1_615' title='bbox 3143 4087 3244 4158; x_wconf 89' lang='lat' dir='ltr'>qui</span> <span class='ocrx_word' id='word_1_616' title='bbox 3276 4088 3569 4145; x_wconf 87' lang='lat' dir='ltr'>voluerint</span> <span class='ocrx_word' id='word_1_617' title='bbox 3597 4088 3677 4146; x_wconf 86' lang='lat' dir='ltr'>ad</span> 
     </span>
    </p>
   </div>
   <div class='ocr_carea' id='block_1_89' title="bbox 2023 4174 3674 4249">
    <p class='ocr_par' dir='ltr' id='par_1_89' title="bbox 2023 4174 3674 4249">
     <span class='ocr_line' id='line_1_89' title="bbox 2023 4174 3674 4249; baseline 0.001 -18"><span class='ocrx_word' id='word_1_618' title='bbox 2023 4191 2194 4231; x_wconf 87' lang='lat' dir='ltr'>suam</span> <span class='ocrx_word' id='word_1_619' title='bbox 2210 4176 2449 4231; x_wconf 85' lang='lat' dir='ltr'>redeant</span> <span class='ocrx_word' id='word_1_620' title='bbox 2463 4174 2748 4247; x_wconf 90' lang='lat' dir='ltr'>requiem,</span> <span class='ocrx_word' id='word_1_621' title='bbox 2762 4176 2862 4248; x_wconf 90' lang='lat' dir='ltr'>qui</span> <span class='ocrx_word' id='word_1_622' title='bbox 2886 4180 3080 4231; x_wconf 89' lang='lat' dir='ltr'>autem</span> <span class='ocrx_word' id='word_1_623' title='bbox 3104 4176 3437 4249; x_wconf 86' lang='lat' dir='ltr'>spiritualia</span> <span class='ocrx_word' id='word_1_624' title='bbox 3456 4178 3674 4234; x_wconf 84' lang='lat' dir='ltr'>exerci-</span> 
     </span>
    </p>
   </div>
   <div class='ocr_carea' id='block_1_90' title="bbox 2022 4263 3674 4341">
    <p class='ocr_par' dir='ltr' id='par_1_90' title="bbox 2022 4263 3674 4341">
     <span class='ocr_line' id='line_1_90' title="bbox 2022 4263 3674 4341; baseline 0.002 -22"><span class='ocrx_word' id='word_1_625' title='bbox 2022 4264 2106 4319; x_wconf 91' lang='lat' dir='ltr'>tia</span> <span class='ocrx_word' id='word_1_626' title='bbox 2136 4263 2453 4320; x_wconf 90' lang='lat' dir='ltr'>maluerint</span> <span class='ocrx_word' id='word_1_627' title='bbox 2481 4281 2616 4320; x_wconf 89' lang='lat' dir='ltr'>cum</span> <span class='ocrx_word' id='word_1_628' title='bbox 2648 4281 2881 4320; x_wconf 89' lang='lat' dir='ltr'>summo</span> <span class='ocrx_word' id='word_1_629' title='bbox 2910 4265 3223 4338; x_wconf 88' lang='lat' dir='ltr'>vigilantes</span> <span class='ocrx_word' id='word_1_630' title='bbox 3243 4265 3476 4324; x_wconf 88' lang='lat' dir='ltr'>silentio</span> <span class='ocrx_word' id='word_1_631' title='bbox 3498 4268 3674 4341; x_wconf 91' lang='lat' dir='ltr'>(quod</span> 
     </span>
    </p>
   </div>
   <div class='ocr_carea' id='block_1_91' title="bbox 2024 4353 3676 4426">
    <p class='ocr_par' dir='ltr' id='par_1_91' title="bbox 2024 4353 3676 4426">
     <span class='ocr_line' id='line_1_91' title="bbox 2024 4353 3676 4426; baseline 0.002 -18"><span class='ocrx_word' id='word_1_632' title='bbox 2024 4369 2227 4408; x_wconf 89' lang='lat' dir='ltr'>eorum</span> <span class='ocrx_word' id='word_1_633' title='bbox 2260 4353 2571 4408; x_wconf 90' lang='lat' dir='ltr'>animabus</span> <span class='ocrx_word' id='word_1_634' title='bbox 2594 4354 2844 4426; x_wconf 86' lang='lat' dir='ltr'>expedit,</span> <span class='ocrx_word' id='word_1_635' title='bbox 2882 4371 3055 4410; x_wconf 90' lang='lat' dir='ltr'>mane</span> <span class='ocrx_word' id='word_1_636' title='bbox 3088 4355 3239 4411; x_wconf 86' lang='lat' dir='ltr'>facto</span> <span class='ocrx_word' id='word_1_637' title='bbox 3270 4355 3329 4410; x_wconf 92' lang='lat' dir='ltr'>in</span> <span class='ocrx_word' id='word_1_638' title='bbox 3360 4372 3527 4412; x_wconf 78' lang='lat' dir='ltr'>coma</span> <span class='ocrx_word' id='word_1_639' title='bbox 3558 4357 3676 4412; x_wconf 81' lang='lat' dir='ltr'>D0—</span> 
     </span>
    </p>
   </div>
   <div class='ocr_carea' id='block_1_92' title="bbox 2023 4432 3676 4516">
    <p class='ocr_par' dir='ltr' id='par_1_92' title="bbox 2023 4432 3676 4516">
     <span class='ocr_line' id='line_1_92' title="bbox 2023 4432 3676 4516; baseline 0.004 -20"><span class='ocrx_word' id='word_1_640' title='bbox 2023 4432 2168 4496; x_wconf 77' lang='lat' dir='ltr'>mihi</span> <span class='ocrx_word' id='word_1_641' title='bbox 2200 4442 2546 4498; x_wconf 89' lang='lat' dir='ltr'>conveniant</span> <span class='ocrx_word' id='word_1_642' title='bbox 2575 4442 2647 4498; x_wconf 90' lang='lat' dir='ltr'>ad</span> <span class='ocrx_word' id='word_1_643' title='bbox 2682 4444 2951 4515; x_wconf 87' lang='lat' dir='ltr'>Primam,</span> <span class='ocrx_word' id='word_1_644' title='bbox 2983 4461 3102 4516; x_wconf 90' lang='lat' dir='ltr'>qua</span> <span class='ocrx_word' id='word_1_645' title='bbox 3150 4461 3358 4501; x_wconf 88' lang='lat' dir='ltr'>sonore</span> <span class='ocrx_word' id='word_1_646' title='bbox 3404 4444 3584 4513; x_wconf 89' lang='lat' dir='ltr'>dicta,</span> <span class='ocrx_word' id='word_1_647' title='bbox 3617 4448 3676 4503; x_wconf 83' lang='lat' dir='ltr'>et</span> 
     </span>
    </p>
   </div>
   <div class='ocr_carea' id='block_1_93' title="bbox 2024 4531 3675 4599">
    <p class='ocr_par' dir='ltr' id='par_1_93' title="bbox 2024 4531 3675 4599">
     <span class='ocr_line' id='line_1_93' title="bbox 2024 4531 3675 4599; baseline 0.002 -13"><span class='ocrx_word' id='word_1_648' title='bbox 2024 4531 2304 4587; x_wconf 89' lang='lat' dir='ltr'>canonico</span> <span class='ocrx_word' id='word_1_649' title='bbox 2349 4548 2531 4599; x_wconf 89' lang='lat' dir='ltr'>more,</span> <span class='ocrx_word' id='word_1_650' title='bbox 2562 4532 2785 4587; x_wconf 89' lang='lat' dir='ltr'>scilicet</span> <span class='ocrx_word' id='word_1_651' title='bbox 2831 4533 2972 4589; x_wconf 83' lang='lat' dir='ltr'>Deus</span> <span class='ocrx_word' id='word_1_652' title='bbox 3019 4536 3079 4588; x_wconf 89' lang='lat' dir='ltr'>in</span> <span class='ocrx_word' id='word_1_653' title='bbox 3125 4541 3346 4590; x_wconf 78' lang='lat' dir='ltr'>nomine</span> <span class='ocrx_word' id='word_1_654' title='bbox 3374 4541 3487 4599; x_wconf 88' lang='lat' dir='ltr'>tuo,</span> <span class='ocrx_word' id='word_1_655' title='bbox 3520 4534 3675 4590; x_wconf 84' lang='lat' dir='ltr'>Beati</span> 
     </span>
    </p>
   </div>
   <div class='ocr_carea' id='block_1_94' title="bbox 260 4618 3739 4711">
    <p class='ocr_par' dir='ltr' id='par_1_94' title="bbox 260 4618 3739 4711">
     <span class='ocr_line' id='line_1_94' title="bbox 260 4618 3739 4711; baseline 0.002 -39"><span class='ocrx_word' id='word_1_656' title='bbox 260 4622 474 4690; x_wconf 90' lang='lat' dir='ltr'>metur,</span> <span class='ocrx_word' id='word_1_657' title='bbox 513 4618 726 4675; x_wconf 83' lang='lat' dir='ltr'>dehinc</span> <span class='ocrx_word' id='word_1_658' title='bbox 748 4618 1917 4693; x_wconf 87' lang='lat' dir='ltr'>puerisinchoantibusantiphonasPueri</span> <span class='ocrx_word' id='word_1_659' title='bbox 1945 4646 1993 4711; x_wconf 83' lang='lat' dir='ltr'><strong>D</strong></span> <span class='ocrx_word' id='word_1_660' title='bbox 2026 4622 2383 4689; x_wconf 83' lang='lat' dir='ltr'>immaculati,</span> <span class='ocrx_word' id='word_1_661' title='bbox 2416 4638 2604 4692; x_wconf 86' lang='lat' dir='ltr'>usque</span> <span class='ocrx_word' id='word_1_662' title='bbox 2644 4622 2831 4693; x_wconf 84' lang='lat' dir='ltr'>Legem</span> <span class='ocrx_word' id='word_1_663' title='bbox 2873 4639 3032 4694; x_wconf 80' lang='lat' dir='ltr'>pone.</span> <span class='ocrx_word' id='word_1_664' title='bbox 3066 4624 3230 4679; x_wconf 91' lang='lat' dir='ltr'>Tunc</span> <span class='ocrx_word' id='word_1_665' title='bbox 3275 4623 3430 4679; x_wconf 91' lang='lat' dir='ltr'>dicto</span> <span class='ocrx_word' id='word_1_666' title='bbox 3476 4639 3671 4691; x_wconf 89' lang='lat' dir='ltr'>versu,</span> <span class='ocrx_word' id='word_1_667' title='bbox 3730 4640 3739 4645; x_wconf 85' lang='lat'><strong><em>&#39;</em></strong></span> 
     </span>
    </p>
   </div>
   <div class='ocr_carea' id='block_1_95' title="bbox 258 4705 1914 4782">
    <p class='ocr_par' dir='ltr' id='par_1_95' title="bbox 258 4705 1914 4782">
     <span class='ocr_line' id='line_1_95' title="bbox 258 4705 1914 4782; baseline 0.001 -19"><span class='ocrx_word' id='word_1_668' title='bbox 258 4705 623 4776; x_wconf 73' lang='lat' dir='ltr'>hebrworum,</span> <span class='ocrx_word' id='word_1_669' title='bbox 655 4707 1087 4764; x_wconf 89' lang='lat' dir='ltr'>distribuantur</span> <span class='ocrx_word' id='word_1_670' title='bbox 1134 4707 1273 4782; x_wconf 70' lang='lat' dir='ltr'>ipsa:</span> <span class='ocrx_word' id='word_1_671' title='bbox 1320 4708 1548 4782; x_wconf 84' lang='lat' dir='ltr'>palmae,</span> <span class='ocrx_word' id='word_1_672' title='bbox 1583 4713 1640 4764; x_wconf 91' lang='lat' dir='ltr'>et</span> <span class='ocrx_word' id='word_1_673' title='bbox 1677 4709 1760 4765; x_wconf 91' lang='lat' dir='ltr'>sic</span> <span class='ocrx_word' id='word_1_674' title='bbox 1791 4727 1914 4766; x_wconf 81' lang='lat' dir='ltr'>ma-</span> 
     </span>
    </p>
   </div>
   <div class='ocr_carea' id='block_1_96' title="bbox 252 4796 1917 4871">
    <p class='ocr_par' dir='ltr' id='par_1_96' title="bbox 252 4796 1917 4871">
     <span class='ocr_line' id='line_1_96' title="bbox 252 4796 1917 4871; baseline 0.002 -19"><span class='ocrx_word' id='word_1_675' title='bbox 252 4797 487 4867; x_wconf 86' lang='lat' dir='ltr'>joribus</span> <span class='ocrx_word' id='word_1_676' title='bbox 522 4796 860 4871; x_wconf 91' lang='lat' dir='ltr'>antiphonis</span> <span class='ocrx_word' id='word_1_677' title='bbox 892 4797 1142 4855; x_wconf 90' lang='lat' dir='ltr'>initiatis</span> <span class='ocrx_word' id='word_1_678' title='bbox 1180 4798 1587 4871; x_wconf 88' lang='lat' dir='ltr'>egrediantur;</span> <span class='ocrx_word' id='word_1_679' title='bbox 1621 4800 1917 4855; x_wconf 89' lang='lat' dir='ltr'>venientes</span> 
     </span>
    </p>
   </div>
   <div class='ocr_carea' id='block_1_97' title="bbox 259 4885 1915 4960">
    <p class='ocr_par' dir='ltr' id='par_1_97' title="bbox 259 4885 1915 4960">
     <span class='ocr_line' id='line_1_97' title="bbox 259 4885 1915 4960; baseline 0.002 -19"><span class='ocrx_word' id='word_1_680' title='bbox 259 4891 392 4943; x_wconf 86' lang='lat' dir='ltr'>ante</span> <span class='ocrx_word' id='word_1_681' title='bbox 426 4885 742 4944; x_wconf 90' lang='lat' dir='ltr'>ecclesiam</span> <span class='ocrx_word' id='word_1_682' title='bbox 776 4886 1126 4956; x_wconf 89' lang='lat' dir='ltr'>subsistant,</span> <span class='ocrx_word' id='word_1_683' title='bbox 1152 4888 1333 4944; x_wconf 90' lang='lat' dir='ltr'>donec</span> <span class='ocrx_word' id='word_1_684' title='bbox 1364 4887 1527 4959; x_wconf 87' lang='lat' dir='ltr'>pueri</span> <span class='ocrx_word' id='word_1_685' title='bbox 1552 4888 1649 4959; x_wconf 92' lang='lat' dir='ltr'>qui</span> <span class='ocrx_word' id='word_1_686' title='bbox 1674 4906 1915 4960; x_wconf 65' lang='lat' dir='ltr'>praeces-</span> 
     </span>
    </p>
   </div>
   <div class='ocr_carea' id='block_1_98' title="bbox 260 4975 1916 5045">
    <p class='ocr_par' dir='ltr' id='par_1_98' title="bbox 260 4975 1916 5045">
     <span class='ocr_line' id='line_1_98' title="bbox 260 4975 1916 5045; baseline 0.001 -14"><span class='ocrx_word' id='word_1_687' title='bbox 260 4982 491 5045; x_wconf 88' lang='lat' dir='ltr'>serunt,</span> <span class='ocrx_word' id='word_1_688' title='bbox 525 4977 857 5043; x_wconf 89' lang='lat' dir='ltr'>decantent,</span> <span class='ocrx_word' id='word_1_689' title='bbox 894 4975 1077 5033; x_wconf 84' lang='lat' dir='ltr'>Gloria</span> <span class='ocrx_word' id='word_1_690' title='bbox 1108 4977 1250 5043; x_wconf 87' lang='lat' dir='ltr'>laus,</span> <span class='ocrx_word' id='word_1_691' title='bbox 1285 4993 1419 5032; x_wconf 92' lang='lat' dir='ltr'>cum</span> <span class='ocrx_word' id='word_1_692' title='bbox 1438 4977 1704 5033; x_wconf 86' lang='lat' dir='ltr'>versibus</span> <span class='ocrx_word' id='word_1_693' title='bbox 1726 4978 1916 5033; x_wconf 88' lang='lat' dir='ltr'>omni-</span> 
     </span>
    </p>
   </div>
   <div class='ocr_carea' id='block_1_99' title="bbox 262 5062 1911 5137">
    <p class='ocr_par' dir='ltr' id='par_1_99' title="bbox 262 5062 1911 5137">
     <span class='ocr_line' id='line_1_99' title="bbox 262 5062 1911 5137; baseline 0.001 -18"><span class='ocrx_word' id='word_1_694' title='bbox 262 5062 389 5133; x_wconf 87' lang='lat' dir='ltr'>bus,</span> <span class='ocrx_word' id='word_1_695' title='bbox 426 5064 589 5121; x_wconf 89' lang='lat' dir='ltr'>sicut</span> <span class='ocrx_word' id='word_1_696' title='bbox 621 5081 747 5120; x_wconf 89' lang='lat' dir='ltr'>mos</span> <span class='ocrx_word' id='word_1_697' title='bbox 778 5068 886 5134; x_wconf 90' lang='lat' dir='ltr'>est,</span> <span class='ocrx_word' id='word_1_698' title='bbox 920 5065 1061 5120; x_wconf 89' lang='lat' dir='ltr'>Laus</span> <span class='ocrx_word' id='word_1_699' title='bbox 1090 5069 1146 5120; x_wconf 91' lang='lat' dir='ltr'>et</span> <span class='ocrx_word' id='word_1_700' title='bbox 1175 5064 1359 5120; x_wconf 86' lang='lat' dir='ltr'>Gloria</span> <span class='ocrx_word' id='word_1_701' title='bbox 1389 5066 1911 5137; x_wconf 89' lang='lat' dir='ltr'>respondentibus;</span> 
     </span>
    </p>
   </div>
   <div class='ocr_carea' id='block_1_100' title="bbox 260 5152 1913 5226">
    <p class='ocr_par' dir='ltr' id='par_1_100' title="bbox 260 5152 1913 5226">
     <span class='ocr_line' id='line_1_100' title="bbox 260 5152 1913 5226; baseline 0.001 -18"><span class='ocrx_word' id='word_1_702' title='bbox 260 5152 482 5225; x_wconf 87' lang='lat' dir='ltr'>quibus</span> <span class='ocrx_word' id='word_1_703' title='bbox 518 5152 720 5222; x_wconf 83' lang='lat' dir='ltr'>finitis;</span> <span class='ocrx_word' id='word_1_704' title='bbox 744 5153 1061 5226; x_wconf 89' lang='lat' dir='ltr'>incipiente</span> <span class='ocrx_word' id='word_1_705' title='bbox 1092 5156 1328 5210; x_wconf 90' lang='lat' dir='ltr'>cantere</span> <span class='ocrx_word' id='word_1_706' title='bbox 1357 5154 1793 5226; x_wconf 88' lang='lat' dir='ltr'>responsorium</span> <span class='ocrx_word' id='word_1_707' title='bbox 1826 5156 1913 5210; x_wconf 81' lang='lat' dir='ltr'>In-</span> 
     </span>
    </p>
   </div>
   <div class='ocr_carea' id='block_1_101' title="bbox 258 5242 1917 5316">
    <p class='ocr_par' dir='ltr' id='par_1_101' title="bbox 258 5242 1917 5316">
     <span class='ocr_line' id='line_1_101' title="bbox 258 5242 1917 5316; baseline 0.003 -21"><span class='ocrx_word' id='word_1_708' title='bbox 258 5242 542 5312; x_wconf 74' lang='lat' dir='ltr'>grediente</span> <span class='ocrx_word' id='word_1_709' title='bbox 572 5243 819 5311; x_wconf 81' lang='lat' dir='ltr'>Domino,</span> <span class='ocrx_word' id='word_1_710' title='bbox 853 5242 1191 5316; x_wconf 89' lang='lat' dir='ltr'>aperiantur</span> <span class='ocrx_word' id='word_1_711' title='bbox 1220 5248 1433 5316; x_wconf 77' lang='lat' dir='ltr'>portzn;</span> <span class='ocrx_word' id='word_1_712' title='bbox 1469 5242 1917 5316; x_wconf 83' lang='lat' dir='ltr'>ingrcssi,finito</span> 
     </span>
    </p>
   </div>
   <div class='ocr_carea' id='block_1_102' title="bbox 259 5332 1919 5405">
    <p class='ocr_par' dir='ltr' id='par_1_102' title="bbox 259 5332 1919 5405">
     <span class='ocr_line' id='line_1_102' title="bbox 259 5332 1919 5405; baseline 0.002 -19"><span class='ocrx_word' id='word_1_713' title='bbox 259 5332 659 5405; x_wconf 85' lang='lat' dir='ltr'>responsorio,</span> <span class='ocrx_word' id='word_1_714' title='bbox 682 5336 859 5405; x_wconf 89' lang='lat' dir='ltr'>agant</span> <span class='ocrx_word' id='word_1_715' title='bbox 880 5332 1032 5388; x_wconf 87' lang='lat' dir='ltr'>sicut</span> <span class='ocrx_word' id='word_1_716' title='bbox 1049 5350 1229 5404; x_wconf 88' lang='lat' dir='ltr'>supra</span> <span class='ocrx_word' id='word_1_717' title='bbox 1243 5333 1465 5387; x_wconf 88' lang='lat' dir='ltr'>dictum</span> <span class='ocrx_word' id='word_1_718' title='bbox 1484 5336 1663 5401; x_wconf 88' lang='lat' dir='ltr'>est,ct</span> <span class='ocrx_word' id='word_1_719' title='bbox 1682 5338 1919 5389; x_wconf 82' lang='lat' dir='ltr'>teneant</span> 
     </span>
    </p>
   </div>
   <div class='ocr_carea' id='block_1_103' title="bbox 258 5420 1915 5494">
    <p class='ocr_par' dir='ltr' id='par_1_103' title="bbox 258 5420 1915 5494">
     <span class='ocr_line' id='line_1_103' title="bbox 258 5420 1915 5494; baseline 0.002 -19"><span class='ocrx_word' id='word_1_720' title='bbox 258 5420 495 5491; x_wconf 87' lang='lat' dir='ltr'>palmas</span> <span class='ocrx_word' id='word_1_721' title='bbox 516 5421 573 5476; x_wconf 90' lang='lat' dir='ltr'>in</span> <span class='ocrx_word' id='word_1_722' title='bbox 594 5421 871 5478; x_wconf 89' lang='lat' dir='ltr'>manibus</span> <span class='ocrx_word' id='word_1_723' title='bbox 893 5439 1080 5494; x_wconf 90' lang='lat' dir='ltr'>usque</span> <span class='ocrx_word' id='word_1_724' title='bbox 1103 5423 1244 5478; x_wconf 90' lang='lat' dir='ltr'>dum</span> <span class='ocrx_word' id='word_1_725' title='bbox 1267 5422 1629 5477; x_wconf 79' lang='lat' dir='ltr'>oll‘ertorium</span> <span class='ocrx_word' id='word_1_726' title='bbox 1653 5428 1915 5491; x_wconf 87' lang='lat' dir='ltr'>canetur,</span> 
     </span>
    </p>
   </div>
   <div class='ocr_carea' id='block_1_104' title="bbox 257 5510 1916 5583">
    <p class='ocr_par' dir='ltr' id='par_1_104' title="bbox 257 5510 1916 5583">
     <span class='ocr_line' id='line_1_104' title="bbox 257 5510 1916 5583; baseline 0.004 -21"><span class='ocrx_word' id='word_1_727' title='bbox 257 5514 313 5564; x_wconf 86' lang='lat' dir='ltr'>et</span> <span class='ocrx_word' id='word_1_728' title='bbox 333 5527 439 5567; x_wconf 86' lang='lat' dir='ltr'>eas</span> <span class='ocrx_word' id='word_1_729' title='bbox 468 5515 606 5583; x_wconf 86' lang='lat' dir='ltr'>post</span> <span class='ocrx_word' id='word_1_730' title='bbox 632 5510 985 5568; x_wconf 88' lang='lat' dir='ltr'>oblationem</span> <span class='ocrx_word' id='word_1_731' title='bbox 1017 5512 1264 5568; x_wconf 85' lang='lat' dir='ltr'>ollerant</span> <span class='ocrx_word' id='word_1_732' title='bbox 1294 5511 1604 5567; x_wconf 89' lang='lat' dir='ltr'>sacerdoti.</span> <span class='ocrx_word' id='word_1_733' title='bbox 1630 5512 1709 5567; x_wconf 90' lang='lat' dir='ltr'>Ea</span> <span class='ocrx_word' id='word_1_734' title='bbox 1729 5512 1821 5568; x_wconf 90' lang='lat' dir='ltr'>die</span> <span class='ocrx_word' id='word_1_735' title='bbox 1844 5513 1916 5568; x_wconf 88' lang='lat' dir='ltr'>ad</span> 
     </span>
    </p>
   </div>
   <div class='ocr_carea' id='block_1_105' title="bbox 260 5598 1922 5671">
    <p class='ocr_par' dir='ltr' id='par_1_105' title="bbox 260 5598 1922 5671">
     <span class='ocr_line' id='line_1_105' title="bbox 260 5598 1922 5671; baseline 0.002 -17"><span class='ocrx_word' id='word_1_736' title='bbox 260 5598 603 5670; x_wconf 84' lang='lat' dir='ltr'>passionem</span> <span class='ocrx_word' id='word_1_737' title='bbox 634 5600 867 5670; x_wconf 91' lang='lat' dir='ltr'>dicitur,</span> <span class='ocrx_word' id='word_1_738' title='bbox 888 5602 1154 5658; x_wconf 83' lang='lat' dir='ltr'>Dominus</span> <span class='ocrx_word' id='word_1_739' title='bbox 1169 5600 1467 5671; x_wconf 61' lang='lat' dir='ltr'>vobiscum,</span> <span class='ocrx_word' id='word_1_740' title='bbox 1490 5600 1591 5657; x_wconf 89' lang='lat' dir='ltr'>scd</span> <span class='ocrx_word' id='word_1_741' title='bbox 1616 5601 1799 5658; x_wconf 87' lang='lat' dir='ltr'>Gloria</span> <span class='ocrx_word' id='word_1_742' title='bbox 1820 5602 1922 5658; x_wconf 86' lang='lat' dir='ltr'>tibi</span> 
     </span>
    </p>
   </div>
   <div class='ocr_carea' id='block_1_106' title="bbox 246 5678 1920 5773">
    <p class='ocr_par' dir='ltr' id='par_1_106' title="bbox 246 5678 1920 5773">
     <span class='ocr_line' id='line_1_106' title="bbox 246 5678 1920 5773; baseline 0.004 -28"><span class='ocrx_word' id='word_1_743' title='bbox 246 5678 508 5763; x_wconf 68' lang='lat' dir='ltr'>Domine,</span> <span class='ocrx_word' id='word_1_744' title='bbox 548 5706 660 5749; x_wconf 89' lang='lat' dir='ltr'>non</span> <span class='ocrx_word' id='word_1_745' title='bbox 690 5691 1076 5766; x_wconf 87' lang='lat' dir='ltr'>respondetur</span> <span class='ocrx_word' id='word_1_746' title='bbox 1108 5708 1121 5761; x_wconf 92' lang='lat'>;</span> <span class='ocrx_word' id='word_1_747' title='bbox 1155 5688 1431 5751; x_wconf 87' lang='lat' dir='ltr'>similiter</span> <span class='ocrx_word' id='word_1_748' title='bbox 1461 5694 1518 5752; x_wconf 84' lang='lat' dir='ltr'>et</span> <span class='ocrx_word' id='word_1_749' title='bbox 1566 5691 1627 5752; x_wconf 88' lang='lat' dir='ltr'>in</span> <span class='ocrx_word' id='word_1_750' title='bbox 1678 5689 1920 5773; x_wconf 81' lang='lat' dir='ltr'>reliquis</span> 
     </span>
    </p>
   </div>
   <div class='ocr_carea' id='block_1_107' title="bbox 584 5818 1217 5889">
    <p class='ocr_par' dir='ltr' id='par_1_107' title="bbox 584 5818 1217 5889">
     <span class='ocr_line' id='line_1_107' title="bbox 584 5818 1217 5889; baseline 0.005 -4"><span class='ocrx_word' id='word_1_751' title='bbox 584 5819 851 5889; x_wconf 72' lang='grc' dir='ltr'>ΡΑτιιοι.</span> <span class='ocrx_word' id='word_1_752' title='bbox 883 5818 1217 5889; x_wconf 80' lang='lat' dir='ltr'>CXXXVII.</span> 
     </span>
    </p>
   </div>
   <div class='ocr_carea' id='block_1_108' title="bbox 2025 4711 3677 4786">
    <p class='ocr_par' dir='ltr' id='par_1_108' title="bbox 2025 4711 3677 4786">
     <span class='ocr_line' id='line_1_108' title="bbox 2025 4711 3677 4786; baseline 0.002 -21"><span class='ocrx_word' id='word_1_753' title='bbox 2025 4726 2179 4782; x_wconf 88' lang='lat' dir='ltr'>genu</span> <span class='ocrx_word' id='word_1_754' title='bbox 2210 4711 2354 4766; x_wconf 81' lang='lat' dir='ltr'>ﬂexo</span> <span class='ocrx_word' id='word_1_755' title='bbox 2381 4717 2661 4784; x_wconf 88' lang='lat' dir='ltr'>peragant</span> <span class='ocrx_word' id='word_1_756' title='bbox 2692 4715 2898 4769; x_wconf 77' lang='lat' dir='ltr'>caetera</span> <span class='ocrx_word' id='word_1_757' title='bbox 2928 4713 3199 4782; x_wconf 89' lang='lat' dir='ltr'>silenter;</span> <span class='ocrx_word' id='word_1_758' title='bbox 3233 4717 3365 4786; x_wconf 91' lang='lat' dir='ltr'>post</span> <span class='ocrx_word' id='word_1_759' title='bbox 3392 4715 3555 4771; x_wconf 87' lang='lat' dir='ltr'>Pater</span> <span class='ocrx_word' id='word_1_760' title='bbox 3580 4728 3677 4769; x_wconf 65' lang='grc' dir='ltr'>ηας</span> 
     </span>
    </p>
   </div>
   <div class='ocr_carea' id='block_1_109' title="bbox 2027 4799 3671 4872">
    <p class='ocr_par' dir='ltr' id='par_1_109' title="bbox 2027 4799 3671 4872">
     <span class='ocr_line' id='line_1_109' title="bbox 2027 4799 3671 4872; baseline 0.003 -18"><span class='ocrx_word' id='word_1_761' title='bbox 2027 4808 2154 4867; x_wconf 86' lang='lat' dir='ltr'>ster,</span> <span class='ocrx_word' id='word_1_762' title='bbox 2189 4799 2404 4855; x_wconf 87' lang='lat' dir='ltr'>dicitur</span> <span class='ocrx_word' id='word_1_763' title='bbox 2434 4800 2695 4869; x_wconf 88' lang='lat' dir='ltr'>silenter,</span> <span class='ocrx_word' id='word_1_764' title='bbox 2725 4803 2870 4858; x_wconf 87' lang='lat' dir='ltr'>Vivet</span> <span class='ocrx_word' id='word_1_765' title='bbox 2887 4805 3078 4859; x_wconf 84' lang='lat' dir='ltr'>anima</span> <span class='ocrx_word' id='word_1_766' title='bbox 3102 4820 3241 4872; x_wconf 88' lang='lat' dir='ltr'>mea,</span> <span class='ocrx_word' id='word_1_767' title='bbox 3264 4810 3317 4859; x_wconf 86' lang='lat' dir='ltr'>et</span> <span class='ocrx_word' id='word_1_768' title='bbox 3336 4802 3584 4859; x_wconf 84' lang='lat' dir='ltr'>laudabit</span> <span class='ocrx_word' id='word_1_769' title='bbox 3601 4810 3671 4869; x_wconf 88' lang='lat' dir='ltr'>te,</span> 
     </span>
    </p>
   </div>
   <div class='ocr_carea' id='block_1_110' title="bbox 2028 4889 3675 4964">
    <p class='ocr_par' dir='ltr' id='par_1_110' title="bbox 2028 4889 3675 4964">
     <span class='ocr_line' id='line_1_110' title="bbox 2028 4889 3675 4964; baseline 0.002 -20"><span class='ocrx_word' id='word_1_770' title='bbox 2028 4906 2215 4961; x_wconf 88' lang='lat' dir='ltr'>usque</span> <span class='ocrx_word' id='word_1_771' title='bbox 2247 4890 2305 4943; x_wconf 89' lang='lat' dir='ltr'>in</span> <span class='ocrx_word' id='word_1_772' title='bbox 2339 4890 2514 4944; x_wconf 83' lang='lat' dir='ltr'>ﬁnem</span> <span class='ocrx_word' id='word_1_773' title='bbox 2545 4889 2782 4961; x_wconf 89' lang='lat' dir='ltr'>psalmi,</span> <span class='ocrx_word' id='word_1_774' title='bbox 2814 4892 2915 4947; x_wconf 90' lang='lat' dir='ltr'>sed</span> <span class='ocrx_word' id='word_1_775' title='bbox 2958 4892 3152 4964; x_wconf 92' lang='lat' dir='ltr'>priore</span> <span class='ocrx_word' id='word_1_776' title='bbox 3201 4892 3570 4964; x_wconf 87' lang='lat' dir='ltr'>perveniente</span> <span class='ocrx_word' id='word_1_777' title='bbox 3600 4892 3675 4950; x_wconf 89' lang='lat' dir='ltr'>ad</span> 
     </span>
    </p>
   </div>
   <div class='ocr_carea' id='block_1_111' title="bbox 2025 4978 3675 5052">
    <p class='ocr_par' dir='ltr' id='par_1_111' title="bbox 2025 4978 3675 5052">
     <span class='ocr_line' id='line_1_111' title="bbox 2025 4978 3675 5052; baseline 0.001 -18"><span class='ocrx_word' id='word_1_778' title='bbox 2025 4978 2788 5036; x_wconf 84' lang='lat' dir='ltr'>confessionislocuml&#39;acto</span> <span class='ocrx_word' id='word_1_779' title='bbox 2805 4981 2973 5052; x_wconf 88' lang='lat' dir='ltr'>signo</span> <span class='ocrx_word' id='word_1_780' title='bbox 3009 4985 3185 5052; x_wconf 89' lang='lat' dir='ltr'>agant</span> <span class='ocrx_word' id='word_1_781' title='bbox 3227 4981 3675 5038; x_wconf 84' lang='lat' dir='ltr'>confessionem.</span> 
     </span>
    </p>
   </div>
   <div class='ocr_carea' id='block_1_112' title="bbox 2026 5066 3676 5143">
    <p class='ocr_par' dir='ltr' id='par_1_112' title="bbox 2026 5066 3676 5143">
     <span class='ocr_line' id='line_1_112' title="bbox 2026 5066 3676 5143; baseline 0.002 -20"><span class='ocrx_word' id='word_1_782' title='bbox 2026 5070 2088 5123; x_wconf 91' lang='lat' dir='ltr'>In</span> <span class='ocrx_word' id='word_1_783' title='bbox 2149 5066 2371 5123; x_wconf 69' lang='lat' dir='ltr'>caeteris</span> <span class='ocrx_word' id='word_1_784' title='bbox 2430 5068 2591 5123; x_wconf 90' lang='lat' dir='ltr'>horis</span> <span class='ocrx_word' id='word_1_785' title='bbox 2646 5068 2921 5124; x_wconf 89' lang='lat' dir='ltr'>similiter</span> <span class='ocrx_word' id='word_1_786' title='bbox 2977 5069 3215 5125; x_wconf 89' lang='lat' dir='ltr'>residua</span> <span class='ocrx_word' id='word_1_787' title='bbox 3272 5071 3550 5143; x_wconf 87' lang='lat' dir='ltr'>capitula,</span> <span class='ocrx_word' id='word_1_788' title='bbox 3603 5072 3676 5126; x_wconf 88' lang='lat' dir='ltr'>ad</span> 
     </span>
    </p>
   </div>
   <div class='ocr_carea' id='block_1_113' title="bbox 2030 5156 3681 5231">
    <p class='ocr_par' dir='ltr' id='par_1_113' title="bbox 2030 5156 3681 5231">
     <span class='ocr_line' id='line_1_113' title="bbox 2030 5156 3681 5231; baseline 0.003 -20"><span class='ocrx_word' id='word_1_789' title='bbox 2030 5159 2279 5221; x_wconf 86' lang='lat' dir='ltr'>Tertiam,</span> <span class='ocrx_word' id='word_1_790' title='bbox 2313 5173 2347 5210; x_wconf 92' lang='lat' dir='ltr'>a</span> <span class='ocrx_word' id='word_1_791' title='bbox 2378 5156 2566 5225; x_wconf 86' lang='lat' dir='ltr'>Legem</span> <span class='ocrx_word' id='word_1_792' title='bbox 2601 5173 2760 5227; x_wconf 82' lang='lat' dir='ltr'>pone,</span> <span class='ocrx_word' id='word_1_793' title='bbox 2793 5172 2979 5228; x_wconf 90' lang='lat' dir='ltr'>usque</span> <span class='ocrx_word' id='word_1_794' title='bbox 3028 5158 3231 5229; x_wconf 83' lang='lat' dir='ltr'>Defecit</span> <span class='ocrx_word' id='word_1_795' title='bbox 3278 5159 3586 5231; x_wconf 86' lang='lat' dir='ltr'>alta-voce,</span> <span class='ocrx_word' id='word_1_796' title='bbox 3621 5164 3681 5215; x_wconf 88' lang='lat' dir='ltr'>et</span> 
     </span>
    </p>
   </div>
   <div class='ocr_carea' id='block_1_114' title="bbox 2026 5244 3677 5322">
    <p class='ocr_par' dir='ltr' id='par_1_114' title="bbox 2026 5244 3677 5322">
     <span class='ocr_line' id='line_1_114' title="bbox 2026 5244 3677 5322; baseline 0.002 -21"><span class='ocrx_word' id='word_1_797' title='bbox 2026 5263 2248 5313; x_wconf 86' lang='lat' dir='ltr'>versus,</span> <span class='ocrx_word' id='word_1_798' title='bbox 2302 5249 2359 5299; x_wconf 92' lang='lat' dir='ltr'>et</span> <span class='ocrx_word' id='word_1_799' title='bbox 2417 5248 2623 5299; x_wconf 81' lang='lat' dir='ltr'>caetera</span> <span class='ocrx_word' id='word_1_800' title='bbox 2677 5244 2933 5300; x_wconf 87' lang='lat' dir='ltr'>silenter.</span> <span class='ocrx_word' id='word_1_801' title='bbox 2984 5248 3069 5301; x_wconf 90' lang='lat' dir='ltr'>Ad</span> <span class='ocrx_word' id='word_1_802' title='bbox 3126 5248 3348 5304; x_wconf 71' lang='lat' dir='ltr'>Sextum</span> <span class='ocrx_word' id='word_1_803' title='bbox 3388 5249 3677 5322; x_wconf 83' lang='lat' dir='ltr'>aDefecit,</span> 
     </span>
    </p>
   </div>
   <div class='ocr_carea' id='block_1_115' title="bbox 2028 5332 3677 5408">
    <p class='ocr_par' dir='ltr' id='par_1_115' title="bbox 2028 5332 3677 5408">
     <span class='ocr_line' id='line_1_115' title="bbox 2028 5332 3677 5408; baseline 0.002 -18"><span class='ocrx_word' id='word_1_804' title='bbox 2028 5351 2214 5406; x_wconf 87' lang='lat' dir='ltr'>usque</span> <span class='ocrx_word' id='word_1_805' title='bbox 2246 5332 2314 5388; x_wconf 87' lang='lat' dir='ltr'>ad</span> <span class='ocrx_word' id='word_1_806' title='bbox 2344 5333 2641 5388; x_wconf 85' lang='lat' dir='ltr'>Mirabilia.</span> <span class='ocrx_word' id='word_1_807' title='bbox 2673 5334 2758 5387; x_wconf 91' lang='lat' dir='ltr'>Ad</span> <span class='ocrx_word' id='word_1_808' title='bbox 2790 5334 2999 5390; x_wconf 80' lang='lat' dir='ltr'>Nonum</span> <span class='ocrx_word' id='word_1_809' title='bbox 3028 5353 3062 5391; x_wconf 91' lang='lat' dir='ltr'>a</span> <span class='ocrx_word' id='word_1_810' title='bbox 3091 5336 3371 5392; x_wconf 74' lang='lat' dir='ltr'>Mirabilia</span> <span class='ocrx_word' id='word_1_811' title='bbox 3397 5353 3585 5408; x_wconf 89' lang='lat' dir='ltr'>usque</span> <span class='ocrx_word' id='word_1_812' title='bbox 3616 5337 3677 5393; x_wconf 92' lang='lat' dir='ltr'>in</span> 
     </span>
    </p>
   </div>
   <div class='ocr_carea' id='block_1_116' title="bbox 2029 5421 3678 5498">
    <p class='ocr_par' dir='ltr' id='par_1_116' title="bbox 2029 5421 3678 5498">
     <span class='ocr_line' id='line_1_116' title="bbox 2029 5421 3678 5498; baseline 0.001 -18"><span class='ocrx_word' id='word_1_813' title='bbox 2029 5426 2202 5480; x_wconf 82' lang='lat' dir='ltr'>ﬁnem</span> <span class='ocrx_word' id='word_1_814' title='bbox 2226 5441 2239 5490; x_wconf 88' lang='lat'>;</span> <span class='ocrx_word' id='word_1_815' title='bbox 2270 5422 2533 5493; x_wconf 72' lang='lat' dir='ltr'>Vespera:</span> <span class='ocrx_word' id='word_1_816' title='bbox 2565 5421 2835 5477; x_wconf 89' lang='lat' dir='ltr'>similiter</span> <span class='ocrx_word' id='word_1_817' title='bbox 2855 5440 3066 5480; x_wconf 90' lang='lat' dir='ltr'>sonora</span> <span class='ocrx_word' id='word_1_818' title='bbox 3086 5442 3247 5493; x_wconf 91' lang='lat' dir='ltr'>voce,</span> <span class='ocrx_word' id='word_1_819' title='bbox 3269 5426 3678 5498; x_wconf 86' lang='lat' dir='ltr'>unusquisque</span> 
     </span>
    </p>
   </div>
   <div class='ocr_carea' id='block_1_117' title="bbox 2028 5510 3676 5587">
    <p class='ocr_par' dir='ltr' id='par_1_117' title="bbox 2028 5510 3676 5587">
     <span class='ocr_line' id='line_1_117' title="bbox 2028 5510 3676 5587; baseline 0.002 -19"><span class='ocrx_word' id='word_1_820' title='bbox 2028 5512 2294 5587; x_wconf 89' lang='lat' dir='ltr'>psalmus</span> <span class='ocrx_word' id='word_1_821' title='bbox 2323 5527 2456 5566; x_wconf 89' lang='lat' dir='ltr'>cum</span> <span class='ocrx_word' id='word_1_822' title='bbox 2490 5510 2833 5582; x_wconf 88' lang='lat' dir='ltr'>antiphona,</span> <span class='ocrx_word' id='word_1_823' title='bbox 2857 5516 2915 5568; x_wconf 91' lang='lat' dir='ltr'>et</span> <span class='ocrx_word' id='word_1_824' title='bbox 2942 5530 3148 5570; x_wconf 87' lang='lat' dir='ltr'>versus</span> <span class='ocrx_word' id='word_1_825' title='bbox 3179 5518 3237 5569; x_wconf 89' lang='lat' dir='ltr'>et</span> <span class='ocrx_word' id='word_1_826' title='bbox 3275 5513 3676 5587; x_wconf 86' lang='lat' dir='ltr'>Evangelium,</span> 
     </span>
    </p>
   </div>
   <div class='ocr_carea' id='block_1_118' title="bbox 2029 5598 3709 5676">
    <p class='ocr_par' dir='ltr' id='par_1_118' title="bbox 2029 5598 3709 5676">
     <span class='ocr_line' id='line_1_118' title="bbox 2029 5598 3709 5676; baseline 0.002 -17"><span class='ocrx_word' id='word_1_827' title='bbox 2029 5606 2086 5659; x_wconf 90' lang='lat' dir='ltr'>et</span> <span class='ocrx_word' id='word_1_828' title='bbox 2114 5604 2320 5657; x_wconf 70' lang='lat' dir='ltr'>caetera</span> <span class='ocrx_word' id='word_1_829' title='bbox 2347 5598 2608 5656; x_wconf 89' lang='lat' dir='ltr'>silenter.</span> <span class='ocrx_word' id='word_1_830' title='bbox 2641 5599 3100 5675; x_wconf 89' lang='lat' dir='ltr'>Completorium</span> <span class='ocrx_word' id='word_1_831' title='bbox 3146 5620 3309 5676; x_wconf 82' lang='lat' dir='ltr'>aeque</span> <span class='ocrx_word' id='word_1_832' title='bbox 3358 5620 3588 5675; x_wconf 92' lang='lat' dir='ltr'>sonore,</span> <span class='ocrx_word' id='word_1_833' title='bbox 3620 5610 3709 5671; x_wconf 29' lang='lat' dir='ltr'>et,</span> 
     </span>
    </p>
   </div>
   <div class='ocr_carea' id='block_1_119' title="bbox 2029 5686 3680 5774">
    <p class='ocr_par' dir='ltr' id='par_1_119' title="bbox 2029 5686 3680 5774">
     <span class='ocr_line' id='line_1_119' title="bbox 2029 5686 3680 5774; baseline 0.002 -21"><span class='ocrx_word' id='word_1_834' title='bbox 2029 5696 2163 5774; x_wconf 84' lang='lat' dir='ltr'>post</span> <span class='ocrx_word' id='word_1_835' title='bbox 2199 5688 2460 5772; x_wconf 85' lang='lat' dir='ltr'>primum</span> <span class='ocrx_word' id='word_1_836' title='bbox 2510 5686 2808 5769; x_wconf 80' lang='lat' dir='ltr'>psalmum</span> <span class='ocrx_word' id='word_1_837' title='bbox 2852 5690 3134 5753; x_wconf 81' lang='lat' dir='ltr'>canonico</span> <span class='ocrx_word' id='word_1_838' title='bbox 3191 5707 3442 5769; x_wconf 83' lang='lat' dir='ltr'>more,m</span> <span class='ocrx_word' id='word_1_839' title='bbox 3473 5701 3543 5767; x_wconf 79' lang='lat' dir='ltr'>te,</span> <span class='ocrx_word' id='word_1_840' title='bbox 3573 5694 3680 5768; x_wconf 56' lang='lat' dir='ltr'>Dos</span> 
     </span>
    </p>
   </div>
   <div class='ocr_carea' id='block_1_120' title="bbox 3279 5821 3356 5889">
    <p class='ocr_par' dir='ltr' id='par_1_120' title="bbox 3279 5821 3356 5889">
     <span class='ocr_line' id='line_1_120' title="bbox 3279 5821 3356 5889; baseline -0.013 0"><span class='ocrx_word' id='word_1_841' title='bbox 3279 5821 3356 5889; x_wconf 82' lang='grc'>16</span> 
     </span>
    </p>
   </div>
  </div>
