4116 6176
360 320 473 382 491

1388 315 1455 378 S.
1497 307 1901 376 DUNSTANI
1945 305 2306 370 ARCHIEP.
2352 309 2744 376 CANTUAR.

3650 310 3770 373 492

357 455 530 520 mine,
559 454 795 526 speravi,
838 457 896 509 et
944 451 1316 522 Evangelium,
1367 449 1522 502 Nunc
1567 445 1818 510 dimittis,
1852 445 2004 514 post,
2034 443 2092 510 Α
2121 449 2278 499 moto
2311 444 2738 518 ingrediantur,
2773 443 3018 501 diacono
3049 443 3365 502 dalmatica
3393 443 3602 500 induto
3633 461 3773 500 cum

342 545 524 600 Pater
548 550 750 599 noster.
782 542 846 598 In
869 559 1002 614 pace
1030 541 1089 596 in
1121 539 1378 611 idipsum.
1411 535 1514 590 His
1559 533 1751 589 tribus
1800 531 2008 587 diebus

361 631 554 687 Prima
583 634 836 703 peracta,
871 627 1125 701 psallant
1156 624 1498 698 psalterium
1525 638 1596 678 ex
1613 619 1842 694 integro
1862 634 2008 676 una-

338 719 604 776 nimiter
633 718 692 772 in
722 717 919 773 choro.
953 717 1089 772 Post
1133 715 1309 787 quod,
1345 711 1634 768 Litaniam
1669 713 1847 783 agant
1876 724 2008 782 pro-

365 806 552 875 strati,
586 805 796 862 deinde
841 805 1076 861 lectioni
1133 806 1358 870 vacent,
1407 817 1595 874 usque
1644 800 1795 854 facto
1844 797 2010 870 signo

365 893 501 953 eant
529 895 601 950 ad
633 893 1023 963 calciandum,
1057 897 1114 949 et
1144 893 1368 965 reliqua
1401 907 1559 946 more
1580 887 1830 961 regulari
1853 902 2011 942 com-

365 983 582 1058 pleant,
608 983 760 1040 facto
779 1001 1034 1056 namque
1056 981 1312 1054 capitulo
1335 978 1675 1035 discalcient
1697 994 1758 1031 se
1782 977 2010 1046 fratres,

367 1076 426 1129 et
452 1072 740 1129 intrantes
769 1072 1075 1128 ecclesiam
1111 1089 1270 1127 more
1300 1069 1640 1125 obedientia:
1687 1066 1882 1122 lavent
1911 1081 2012 1138 pa-

366 1161 626 1218 vimenta
674 1161 950 1228 CCClCSltB,
985 1161 1390 1217 sacerdotibus
1434 1157 1669 1212 interim
1721 1171 1854 1210 cum
1904 1153 2012 1208 mi-

368 1249 572 1307 nistris
601 1251 804 1306 altaris
833 1250 1139 1306 benedicta
1171 1265 1322 1320 aqua
1352 1263 1518 1301 sacra
1548 1245 1754 1300 altaria
1779 1241 2019 1297 lavanti-

367 1339 502 1396 hus.
534 1340 615 1394 Ea
643 1339 798 1395 enim
835 1339 928 1394 die
957 1355 1071 1394 non
1105 1338 1169 1392 fit
1191 1335 1500 1391 celebratio
1523 1334 1716 1389 missa:
1736 1331 1797 1386 in
1820 1330 2015 1402 aliquo

366 1427 557 1496 altari,
573 1429 755 1484 donec
777 1428 1032 1483 lavetur:
1055 1427 1269 1500 quibus
1290 1423 1562 1498 peractis,
1588 1421 1722 1477 lotis
1746 1420 2012 1494 pedibus,

251 1502 257 1510 ’
366 1514 679 1574 recalcient
707 1534 790 1572 se.
824 1517 985 1572 Sexta
1019 1517 1272 1588 pe’racta,
1307 1512 1633 1568 celebretur
1661 1509 2015 1580 missa,pau-

366 1605 608 1679 peribus
638 1611 772 1663 ante
803 1606 874 1662 ad
908 1605 1016 1660 hoc
1047 1603 1304 1660 collectis
1335 1601 1662 1676 secundum
1703 1613 2016 1654 numerum

368 1711 546 1768 quem
577 1696 758 1752 abbas
789 1693 1136 1769 prazviderit,
1170 1691 1382 1747 dehinc
1421 1688 1680 1746 collectis
1712 1689 1772 1743 in
1821 1688 2017 1743 locum

369 1800 718 1858 congruum,
773 1789 910 1841 eant
951 1784 1161 1840 fratres
1193 1782 1263 1836 ad
1305 1779 1598 1854 agendum
1649 1777 2016 1845 mandatum,
2051 1817 2100 1884 Β

370 1873 473 1930 ubi
501 1878 778 1930 canentes
811 1873 1163 1944 antiphonas
1195 1869 1382 1926 eidem
1427 1867 1585 1940 operi
1634 1869 2020 1939 congruentes

370 1962 566 2019 lavent
594 1965 651 2016 et
681 1965 984 2035 extergant
1012 1961 1188 2034 pedes
1209 1974 1554 2030 pauperum,
1573 1961 1746 2028 atque
1762 1954 2023 2010 osculcn-

370 2054 489 2117 tur,
522 2054 580 2105 et
604 2050 743 2105 data
771 2066 926 2122 aqua
955 2047 1228 2105 manibus
1258 2063 1481 2114 eorum,
1507 2046 1721 2101 dentur
1739 2043 1823 2100 eis
1843 2043 2019 2100 etiam

370 2137 610 2208 cibaria,
646 2138 864 2210 ﬁatque
895 2137 1221 2194 secundum
1254 2134 1488 2192 abbatis
1519 2131 1832 2190 arbitrium
1854 2131 1913 2187 in
1936 2129 2020 2188 eis

369 2225 705 2284 distributio
736 2242 1113 2284 nummorum
1125 2267 1137 2281 .

441 2315 662 2373 Dehinc
691 2315 837 2372 hora
863 2332 1122 2389 congrua
1162 2317 1369 2387 agatur
1413 2312 1586 2368 Nona.
1621 2313 1744 2378 Qua
1789 2314 2020 2366 cantata

368 2406 443 2462 ob
465 2422 746 2463 arcanum
779 2405 1088 2478 cujusdam
1118 2401 1379 2478 mysterii
1401 2401 1706 2469 indicium,
1727 2399 1774 2456 si
1793 2400 1873 2455 ita
1896 2399 2017 2472 pla-

369 2494 574 2566 cuerit,
609 2495 862 2552 induant
906 2511 967 2550 se
1017 2494 1246 2563 fratres,
1281 2495 1338 2548 et
1388 2493 1634 2564 pergant
1680 2489 1752 2544 ad
1801 2488 2018 2546 ostium

369 2583 627 2640 ecclesim
659 2583 910 2639 ferentes
943 2582 1175 2638 hastam
1217 2597 1352 2636 cum
1402 2579 1658 2652 imagine
1705 2577 2015 2650 serpentis,

369 2671 568 2745 ibique
598 2671 754 2745 ignis
783 2673 855 2728 de
877 2671 1040 2726 silice
1072 2669 1400 2727 excutiatur
1422 2675 1444 2736 ;'
1467 2667 1565 2722 illo
1611 2666 1918 2722 benedicto
1945 2665 2016 2722 ab

369 2761 598 2831 abbate,
632 2759 896 2831 candela,
930 2777 1058 2832 qua:
1093 2775 1254 2814 more
1285 2755 1572 2828 serpentis
1602 2755 1782 2810 infixa
1811 2759 1920 2824 est,
1943 2755 2017 2811 ab

365 2847 466 2905 illo
491 2850 864 2906 accendatur.
899 2849 1110 2921 Sicque
1141 2847 1350 2904 mdituo
1402 2847 1634 2902 hastam
1673 2845 2016 2916 deportante

365 2938 560 2995 cuncti
581 2940 788 2995 fratres
810 2939 1054 2994 chorum
1076 2937 1784 3011 ingrediantur,unusque
1806 2933 2016 2989 dehinc

364 3044 567 3085 cereus
597 3045 666 3084 ex
697 3027 797 3082 illo
832 3025 1198 3081 illuminetur
1223 3025 1378 3098 igne.
1413 3025 1586 3080 Sexta
1621 3023 1764 3078 feria
1810 3023 2013 3076 eodem

360 3115 565 3173 ordine
594 3119 804 3188 agatur
833 3132 900 3170 ac
929 3132 963 3170 a
990 3115 1210 3169 decano
1242 3117 1522 3186 portetur.
1557 3111 1810 3166 Sabbato
1851 3109 2012 3166 simi-

2115 536 2276 588 textu
2307 532 2623 606 Evangelii,
2655 533 3117 606 praecedentibus
3139 532 3343 604 cereis,
3363 537 3421 589 et
3441 531 3770 601 thuribulo,

2115 620 2462 695 legaturque
2492 621 2872 696 Evangelium
2925 623 3249 679 secundum
3299 623 3592 680 Joannem
3640 621 3780 678 Ante

2117 709 2264 766 diem
2290 713 2510 783 festum,
2547 711 2731 767 donec
2769 710 3230 768 tintinnabulum
3283 711 3558 786 pulsetur
3589 728 3602 766 :
3635 713 3778 767 tunc

2119 801 2479 874 praecedente
2501 800 2868 873 processione
2891 800 3288 874 subsequatur
3307 800 3504 857 omnis
3535 816 3778 874 congre-

2120 889 2296 962 gatio,
2332 889 2677 962 cunctisque
2715 888 2773 944 in
2828 889 3129 946 refectorio
3177 889 3576 946 residentibus
3621 889 3780 944 idem

2121 979 2404 1034 diaconus
2428 983 2593 1033 stans
2613 981 3006 1052 prosequatur
3023 977 3314 1054 Evangelii
3337 977 3782 1051 sequentia,im-

2123 1066 2314 1141 posito
2342 1085 2520 1140 super
2551 1069 2799 1124 amboue
2820 1067 3149 1140 Evangelio.
3173 1067 3413 1124 Interim
3437 1068 3625 1123 abbas
3646 1085 3778 1140 pro-

2123 1157 2380 1228 pinando
2396 1157 2652 1212 circueat
2670 1158 2876 1214 fratres
2893 1174 3027 1213 cum
3049 1156 3301 1231 singulis
3319 1156 3560 1229 potibus
3583 1157 3785 1231 singu-

2123 1243 2315 1300 lorum
2347 1245 2623 1300 osculans
2654 1263 2892 1315 manus,
2924 1263 3042 1318 qua
3071 1249 3305 1318 peracta
3343 1244 3784 1302 ministrationc

2126 1333 2416 1390 residente
2447 1335 2656 1391 abbate
2689 1334 2942 1404 dicatur,
2977 1336 3052 1390 Tu
3079 1343 3278 1403 autem,
3303 1335 3728 1390 Domine.Tunc
3750 1351 3785 1390 a

2127 1421 2316 1494 priore
2349 1423 2689 1496 propinetur
2727 1423 2945 1492 abbati,
2979 1427 3036 1479 et
3067 1422 3307 1496 reliquis
3357 1421 3650 1478 ministris
3679 1422 3782 1497 qui

2128 1511 2500 1568 assistebant.
2515 1511 2942 1586 Evangelioque
2963 1512 3126 1568 {inito
3148 1511 3501 1584 potibusque
3524 1510 3782 1582 haustis,

2128 1601 2404 1672 procedat
2431 1600 2744 1673 processio,
2760 1606 2816 1658 et
2836 1605 3052 1658 exuant
3071 1617 3132 1657 se
3150 1599 3620 1673 fratres,sintque
3642 1617 3783 1658 cum

2128 1687 2373 1762 reliquis
2403 1689 2475 1745 ad
2507 1689 2946 1764 complendum.

2201 1777 2340 1834 Inde
2369 1795 2692 1852 parasceva:
2724 1783 2934 1853 agatur
2964 1782 3248 1834 nocturna
3271 1778 3402 1835 laus
3427 1779 3582 1836 sicut
3601 1796 3784 1854 supra

2130 1865 2352 1922 dictum
2384 1871 2473 1924 est
2503 1883 2516 1922 :
2550 1871 2684 1940 post
2709 1867 2831 1924 haec
2860 1867 3158 1924 venientes
3188 1868 3258 1923 ad
3281 1868 3550 1936 Primam,
3572 1868 3784 1926 discal-

2131 1955 2287 2024 ciati,
2321 1973 2527 2012 omnes
2556 1957 2830 2013 incedant
2859 1972 3166 2030 quousque
3197 1974 3343 2014 crux
3365 1957 3775 2015 hdoretur.Ea-

2131 2045 2262 2100 dem
2281 2045 2438 2101 enim
2453 2045 2544 2102 die
2556 2045 2702 2102 hora
2717 2063 2872 2102 nona
2887 2046 3068 2102 abbas
3085 2062 3218 2101 cum
3239 2046 3524 2103 fratribus
3545 2047 3783 2104 accedat

2133 2134 2204 2190 ad
2235 2133 2565 2204 ecclesiam,
2602 2135 2702 2209 qui
2735 2135 2876 2191 dum
2903 2139 3138 2208 peracta
3166 2135 3429 2191 oratione
3477 2151 3612 2192 cum
3663 2135 3781 2191 mi-

2131 2223 2335 2279 nistris
2363 2221 2563 2280 altaris
2593 2241 2754 2281 more
2785 2223 2954 2280 solito
2976 2223 3219 2280 indutus
3252 2223 3430 2280 fuerit
3447 2225 3690 2282 veniens
3710 2225 3781 2282 de

2130 2312 2385 2368 sacrario
2415 2317 2551 2370 ante
2580 2313 2788 2370 altaria
2817 2313 3097 2370 orationis
3127 2313 3316 2386 gratia
3346 2313 3485 2370 inde
3533 2331 3671 2371 cum
3703 2315 3781 2371 si-

2129 2400 2308 2458 lentio
2340 2403 2412 2458 ad
2444 2403 2642 2460 sedem
2675 2404 2912 2459 accedat
2942 2403 3266 2476 proprium,
3297 2407 3441 2460 tunc
3470 2403 3778 2460 subdiaco-

2131 2507 2244 2547 nus
2274 2491 2553 2547 ascendat
2583 2493 2656 2547 ad
2688 2491 3001 2565 legendum
3035 2490 3343 2547 lectionem
3366 2491 3511 2549 Osee
3531 2492 3778 2566 prophe-

2127 2584 2220 2650 ιω,
2254 2579 2318 2634 In
2347 2580 2700 2638 tribulatione
2727 2597 2852 2650 sua,
2881 2580 3147 2652 sequitur
3181 2580 3646 2652 responsorium,
3677 2581 3776 2637 Do-

2125 2671 2277 2726 mine
2302 2669 2512 2738 audivi,
2545 2685 2679 2725 cum
2713 2670 2744 2724 4
2775 2668 3041 2725 versibus
3074 2685 3088 2724 :
3122 2673 3326 2741 postea
3355 2668 3573 2725 dicitur
3596 2670 3776 2728 oratio

2127 2757 2200 2813 ab
2232 2757 2441 2814 abbate
2491 2774 2626 2814 cum
2673 2757 3098 2830 genuflexione,
3128 2757 3270 2812 Deus
3298 2774 3332 2813 a
3353 2773 3456 2830 quo
3498 2766 3551 2815 et
3586 2758 3772 2816 ludas.

2126 2846 2344 2902 Deinde
2371 2845 2590 2920 legitur
2635 2845 2750 2901 alia
2793 2845 2984 2913 lectio,
3016 2847 3171 2902 Dixit
3213 2847 3478 2902 Dominus
3520 2846 3595 2902 ad
3639 2847 3778 2922 Moy-

2123 2951 2237 3004 sen,
2272 2935 2540 3007 sequitur
2569 2939 2794 2990 tractus
2822 2935 2985 3006 Eripe
3011 2935 3372 3004 meDomine;
3405 2941 3610 3008 postea
3638 2936 3772 3010 legi-

2122 3026 2221 3078 tur
2272 3025 2464 3080 Passio
2520 3025 2742 3080 Domini
2797 3025 2975 3080 nostri
3025 3025 3153 3080 Iesu
3215 3023 3423 3080 Christi
3473 3025 3772 3082 secundum

2121 3113 2403 3169 Joannem.
2435 3113 2520 3167 Ad
2552 3112 2712 3167 illam
2745 3112 3079 3184 passionem
3118 3112 3402 3169 diaconus
3446 3131 3560 3169 non
3594 3113 3770 3184 dicat,

358 3204 512 3272 liter,
547 3221 582 3260 a
611 3185 1040 3277 p—rzepositoque
1070 3185 1382 3258 deferatur.
1418 3203 1488 3257 Et
1518 3205 1650 3273 post
1689 3200 1810 3254 haec
1857 3199 2010 3256 ccle-
2041 3185 2084 3252 C
2120 3202 2385 3258 Dominus
2422 3202 2717 3268 vobiscum,
2750 3202 2852 3256 sed
2900 3203 3090 3256 Passio
3144 3201 3382 3270 Domini,
3417 3205 3476 3258 et
3522 3201 3769 3276 reliqua,

358 3293 547 3349 bratio
577 3292 794 3350 missae.
827 3293 911 3347 Ad
943 3308 1121 3364 quam
1151 3292 1414 3346 Dominus
1444 3290 1720 3345 vobiscum
1768 3288 2012 3345 minime

360 3380 612 3454 dicatur,
630 3382 744 3437 nisi
767 3383 840 3437 ab
864 3381 1153 3452 episcopo,
1178 3380 1590 3436 tantummodo
1621 3378 1720 3434 ubi
1752 3379 2013 3436 chrisma

361 3470 690 3528 conficitur.
723 3473 771 3527 Α
820 3487 936 3542 quo
985 3469 1158 3527 etiam
1208 3470 1269 3524 in
1317 3467 1696 3525 Eucharistiae
1745 3473 2009 3542 accepta-

359 3559 520 3617 tions
571 3560 734 3634 pacis
791 3559 1060 3616 osculum
1120 3557 1495 3633 presbyteris,
1543 3561 1632 3613 tcr
1686 3557 1867 3630 Agnus
1915 3560 2012 3616 Dei

360 3649 688 3719 decantato,
723 3648 1094 3706 solummodo
1125 3649 1313 3718 detur,
1346 3649 1420 3705 ab
1450 3647 1579 3704 aliis
1607 3664 1741 3703 vero
1766 3649 2010 3706 minime

359 3741 753 3812 praesumetur
784 3755 798 3794 :
833 3737 892 3793 in
926 3755 1044 3811 qua
1071 3737 1275 3806 missa,
1300 3737 1452 3793 sicut
1481 3740 1538 3792 et
1566 3735 2006 3810 insequentium

359 3825 588 3885 dierum
645 3827 1100 3884 communicatio
1161 3827 1454 3899 praebetur
1511 3830 1632 3881 tam
1692 3825 2004 3898 fratribus,

356 3931 534 3990 quam
565 3915 792 3974 cunctis
823 3915 1118 3985 fidelibus,
1144 3918 1435 3973 reservata
1455 3914 1838 3971 nihilominus
1859 3931 1892 3970 a
1914 3917 2006 3972 die

352 4004 724 4062 Eucharistia
751 4021 879 4078 qua:
913 4005 1132 4062 sufficit
1161 4005 1232 4060 ad
1264 4003 1820 4060 communicandum
1861 4021 2002 4061 cun-

353 4093 466 4150 ctis
498 4092 680 4150 altera
701 4093 793 4150 die
825 4109 838 4148 :
875 4099 1112 4166 peracta
1141 4094 1336 4149 missae
1367 4093 1774 4162 celebratione,
1799 4109 2002 4151 omnes

352 4180 427 4236 ad
456 4179 705 4236 mixtum
757 4186 1020 4255 pergant.
1067 4182 1204 4238 Post
1253 4181 1525 4251 mixtum,
1561 4198 1709 4254 quos
1755 4181 2004 4239 voluerit

353 4267 534 4326 abbas
565 4285 633 4326 ex
663 4267 944 4324 fratribus
976 4286 1175 4326 secum
1208 4286 1518 4326 assumens
1549 4286 1723 4324 suum
1764 4274 2003 4344 peragat

350 4357 718 4427 mandatum,
765 4374 880 4430 quo
931 4363 1163 4430 peracto
1211 4375 1483 4430 vesperas
1535 4357 1850 4426 celebrent,
1900 4359 1996 4415 de-

347 4444 487 4504 hinc
508 4445 884 4504 refectionem
908 4447 1152 4504 fratrum
1179 4452 1375 4520 agant.
1398 4447 1713 4518 Postquam
1737 4451 1852 4503 tem
1863 4465 1998 4520 pore

347 4551 605 4610 congruo
636 4535 977 4592 eorumdem
1008 4542 1219 4610 agatur
1267 4537 1635 4606 mandatum,
1667 4535 1768 4608 qui
1799 4539 1995 4593 tamen
2025 4559 2074 4624 Β

346 4624 554 4681 fratres
584 4624 748 4698 prius
771 4625 952 4696 pedes
983 4643 1122 4682 suos
1164 4623 1474 4696 diligenter
1517 4625 1872 4692 emundent;
1901 4643 1995 4682 ve-

347 4711 686 4786 nientesque
717 4714 790 4770 ad
824 4715 1170 4769 mandatum
1222 4711 1664 4768 hcbdomadarii
1716 4712 1994 4786 ministri,

344 4804 672 4860 secundum
723 4819 944 4859 morem
1005 4819 1182 4858 suum
1232 4801 1502 4857 abbatem
1562 4802 1990 4873 antecedentes,

345 4891 690 4948 mandatum
721 4895 920 4965 agant,
951 4908 1099 4963 quos
1129 4888 1394 4962 sequitur
1421 4889 1479 4944 in
1503 4891 1724 4946 chonca
1745 4907 1852 4945 sua
1871 4891 1991 4947 sin-

343 4980 616 5054 gulorum
650 4983 826 5053 pedes
856 4979 1080 5046 levans,
1103 4977 1577 5035 ministrantibus
1601 4979 1712 5036 sibi
1735 4996 1882 5052 quos
1902 4998 1994 5038 vo-

341 5068 516 5126 luerit
545 5070 619 5126 ad
652 5069 761 5125 hoc
793 5069 1148 5141 obsequium
1175 5084 1322 5139 quos
1365 5071 1646 5142 extergat,
1679 5073 1734 5124 et
1765 5069 1992 5127 oscule-

343 5161 458 5214 tur.
491 5162 614 5226 Quo
646 5162 899 5232 peracto,
934 5157 1187 5214 resideat
1211 5157 1394 5213 abbas
1431 5155 1492 5212 in
1545 5159 1681 5214 sede
1731 5177 1859 5230 sua,
1893 5177 1986 5216 ve-

337 5246 620 5320 niantque
661 5248 905 5320 priores,
945 5250 1003 5304 et
1049 5247 1101 5302 ei
1153 5246 1355 5303 eadem
1415 5246 1744 5316 exhibeant,
1777 5249 1988 5306 deinde

335 5351 586 5410 surgens
603 5337 700 5392 det
715 5353 930 5410 aquam
949 5337 1007 5392 in
1031 5337 1308 5392 manibus
1331 5336 1987 5409 singulorum,rursum-

333 5440 447 5497 que
477 5425 528 5481 ei
559 5426 762 5481 eadem
789 5425 1040 5482 servitus
1073 5425 1436 5480 exhibeatur.
1473 5426 1610 5481 Inde
1657 5443 1790 5483 vero
1839 5428 1982 5485 dum

330 5528 545 5570 manus
574 5514 792 5583 lavant,
826 5514 1109 5570 diaconus
1139 5513 1657 5579 hebdomadarius.
1687 5520 1745 5572 et
1769 5516 1980 5591 reliqui

2121 3289 2282 3346 nullo
2325 3291 2732 3363 respondente,
2765 3289 2950 3346 Gloria
2991 3290 3112 3358 tibi,
3146 3290 3408 3360 Domine;
3439 3294 3497 3347 et
3534 3292 3768 3364 quando

2118 3377 2334 3452 legitur
2374 3380 2434 3434 in
2481 3378 2812 3453 Evangelio,
2841 3381 3038 3451 partiti
3081 3388 3212 3435 sunt
3265 3381 3581 3436 vestimenta
3625 3398 3766 3450 mea,

2117 3471 2176 3523 et
2206 3468 2452 3541 reliqua,
2484 3469 2686 3524 statim
2717 3468 2833 3525 duo
2865 3468 3094 3524 diaconi
3142 3469 3368 3524 nudent
3417 3468 3598 3526 altare
3644 3469 3761 3526 sin-

2119 3557 2290 3627 done,
2323 3575 2452 3630 quae
2495 3557 2662 3630 prius
2707 3557 2899 3613 fuerat
2947 3557 3058 3612 sub
3107 3557 3423 3632 Evangelio
3468 3558 3677 3631 posita,
3702 3557 3764 3616 in

2117 3646 2360 3702 modum
2391 3645 2752 3720 iurantium;
2778 3649 2912 3719 post
2939 3645 3048 3702 hoc
3069 3645 3436 3703 celebrentur
3455 3647 3761 3718 orationes,

2115 3738 2174 3790 et
2201 3736 2438 3792 veniens
2469 3734 2650 3792 abbas
2683 3739 2816 3790 ante
2845 3733 3028 3792 altare
3068 3733 3312 3808 incipiat
3359 3734 3648 3792 orationes
3679 3753 3766 3793 so-

2113 3823 2358 3894 lemnes,
2393 3841 2522 3898 qua:
2544 3827 2891 3897 sequuntur,
2910 3829 2970 3880 et
2990 3823 3146 3879 dicat
3165 3823 3421 3897 primam
3442 3823 3567 3881 sine
3587 3841 3764 3900 genu-

2115 3913 2379 3984 ﬂexione,
2413 3913 2581 3986 quasi
2611 3911 2878 3986 legendo,
2921 3917 3182 3984 Oremus,
3213 3911 3559 3970 dilectissimi
3584 3914 3758 3981 nobis,

2113 4006 2171 4058 et
2201 4003 2444 4076 reliqua.

2184 4091 2407 4157 Quibus
2442 4089 2684 4164 expletis
2731 4107 2834 4164 per
2881 4091 3166 4161 ordinem,
3213 4091 3414 4149 statim
3473 4109 3756 4166 praepara.

2111 4183 2208 4234 tur
2237 4197 2378 4237 crux
2407 4184 2542 4236 ante
2573 4179 2775 4251 altare,
2808 4179 3152 4254 interposito
3185 4181 3376 4253 spatio
3401 4180 3552 4237 inter
3569 4181 3756 4256 ipsam

2110 4273 2168 4324 et
2200 4267 2380 4326 altare
2422 4268 2560 4324 hinc
2591 4271 2648 4324 et
2678 4268 2814 4325 inde
2846 4286 2880 4324 a
2914 4269 3142 4326 duobus
3195 4268 3561 4326 diaconibus.
3595 4270 3756 4326 Tunc

2109 4363 2345 4414 cantent
2373 4358 2580 4430 Popule
2605 4373 2780 4426 meus,
2815 4357 3236 4431 respondentes
3267 4364 3464 4416 autem
3487 4359 3604 4415 duo
3625 4359 3754 4416 sub-

2107 4447 2336 4504 diaconi
2369 4451 2594 4504 stantes
2624 4450 2758 4504 ante
2788 4463 3021 4504 crucem
3049 4451 3262 4503 canant
3291 4447 3506 4513 Graece,
3538 4449 3696 4520 Agios
3723 4463 3752 4504 ο

2111 4536 2290 4605 Theos,
2325 4538 2482 4608 Agios
2513 4537 2763 4603 ischiros,
2795 4537 2957 4610 Agios
3001 4537 3308 4606 athanatos,
3341 4538 3543 4594 eleison
3592 4539 3748 4593 imas.

2106 4626 2364 4699 Itemque
2396 4625 2598 4683 schola
2627 4625 2684 4682 id
2715 4625 2912 4698 ipsum
2944 4625 3166 4696 Latine,
3200 4626 3432 4684 Sanctus
3460 4627 3622 4682 Deus.
3653 4627 3754 4682 De-

2105 4715 2326 4771 feratnr
2352 4717 2492 4771 tunc
2521 4715 2595 4770 ab
2623 4714 2772 4788 ipsis
2802 4713 3147 4770 diaconibus
3177 4719 3314 4771 ante
3344 4714 3543 4784 altare,
3568 4719 3624 4771 et
3653 4731 3750 4770 eos

2103 4804 2410 4878 acolythus
2425 4821 2561 4860 cum
2579 4803 2820 4876 pulvillo
2837 4809 3141 4877 sequatur,
3155 4821 3334 4876 super
3353 4821 3527 4877 quem
3549 4807 3752 4860 sancta

2103 4911 2244 4950 crux
2273 4897 2544 4967 ponatur.
2568 4891 3020 4966 Antiphonaque
3053 4893 3218 4948 finita
3240 4910 3420 4966 quam
3446 4892 3647 4950 schola
3663 4911 3748 4948 re-

2101 4985 2349 5055 spondet
2363 4983 2805 5053 Latine,canant
2816 4981 3034 5038 ibidem
3049 4982 3202 5038 sicut
3215 4983 3551 5055 prius,Quia
3561 4981 3754 5038 eduxit

2099 5089 2188 5130 vos
2214 5091 2314 5146 per
2339 5072 2626 5129 desertum.
2662 5072 2820 5128 Idem
2842 5089 2974 5129 vero
2995 5073 3386 5145 respondeant
3407 5071 3749 5128 subdiaconi

2098 5163 2290 5220 Grazce
2321 5162 2474 5220 sicut
2501 5161 2688 5235 prius,
2717 5160 2897 5233 Agios,
2929 5167 2996 5218 ut
3025 5179 3236 5236 supra;
3259 5160 3520 5234 itemque
3550 5160 3753 5218 schola

2097 5252 2301 5310 Latine
2331 5255 2395 5307 ut
2424 5250 2612 5324 prius,
2642 5250 2874 5308 Sanctus
2904 5252 3063 5308 Deus.
3096 5253 3359 5322 Itemque
3409 5250 3640 5307 diaconi
3667 5251 3748 5307 le-

2091 5347 2295 5398 vantes
2326 5357 2558 5397 crucem
2591 5345 2805 5396 canant
2835 5341 2990 5396 sicut
3019 5339 3205 5412 prius,
3241 5339 3384 5407 Quid
3414 5340 3748 5396 ultraJtem

2093 5430 2436 5487 subdiaconi
2487 5430 2642 5486 sicut
2695 5429 2882 5502 prius,
2917 5431 3095 5503 Agios,
3127 5432 3192 5484 ut
3239 5445 3452 5502 supra;
3488 5428 3748 5501 itemque

2090 5519 2291 5577 schola
2349 5518 2572 5590 Latine,
2600 5519 2832 5574 Sanctus
2880 5519 3042 5592 Deus,
3088 5523 3154 5574 ut
3204 5534 3406 5590 supra.
3438 5517 3575 5573 Post
3624 5517 3744 5572 haec

329 5602 590 5686 ministri
619 5607 774 5674 eant,
809 5607 866 5660 et
903 5603 1152 5660 induant
1200 5619 1281 5674 se,
1316 5602 1601 5679 signoque
1652 5605 1978 5669 collationis
2088 5613 2374 5672 vertentes
2396 5625 2456 5666 se
2473 5608 2545 5672 ad
2569 5605 2790 5666 clerum
2814 5609 3036 5666 nudata
3054 5623 3226 5664 cruce
3248 5605 3448 5664 dicant
3471 5605 3742 5685 antipha-
