4116 6176
289 401 407 462 493

1433 390 1535 451 DE
1580 379 1972 450 REGIMINE
2017 378 2616 451 MONACHORUM.

3631 396 3752 458 494

292 531 593 600 nam,Ecre
621 529 827 600 lignum
856 523 1091 593 Crucis,-
1119 522 1786 597 Antiphonam,Crucem
1818 527 1969 575 tuam
1998 515 2056 581 Α
2087 515 2222 572 Caro
2243 535 2366 574 mea
2400 524 2701 593 requiescet
2733 522 2791 576 in
2820 538 2932 594 spe.
2966 519 3159 578 Donec
3186 522 3424 580 veniant
3457 523 3527 579 ad
3560 522 3755 582 locum

287 621 617 685 adoramus;
668 616 1078 689 antiphonam,
1129 616 1299 671 Deum
1371 612 1675 685 fabricator
1750 608 1966 675 mundi,

286 711 474 780 Pange
506 709 721 779 lingua.
750 704 902 761 Illico
950 719 1026 758 ea
1077 705 1322 771 nudata,
1345 701 1544 758 veniat
1594 701 1781 756 abbas
1832 700 1970 753 ante

286 814 522 855 crucem
542 799 807 852 sanctam
831 809 893 848 ac
910 791 1110 848 tribus
1133 792 1359 847 vicibus
1384 808 1444 845 se
1470 791 1809 861 prosternat
1831 802 1967 841 cum

287 887 570 944 omnibus
603 881 879 939 fratribus
900 880 1252 937 dexterioris
1281 879 1463 945 chori,
1483 877 1714 933 scilicet
1731 874 1970 932 seniori-

288 978 422 1043 bus,
461 992 531 1031 ac
554 971 915 1046 junioribus,
947 973 1008 1025 et
1040 987 1177 1025 cum
1205 984 1418 1041 magno
1467 966 1667 1021 cordis
1710 964 1970 1036 suspirio

289 1069 523 1137 septem
543 1059 896 1135 poenitentiae
916 1058 1182 1130 psalmos
1206 1074 1339 1112 cum
1366 1055 1737 1111 orationibus
1755 1056 1968 1110 sanctae

288 1151 451 1210 cruci
488 1146 962 1220 competentibus
998 1146 1362 1202 decantando
1394 1148 1642 1217 peroret.

362 1242 429 1297 In
468 1238 663 1312 prima
694 1236 929 1309 quidem
962 1236 1226 1292 oratione
1264 1238 1383 1289 tres
1431 1232 1698 1306 psalmos
1746 1232 1971 1304 primos

289 1347 424 1388 cum
460 1329 748 1393 oratione,
787 1348 815 1375 «
848 1324 1092 1380 Domine
1122 1326 1257 1379 Jesu
1290 1323 1539 1386 Christe,
1592 1323 1770 1376 adoro
1823 1325 1876 1376 te
1911 1320 1969 1373 in

288 1435 535 1475 crucem
570 1415 1008 1479 ascendentem,
1028 1414 1308 1485 deprecor
1330 1416 1404 1478 te,
1422 1415 1485 1465 ut
1510 1411 1638 1483 ipsa
1660 1428 1799 1465 crux
1832 1409 1972 1463 libe-

288 1513 373 1565 ret
390 1524 494 1563 me
512 1507 587 1561 de
608 1502 846 1560 diabolo
874 1502 1233 1574 percutiente
1255 1518 1269 1556 ε
1294 1490 1538 1556 Domine
1556 1500 1698 1555 Jesu
1716 1498 1966 1566 Christe,

290 1599 475 1655 adoro
507 1599 567 1651 te
600 1594 659 1648 in
691 1593 823 1665 ipsa
870 1591 1264 1657 vulneratum,
1297 1589 1578 1660 deprecor
1627 1592 1684 1644 te
1733 1592 1800 1643 ut
1842 1587 1973 1659 ipsa

285 1686 546 1744 vulnera
576 1681 912 1740 remedium
945 1679 1065 1734 sint
1097 1679 1306 1734 animae
1338 1693 1479 1731 meae
1514 1694 1526 1732 :
1557 1677 1802 1733 Domine
1828 1676 1970 1733 Jesu

288 1776 552 1841 Christe,
570 1773 752 1829 adoro
783 1774 843 1825 te
873 1768 1325 1825 descendentem
1358 1767 1427 1822 ad
1462 1766 1679 1822 inferos
1723 1766 1972 1821 liberare

291 1863 880 1940 captivos,deprecor
900 1862 956 1913 te
978 1861 1042 1913 ut
1064 1874 1177 1912 non
1201 1855 1281 1910 ibi
1301 1872 1394 1911 me
1413 1855 1676 1911 dimittas
1694 1853 1968 1910 introire:
2004 1890 2054 1955 B

290 1954 550 2015 Domine
581 1951 726 2007 Jesu
758 1947 1009 2016 Christe,
1043 1946 1219 2001 adoro
1251 1948 1306 1999 te
1339 1949 1741 2018 resurgentem
1775 1943 1846 1998 ab
1881 1942 1971 1997 in-

290 2046 463 2110 feris,
498 2039 925 2098 ascendentem
959 2035 1029 2090 ad
1063 2033 1258 2101 caelos,
1285 2033 1565 2105 deprecor
1591 2038 1668 2102 te,
1694 2032 1974 2088 miserere

292 2134 405 2190 mei
438 2149 453 2187 :
480 2129 736 2187 Domine
765 2126 907 2181 Jesu
930 2114 1459 2188 Christe,adoroite
1488 2126 1801 2178 venturum
1817 2119 1975 2190 judi-

292 2227 597 2285 caturum,
632 2217 917 2288 deprecor
946 2217 1003 2267 te
1033 2213 1098 2266 ut
1127 2211 1184 2264 in
1226 2215 1327 2265 tuo
1359 2211 1608 2266 adventu
1643 2226 1758 2265 non
1790 2209 1974 2263 intres

291 2311 353 2367 in
379 2307 618 2383 judicio
665 2320 803 2359 cum
856 2318 950 2356 me
994 2303 1291 2372 peccante,
1326 2300 1428 2355 sed
1475 2300 1753 2371 deprecor
1798 2301 1876 2366 te,
1911 2300 1977 2351 ut

296 2404 435 2456 ante
476 2395 749 2453 dimittas
782 2405 961 2464 quam
986 2387 1235 2461 judices,
1271 2388 1371 2460 qui
1402 2388 1549 2443 vivis
1581 2391 1637 2443 et
1684 2403 1917 2458 regnas.
1946 2406 1974 2435 ‹‹

366 2490 440 2544 In
466 2482 733 2542 secunda
768 2481 921 2537 duos
942 2476 1164 2533 medios
1195 2493 1330 2531 cum
1363 2482 1642 2549 sequente
1663 2475 1923 2531 oratione
1959 2488 1973 2526 :

300 2602 327 2629 ‹‹
344 2575 601 2635 Domine
613 2573 757 2629 Jesu
771 2565 1454 2639 Christe,gloriosissime
1467 2560 1973 2628 conditormundi,

299 2668 402 2742 qui
437 2680 578 2721 cum
613 2660 698 2717 sis
729 2656 1016 2731 splendor
1043 2654 1238 2729 gloriae
1270 2660 1595 2710 coaeternus
1625 2652 1781 2708 Patri
1807 2666 1975 2705 sanc-

299 2740 483 2830 toque
514 2749 786 2826 Spiritui,
822 2747 955 2801 ideo
982 2745 1260 2817 dignatus
1290 2760 1353 2799 es
1385 2759 1619 2800 carnem
1661 2758 1729 2797 ex
1759 2740 1977 2794 imma-

302 2825 507 2902 culata
533 2825 778 2913 Virgine
810 2849 1065 2901 sumere,
1099 2835 1157 2887 et
1187 2830 1474 2903 gloriosas
1497 2831 1726 2904 palmas
1753 2834 1886 2885 tuas
1916 2825 1976 2880 in

302 2933 503 2992 crucis
550 2926 820 3003 patibulo
865 2920 1185 2996 permisisti
1231 2921 1542 2994 configere,
1597 2925 1664 2975 ut
1721 2918 1981 2974 claustra

303 3022 640 3094 dissipares
672 3013 983 3080 inferni,et
1010 3011 1337 3066 humanum
1380 3027 1566 3082 genus
1598 3009 1877 3063 liberares
1909 3005 1979 3059 de

305 3115 536 3177 morte;
569 3105 815 3178 respice,
847 3105 905 3158 et
946 3100 1221 3156 miserere
1263 3098 1404 3154 mihi
1438 3099 1653 3155 misero
1702 3110 1980 3168 oppresso

307 3201 647 3258 facinorum
680 3193 940 3267 pondere
972 3188 1412 3259 multarumque
1433 3186 1828 3260 nequitiarum
1855 3182 1981 3236 labe

308 3255 576 3365 polluto;
609 3255 726 3341 non
749 3297 846 3337 me
869 3278 1129 3352 digneris
1155 3255 1578 3349 derelinquere,
1597 3273 1865 3348 piissime
1885 3271 1984 3327 Pa—
2012 3255 2054 3321 C

309 3364 430 3447 ter,
451 3376 555 3433 sed
579 3371 842 3445 indulge,
862 3368 1018 3440 quod
1042 3366 1221 3439 impie
1243 3365 1418 3438 gessi.
1439 3364 1660 3420 Exaudi
1695 3380 1788 3418 me
1820 3377 1985 3433 pros-

309 3473 542 3527 tratum
564 3478 763 3520 coram
786 3457 1085 3516 adoranda
1124 3454 1550 3529 gloriosissima
1590 3470 1762 3510 cruce
1788 3456 1891 3507 tua
1920 3455 1986 3505 ut

314 3571 556 3615 merear
574 3547 977 3608 tibivmundus
998 3545 1294 3610 assistere,
1308 3548 1363 3598 et
1381 3542 1609 3615 placere
1647 3537 1987 3612 conspectui

313 3653 446 3715 tuo,
483 3642 584 3717 qui
616 3656 753 3697 cum
791 3638 981 3706 Patre,
1014 3638 1123 3690 etc.
1158 3656 1186 3683 ››

395 3737 441 3791 Α
470 3731 649 3790 tertia
677 3727 924 3784 ultimos
954 3726 1103 3779 duos
1151 3739 1286 3778 cum
1328 3721 1590 3778 oratione
1621 3736 1634 3774 :
1673 3740 1700 3769 ‹‹
1742 3718 1987 3773 Domine

318 3821 704 3892 omnipotens
733 3815 874 3872 Jesu
905 3812 1156 3878 Christe,
1195 3810 1293 3882 qui
1325 3814 1461 3865 tuas
1491 3825 1704 3864 manus
1738 3806 1990 3861 mundas

322 3914 573 3986 propter
600 3922 709 3962 nos
729 3903 790 3959 in
808 3916 979 3959 cruce
996 3899 1344 3973 posuisti,et
1368 3899 1437 3953 de
1453 3902 1555 3953 tuo
1578 3895 1864 3967 sanguine
1886 3910 1992 3948 nos

324 3980 659 4060 redemisti,
694 3990 865 4046 mitte
898 3988 957 4043 in
1001 4002 1094 4042 me
1146 4001 1410 4051 sensum,
1442 3988 1499 4039 et
1544 3980 1994 4053 intelligentiam

326 4084 630 4163 quomodo
660 4080 912 4137 habeam
941 4092 1137 4133 veram
1180 4074 1609 4148 pmnitentiam,
1642 4075 1699 4128 et
1746 4070 1995 4126 habeam

328 4160 554 4236 bonam
586 4166 1083 4244 perseverantiam
1115 4163 1393 4219 omnibus
1425 4162 1633 4218 diebus
1670 4160 1800 4213 vitae
1832 4175 1995 4214 meae.

331 4269 545 4322 Amen.
560 4284 589 4313 »
614 4261 686 4316 Et
700 4274 830 4316 eam
851 4253 1156 4311 humiliter
1170 4250 1518 4308 deosculans
1541 4251 1763 4320 surgat.
1779 4245 2001 4303 Dehinc

335 4344 726 4408 sinisterioris
739 4343 900 4401 chori
914 4356 1120 4398 omnes
1133 4337 1554 4395 fratreseadem
1579 4339 1773 4390 mente
1799 4335 2003 4391 devota

274 4451 279 4455 ‘
337 4441 650 4513 peragant,
666 4450 803 4489 nam
827 4429 1082 4487 salutata
1101 4427 1175 4483 ab
1202 4427 1413 4482 abbate
1433 4424 1519 4479 vel
1540 4422 1817 4479 omnibus
1834 4437 2004 4477 cruce

338 4509 547 4585 redeat
563 4524 690 4597 ipse
711 4521 896 4577 abbas
916 4518 989 4574 ad
1009 4517 1209 4573 sedem
1232 4529 1401 4570 suam
1421 4528 1609 4585 usque
1638 4512 1779 4565 dum
1811 4509 2003 4566 omnis

341 4618 538 4675 clerus
581 4628 649 4668 ac
692 4608 945 4682 populus
980 4607 1090 4661 hoc
1130 4604 1288 4660 idem
1340 4602 1544 4667 faciat;
1579 4616 1716 4656 nam
1766 4599 1906 4671 quia
1937 4615 2005 4654 ea

343 4707 441 4762 die
470 4700 898 4774 depositionem
948 4693 1208 4766 corporis
1258 4690 1576 4748 Salvatoris
1624 4687 1807 4743 nostri
1855 4686 2003 4742 cele-

343 4773 616 4859 bramuis,
645 4773 822 4844 usum
849 4784 1241 4859 quorumdam
1288 4778 1692 4852 religiosorum
1742 4776 2005 4831 imitabi-

346 4883 466 4938 lem
498 4881 571 4936 ad
603 4879 779 4934 fidem
811 4873 1026 4931 indocti
1057 4872 1215 4943 vulgi
1249 4886 1315 4925 ac
1345 4872 1768 4940 neopgytorum
1807 4881 2008 4921 corro-

350 4969 676 5028 borandam
699 4961 1135 5037 aequiperando,
1152 4958 1318 5030 sequi
1340 4957 1388 5012 si
1408 4957 1489 5011 ita
1514 4957 1607 5010 cui
1628 4957 1820 5010 visum
1837 4953 2009 5008 fuerit

352 5055 440 5113 vel
468 5054 582 5111 sibi
611 5052 806 5109 taliter
842 5046 1126 5122 placuerit
1148 5047 1255 5101 hoc
1286 5043 1460 5098 modo
1499 5042 1886 5098 decrevimus.
1920 5041 2008 5096 Sit

356 5150 555 5202 autem
587 5143 644 5197 in
679 5158 799 5196 una
820 5142 983 5212 parte
1003 5136 1226 5195 altaris.
1240 5150 1358 5205 qua
1375 5148 1626 5187 vacuum
1650 5130 1842 5196 fuerit,
1859 5148 2010 5202 qua:-

357 5235 495 5290 dam
525 5229 874 5288 assimilatio
906 5224 1157 5297 sepulcri
1190 5221 1574 5291 velamenque
1623 5220 1915 5290 quoddam
1950 5220 2008 5274 in

358 5322 485 5396 giro
515 5326 775 5385 tensum,
793 5318 854 5372 in
875 5315 1032 5388 quod
1055 5314 1197 5368 dum
1219 5314 1424 5367 sancta
1449 5325 1590 5363 crux
1628 5309 1867 5363 adorata
1897 5310 2013 5363 fue-

362 5412 439 5468 rit
492 5406 822 5482 deporiatur
876 5405 987 5460 hoc
1045 5402 1246 5458 ordine
1280 5416 1294 5455 :
1328 5398 1564 5453 veniant
1617 5396 1867 5464 diaconi,
1909 5396 2011 5469 qui

363 5501 528 5573 prius
545 5499 922 5572 portaverant
941 5496 1162 5559 eam,et
1184 5487 1479 5544 involvant
1506 5501 1633 5540 eam
1675 5486 1919 5542 sindone
1949 5487 2009 5542 in

364 5589 490 5647 loco
530 5587 631 5643 ubi
663 5587 903 5642 adorata
949 5586 1058 5649 est,
1083 5584 1224 5636 tunc
1254 5578 1550 5649 reportent
1579 5591 1706 5630 eam
1738 5580 2011 5631 canentes

367 5675 721 5753 antiphonas
753 5691 767 5734 :
798 5674 862 5734 In
898 5687 1028 5748 pace
1074 5671 1135 5728 in
1183 5667 1456 5742 idipsum;
1505 5664 1805 5731 Habitabit.
1842 5663 2006 5738 Item,

2083 608 2886 682 monumenti,depositaque
2917 628 3088 668 cruce
3120 612 3239 667 acsi
3290 611 3525 668 Domini
3571 613 3759 669 nostri

2081 694 2221 750 Jesu
2272 695 2501 753 Christi
2553 713 2798 771 corpore
2847 698 3098 772 sepulto,
3122 700 3321 757 dicant
3351 685 3791 774 antiphonam,'

2082 783 2302 854 Sepulto
2335 787 2570 842 Domino
2611 789 2888 859 signatum
2918 796 2998 844 est
3040 796 3473 855 monumentum,
3501 796 3760 863 ponentes

2080 873 2289 927 milites
2326 878 2428 946 qui
2456 876 2793 932 custodirent
2828 894 2973 932 eum.
3026 878 3088 932 In
3132 879 3335 933 eodem
3381 876 3508 933 loco
3558 882 3766 934 sancta

2083 980 2224 1019 crux
2250 980 2399 1019 cum
2423 967 2583 1021 omni
2608 967 2931 1023 reverentia
2949 967 3335 1037 custodiatur,
3351 982 3541 1039 usque
3563 967 3761 1022 Domi-

2084 1052 2279 1106 nicam
2316 1059 2555 1110 noctem
2584 1055 3029 1112 resurrectionis
3062 1073 3074 1111 :
3110 1059 3277 1112 nocte
3306 1073 3440 1112 vero
3489 1055 3758 1111 ordinen-

2082 1145 2179 1197 tur
2210 1140 2339 1197 duo
2372 1144 2579 1199 fratres
2611 1149 2713 1200 aut
2742 1148 2883 1213 tres,
2913 1148 3016 1200 aut
3046 1144 3243 1217 plures
3274 1145 3321 1200 si
3374 1148 3539 1200 tanta
3580 1143 3758 1199 fuerit

2083 1233 2607 1306 congregatio,qui
2640 1234 2856 1290 ibidem
2891 1233 3151 1305 psalmos
3183 1234 3549 1289 decantando
3580 1249 3751 1288 excu-

2084 1319 2211 1376 bias
2242 1320 2454 1375 fideles
2485 1325 2806 1389 exerceant,
2840 1322 3056 1394 quibus
3088 1321 3338 1393 peractis
3375 1321 3752 1393 egrediantur

2084 1409 2373 1463 diaconus
2404 1427 2469 1465 ac
2504 1410 2901 1465 subdiaconus
2933 1410 3003 1464 de
3034 1410 3289 1465 sacrario
3323 1425 3456 1462 cum
3506 1424 3748 1480 corpore

2084 1498 2345 1567 Domini,
2374 1500 2531 1570 quod
2563 1499 2753 1571 pridie
2786 1497 3087 1565 remansit,
3121 1501 3177 1553 et
3207 1496 3386 1552 calice
3425 1513 3559 1552 cum
3608 1496 3743 1551 vino

2086 1606 2199 1644 non
2233 1591 2666 1656 consecrato,et
2690 1590 2910 1660 ponant
2940 1602 3118 1659 super
3146 1585 3355 1653 altare;
3381 1589 3522 1640 tunc
3553 1600 3746 1640 sacer-

2085 1679 2191 1733 dos
2220 1677 2417 1733 veniat
2448 1681 2581 1733 ante
2612 1676 2886 1744 altare,et
2934 1676 3091 1732 dicat
3133 1691 3271 1730 voce
3319 1690 3531 1729 sonora
3563 1689 3576 1728 :
3613 1672 3744 1730 Ore-

2083 1783 2228 1834 mus,
2273 1768 2562 1839 pra’ceptis
2618 1765 2956 1821 salutaribus
3007 1765 3226 1830 moniti,
3259 1767 3317 1820 et
3359 1764 3523 1818 Pater
3561 1768 3746 1818 noster

2085 1855 2223 1911 inde
2255 1856 2449 1912 Libera
2476 1872 2595 1922 nos,
2630 1854 3225 1927 quaesumusﬂomine,
3242 1868 3429 1924 usque
3444 1851 3747 1924 peremnia

2083 1946 2291 2002 saecula
2319 1946 2670 2002 strculorum.
2706 1944 2777 1998 Et
2807 1944 3006 1997 sumat
3029 1941 3211 1997 abbas
3232 1941 3304 1997 de
3326 1943 3527 1996 sancto
3561 1937 3746 1996 sacri-

2086 2033 2217 2090 ﬁcio
2247 2040 2304 2090 et
2334 2037 2514 2106 ponat
2534 2034 2594 2087 in
2629 2031 2870 2087 calicem
2902 2029 3049 2085 nihil
3081 2030 3301 2098 dicens,
3321 2032 3379 2085 et
3410 2026 3747 2084 communi-

2086 2125 2218 2178 cent
2246 2139 2451 2178 omnes
2482 2137 2617 2177 cum
2649 2119 2882 2176 silentio
2911 2136 2922 2174 :
2949 2118 3059 2175 hoc
3089 2116 3316 2190 expleto
3347 2115 3747 2189 vespertinum

2086 2211 2347 2267 ofﬁcium
2380 2215 2554 2267 canat
2577 2208 2987 2281 unusquisque
3016 2207 3287 2281 privatim
3337 2206 3397 2260 in
3442 2205 3569 2262 loco
3617 2221 3748 2272 suo,

2086 2316 2201 2371 quo
2232 2305 2467 2371 peracto
2516 2298 2888 2355 refoctorium
2938 2300 3156 2370 petant.
3190 2299 3508 2369 Surgentes
3548 2296 3747 2349 autem

2086 2405 2119 2444 a
2152 2405 2359 2444 mensa
2390 2393 2599 2444 czetera
2630 2403 2791 2442 more
2825 2385 2994 2443 solito
3026 2387 3327 2458 peragant.
3362 2382 3565 2439 Crucis
3611 2397 3748 2436 vero

2084 2478 2457 2533 veneratione
2487 2480 2744 2550 peracta,
2777 2474 2994 2547 quibus
3024 2490 3274 2529 vacuum
3294 2471 3468 2528 fuerit
3489 2467 3747 2526 ministri

2084 2564 2173 2620 vel
2205 2567 2370 2637 pueri
2396 2583 2458 2623 se
2496 2566 2807 2631 radant,ac
2848 2560 3139 2630 balueent,
3162 2562 3212 2616 si
3251 2565 3415 2617 tanta
3447 2559 3623 2615 fuerit
3650 2573 3745 2611 co-

2085 2658 2225 2713 hors
2250 2654 2569 2721 societatis,
2592 2657 2667 2709 ut'
2680 2651 2910 2708 sabbati
2938 2649 3177 2706 crastini
3201 2650 3273 2705 ad
3296 2648 3405 2705 hoc
3424 2665 3541 2704 non
3577 2645 3746 2702 sum-

2086 2745 2202 2801 ciat
2223 2741 2844 2813 dics.Comp1etorium
2866 2756 3001 2795 vero
3024 2742 3157 2810 post
3177 2736 3550 2793 collationem
3569 2751 3747 2789 unus-

2087 2832 2340 2906 quisque
2372 2831 2431 2886 in
2463 2830 2588 2886 loco
2610 2845 2716 2886 suo
2735 2832 2897 2885 stans
2917 2825 3211 2895 semotim,
3226 2842 3293 2881 ac
3326 2824 3566 2880 silenter
3585 2837 3747 2878 more

2087 2922 2529 2989 canonicorum,
2564 2924 2628 2975 ut
2675 2935 2853 2990 supra
2893 2915 3483 2981 diximus,decantet,
3507 2915 3565 2967 et
3607 2926 3746 2965 con-

2088 3014 2254 3065 sueto
2288 3027 2449 3064 more
2487 3013 2693 3065 caetera
2715 3004 3131 3078 compleat,his
3150 3019 3285 3058 vero
3308 3002 3499 3057 tribus
3539 2998 3749 3054 diebus

2089 3100 2147 3154 in
2182 3098 2485 3155 refectorio
2507 3098 2705 3155 omnia
2726 3114 2860 3153 cum
2884 3092 3378 3160 benedictione,et
3394 3090 3453 3145 in
3494 3086 3748 3159 capitulo

2094 3205 2254 3245 more
2286 3193 2539 3261 agantur
2569 3187 2764 3243 solito.

2231 3278 2471 3346 Qualiter
2497 3279 2722 3341 diurna,
2751 3277 2867 3330 sive
2892 3281 3179 3339 nocturna,
3210 3272 3331 3326 laus
3361 3266 3621 3324 Paschali

2656 3348 2947 3419 festivitate
2971 3352 3188 3417 agatur.

2166 3439 2419 3495 Sabbato
2449 3442 2651 3494 sancto
2681 3436 2826 3491 hora
2855 3452 3012 3491 nona
3039 3431 3307 3488 veniente
3339 3429 3548 3485 abbate
3578 3426 3638 3481 in
3669 3441 3756 3481 ec-

2094 3527 2335 3584 clesiam
2367 3544 2501 3582 cum
2534 3525 2833 3591 fratribus,
2856 3525 3146 3589 novus,ut
3174 3535 3355 3592 supra
3388 3519 3613 3573 dictum
3644 3516 3754 3579 est,

2096 3617 2375 3673 all’eratur
2402 3615 2577 3687 ignis.
2594 3613 2787 3669 Posito
2820 3629 2956 3669 vero
2997 3626 3163 3666 cereo
3185 3612 3320 3662 ante
3341 3605 3541 3673 altare,
3557 3621 3627 3661 ex
3655 3601 3755 3658 illo

2099 3705 2454 3761 accendatur
2480 3703 2635 3775 igne.
2668 3702 2851 3766 Quem
2883 3701 3170 3755 diaconus
3197 3711 3358 3750 more
3389 3692 3560 3750 solito
3588 3691 3758 3746 bene-

2100 3791 2321 3858 dicens,
2356 3790 2508 3845 hanc
2537 3787 2859 3844 orationem
2892 3783 3066 3859 quasi
3095 3797 3234 3838 voce
3280 3779 3527 3852 legentis
3567 3776 3785 3851 proie--

2101 3897 2236 3937 rens
2283 3878 2486 3934 dicat:
2519 3876 2737 3932 Exultat
2781 3876 2905 3947 jam
2969 3870 3220 3942 angelica
3269 3868 3431 3925 turba
3480 3866 3755 3924 caelorum.

2101 3971 2267 4026 Tunc
2292 3982 2430 4023 voce
2461 3964 2803 4021 sublimiore
2841 3963 3021 4028 dicat,
3046 3958 3277 4014 Sursum
3313 3956 3496 4025 corda,
3528 3958 3592 4012 et
3626 3953 3758 4010 reli-

2106 4075 2241 4130 qua.
2275 4055 2467 4113 Finita
2517 4050 2920 4109 benedictione
2960 4047 3317 4104 accendatur
3360 4046 3507 4103 alter
3533 4058 3757 4113 cereus,

2106 4153 2164 4204 et
2189 4151 2331 4202 tunc
2359 4143 2770 4200 illuminantur
2799 4141 2914 4198 duo
2949 4137 3100 4196 cerei
3152 4136 3490 4195 tenentibus
3529 4132 3762 4192 duobus

2108 4234 2582 4308 acolythis,unus
2620 4231 2680 4284 in
2729 4230 2930 4287 dextro
2972 4244 3155 4284 cornu
3187 4226 3385 4296 alaris,
3415 4229 3473 4284 et
3511 4224 3657 4282 alter
3702 4222 3763 4278 in

2109 4325 2368 4381 sinistro.
2384 4318 2789 4377 Benedictione
2813 4320 3051 4391 peracta
3069 4316 3348 4373 ascendat
3377 4314 3763 4371 subdiaconu-

2112 4413 2445 4476 ambonem,
2496 4408 2652 4482 legat
2710 4407 3022 4463 lectionem
3077 4404 3351 4477 qrimam,
3384 4403 3446 4459 In
3488 4403 3764 4474 principio

2111 4503 2342 4568 creavit;
2375 4498 2642 4570 sequitur
2687 4496 2870 4553 oratio
2912 4513 2947 4550 a
2993 4493 3206 4565 priore,
3231 4493 3455 4550 Oremus
3484 4492 3627 4547 Deus
3670 4492 3766 4562 qui

2112 4591 2465 4647 mirabiliter.
2486 4586 2757 4643 Secunda
2772 4584 2962 4650 lectio,
2977 4584 3199 4638 Factum
3222 4589 3302 4638 est
3329 4583 3391 4636 in
3408 4580 3633 4651 vigilia;
3654 4584 3766 4634 tra-

2116 4679 2559 4746 ctus,Cantemus
2580 4676 2828 4730 Domino.
2845 4670 3125 4742 Sequitur
3143 4669 3349 4737 oratio,
3365 4668 3612 4735 Oremus,
3625 4669 3766 4723 Deus

2114 4771 2268 4842 cujus
2296 4769 2523 4837 antiqua
2552 4764 2853 4828 miracula;
2884 4760 3056 4815 tertia
3091 4757 3224 4814 lect.
3256 4760 3377 4813 ch
3418 4765 3499 4814 est
3541 4756 3765 4813 hwredi-

2114 4859 2294 4925 ditas;
2325 4854 2585 4920 collecta,
2600 4854 2740 4907 Deus
2770 4851 2866 4922 qui
2893 4849 3188 4904 Ecclesium
3208 4856 3388 4914 tuam,-
3410 4849 3637 4901 tractus
3656 4845 3769 4901 Sic-

2116 4956 2177 5002 ut
2204 4962 2423 5010 cervus;
2454 4942 2721 5012 sequitur
2750 4937 2957 5003 oratio,
2976 4936 3231 5004 Concede,
3247 4949 3583 5007 quaesumus,
3599 4935 3771 4989 omni-

2114 5044 2299 5107 potens
2331 5036 2488 5088 Deus.
2526 5029 2715 5084 Finita
2744 5026 3023 5093 oratione,
3060 5024 3412 5080 inchoentur
3440 5022 3653 5079 litaniaa
3679 5039 3770 5078 se-

2118 5129 2302 5198 ptena:
2333 5122 2404 5177 ad
2455 5117 2764 5173 introitum
2795 5117 2931 5169 ante
2965 5112 3168 5167 altare.
3204 5114 3409 5167 Postea
3453 5112 3773 5167 descendat

2120 5214 2302 5269 abbas
2332 5227 2467 5265 cum
2500 5205 2658 5262 scola
2679 5207 2955 5260 canentes
2986 5201 3225 5257 litanias
3251 5200 3465 5273 quinas
3486 5200 3559 5255 ad
3585 5201 3776 5256 fontes

2121 5297 2570 5358 benedicendos.
2590 5293 2886 5364 Sequitur,
2904 5291 3254 5362 Omnipotens
3272 5290 3601 5361 sempiterno
3614 5289 3776 5355 Deus,

2120 5396 2177 5447 et
2207 5387 2500 5462 praafatio;
2536 5384 2630 5438 his
2660 5379 2901 5454 expletis
2934 5380 3181 5435 redeunt
3199 5379 3270 5435 ad
3295 5377 3475 5433 altare
3496 5394 3630 5433 cum
3654 5376 3781 5432 lita-

2122 5482 2221 5537 nia
2250 5484 2435 5541 terna,
2453 5478 2509 5529 et
2539 5476 2855 5543 antequam
2900 5472 3170 5524 cantatur
3215 5467 3403 5523 Gloria
3446 5468 3509 5521 in
3550 5466 3779 5521 excelsis

2119 5565 2540 5639 Deo,magister
2571 5559 2781 5619 scholae
2820 5560 2979 5614 dicat
3009 5557 3127 5614 alta
3153 5572 3314 5625 voce,
3347 5554 3659 5611 Accendite.
3706 5553 3779 5609 Et

2117 5667 2260 5720 tunc
2290 5652 2699 5715 illuminentur
2727 5649 2927 5709 omnia
2955 5646 3273 5708 luminaria
3301 5643 3656 5718 eoelesize,et
3681 5640 3757 5703 δι’
