4068 6172
273 350 391 408 495
1295 345 1360 406 s.
1408 344 1806 407 DUNSTANI
1851 299 1879 404 Α

2074 343 2216 406 [ΕΡ.
2263 345 2654 406 CANTUAR.
3561 341 3680 404 496

273 483 408 536 batc
453 479 767 552 incipiente
825 480 1006 536 Gloria
1053 481 1114 533 in
1170 477 1397 532 excelsis
1455 478 1578 543 Deo,
1615 475 1924 548 pulsentur
1951 477 2009 546 Α
2037 475 2438 544 ostendentes,
2470 476 2626 548 quod
2655 474 2976 532 surrexerit
3007 473 3391 544 Dominus,et
3403 473 3532 548 jam
3563 491 3683 530 non

275 569 474 627 omnia
502 568 980 642 signa.Sequitur
1002 566 1418 636 collecta,Deus
1449 567 1544 638 qui
1573 565 1715 622 hanc
1749 581 1927 623 sacra-
2035 565 2112 621 sit
2141 565 2240 621 illo
2276 563 2595 634 involutus,
2630 563 2783 620 hanc
2814 568 3030 620 canant
3071 563 3458 636 antipbonam
3490 581 3506 620 :
3540 564 3688 620 Sur-

277 660 546 715 tissimam
571 665 798 714 noctem.
823 657 1041 714 Deinde
1074 656 1287 729 legitur
1317 653 1672 728 Epistola,Si
1709 671 1927 710 consur-
2033 657 2180 712 rexit
2208 657 2479 712 Dominus
2509 655 2574 712 de
2603 655 2874 728 sepulcro,
2897 658 3413 728 superponantque
3433 652 3716 714 linteum-

275 749 518 816 rexistis,
552 751 610 802 et
658 750 930 802 cantatur
975 745 1234 811 Alleluia,
1283 745 1619 816 conﬁtemini
1673 745 1923 814 Domino,
2036 743 2237 813 altari;
2263 744 2432 800 ﬁnita
2453 743 2778 817 antiphona
2798 743 3692 816 priorcongaudensprotrium-

275 841 335 894 et
361 838 584 892 tractus
617 836 851 892 Laudate
877 837 1188 891 Dominum.
1222 835 1369 890 Ante
1398 833 1778 908 Evangelium
1809 851 1926 891 non
2037 833 2152 905 pho
2184 833 2340 908 regis
2373 833 2584 902 nostri,
2605 833 2761 906 quod
2791 832 3020 888 devicta
3051 835 3240 888 morte
3260 831 3694 902 surrexit,inci-

276 928 585 998 portantur
629 925 946 982 luminaria
990 925 1050 980 in
1100 925 1229 996 ipsa
1266 927 1454 992 nocte,
1487 925 1588 980 sed
1620 923 1926 980 incensum
2036 923 2162 994 piat
2210 923 2498 996 hymnum
2533 938 2546 978 :
2585 923 2651 979 Te
2679 927 2860 979 Deum
2907 921 3216 989 laudamus,
3251 938 3366 994 quo
3433 922 3691 996 incmpto

277 1018 529 1071 tantum.
569 1015 758 1071 Finito
785 1013 1115 1087 Evangelia,
1133 1013 1288 1068 dicat
1337 1013 1814 1093 abbas,Dominus
1845 1030 1930 1070 vo-
2038 1029 2156 1068 una
2187 1011 2502 1084 pulsantur
2523 1011 2722 1068 omnia
2751 1011 2942 1088 signa,
2976 1014 3110 1084 post
3136 1013 3306 1083 cujus
3327 1011 3508 1068 ﬁnem
3532 1011 3694 1070 dicat

277 1105 506 1169 hiscum,
523 1103 778 1171 Oremus;
807 1103 867 1158 in
900 1103 1026 1176 ipso
1047 1102 1278 1170 dienon
1299 1105 1568 1158 cantatur
1583 1101 1930 1174 Offertorium
2039 1101 2310 1157 sacerdos
2365 1117 2602 1158 versum
2657 1117 2670 1156 :
2722 1101 2788 1156 In
2840 1101 3239 1158 resurrectione
3292 1107 3407 1170 tua,
3453 1099 3692 1170 Christe,

277 1210 386 1249 nec
415 1193 596 1265 Agnus
624 1195 741 1261 Dei,
778 1210 882 1248 nec
913 1192 1326 1261 Communio,et
1345 1209 1546 1264 pacem
1571 1209 1686 1247 non
1716 1193 1931 1248 debent
2037 1189 2412 1259 verbotenus,
2445 1195 2504 1246 et
2529 1189 2728 1245 initiat
2770 1189 3112 1258 Matutinus,
3147 1189 3350 1247 dicens
3382 1205 3396 1244 :
3431 1194 3604 1258 Deus,
3629 1191 3694 1244 in

277 1283 437 1350 dare,
470 1281 585 1337 nisi
616 1282 687 1336 iis
717 1281 819 1354 qui
851 1280 1317 1350 communicant;
1353 1282 1452 1336 sed
1503 1280 1736 1338 interim
1785 1283 1927 1337 dum
2037 1277 2379 1350 adjutorium
2403 1294 2587 1334 meum
2619 1277 2857 1348 intende,
2872 1282 2931 1334 et
2959 1297 2994 1334 a
3022 1282 3258 1334 cantore
3282 1276 3438 1334 illico
3457 1277 3692 1336 inchoe-

279 1370 1157 1438 communicantur,Alleluia,et
1179 1369 1396 1426 laudate
1418 1373 1711 1427 Dominum
1746 1387 1930 1428 omnes
2039 1372 2136 1424 tur
2164 1366 2488 1440 antiphona
2516 1383 2653 1424 cum
2684 1367 2912 1440 psalmo
2941 1369 3209 1424 Dominus
3250 1370 3514 1440 regnaoit,
3547 1368 3694 1440 quia

277 1468 458 1532 gentes
511 1463 799 1528 cantatur,
831 1461 1042 1516 dehinc
1099 1459 1424 1532 antiphona
1485 1461 1706 1533 Vespere
1750 1468 1932 1517 autem
2037 1460 2184 1514 Deus
2213 1459 2538 1513 misereatur
2565 1459 2764 1525 nostri,
2779 1457 2889 1512 hoc
2921 1474 3038 1512 non
3069 1456 3302 1512 canitur
3331 1457 3392 1512 in
3421 1456 3694 1532 loco,_sed

279 1550 502 1607 Sabbati
531 1553 590 1605 et
621 1550 947 1622 Magniﬁcat.
981 1549 1076 1605 Sic
1107 1547 1380 1605 sacerdos
1423 1549 1668 1606 missam
1709 1567 1776 1606 ac
1803 1567 1929 1607 ves-
2039 1563 2174 1602 cum
2221 1552 2394 1618 Deus,
2424 1551 2569 1602 Deus
2617 1562 2790 1615 meus,
2822 1545 2893 1602 ad
2939 1553 2988 1602 te
3037 1545 3102 1602 de
3161 1546 3298 1616 luce,
3328 1546 3694 1618 conjunctim

279 1638 626 1711 pertinalem
657 1639 923 1712 synaxim
954 1655 1072 1694 una
1101 1636 1388 1709 compleat
1413 1639 1702 1708 oratione;
1725 1640 1930 1694 eadem
2041 1635 2456 1692 canonicorum
2488 1651 2670 1690 more.
2703 1635 2971 1708 Quinque
3003 1634 3250 1708 psalmis
3271 1635 3408 1707 jure
3439 1635 3696 1707 peractis

276 1747 412 1784 vero
449 1728 542 1785 die
593 1732 850 1800 tempore
879 1728 1139 1784 mandati
1194 1743 1346 1798 aqua
1394 1729 1668 1783 manibus
1699 1732 1930 1785 tantum
2039 1723 2523 1796 eumantiphouis
2546 1723 3226 1796 sibiritepertineutibus
3247 1724 3698 1797 capituloetiam

281 1819 420 1874 data
449 1837 483 1873 a
513 1817 780 1873 ministro
813 1817 1090 1872 fratribus
1113 1816 1416 1873 (:liaritatis
1447 1817 1640 1873 ofﬁcio
1675 1819 1930 1890 przcbea-
1961 1853 2012 1920 Β
2039 1830 2074 1868 a
2103 1815 2463 1887 presbytero,
2496 1829 2786 1884 versuque
2818 1814 3075 1871 Surrexit
3103 1817 3375 1872 Dominus
3405 1815 3472 1874 de
3505 1817 3696 1888 sepul-

280 1913 395 1963 tur.
428 1906 886 1979 Completorium
919 1907 1207 1960 sonoriter
1229 1905 1555 1962 celebretur
1575 1923 1735 1962 more
1765 1925 1933 1962 cano-
1961 1903 2011 1920 ”
2041 1920 2152 1974 cro,
2185 1908 2248 1960 ut
2277 1921 2405 1960 mos
2436 1907 2526 1959 est
2557 1919 2592 1958 a
2621 1919 2802 1974 puero
2845 1903 3022 1971 dicto,
3057 1903 3324 1960 initietur
3374 1903 3694 1976 antiphona

281 1996 570 2052 nieorum.
2043 1993 2104 2049 in
2173 1991 2492 2066 evangelia,
2551 2009 2670 2065 qua
2725 1997 2962 2066 peracta
3021 1993 3254 2050 dicatur
3308 1992 3552 2050 collecta
3618 1994 3694 2049 de

352 2087 417 2141 In
449 2085 541 2141 die
591 2089 793 2141 sancto
839 2085 1071 2140 Pascha;
1122 2089 1344 2158 septem
1374 2086 1665 2142 canonica:
1712 2085 1868 2142 horae
1898 2101 1934 2142 a
2041 2081 2317 2139 omnibus
2347 2082 2570 2138 sanctis
2617 2097 2780 2137 more
2832 2079 3028 2138 solito.
3062 2081 3166 2137 llis
3213 2085 3441 2156 septem
3486 2081 3715 2146 diebus,

281 2173 588 2231 monachis
609 2173 668 2228 in
691 2173 935 2230 ecclesia
955 2173 1054 2228 Dei
1077 2189 1238 2229 more
1260 2174 1676 2231 canonicorum
1698 2177 1934 2247 propter
2042 2189 2158 2229 non
2189 2170 2478 2230 canimus.
3261 2219 3273 2227 .
3679 2241 3684 2246 γ

283 2263 689 2318 auctoritatem
720 2261 876 2316 beati
901 2261 1162 2334 Gregorii
1195 2279 1354 2334 papae
1387 2262 1544 2318 sedis
1577 2261 1928 2335 apostolicae,
2110 2260 2207 2318 Ad.
2236 2261 2486 2316 Primam
2536 2275 2596 2316 Iv
2639 2257 2875 2331 psalmi,
2923 2263 3067 2317 Deus
3117 2261 3180 2316 in
3223 2261 3448 2318 nomine
3493 2269 3606 2333 tuo,
3639 2265 3710 2320 et

283 2367 462 2422 quam
496 2351 620 2424 ipse
643 2349 1068 2422 Antiphonario
1092 2351 1334 2407 dictavit
1363 2350 1722 2407 celebrandae
1770 2354 1928 2408 sunt.
2042 2348 2385 2422 Conﬁtemini
2412 2349 2650 2406 Domino
2670 2366 2693 2418 ;-
2717 2348 2912 2422 prima
2942 2351 3176 2406 tantum
3207 2349 3370 2419 feria,
3403 2351 3578 2421 Beati,
3603 2351 3702 2407 Ro-

283 2441 562 2512 Ejusdem
584 2443 844 2513 tempore
865 2439 1054 2495 noctis
1076 2444 1392 2512 antequam
1414 2439 1836 2496 matutinorum
1861 2437 1935 2496 si-
2041 2439 2216 2496 tribue
2261 2453 2396 2495 cum
2444 2437 2702 2506 Alleluia,
2736 2441 2797 2494 et
2822 2437 3077 2509 capitulo
3109 2441 3166 2494 et
3192 2453 3365 2494 versu
3410 2439 3542 2498 Haec
3577 2439 3696 2498 dies

283 2545 401 2602 gna
430 2533 792 2598 moveantur,
814 2533 1053 2586 sumant
1076 2529 1274 2584 mditui
1297 2545 1529 2585 crucem
1551 2533 1610 2585 et
1631 2532 1850 2601 ponant
1870 2528 1930 2586 in
2041 2527 2261 2584 directo
2291 2543 2326 2584 a
2353 2541 2534 2600 puero
2557 2525 2806 2600 prolato,
2833 2525 3044 2583 deinde
3072 2528 3241 2600 Kyrie
3257 2527 3558 2597 eleisan,et
3569 2544 3698 2588 ora-.-

283 2618 409 2674 loco
425 2617 538 2676 sibi
556 2617 1140 2692 congruo;imprimis
1157 2617 1229 2672 ad
1246 2617 1929 2688 Nocturnamababbate,
2041 2616 2122 2674 tio
2151 2615 2457 2674 Dominica
2476 2631 2611 2672 cum
2643 2613 2928 2689 symbolo,
2946 2633 3065 2674 nec.
3081 2633 3198 2672 non
3223 2620 3283 2674 et
3311 2633 3512 2690 preces
3551 2617 3697 2676 εοιίρ

283 2725 386 2764 seu
419 2707 681 2780 quolibet
710 2707 1031 2777 sacerdote,
1053 2707 1196 2762 dum
1220 2706 1402 2763 initur
1440 2707 1594 2764 Laus
1624 2706 1726 2763 Dei
1747 2706 1807 2762 in
1837 2723 1934 2764 ec-
2040 2709 2098 2764 to
2131 2700 2682 2778 ritu,subsequente
2701 2703 3076 2766 collecta.Ad.
3095 2707 3353 2775 Tertiam,
3369 2705 3694 2778 psalmum,

283 2795 480 2865 clesia,
515 2797 762 2852 dicatur.
823 2797 1055 2853 Domine
1104 2795 1250 2852 labia
1308 2813 1431 2853 mea
1485 2798 1717 2871 aperias,
1750 2793 1931 2852 semel
2041 2797 2231 2869 Legem
2253 2810 2414 2868 pone,
2445 2793 2644 2852 Memor
2671 2801 2781 2852 esto
2803 2793 3114 2865 bonitatem,
3167 2811 3304 2852 cum
3340 2792 3605 2864 Alleluia,
3637 2800 3702 2856 et.

284 2890 538 2944 tantum.
571 2886 795 2955 Postea,
825 2890 990 2954 Deus,
1015 2887 1076 2942 in
1105 2885 1442 2959 adjutorium
1484 2901 1667 2942 meum
1714 2883 1933 2942 intende
2040 2885 2205 2960 grad.
2234 2884 2400 2942 :Heec
2425 2883 2543 2940 dies
2573 2883 2702 2940 sine
2731 2881 2984 2956 capitulo
3013 2887 3074 2940 et
3098 2882 3595 2944 versu.Similiter
3617 2884 3695 2944 ad

280 2992 416 3032 cum
449 2976 652 3032 Gloria.
674 2974 904 3032 Psalmo
927 2977 1410 3044 autem,Domine,
1426 2974 1559 3047 quid
1577 2975 1934 3047 multiplicati
2039 2974 2278 3042 Sextum,
2310 2973 2382 3029 ad
2431 2973 2660 3042 Nonum,
2710 2972 2783 3028 ad
2829 2972 3133 3044 Vesperam,
3183 2973 3344 3031 Dixit
3377 2975 3696 3042 Dominus;

273 3073 422 3134 sunt,
437 3063 707 3131 dimisso,
723 3062 1618 3133 cantorineipiatinvitatorium.
1635 3064 1800 3120 Tunc
1811 3067 1930 3118 tres
2042 3062 2364 3136 conﬁtebor,
2389 3063 2587 3120 Beatus
2613 3063 2702 3117 vir
2727 3078 2864 3120 cum
2893 3062 3218 3136 antiphona
3253 3063 3382 3120 sine
3407 3061 3694 3136 capitulo,

275 3145 606 3224 antiphonze
625 3167 760 3206 cum
781 3151 972 3206 tribus
995 3149 1496 3222 psalmis,quibus
1521 3151 1706 3206 ﬁnitis
1726 3169 1930 3210 versus
2038 3153 2201 3225 grad.
2240 3169 2254 3207 :
2287 3153 2410 3208 Herc
2435 3151 2553 3208 dies
2583 3151 2708 3206 sine
2737 3167 2931 3221 versu,
2961 3151 3202 3208 Alleluia
3243 3168 3378 3208 cum
3407 3169 3605 3222 versu,
3631 3156 3697 3209 et

277 3241 626 3298 conveniens
643 3239 899 3306 dicatur;
925 3239 1134 3294 deinde
1155 3242 1240 3294 tot
1256 3239 1533 3296 lectiones
1549 3257 1684 3296 cum
1697 3257 1930 3312 respon-
1959 3225 2002 3292 C
2041 3241 2367 3314 sequentia.
2383 3240 2588 3296 Postea
2610 3239 2916 3297 inchoatur
2934 3241 3256 3313 antiphona
3274 3241 3335 3298 in
3353 3241 3693 3316 Evangelia,

275 3329 448 3386 soriis
465 3329 536 3384 ad
559 3329 668 3384 hoc
685 3327 792 3383 rite
812 3327 1270 3399 pertinentibus;
1294 3329 1437 3384 dum
1459 3328 1632 3384 tertia
1651 3329 1930 3387 recitatur
2037 3333 2095 3388 et
2123 3330 2392 3399 collecta;
2429 3329 2640 3386 dehinc
2670 3334 2836 3387 eatur
2866 3330 2937 3386 ad
2984 3331 3193 3400 fontes,
3208 3330 3520 3403 psalmum
3551 3333 3696 3388 Lau-

273 3418 467 3489 lectio,
483 3416 734 3490 quatuor
753 3417 961 3472 fratres
982 3416 1231 3472 induant
1248 3434 1328 3486 se,
1345 3433 1596 3489 quorum
1619 3435 1776 3476 unus
1796 3418 1929 3475 alba
2036 3420 2158 3476 date
2177 3421 2364 3492 pueri,
2393 3437 2530 3475 cum
2559 3419 2880 3492 antiphoua
2900 3424 3198 3487 canentes,
3212 3437 3388 3492 quem
3406 3424 3692 3494 sequatur

274 3507 523 3564 indutus
554 3524 620 3564 ac
652 3505 702 3563 si
735 3507 806 3562 ad
839 3505 999 3562 aliud
1030 3507 1324 3580 agendum
1352 3506 1736 3579 ingrediatur,
1750 3512 1938 3580 atque“
2036 3508 2297 3565 collecta.
2341 3509 2483 3564 Inde
2511 3524 2646 3565 vero
2679 3511 3032 3565 revertentes
3062 3507 3308 3566 chorum
3353 3508 3444 3566 vel
3493 3513 3686 3568 orato—

272 3595 522 3652 latenter
552 3595 804 3669 sepulcri
834 3594 1028 3652 locum
1063 3597 1250 3665 adeat,
1275 3595 1474 3668 ibique
1504 3613 1681 3653 manu
1721 3601 1927 3656 tenens
2037 3597 2382 3670 rium,quod
2395 3597 2479 3654 eis
2497 3596 3690 3671 competensvidebituradeanupsalmum

272 3685 532 3758 palmam
581 3685 816 3758 quietus
874 3686 1097 3754 sedeat,
1127 3687 1388 3758 dumque
1447 3686 1687 3743 tertium
1729 3704 1924 3759 perce-
2033 3687 2101 3744 In
2130 3689 2284 3743 exitu
2311 3687 2484 3743 Israel
2514 3687 2913 3757 decantantes,
2947 3703 3120 3759 quem
3143 3687 3383 3760 propria.
3407 3692 3692 3761 sequatur

268 3774 536 3834 lebratur
565 3775 1005 3848 responsiorum
1036 3775 1254 3832 residui
1288 3779 1406 3832 tres
1428 3777 1776 3846 succedant;
1799 3794 1924 3834 om-
2035 3775 2759 3849 collecthompletorium
2772 3791 2934 3831 more
2947 3777 3689 3850 peragaturcanonicorum

271 3881 376 3921 nes
407 3864 645 3937 quidem
676 3865 880 3937 cappis
903 3864 1095 3920 induti
1146 3863 1452 3920 thuribula
1497 3881 1632 3922 cum
1680 3864 1925 3924 incensa
2033 3864 2590 3938 peromnia.Finitis
2609 3863 2767 3920 enim
2789 3863 3036 3936 psalmis
3056 3864 3696 3939 subsequaturcapitu-

271 3953 548 4011 manibus
592 3957 912 4028 gestantes,
943 3971 1012 4010 ac
1059 3953 1415 4026 pedetentim
1453 3955 1525 4010 ad
1585 3953 1924 4012 similitudi-
2031 3954 2158 4011 lum
2189 3959 2249 4012 et
2274 3971 2479 4012 versus
2499 3969 2512 4009 :
2533 3951 2741 4010 exhinc
2755 3953 2912 4008 Nune
2939 3952 3174 4012 dimittis
3200 3971 3336 4011 cum
3368 3954 3700 4028 antiphona»

271 4059 407 4099 nem
439 4043 829 4114 quaerentium
879 4043 1040 4116 quid,
1073 4043 1312 4100 veniant
1359 4045 1431 4100 ad
1483 4042 1678 4100 locum
1728 4044 1924 4117 sepul-
2032 4043 2366 4100 concinitur
2394 4041 2892 4115 consequentibus
2919 4041 3075 4099 hora:
3105 4043 3378 4115 precibus
3407 4060 3545 4102 cum
3561 4043 3688 4102 cel-

272 4130 358 4186 cri
389 4147 403 4185 :
438 4136 694 4202 aguntur
751 4132 906 4186 enim
966 4132 1088 4188 haec
1147 4133 1219 4188 ad
1296 4131 1682 4189 imitationem
1730 4133 1924 4207 angeli
2031 4131 2182 4190 lecta
2209 4136 2266 4190 et
2311 4131 2736 4191 benedictione.
2773 4131 2878 4190 Hic
2920 4132 2982 4188 in
3029 4132 3270 4206 reliquis
3313 4149 3417 4192 sex
3475 4134 3688 4194 diebus

271 4219 532 4276 sedentis
559 4218 622 4274 in
651 4225 1056 4287 monumento,
1075 4226 1250 4292 atque
1281 4221 1598 4278 mulierum
1629 4239 1764 4278 cum
1794 4239 1922 4279 aro-
2033 4225 2302 4278 teneatur
2331 4221 2494 4278 ordo.

270 4306 530 4402 matibus
559 4308 918 4402 venientium
953 4314 1017 4365 ut
1037 4313 1324 4402 ungerent
1353 4327 1564 4383 corpus
1593 4311 1922 4402 Jesu_.Cum
2037 4329 2286 4399 ρηαιίιεν
2313 4327 2636 4385 octavam
2679 4327 2909 4384 sabbato
2953 4327 3185 4386 pascha,-
3230 4336 3444 4402 εοωιμω
3474 4333 3688 4389 33m

267 4411 405 4470 ergo
454 4396 554 4454 ille
603 4397 866 4455 residens
914 4403 1034 4455 tres
1081 4397 1242 4455 velut
1289 4415 1563 4457 erroneos
1593 4418 1660 4458 ac
1699 4400 1922 4474 aliquid
2057 4396 2072 4399 ’
2617 4407 2854 4472 tempore
2880 4407 3094 4472 agatur.

270 4490 597 4558 querentes
645 4486 857 4544 viderit
902 4487 1014 4544 sibi
1056 4489 1483 4561 adproximare,
1515 4488 1759 4562 incipiat
1799 4507 1922 4548 me-
2100 4491 2356 4564 Vespera
2382 4505 2516 4546 vero
2537 4492 2875 4546 octavarum
2897 4487 3132 4547 Pascha
3151 4489 3438 4562 ordojam
3459 4490 3688 4565 regula.-

269 4574 450 4632 diocri
479 4592 618 4633 voce
646 4575 950 4634 dulcisone
978 4581 1232 4648 cantare,
1269 4583 1447 4652 Quem
1494 4582 1766 4652 quaeritis.
1799 4581 1921 4646 Quo
1949 4604 1998 4672 Β
2031 4579 2112 4637 ris
2129 4578 2380 4654 pleniter
2394 4579 2722 4649 inchoatur,
2735 4581 2795 4635 et
2816 4595 2935 4634 una
2951 4581 3184 4637 tantum
3203 4577 3378 4636 lectio
3406 4581 3684 4641 memori-

265 4664 573 4722 decantato
605 4665 916 4735 ﬁnetenus,
951 4669 1306 4740 respondent
1353 4669 1412 4723 bi
1453 4673 1572 4725 tres
1619 4687 1738 4726 uno
1773 4686 1870 4726 ore
1904 4685 1916 4726 :
1949 4664 1990 4672 —
2029 4675 2119 4727 ter
2139 4686 2205 4726 ac
2226 4669 2396 4726 breve
2416 4667 2857 4740 responsiorum
2877 4666 3102 4724 festivis
3122 4667 3422 4728 dieb-usad
3442 4669 3690 4731 Noctu!!-

263 4753 447 4812 Jesum
474 4755 852 4823 Nazarenam;
883 4755 1097 4828 quibus
1121 4756 1214 4813 ille
1250 4774 1262 4813 :
1295 4757 1414 4814 Non
1445 4765 1524 4814 est
1549 4757 1658 4827 hic,
1672 4760 1918 4816 surrexit
2025 4776 2164 4816 nam
2195 4759 2281 4815 uti
2312 4756 2517 4831 regula
2535 4756 2798 4830 praecipit
2826 4760 2951 4813 tota
2970 4761 3171 4814 aestate
3191 4757 3484 4816 dicantur.
3499 4758 3564 4816 In
3581 4777 3687 4819 na-

263 4845 408 4900 sicut
421 4844 783 4916 praedixerat.
797 4845 1171 4914 Ite,nuntiate,
1189 4849 1321 4919 quia
1346 4854 1589 4904 surrexti
1609 4865 1645 4904 a
1662 4849 1913 4905 mortuis.
2024 4847 2231 4906 talitiis
2254 4851 2451 4904 tamen
2483 4851 2841 4915 sanctorum,
2857 4847 2918 4901 in
2941 4846 3158 4918 quibus
3173 4847 3248 4904 ab
3269 4848 3463 4922 operis
3481 4847 3683 4906 labore

264 4931 447 5004 Cujus
479 4933 779 4991 missionis
811 4951 946 4990 voce
977 4939 1206 4991 vertant
1232 4953 1295 4992 se
1317 4935 1400 4992 illi
1432 4941 1549 4992 tres
1579 4937 1650 4993 ad
1672 4937 1916 4994 chorum
2027 4955 2144 4996 non
2165 4941 2449 5006 cessatur,
2462 4935 2577 4992 tria
2606 4933 2997 5009 responsoria,
3031 4939 3089 4993 et
3111 4941 3231 4993 tres
3275 4936 3556 4995 lectiones
3605 4939 3680 4995 ad

264 5021 545 5091 dicentes,
571 5023 830 5094 Alleluia,
862 5026 1108 5080 surrexit
1132 5027 1420 5082 Dominus.
1455 5024 1618 5081 Dicto
1649 5025 1760 5082 hoc
1789 5044 1917 5084 rur—
2027 5027 2216 5100 ipsius
2249 5026 2437 5083 sancti
2461 5025 2892 5083 venerationem
2914 5025 3087 5097 cujus
3107 5025 3452 5083 memoriam
3474 5025 3679 5084 recoli.-

263 5126 366 5166 sus
397 5110 495 5166 ille
528 5111 789 5168 residens
818 5112 996 5170 veluti
1021 5130 1296 5170 revocans
1326 5113 1458 5170 illos
1481 5114 1638 5172 dicat
1657 5115 1922 5189 antipho—
2029 5134 2162 5173 mus
2190 5115 2548 5189 pertinentes
2572 5113 2813 5187 prolixe,
2847 5115 2898 5171 si
2931 5114 3014 5172 ita
3044 5119 3277 5188 tempus
3323 5115 3678 5188 permiserit,

267 5216 424 5268 nam,
453 5201 652 5271 Venite,
683 5209 736 5258 et
763 5201 934 5259 videte
965 5203 1160 5260 locum.
1195 5203 1324 5260 Haec
1362 5221 1496 5261 vero
1540 5204 1740 5262 dicens
1789 5223 1916 5263 sur-
2026 5205 2318 5280 leguntur.
2356 5205 2420 5260 In
2451 5203 2584 5261 aliis
2610 5221 2742 5261 vero
2773 5205 3192 5262 festivitatibus
3223 5205 3326 5261 ubi
3365 5205 3440 5262 ab
3484 5205 3682 5280 operis

264 5293 383 5360 gat,
433 5289 637 5363 erigat,
667 5290 884 5358 velum,
917 5294 1300 5365 ostendatque
1356 5293 1440 5350 eis
1499 5292 1694 5350 locum
1749 5311 1920 5352 cruce
2027 5293 2226 5352 labore
2244 5297 2530 5364 cessatur,
2546 5293 2929 5351 xulectiones
2949 5311 3086 5350 cum
3116 5295 3359 5352 totidem
3375 5311 3684 5368 responso-

266 5378 576 5449 nudatum,
623 5381 725 5436 sed
769 5384 999 5437 tantum
1058 5379 1401 5439 linteamina
1457 5383 1648 5455 posita
1702 5384 1918 5456 quibus
2029 5383 2226 5454 riis,et
2245 5383 2492 5458 psalmis
2511 5383 2981 5456 competentibus
3011 5383 3098 5439 uti
3129 5383 3682 5442 diebusDominicis
3726 5431 3737 5442 .

266 5466 694 5525 crux'involuta
740 5473 886 5560 erat,
921 5486 1035 5542 quo
1062 5469 1206 5560 rviso
1251 5472 1547 5544 deponant
1593 5472 1920 5560 thuribula,
2029 5473 2441 5531 decentissime
2470 5465 2666 5528 aestivo
2686 5471 3677 5546 sicuthiemalitemporelegantur,

267 5571 394 5626 quis
432 5562 814 5628 gestaverunt
861 5559 921 5615 in
971 5559 1175 5615 eodem
1233 5560 1524 5633 sepulcro,
1565 5565 1922 5635 sumantque
2030 5562 2388 5636 quotidianis
2421 5579 2552 5619 vero
2573 5560 2943 5630 noctibus,in
2973 5562 3190 5634 quibus
3209 5560 3682 5635 xuresponsoria

268 5642 540 5718 linteum,
583 5651 640 5707 et
695 5649 1010 5708 extendant
1069 5651 1272 5708 contra
1330 5647 1572 5721 clerum,
1621 5666 1690 5710 ac
1744 5649 1922 5712 veluti
2031 5653 2596 5725 minimecanuntur,
2609 5649 2924 5713 Nocturnis
2945 5651 3130 5712 ﬁnitis
3149 5651 3570 5730 peritissimum
3589 5651 3696 5712 uti.
