4056 6178
294 287 406 354 89⁵1

1410 294 1514 356 DE
1556 294 1942 355 REGIMINE
1976 292 2560 365 ‘MONACHORUM.

3573 305 3692 369 498

292 427 489 503 regula
506 426 771 501 praecipit
792 428 894 486 fiat
920 426 1315 486 intervallum.
1341 427 1562 485 Dehinc
1589 428 1740 486 facto
1771 429 1939 503 signo
1967 429 2024 497 Α
2054 431 2451 491 satisfactione
2477 433 2823 494 humiliatus
2868 436 2977 496 hoc
3027 435 3421 512 impetraverit
3450 441 3521 497 ab
3551 440 3649 499 illo
3675 460 3689 511 ;

292 521 580 576 canuntur
618 518 941 587 Matutinaa,
985 519 1139 592 quod
1172 518 1220 575 si
1252 518 1381 575 luce
1411 518 1546 587 diei,
1579 524 1645 574 ut
1688 523 1933 592 oportet,

293 607 586 666 Matutine:
598 608 815 664 fuerint
828 608 1394 681 ﬁnitze,egredientes
1405 606 1710 664 ecclesiam
1726 609 1934 665 fratres

288 697 531 754 calcient
569 714 653 765 se,
686 696 895 765 lavent,
930 697 1297 769 peractisque
1342 697 1403 753 in
1450 697 1695 753 ecclesia
1745 697 1933 753 tribus

286 787 667 854 orationibus,
702 787 974 842 sedentes
1010 786 1068 841 in
1117 785 1373 842 claustro
1422 791 1629 843 vacent
1672 785 1929 858 lectioni,

286 890 467 949 usque
498 875 643 931 dum
676 874 912 947 signum
950 874 1156 930 Prima:
1183 876 1448 930 auditum
1480 874 1672 930 fuerit.
1707 874 1766 931 Si
1797 891 1930 931 vero

285 966 530 1021 necdum
555 964 679 1020 dies
700 964 893 1031 fuerit,
917 964 1117 1036 sicque
1138 963 1315 1036 priori
1335 964 1527 1019 visum
1549 964 1744 1031 fuerit,
1780 965 1929 1021 facto

284 1053 576 1128 signo,qui
597 1052 888 1109 voluerint
908 1052 1138 1109 lectulis
1161 1053 1285 1108 suis
1307 1056 1557 1125 pausent
1581 1070 1766 1126 usque
1787 1054 1928 1109 dum

284 1160 453 1201 mane
499 1143 652 1200 facto
700 1148 877 1215 agant
906 1146 971 1198 ut
1001 1159 1181 1214 supra
1228 1141 1448 1197 dictum
1479 1146 1588 1210 est,
1621 1144 1744 1198 tota
1771 1142 1927 1198 enim

280 1237 498 1302 (estate,
532 1232 786 1304 exceptis
807 1230 1127 1287 Dominicis
1149 1236 1208 1286 et
1232 1230 1452 1287 festivis
1480 1230 1707 1299 diebus,
1739 1233 1929 1287 Prima

280 1308 604 1389 decantata,
638 1319 1088 1392 matutinalique
1119 1319 1301 1376 missa
1328 1319 1638 1387 celebrata,
1672 1320 1926 1392 capitulo

277 1414 453 1472 etiam
474 1413 707 1485 peracto
745 1409 1013 1483 pulsetur
1033 1409 1235 1466 tabula
1255 1412 1321 1465 ut
1352 1426 1531 1482 supra
1565 1409 1786 1465 dictum
1813 1415 1923 1479 est,

275 1508 327 1562 et
338 1501 626 1576 quidquid
645 1500 935 1574 agendum
954 1502 1043 1555 est
1060 1502 1481 1572 agatur,usque
1502 1501 1643 1555 dum
1665 1499 1924 1572 primum

274 1591 511 1667 signum
536 1592 729 1647 Tertia:
748 1588 1026 1646 senuerit.
1048 1590 1223 1644 Tertia
1244 1605 1377 1644 vero
1398 1593 1718 1661 peracta,et
1742 1588 1927 1646 missa

272 1682 669 1754 subsequente
693 1677 1094 1746 celebrata,uti
1125 1677 1327 1752 regula
1354 1678 1635 1751 praecipit,
1656 1679 1924 1735 sedentes

271 1774 328 1829 in
349 1771 612 1828 claustro
643 1768 851 1825 fratres
879 1772 1087 1823 vacent
1129 1767 1385 1836 lectioni,
1420 1785 1608 1841 usque
1638 1769 1780 1824 dum
1811 1785 1925 1824 me-

269 1860 469 1919 diante
487 1860 634 1916 hora
653 1858 860 1933 quinta
888 1857 1146 1931 primum
1170 1856 1409 1930 signum
1430 1857 1609 1914 Sexta
1631 1858 1806 1913 fuerit
1826 1876 1925 1914 au-

268 1950 485 2008 ditum.
510 1950 633 2016 Quo
655 1950 888 2021 peracto
918 1951 1164 2003 canatur
1192 1946 1376 2015 Sexta,
1406 1946 1618 2003 dehinc
1647 1947 1924 2004 manibus

267 2039 408 2098 lotis
439 2040 651 2096 adeant
698 2054 964 2094 mensam
1000 2053 1013 2091 :
1048 2037 1248 2109 sicque
1299 2036 1495 2093 refecti
1540 2034 1769 2093 lectulis
1800 2036 1923 2094 suis

267 2129 576 2206 pauserint
598 2144 788 2201 usque
807 2127 950 2183 dum
971 2126 1263 2183 mediante
1283 2129 1484 2183 octava
1503 2127 1647 2183 hora
1665 2126 1923 2199 primum

267 2220 444 2280 Nona!
465 2218 734 2276 auditum
756 2217 934 2274 fuerit
952 2216 1188 2289 signum
1206 2236 1218 2285 ;
1233 2232 1348 2289 quo
1370 2216 1844 2290 audito,surgant
1869 2219 1927 2272 et

267 2329 326 2370 se
361 2310 610 2368 lavent:
645 2309 846 2380 sicque
890 2305 1196 2363 ecclesiam
1244 2305 1494 2380 ingressi
1539 2307 1751 2363 Nonum
1796 2323 1927 2361 can-

266 2400 609 2469 tent;Nona
635 2414 770 2455 vero
815 2396 1109 2452 celebrata
1158 2394 1501 2468 poculisque
1544 2395 1802 2462 haustis,
1836 2395 1925 2451 di-

266 2495 441 2549 catur
492 2504 696 2546 versus
750 2487 891 2544 Deus
938 2486 1001 2541 in
1045 2484 1401 2558 adjutorium,
1434 2500 1595 2541 more
1647 2484 1836 2553 solito,
1871 2487 1928 2541 et

270 2579 563 2656 quidquid
583 2593 821 2634 necesse
844 2575 1022 2631 fuerit
1038 2575 1215 2630 etiam
1236 2577 1378 2630 tunc
1399 2576 1711 2646 operentur
1729 2591 1742 2630 :
1768 2577 1928 2630 caete-

269 2671 353 2728 ris
370 2668 538 2726 enim
567 2665 748 2733 horis,
781 2664 1106 2720 secundum
1136 2659 1349 2736 regulis
1380 2664 1753 2733 praeceptum,
1788 2659 1929 2733 quia

269 2764 515 2831 tempus
533 2753 799 2812 lectionis
819 2756 927 2822 est,
940 2749 1179 2808 lectioni
1200 2750 1610 2807 tantummodo
1632 2754 1924 2818 vacantes,

266 2846 582 2906 silentium
602 2841 867 2917 diligenti
886 2857 1030 2897 cura
1045 2840 1105 2895 in
1131 2839 1385 2897 claustro
1415 2838 1770 2908 custodiant,
1790 2854 1928 2895 nam

269 2943 330 2996 et
348 2935 523 2995 omni
559 2940 822 3007 tempore
852 2948 887 2987 a
916 2930 1106 3004 primo
1136 2929 1312 3002 pulsu
1352 2928 1760 3001 vespertinalis
1791 2946 1927 3001 syn-

268 3027 402 3086 axis
427 3023 727 3083 silentium
746 3024 1015 3078 teneatur
1029 3020 1089 3075 in
1107 3018 1365 3075 claustro
1381 3035 1687 3092 usquequo
1707 3018 1931 3090 capitu-

270 3115 401 3173 lum
428 3112 667 3170 finiatur
694 3110 936 3167 alterius
956 3109 1090 3177 diei,
1106 3112 1341 3180 excepto
1364 3106 1635 3163 auditorii
1656 3106 1929 3179 loco;qui

270 3212 330 3263 et
351 3205 438 3262 ab
456 3204 567 3259 hoc
610 3200 861 3257 maxime
881 3217 947 3255 eo
969 3202 1241 3255 censetur
1262 3196 1680 3269 nomine,quod
1713 3196 1792 3251 ibi
1823 3213 1925 3252 au-
1957 3174 2001 3247 (ἶ

270 3292 566 3351 diendum
597 3290 691 3359 sit,
715 3289 857 3362 quid
882 3307 917 3343 a
944 3291 1293 3361 praeceptore
1315 3286 1616 3359 jubeatur,
1650 3303 1766 3341 non
1796 3302 1929 3341 vero

269 3366 518 3452 fabulis,
551 3382 654 3435 aut
682 3377 886 3435 otiosis
916 3376 1018 3445 ibi,
1054 3381 1158 3433 aut
1186 3375 1399 3432 alicubi
1448 3375 1640 3431 vacari
1685 3374 1932 3448 loquelis

268 3474 509 3546 oportet
531 3485 697 3525 :nam
728 3483 863 3523 cum
896 3465 1108 3539 regulae
1140 3464 1457 3521 auctoritas
1487 3464 1647 3520 omni
1670 3467 1932 3536 tempore

271 3558 514 3619 silentio
573 3557 932 3615 studendum
990 3555 1168 3622 dicat,
1201 3557 1488 3626 oportuno
1544 3556 1740 3609 tamen
1784 3557 1930 3609 tem-

268 3668 419 3725 pore
450 3649 523 3705 de
551 3649 726 3704 rebus
773 3644 1121 3702 necessariis
1149 3661 1252 3717 pro
1282 3641 1698 3699 taciturnitatis
1745 3642 1932 3715 gravi-

271 3744 395 3797 tate
432 3738 521 3795 uti
570 3740 854 3810 patronus
913 3738 1110 3790 noster
1158 3734 1363 3789 beatus
1419 3731 1767 3788 Benedictus
1816 3750 1933 3788 non

270 3828 422 3899 alta,
458 3827 564 3883 sed
594 3824 893 3882 submissa
920 3840 1059 3880 voce
1100 3822 1459 3893 loquendum
1518 3820 1931 3894 permisimus;

273 3916 431 3975 alias
488 3917 686 3972 autem
736 3912 808 3968 de
834 3911 971 3980 Deo,
1004 3915 1061 3967 et
1117 3911 1325 3966 anima:
1386 3928 1505 3967 sum
1562 3907 1934 3987 salutecum

269 4005 521 4064 silentio
579 4002 1007 4069 meditandum,
1042 3999 1127 4055 uti
1158 3999 1282 4072 ipse
1330 3999 1578 4067 censuit,
1606 3998 1932 4069 hortamur,

270 4100 521 4168 tempus
565 4091 742 4149 etiam
788 4088 1052 4146 lectionis
1100 4092 1335 4161 tempus
1376 4092 1467 4144 est
1492 4087 1933 4148 taciturnitatis.

272 4184 552 4256 Vespera:
582 4197 714 4237 vero
740 4184 798 4236 et
826 4177 1125 4235 Matutine:
1156 4178 1227 4233 de
1266 4177 1541 4234 omnibus
1588 4177 1828 4247 sanctis,
1861 4179 1934 4234 ab

275 4272 508 4330 octavis
560 4268 794 4326 Pascha
846 4284 966 4324 una
1031 4269 1276 4323 canatur
1348 4266 1688 4339 antiphona,
1748 4282 1936 4339 usque

274 4367 550 4420 octavam
602 4358 968 4414 Pentecostes
1020 4373 1032 4412 :
1083 4353 1396 4428 vigiliaque
1449 4372 1553 4428 pro
1617 4355 1932 4425 defunctis,

275 4454 335 4508 et
364 4447 588 4523 psalmi
634 4463 738 4519 pro
783 4444 1255 4502 benefactoribus
1301 4461 1418 4501 non
1455 4443 1647 4501 solent
1675 4444 1805 4500 cani
1833 4462 1847 4513 ;
1880 4448 1938 4500 et

2044 522 2147 593 qui
2180 522 2354 578 etiam
2376 526 2524 580 circa
2551 530 2683 598 post
2709 527 3166 598 Completorium
3191 529 3510 585 circumeat
3530 530 3690 586 clau-

2043 615 2320 682 strum,et
2337 613 2383 668 si
2404 630 2522 686 qua
2542 613 2827 671 invenerit
2846 616 2926 671 ibi
2961 618 3228 674 codicum
3261 624 3362 674 aut
3390 619 3697 675 vestimen-

2041 704 2258 770 torum,
2293 707 2553 775 asportet
2585 721 2652 760 ea
2682 706 2753 760 ad
2814 707 3141 780 capitulum
3202 709 3501 780 sequentis
3555 708 3691 778 diei,

2042 788 2241 844 nullus
2271 790 2427 846 enim
2460 808 2528 847 ea
2558 791 2853 850 ullatenus
2899 795 3099 851 tollere
3160 797 3330 851 debet
3359 797 3430 852 ab
3470 815 3536 853 eo
3567 798 3692 855 loco

2040 877 2098 932 in
2123 895 2236 950 quo
2258 896 2325 935 ea
2356 882 2617 952 posuerit
2647 884 2867 955 absque
2899 886 3026 955 ejus
3056 885 3329 941 licentia:
3364 886 3691 958 habeatque

2039 965 2135 1022 ille
2158 968 2336 1023 frater
2352 968 2635 1025 lateruam
2656 989 2772 1043 qua
2790 974 3089 1028 nocturnis
3113 974 3271 1029 horis
3296 972 3512 1046 quibus
3530 992 3693 1046 opor-

2039 1059 2121 1111 tet
2149 1055 2271 1112 haac
2299 1074 2469 1131 agere
2512 1059 2760 1114 videndo
2812 1060 3160 1130 consideret,
3196 1064 3411 1134 quique
3444 1065 3584 1118 dum
3618 1063 3693 1118 lc-

2036 1145 2258 1200 ctiones
2288 1145 2565 1218 leguntur
2585 1148 2656 1202 ad
2683 1148 3029 1215 Nocturnas,
3065 1149 3123 1203 in
3154 1150 3449 1217 tertia,vel
3482 1157 3691 1222 quarta

2035 1233 2489 1307 lectione,prout
2519 1235 2729 1291 viderit
2758 1238 3047 1311 expedire,
3072 1238 3391 1294 circumeat
3422 1241 3686 1310 chorum,

2036 1326 2093 1379 et
2111 1323 2160 1377 si
2180 1325 2420 1379 fratrem
2454 1325 2738 1381 invenerit
2770 1344 2975 1383 somno
2994 1344 3339 1400 oppressum
3372 1334 3689 1400 anteponat

2033 1411 2130 1467 ille
2154 1413 2527 1482 1aternam,et
2555 1420 2898 1481 revertatur,
2921 1418 3020 1488 qui
3054 1434 3188 1473 mox
3218 1435 3461 1475 excusso
3481 1436 3686 1475 somno

2033 1505 2194 1574 petat
2218 1502 2467 1558 ‘veniam
2517 1504 2847 1576 genuﬂexo,
2882 1511 2939 1561 et
2968 1511 3199 1579 arrepta
3229 1508 3431 1563 eadem
3464 1508 3699 1564 latcrna’

2033 1596 2302 1664 pergyret
2330 1596 2387 1648 et
2413 1593 2537 1664 ipse
2586 1594 2852 1663 chorum,
2888 1599 2945 1650 et
3002 1596 3052 1651 si
3109 1613 3283 1669 quem
3342 1598 3687 1669 hujusmodi

2033 1681 2236 1736 morbo
2267 1682 2457 1737 somni
2507 1683 2779 1738 affectum
2838 1684 3124 1741 invenerit
3157 1692 3294 1760 agat
3331 1686 3415 1741 illi
3446 1687 3599 1743 sicut
3629 1692 3688 1744 et

1951 1805 2000 1871 B
2030 1768 2145 1844 ipsi
2177 1771 2397 1826 factum
2425 1775 2535 1841 est,
2568 1776 3008 1847 revertaturque
3043 1776 3101 1830 in
3136 1775 3329 1831 locum
3362 1793 3559 1832 suum.

2034 1880 2288 1951 Qualiter
2316 1880 2575 1936 diurnale
2603 1882 2717 1937 sive
2743 1885 3063 1939 nocturnale
3089 1886 3336 1955 ofﬁcium
3355 1884 3689 1941 hebdomade

2564 1955 2895 2010 Pentecostes
2934 1963 3148 2026 agatur.

2106 2038 2400 2111 Incipiunt
2429 2042 2718 2097 orationes
2750 2059 2882 2098 eum
2915 2043 3265 2100 lectionibus
3296 2050 3472 2118 atque
3498 2044 3688 2102 canti-

2034 2130 2138 2199 cis,
2176 2146 2303 2202 qua:
2334 2129 2612 2185 dicuntur
2639 2130 2700 2186 in
2743 2131 2958 2204 vigiliis
3009 2132 3396 2202 Pentecostes,
3429 2139 3565 2191 ante
3597 2135 3690 2191 de-

2034 2234 2309 2276 scensum
2367 2218 2544 2275 fontis
2579 2235 2591 2274 :
2624 2220 2817 2292 prima
2874 2220 3064 2290 lectio,
3129 2224 3370 2280 Tentavit
3407 2226 3569 2293 Deus,
3603 2239 3688 2281 se-

2034 2308 2235 2381 quitur
2266 2307 2450 2364 oratio
2483 2326 2496 2364 :
2529 2314 2675 2365 Deus
2735 2311 2831 2382 qui
2880 2312 2939 2365 in
2990 2311 3243 2369 Abraha'.
3274 2316 3335 2368 2·
3361 2311 3552 2382 lectio,
3586 2312 3687 2386 Ap-

2029 2397 2405 2471 prehendent;
2434 2398 2987 2467 canticum,Attende
3014 2401 3248 2469 caelum;
3281 2403 3546 2474 sequitur
3566 2418 3690 2459 ora-

2033 2486 2145 2544 tio:
2170 2492 2315 2544 Deus
2336 2489 2432 2560 qui
2460 2486 2619 2543 nobis
2643 2504 2746 2559 per
2766 2489 3250 2561 prophetarum.3‘
3269 2490 3461 2559 lectio,
3493 2490 3689 2564 Appro-

2035 2575 2285 2644 hendent,
2338 2576 2636 2631 canticum
2691 2577 2857 2633 Vinea
2913 2579 3099 2647 facta;
3131 2579 3399 2651 sequitur
3454 2580 3685 2637 oratio:

2034 2670 2180 2724 Deus
2211 2667 2307 2738 qui
2333 2681 2432 2720 nos
2460 2665 2531 2720 ad
2557 2664 2961 2721 celebrandum.
2985 2668 3043 2722 [ιι⁸
3072 2666 3268 2736 lectio,
3306 2667 3453 2724 Audi
3496 2669 3686 2737 Israel,

2034 2754 2301 2827 sequitur
2328 2754 2541 2810 oratio:
2559 2759 2704 2810 Deus
2725 2757 2823 2828 qui
2839 2756 3303 2813 incommutabilis
3326 2777 3345 2825 ;
3366 2756 3684 2825 canticum,

2034 2844 2189 2901 Sicut
2223 2860 2433 2912 cervus,
2466 2842 2734 2915 sequitur
2791 2844 2974 2899 oratio
3034 2844 3267 2901 Concede
3322 2860 3689 2917 quwsumus;

2037 2934 2206 2990 ﬁnita
2252 2931 2514 2988 oratione
2572 2930 2927 2988 inchoantur
2972 2932 3186 2988 litanize
3217 2937 3469 3005 septenas
3500 2934 3573 2989 ad
3606 2934 3691 2989 in-

2036 3021 2280 3079 troitum
2311 3025 2446 3077 ante
2476 3020 2678 3076 altare.
2714 3022 2919 3077 Postea
2967 3023 3284 3077 descendat
3331 3022 3513 3079 abbas
3553 3040 3687 3079 cum

2039 3110 2242 3167 schola
2289 3113 2531 3166 canente
2588 3109 2825 3166 litanias
2882 3110 3094 3181 quinas
3126 3112 3197 3166 ad
3230 3112 3420 3167 fontes
3452 3112 3690 3167 benedi-

2038 3200 2271 3257 cendos.
2330 3200 2607 3271 Sequitur
2650 3199 2833 3254 oratio
2893 3203 2951 3254 et
2999 3199 3281 3257 Praefatio.
3336 3201 3437 3256 His
3501 3201 3690 3273 exple-

2040 3290 2393 3358 tis,redeunt
2422 3287 2493 3342 ad
2526 3286 2705 3342 altare
2738 3305 2872 3342 eum
2904 3288 3110 3344 litania
3154 3293 3339 3344 terna.
3374 3292 3495 3356 Quo
3526 3290 3692 3346 finito

2040 3377 2197 3433 dicat
2251 3376 2543 3444 sacerdos,
2602 3375 2788 3433 Gloria
2844 3378 2905 3431 in
2942 3378 3169 3433 excelsis
3228 3384 3379 3447 Deo,-
3423 3378 3695 3451 sequitur

2041 3466 2227 3523 oratio
2259 3482 2273 3520 :
2306 3468 2522 3524 Prwsta
2550 3482 2906 3538 quaesumus,-
2937 3469 3141 3538 postea
3168 3465 3382 3538 legitur
3413 3467 3690 3540 Epistola,

2043 3556 2177 3612 Cum
2206 3556 2416 3628 Apollo,
2444 3559 2501 3610 et
2558 3558 2828 3610 cantatur
2882 3556 3140 3624 Alleluia,
3200 3559 3535 3629 conﬁtemini
3584 3563 3693 3615 Do-

2041 3649 2214 3712 mino,
2248 3649 2306 3700 et
2335 3648 2559 3700 tractus
2590 3644 2842 3700 Laudate.
2880 3644 3100 3701 Deinde
3144 3644 3327 3701 missa
3369 3649 3693 3703 secundum

2043 3734 2332 3791 ordinem.
2370 3733 2506 3789 Post
2553 3734 2927 3789 refectionem
2958 3750 3092 3788 vero
3124 3738 3384 3806 tempore
3414 3752 3693 3808 congruo,

2042 3839 2293 3895 vespera:
2326 3825 2648 3893 cieteraque
2670 3820 3038 3877 celebrantur
3068 3838 3228 3877 more
3250 3822 3554 3879 solito.Illa
3582 3824 3693 3880 Do-

2044 3911 2261 3969 minica
2291 3915 2459 3968 nocte
2505 3911 2696 3965 tribus
2746 3910 2990 3982 psalmis
3040 3911 3400 3983 totidemque
3430 3910 3694 3967 lectioni-

2044 4002 2157 4058 bus
2187 4017 2322 4057 cum
2380 3999 2748 4071 responsorio
2808 3998 3002 4070 agitur
3044 4003 3332 4055 nocturna
3359 3999 3489 4056 laus
3519 4002 3605 4057 uti
3634 4001 3695 4057 in

2042 4089 2464 4163 Antiphonario
2514 4087 2805 4144 titulatur.
2840 4088 3073 4144 Caeteris
3121 4104 3255 4145 vero
3286 4089 3446 4146 horis
3473 4090 3608 4159 diei,
3640 4095 3698 4147 et

2044 4180 2423 4237 hebdomadas
2504 4178 2827 4250 sequentis,
2903 4178 3188 4250 regularis
3265 4179 3406 4234 ordo
3494 4183 3697 4236 tenea-

2044 4274 2162 4326 tur.
2196 4269 2307 4325 Sed
2339 4271 2396 4323 et
2422 4283 2675 4339 veSperae
2726 4267 2976 4334 sabbati,
3011 4271 3069 4322 et
3114 4266 3305 4339 ipsius
3350 4268 3462 4323 diei
3511 4269 3697 4324 sancti

2045 4356 2388 4415 normaliter
2417 4355 2763 4428 psallantur.
2799 4354 2903 4411 Illa
2933 4356 3301 4415 hebdomada
3332 4356 3697 4413 Pentecostes

2045 4446 2383 4503 solemniter
2410 4444 2741 4502 celebratur
2770 4444 2923 4501 sicut
2952 4444 3266 4517 paschalis,
3284 4448 3521 4516 excepto
3541 4446 3696 4517 quod

271 4539 503 4597 litanias
536 4540 670 4594 ante
701 4532 967 4604 missam,
991 4534 1269 4607 quoniam
1301 4550 1337 4590 a
1363 4534 1765 4608 genuﬂexione
1795 4534 1937 4591 ordo
1965 4548 2013 4620 D
2036 4536 2403 4609 jejuniorum
2435 4534 2666 4603 diebus,
2700 4534 2884 4591 Gloria
2913 4535 2975 4589 in
3004 4535 3230 4590 excelsis
3262 4538 3371 4590 Deo
3392 4550 3509 4590 non
3539 4534 3696 4589 cani-

272 4626 721 4684 ecclesiasticus
740 4624 1020 4682 declinari
1040 4623 1525 4694 ammonet,omni
1556 4624 1729 4680 modo
1760 4623 1935 4680 inter-

272 4718 624 4774 mittantur.

274 4826 539 4895 Qualiter
564 4826 757 4896 frater.
791 4826 888 4895 qui
918 4822 1338 4949 circalvocatur,
1370 4823 1613 4895 officium
1640 4838 1803 4878 suum
1836 4824 1938 4876 im-

1038 4913 1070 4949 v
1093 4903 1197 4949 eat.

1032 4903 1197 4966 plent.

349 4988 493 5043 ,ιω
526 4989 583 5041 et
611 4985 934 5041 secundum
979 4984 1190 5057 regulae
1249 4988 1603 5056 praeceptum
1663 4983 1937 5038 constitui

278 5076 463 5133 debet
492 5073 708 5146 aliquis
747 5076 944 5143 frater,
977 5073 1079 5145 qui
1099 5072 1279 5129 totius
1310 5073 1547 5129 claustri
1581 5073 1691 5127 sub
1720 5073 1940 5127 decano

276 5181 495 5221 curam
526 5167 708 5236 gerat,
751 5163 852 5235 qui
885 5162 955 5218 ab
987 5162 1179 5218 officio
1227 5161 1509 5218 circuitus
1538 5161 1630 5217 sui
1664 5163 1811 5216 circa
1839 5177 1941 5215 vo-

278 5257 480 5310 catur.
540 5252 645 5307 Est
702 5251 857 5307 enim
907 5252 1037 5323 ejus
1092 5250 1352 5307 officium
1428 5249 1640 5321 saepius
1698 5248 1943 5304 circuire

277 5342 617 5399 claustrum
674 5357 747 5396 ne
804 5340 949 5396 forte
1005 5340 1333 5396 inveniatur
1408 5338 1585 5395 frater
1638 5337 1944 5393 acediosus

278 5435 391 5487 aut
454 5429 626 5485 alicui
700 5428 946 5486 vanitati
1020 5430 1273 5486 deditus.
1333 5429 1495 5495 Quod
1555 5427 1603 5483 si
1659 5426 1945 5483 invenerit

276 5518 632 5576 nullatenus
660 5518 806 5577 illud
854 5520 1025 5576 debet
1072 5518 1311 5575 reticere
1341 5517 1401 5573 in
1431 5517 1684 5590 capitulo
1713 5518 1943 5574 venturi

280 5607 433 5677 diei,
485 5608 597 5666 nisi
656 5608 706 5665 si
761 5626 865 5682 pro
923 5608 1036 5666 levi
1078 5607 1341 5679 qualibet
1396 5605 1571 5680 culpa
1619 5607 1796 5664 frater
1848 5606 1945 5664 ille

2046 4631 2163 4695 tur,
2186 4629 2243 4682 et
2272 4625 2528 4692 Alleluia,
2551 4641 2657 4697 pro
2678 4623 3059 4697 gradualibus
3083 4624 3330 4693 canitur,
3364 4627 3423 4680 et
3447 4639 3698 4696 vespera:

2048 4716 2118 4772 de
2148 4714 2422 4771 omnibus
2480 4714 2700 4769 sanctis
2753 4714 3048 4770 dicuntur.
3083 4713 3309 4768 Rursus
3362 4711 3423 4767 in
3482 4713 3698 4769 octavis

2048 4806 2353 4862 Dominica
2385 4822 2501 4859 non
2536 4803 2818 4875 repetitur
2876 4802 3114 4874 Spiritus
3170 4803 3412 4870 Domini,
3445 4820 3510 4857 eo
3540 4802 3699 4873 quod

2050 4899 2270 4967 septem
2323 4898 2553 4949 tantum
2614 4891 2860 4947 colimus
2894 4892 3046 4946 dona
3072 4892 3324 4963 Spiritus
3357 4891 3564 4958 sancti,
3597 4891 3698 4949 sed

2050 4986 2245 5058 agitur
2274 4983 2372 5039 illa
2401 4982 2767 5037 hebdomade
2799 4983 2868 5037 de
2901 4988 3106 5037 sancta
3132 4981 3439 5036 Trinitate.

2122 5074 2377 5130 Sabbato
2408 5070 2789 5127 Dominicalis
2836 5088 3089 5142 vesperre
3137 5073 3384 5125 canatur
3421 5069 3699 5142 hymnus,

2049 5168 2197 5219 Deus
2255 5167 2464 5216 creator
2520 5161 2806 5226 omnium;
2838 5160 2909 5214 ad
2952 5159 3430 5230 Completorium,
3470 5160 3534 5214 Te
3564 5158 3702 5214 lucis

2050 5255 2178 5307 ante
2207 5252 2542 5315 terminum;
2573 5248 2644 5302 ad
2678 5248 3025 5313 Nocturnus,
3077 5241 3250 5302 Nocte
3278 5254 3554 5317 surgentes
3579 5268 3597 5313 ,-
3630 5247 3703 5302 ad

2053 5338 2392 5408 Matutinus,
2427 5339 2558 5393 Ecce
2588 5339 2711 5409 jam
2751 5338 2943 5391 noctis.
2980 5336 3093 5391 lste
3142 5337 3281 5392 ordo
3332 5340 3455 5390 tota
3504 5338 3703 5390 aestate

2052 5432 2321 5485 teneatur
2367 5443 2553 5499 usque
2600 5424 2832 5482 kalend.
2866 5426 3245 5492 Novembris;
3280 5426 3351 5480 ad
3382 5423 3541 5496 ipsas
3570 5440 3701 5478 vero

2051 5517 2295 5574 Kalend.
2323 5515 2710 5588 longiores,ut
2730 5532 2907 5587 supra
2927 5516 3151 5571 dictum
3174 5511 3492 5586 est,liymni
3510 5513 3703 5568 dican-

2052 5613 2168 5677 tur,
2203 5611 2262 5664 et
2293 5604 2476 5662 ﬁnitis
2507 5605 2736 5661 duobus
2781 5604 3047 5678 psalmis,
3083 5604 3181 5676 qui
3212 5608 3344 5676 post
3375 5602 3701 5658 Nocturnus
