4056 6178
290 251 408 316 499

1303 249 1366 311 S.
1411 247 1804 314 DUNSTANI
1850 245 2214 310 ARCHIEP.
2263 248 2660 314 CANTUAR.

3587 248 3710 314 500

289 381 588 452 dicuntur,
623 386 832 458 agatur
849 379 1068 456 vigilia,
1101 397 1230 453 quae
1263 399 1366 454 pro
1403 383 1682 439 brevitate
1709 379 1936 436 dierum
1965 380 2022 448 Α
2053 381 2292 436 strando
2325 397 2630 438 occurrere
2659 381 2976 438 desiderat.
3011 380 3527 440 Proﬁciscentibus
3572 400 3710 442 vero

288 489 529 547 vespere
560 490 676 530 non
706 475 934 546 poterat
963 471 1057 545 agi
1090 469 1206 525 nisi
1238 470 1332 527 his
1363 475 1593 527 tantum
1628 469 1832 526 diebus
1863 469 1943 524 fe-

293 562 650 636 stis,quibus
671 561 956 620 coenaturi
989 563 1132 618 sunt
1161 559 1574 617 fratres.Tunc
1595 559 1752 616 enim
1783 575 1948 616 coena

293 652 447 710 facta
477 655 617 725 agat
643 649 904 724 vigiliam
935 647 1226 706 ministris
1273 648 1507 706 interim
1559 649 1944 718 coenantibus,

293 744 360 798 ut
388 739 764 814 postmodum
786 739 962 810 juxta
990 737 1205 811 regulae
1236 737 1463 794 dictum
1495 755 1703 794 omnes
1751 755 1951 794 occur-

293 833 426 886 rant
473 829 546 886 ad
597 826 986 884 collationem.
1023 827 1127 882 Hic
1184 827 1325 884 ordo
1381 825 1592 899 vigiliae
1651 843 1837 900 usque
1876 827 1948 881 ad

293 921 469 991 caput
517 915 990 990 Quadragesimze
1040 915 1124 972 ita
1173 919 1462 970 teneatur.
1507 917 1571 972 In
1623 917 1952 988 Quadi-age-

293 1006 446 1065 sima
475 1023 609 1063 vero
640 1009 775 1079 post
805 1007 1116 1074 coenam,et
1137 1004 1222 1060 sic
1254 1005 1492 1060 demum
1527 1003 1586 1059 in
1619 1003 1804 1060 totius
1833 1004 1954 1059 lon-

293 1095 560 1169 gitudine
593 1094 814 1152 {astatis
844 1110 1082 1167 vespere
1113 1093 1492 1149 custodiatur
1541 1097 1674 1165 post
1703 1111 1948 1162 coenam,

295 1189 400 1243 aut
427 1190 561 1260 post
586 1183 1034 1258 vespertinalem
1063 1182 1298 1238 laudem
1335 1182 1384 1237 si
1415 1200 1578 1238 coena
1611 1182 1877 1238 defuerit.

369 1277 629 1342 Quatuor
685 1266 1072 1347 temporibus,
1123 1289 1252 1344 quae
1312 1271 1704 1328 ecclesiastice
1763 1276 1954 1326 custo-

297 1363 542 1420 diuntur
571 1364 643 1420 ad
676 1363 870 1420 missa
899 1359 1594 1430 celebrationem,dicitur
1623 1378 1657 1416 a
1685 1359 1953 1429 diacono,

295 1453 598 1510 Flectamus
643 1468 845 1524 genua,
879 1449 1380 1524 quadragesimali
1425 1467 1608 1519 more,
1641 1456 1702 1506 et
1731 1467 1955 1506 eorum-

297 1545 712 1618 dem,quorum
730 1541 792 1598 in
824 1540 1288 1614 Quadragesima
1317 1539 1674 1598 abstinentia
1689 1539 1952 1596 ciborum

296 1651 435 1690 eum
467 1649 683 1706 magna
711 1629 1078 1688 custodiatur
1107 1629 1432 1702 diligentia,
1461 1632 1697 1701 excepto
1729 1630 1870 1684 dum
1894 1629 1954 1683 in

296 1723 666 1817 Pentecostes
717 1719 1091 1817 hebdomade
1145 1718 1613 1817 evenerit,‘tum.
1641 1719 1800 1816 enim
1848 1716 1952 1773 ali-
1983 1751 2033 1817 B

297 1807 652 1884 quantulum
685 1805 992 1862 remissius
1023 1821 1126 1877 pro
1157 1809 1335 1860 tantae
1367 1804 1763 1861 solemnitatis
1795 1821 1951 1861 reve-

298 1897 486 1956 rentia
513 1897 606 1970 agi
637 1898 1032 1970 opportunum
1061 1895 1358 1950 duximus.

302 2004 547 2074 Qualiter
599 2001 918 2058 mandatum
969 2001 1299 2074 quotidianis
1357 2001 1546 2074 diebus
1594 2017 1630 2056 a
1666 2000 1953 2074 fratribus

371 2073 694 2132 exhibeatur
743 2071 1102 2144 pauperibus,
1132 2079 1185 2128 et
1213 2087 1316 2145 quo
1373 2071 1567 2128 ordine
1619 2073 1785 2127 abbas
1829 2089 1956 2144 erga

369 2145 683 2219 peregrinos
711 2151 856 2216 agat.

374 2251 720 2310 Mandatum
751 2251 906 2324 quod
939 2267 1008 2306 ex
1031 2247 1336 2308 Dominico
1367 2253 1638 2306 tenemus
1667 2251 1950 2324 exemplo,

303 2359 480 2400 sacris
511 2339 694 2398 etiam
722 2339 934 2414 regulae
975 2339 1223 2408 monitu,
1257 2357 1322 2396 eo
1354 2343 1612 2412 excepto,
1645 2341 1801 2413 quod
1841 2339 1954 2397 sibi

301 2429 550 2486 invicem
581 2429 857 2485 exhibent
884 2428 1111 2496 fratres,
1147 2427 1504 2500 pauperibus
1555 2446 1792 2484 summa
1819 2447 1954 2484 cum

305 2517 606 2592 diligentia
633 2517 980 2590 praebeatur,
1014 2517 1074 2572 in
1101 2517 1319 2589 quibus
1349 2517 1616 2573 Christus
1659 2519 1954 2590 adoretur,

305 2607 406 2682 qui
426 2610 484 2664 et
503 2604 976 2679 suscipitur.Sint
1001 2605 1182 2679 igitur
1201 2603 1262 2660 in
1285 2621 1638 2678 unoquoque
1669 2608 1958 2664 monaste-

305 2697 391 2754 rio
421 2695 654 2770 singula
673 2694 802 2752 loca
822 2695 896 2751 ad
916 2695 1024 2750 hoc
1046 2695 1368 2751 constituta
1387 2695 1487 2752 ubi
1507 2714 1831 2770 pauperum
1856 2698 1957 2754 ﬁat

303 2784 596 2858 susceptio
625 2802 638 2853 ;
665 2783 943 2857 omnique
973 2783 1066 2839 die
1095 2783 1223 2840 sine
1272 2783 1714 2842 intermissione
1739 2790 1858 2842 tres
1887 2803 1958 2842 ex

301 2873 416 2945 his,
433 2874 531 2947 qui
555 2872 830 2930 continuo
850 2871 908 2927 in
931 2871 1283 2928 monasterio
1302 2879 1642 2945 pascuntur,
1667 2874 1958 2947 eligantur

304 2979 612 3037 pauperes,
643 2961 862 3035 quibus
891 2961 1158 3034 ejusdem
1188 2961 1452 3017 mandati
1483 2962 1825 3018 exhibeatur
1854 2963 1955 3020 ob-

303 3051 822 3125 sequium,quique
851 3049 1073 3106 eisdem
1106 3055 1424 3122 pascantur
1442 3050 1956 3126 victualibus,qui-

304 3141 418 3196 bus
441 3141 651 3195 fratres
681 3142 972 3195 utuntur:
1007 3139 1116 3194 hoc
1159 3155 1295 3210 ergo
1354 3139 1526 3195 modo
1585 3139 1723 3196 illuc
1777 3139 1956 3196 eundi

305 3228 570 3288 ordinem
603 3227 1280 3303 prosequantur,seiliect
1311 3227 1550 3282 sabbato
1572 3229 1737 3300 pueri
1771 3229 1956 3285 dextri

307 3316 470 3376 chori
491 3333 626 3374 eum
659 3335 774 3374 uno
804 3317 1046 3373 custode
1073 3315 1218 3371 illud
1251 3321 1558 3389 peragant:
1581 3317 1845 3390 sequenti
1865 3317 1958 3376 die

307 3407 611 3465 Dominica
631 3405 849 3463 residui
874 3405 1036 3478 pueri
1058 3403 1280 3461 sinistri
1304 3421 1440 3460 cum
1473 3403 1651 3462 altero
1684 3407 1951 3463 custode:

300 3497 508 3554 deinde
521 3494 1374 3570 singulisdiebushebdomadaz
1390 3495 1462 3549 ad
1477 3511 1958 3569 unamquamque

300 3585 505 3642 feriam
528 3587 614 3641 tot
637 3583 1074 3640 constituantur
1093 3582 1300 3638 fratres
1323 3582 1394 3637 ad
1419 3581 1528 3638 hoc
1551 3584 1866 3656 agendum,
1894 3589 1960 3640 ut

301 3677 465 3732 extra
492 3675 762 3730 abbatem
813 3671 1014 3728 nullus
1044 3671 1114 3728 ab
1149 3671 1257 3726 hoc
1289 3671 1484 3727 debito
1543 3671 1842 3730 servitutis
1869 3691 1958 3729 ex-

301 3767 540 3820 cusetur
563 3781 576 3830 ;
599 3761 701 3834 qui
731 3765 927 3818 tamen
959 3760 1142 3817 abbas
1165 3777 1280 3816 non
1306 3778 1424 3816 una
1441 3764 1671 3817 tantum
1695 3761 1842 3818 feria
1857 3763 1958 3818 sed

301 3853 515 3925 saepius
547 3852 689 3908 dum
720 3850 770 3906 ei
802 3866 1052 3906 vacuum
1085 3849 1280 3918 fuerit,
1316 3853 1496 3922 utque
1545 3851 1957 3922 opportunitas

300 3939 620 4009 dictaverit,
655 3956 782 3996 sese
813 3939 884 3994 ad
916 3939 1024 3994 hoc
1057 3939 1351 4011 agendum
1399 3939 1719 4010 impendat.
1755 3939 1836 3995 De
1857 3957 1958 3995 ca:-

301 4031 423 4086 tero
445 4027 992 4100 supervenientibus
1021 4027 1346 4099 peregrinis
1376 4027 1956 4098 pauperibus,abbas

303 4132 438 4172 cum
469 4114 766 4181 fratribus,
785 4131 933 4186 quos
953 4114 1196 4187 elegerit
1225 4115 1552 4170 secundum
1586 4115 1796 4188 regula:
1819 4133 1958 4188 prm-

304 4201 826 4275 eeptum,mandati
849 4202 1117 4258 exhibeat
1128 4202 1477 4275 obsequium
1503 4221 1516 4258 :
1535 4203 1734 4260 omnia
1755 4205 1952 4278 igitur,

210 4353 217 4358 _
303 4289 690 4348 humanitatis
709 4289 903 4346 ofﬁcia
921 4290 979 4346 in
1004 4289 1255 4364 hospitio
1278 4296 1442 4363 pater
1459 4291 1583 4364 ipse
1601 4293 1649 4349 si
1664 4295 1954 4366 quomodo

303 4380 580 4454 potuerit,
608 4379 695 4437 vel
724 4380 974 4436 fratrum
1007 4379 1253 4453 quilibet
1282 4381 1656 4438 devotissime
1680 4384 1952 4455 praebeat,

2054 469 2729 543 peregrinis,seeundum
2753 471 2907 544 quod
2929 470 3040 526 loci
3063 470 3594 552 suppetit’facultas
3623 474 3709 533 eis

2054 556 2430 632 impendatur
2457 559 2804 617 vietualium
2835 559 3136 618 solatium.

2059 665 2171 733 Quo
2217 668 2410 724 ordine
2455 669 2682 724 Sabbato
2725 671 2924 740 fratres
2974 666 3279 729 munditias
3325 680 3632 738 exerceant,
3659 679 3715 729 et

2190 755 2419 812 quaeque
2454 741 2638 811 ofﬁcia
2661 739 2733 796 ob
2753 741 2958 797 animae
2985 741 3219 796 salutem
3241 742 3572 813 persolvant.

2130 828 2735 896 Sabbato,secundum
2755 827 2968 901 regula:
2993 833 3348 900 praeceptum
3361 831 3712 888 mandatum

2059 919 2116 971 et
2147 917 2468 972 munditias
2519 916 2781 990 diligenti
2833 935 2976 972 cura
3011 921 3352 974 excereeant
3380 922 3439 975 et
3460 919 3715 992 qualiter

2061 1005 2185 1061 fieri
2217 1005 2466 1060 debeant
2512 1005 2610 1078 qui
2663 1005 2856 1061 adhuc
2898 1005 3169 1062 nesciunt
3195 1005 3429 1063 solliciti
3459 1007 3711 1077 discant,

2061 1092 2232 1149 solito
2256 1109 2416 1150 more
2437 1093 2685 1150 studiosi
2707 1095 2756 1150 si
2783 1093 3114 1166 compleant
3135 1111 3147 1150 :
3172 1093 3384 1152 Nullus
3405 1097 3712 1171 quippiam

2062 1181 2327 1254 quamvis
2365 1198 2575 1254 parum
2605 1200 2715 1238 sua
2743 1200 2810 1239 ac
2841 1183 3008 1256 quasi
3039 1184 3276 1256 propria
3303 1184 3714 1248 adinventione

2061 1288 2230 1344 agere
2261 1276 2596 1343 praesumat,
2630 1288 2735 1326 nec
2767 1273 2824 1326 in
2857 1271 3102 1329 ecclesia
3149 1272 3322 1329 horas
3364 1273 3716 1334 celebrando

2063 1361 2551 1429 constitutas,nec
2571 1360 2826 1417 claustro
2860 1359 2943 1416 uti
2979 1360 3180 1435 regula
3211 1363 3472 1436 praecipit
3491 1365 3716 1438 egredi,

2063 1466 2169 1504 nec
2209 1466 2415 1522 parum
2457 1449 2598 1522 quid
2632 1449 2758 1506 sine
2789 1449 3002 1522 prioris
3033 1449 3270 1506 licentia
3299 1452 3586 1524 superbire
3616 1458 3718 1509 tu-

2063 1552 2224 1592 more
2254 1536 2494 1592 inllatus
2515 1537 2746 1592 audeat.
2761 1535 3302 1594 Calceamentorum
3325 1538 3719 1608 unctio,vesti-

2063 1628 2395 1681 mentorum
2421 1624 2729 1690 ablutio,et
2750 1643 2914 1699 aquae
2934 1625 3509 1696 administratio,non
3523 1645 3720 1700 asper-

2064 1717 2256 1784 natur,
2292 1715 2393 1770 sed
2415 1714 2487 1770 ab
2509 1713 2820 1784 universis,
2837 1715 2887 1772 si
2923 1713 3156 1772 Domini
3191 1715 3380 1789 gratia
3398 1715 3551 1772 vires
3575 1733 3717 1773 con-

2062 1803 2322 1874 cesserit,
2352 1809 2612 1877 tempore
2661 1809 2989 1878 opportuno
3047 1809 3323 1862 consuete
3381 1811 3716 1880 peragatur.

2063 1893 2356 1966 Coquinm,
2391 1910 2456 1948 ac
2495 1892 2778 1965 pistrinae,
2804 1898 3262 1966 czeterarumque
3282 1909 3478 1950 rerum
3499 1894 3712 1964 ofﬁcia,

2064 1982 2148 2038 uti
2171 1985 2376 2038 sancta
2395 1979 2598 2056 regula
2619 1979 2899 2054 prwcipit,
2927 1981 3341 2054 unusquisque
3373 1989 3541 2055 prout
3556 1983 3712 2040 vires

2063 2075 2380 2144 suppetant
2409 2069 2875 2144 gratulabundus
2903 2070 3190 2140 exhibeat,
3224 2087 3296 2127 ne
3327 2069 3537 2144 regula:
3567 2089 3716 2144 pra:-

2063 2166 2363 2233 ceptorum
2411 2159 2658 2215 minima
2704 2158 3172 2232 parvipendendo
3217 2163 3538 2232 praetereat,
3570 2177 3640 2216 ac
3665 2161 3719 2217 si

2065 2250 2292 2306 dicente
2310 2247 2586 2322 Apostolo
2608 2248 2874 2304 omnium
2897 2249 3333 2320 mandatorum,
3358 2250 3514 2323 quod
3537 2249 3715 2319 absit,

2063 2357 2200 2396 reus
2229 2337 2458 2394 existat.
2921 2411 2928 2416 Ι

2067 2445 2334 2514 Quomodo
2381 2446 2532 2520 circa
2577 2452 2836 2520 a’grotum
2873 2446 3104 2515 fratrem
3132 2447 3723 2520 agatur,rqualiterque

2382 2515 2698 2588 defunctum
2719 2515 2884 2572 humo
2913 2515 3198 2572 conveniat
3219 2517 3388 2574 reddi.

2136 2605 2282 2660 Cum
2306 2604 2377 2660 ad
2401 2605 2662 2659 debitum
2687 2604 3018 2661 communis
3050 2605 3384 2678 fragilitatis
3415 2607 3722 2664 exsolven-

2066 2695 2206 2750 dum
2231 2693 2364 2766 quis
2393 2697 2634 2748 vocatus
2657 2692 2853 2762 fuerit,
2874 2693 3016 2749 dum
3053 2694 3299 2750 senserit
3323 2712 3384 2752 se
3414 2695 3601 2752 nimia
3628 2695 3721 2752 in-

2063 2783 2398 2840 valetudine
2432 2781 2764 2856 pergravari
2785 2781 2866 2838 ita
2885 2787 2951 2838 ut
2961 2784 3088 2855 jam
3113 2801 3226 2840 non
3257 2783 3446 2858 possit
3474 2785 3720 2858 portari,

2063 2872 2259 2928 veniat
2280 2873 2456 2927 frater
2476 2869 2572 2926 ille
2594 2874 2730 2926 ante
2751 2871 3020 2927 abbatem
3053 2871 3139 2928 vel
3175 2878 3447 2929 cunctam
3475 2891 3720 2948 congre-

2065 2962 2382 3036 gationem,
2403 2965 2460 3016 et
2482 2961 2842 3016 infirmitatis
2865 2979 2982 3016 sua:
3015 2979 3225 3019 causas
3245 2948 3512 3036 exponat,
3545 2969 3604 3020 et
3634 2965 3723 3020 sic

2067 3050 2333 3108 omnium
2365 3053 2602 3122 accepta
2632 3048 3033 3106 benedictione
3065 3049 3424 3124 ingrediatur
3472 3053 3723 3111 domum

1985 3119 2030 3188 (ἶ
2069 3140 2438 3195 infirmorum
2469 3137 2744 3194 omnibus
2781 3155 2886 3211 pro
2910 3155 2976 3196 eo
2999 3137 3264 3196 sollicitis
3291 3139 3350 3196 in
3381 3141 3504 3198 suis
3535 3141 3721 3199 inter-

2064 3228 2434 3284 ventionibus
2461 3245 2474 3294 ;
2504 3227 2562 3282 in
2593 3245 2662 3282 ea
2691 3226 2890 3299 itaque
2927 3229 3100 3284 domo
3133 3228 3438 3286 servitores
3467 3231 3587 3286 sint
3615 3231 3722 3288 Dei

2066 3317 2274 3374 timore
2317 3316 2688 3388 fraterneque
2719 3333 2916 3372 amore
2947 3317 3250 3387 ferventes,
3285 3318 3384 3392 qui
3413 3319 3463 3375 ei
3495 3319 3553 3374 in
3585 3321 3722 3393 qui-

2067 3406 2414 3478 buscunque
2445 3404 2762 3478 iudiguerit
2810 3405 3205 3478 suppeditent,
3239 3411 3341 3462 aut
3369 3407 3416 3464 si
3451 3424 3720 3464 necesse-

2069 3495 2247 3550 fuerit
2295 3510 2427 3550 cum
2479 3492 2728 3550 sollicito
2774 3493 2950 3550 fratre
2981 3494 3338 3552 famulorum
3371 3495 3727 3552 adhibeatur

2067 3583 2434 3655 obsequium.
2473 3583 2673 3638 Frater
2715 3587 2912 3638 autem
2945 3582 3040 3639 ille
3062 3583 3356 3652 infirmus,
3390 3585 3439 3640 si
3471 3585 3729 3642 senserit

2067 3690 2235 3729 suam
2290 3671 2540 3726 crevisse
2596 3669 3082 3744 imbecillitatem,
3117 3673 3412 3728 indicetur
3438 3671 3546 3728 hoc
3578 3688 3724 3729 con-

2065 3759 2264 3818 ventui
2303 3779 2338 3816 a
2369 3759 2546 3815 fratre
2593 3758 2754 3815 illius
2787 3761 3062 3829 custode;
3097 3777 3165 3816 ex
3196 3777 3262 3816 eo
3293 3777 3430 3834 ergo
3461 3761 3731 3834 quotidie

2067 3854 2199 3924 post
2230 3846 2636 3904 matutinalem
2686 3847 2950 3910 missam,
2981 3849 3254 3905 sacerdos
3285 3849 3486 3906 casula
3512 3855 3730 3908 exutus

2067 3955 2201 3994 cum
2224 3937 2465 4010 reliquis
2487 3935 2646 3992 illius
2669 3936 2958 3992 ministris
2981 3936 3627 4002 missstucharistiam
3649 3939 3731 3996 fe-

2067 4031 2260 4083 rentes
2282 4025 2747 4098 praecedentibus
2768 4025 2950 4082 cereis
2973 4030 3031 4081 et
3058 4025 3529 4094 thuribulo,cum
3562 4028 3728 4084 omni

2067 4115 2516 4190 congregatione
2535 4118 2670 4170 eant
2693 4115 2765 4170 ad
2798 4113 3155 4170 visitandum
3185 4115 3489 4170 infirmum
3513 4132 3728 4174 canen-

2065 4208 2152 4260 tes
2182 4203 2444 4277 psalmos
2481 4201 2910 4274 pmnitentiales
2965 4206 3358 4276 consequente
3404 4202 3630 4273 litania,
3664 4209 3727 4261 et

2065 4293 2428 4349 orationibus
2451 4309 2517 4347 ac
2538 4291 2812 4347 unctione
2833 4291 2940 4348 olei
2973 4291 3163 4366 prima
3189 4295 3420 4348 tantum
3453 4293 3544 4350 die
3579 4311 3594 4350 :
3628 4294 3725 4351 de-

2065 4398 2230 4436 mum
2263 4379 2768 4448 communicatur;
2801 4379 2956 4452 quod
3007 4380 3056 4436 si
3101 4380 3416 4438 infirmitas
3463 4380 3726 4457 lenigata

303 4486 376 4526 ne
397 4469 618 4542 aliquid
642 4469 701 4524 in
723 4485 926 4527 eorum
949 4469 1232 4542 obsequio
1255 4471 1413 4541 quod
1439 4471 1639 4544 regula
1671 4471 1950 4545 praecipit,
1982 4487 2033 4556 D
2067 4470 2257 4536 fuerit,
2295 4469 2718 4524 intermittatur
2747 4471 2803 4524 et
2831 4468 2940 4524 hoc
2965 4488 2978 4538 ;
3009 4468 3102 4525 sin
3130 4467 3300 4538 alias,
3333 4475 3726 4544 prosequatur

301 4561 531 4614 tumore
563 4558 842 4614 seductus
870 4557 959 4614 vel
990 4556 1278 4614 oblivione
1308 4575 1478 4614 nemo
1509 4559 1786 4632 deceptus
1811 4560 1954 4616 insi-

301 4646 530 4718 pienter
556 4645 965 4718 praetermittat
991 4663 1004 4714 ;
1038 4645 1148 4701 hoc
1178 4645 1738 4720 solummodo,quod
1765 4650 1951 4704 sancti

303 4735 502 4790 Patres
533 4735 608 4790 ob
637 4737 846 4790 anima:
879 4733 1130 4791 salutem
1189 4735 1594 4808 virtutumque
1624 4737 1821 4808 potius
1852 4755 1951 4793 cu-

301 4823 554 4879 stodiam
577 4824 650 4878 ad
675 4824 884 4896 regulae
915 4828 1318 4895 contemptum
1341 4825 1604 4896 synodali
1629 4831 1956 4882 statuerant

301 4911 568 4978 concilio,
601 4929 953 4985 magnopere
1002 4912 1296 4968 custodito
1347 4917 1411 4966 ut
1435 4913 1704 4969 videlicet
1734 4913 1792 4968 in
1828 4933 1950 4970 mo-

301 5001 560 5057 nasterio
606 5001 824 5075 degens
863 5005 1024 5057 extra
1053 5000 1420 5057 refectorium
1457 5019 1560 5057 nec
1593 5002 1716 5074 ipse
1748 5004 1950 5072 abbas,

302 5095 413 5145 nec
429 5089 675 5145 fratrum
707 5091 1000 5162 quispiam
1035 5090 1147 5145 nisi
1189 5107 1366 5146 causa
1405 5091 1768 5146 infirmitatis
1791 5109 1954 5147 man-

301 5179 494 5246 ducet,
525 5178 616 5234 vel
655 5179 819 5234 bibat
851 5195 864 5233 :
899 5183 1105 5234 cratera
1144 5179 1360 5245 omnia,
1391 5179 1474 5234 uti
1508 5179 1782 5248 diximus,
1817 5199 1951 5237 cum

301 5283 516 5340 magna
541 5266 723 5324 animi
757 5267 1055 5324 alacritate
1085 5267 1502 5324 devotissimus
1536 5269 1811 5341 impleat:
1846 5289 1950 5326 nec

299 5356 656 5429 pauperibus
686 5357 884 5413 aeterni
916 5355 1132 5413 Christi
1161 5357 1414 5413 vicarius
1437 5357 1494 5412 in
1528 5357 1779 5430 hospitio
1798 5377 1950 5416 eom-

297 5443 517 5516 petenti
547 5445 751 5502 tardus
773 5461 840 5500 ac
871 5443 1103 5516 tepidus
1136 5445 1470 5502 ministrare
1496 5446 1814 5503 differendo
1841 5450 1946 5505 de-

297 5533 488 5600 sistat,
523 5533 622 5606 qui
662 5533 816 5591 celer
843 5550 910 5592 ac
940 5531 1194 5590 fervidus
1217 5533 1496 5591 divitibus
1520 5536 1756 5593 caducis
1779 5539 1945 5594 mini-

2065 4557 2318 4616 visitatio
2369 4574 2558 4630 usque
2610 4557 2680 4612 ad
2731 4557 2952 4612 exitum
2987 4574 3001 4612 :
3036 4574 3103 4614 eo
3133 4557 3315 4632 igitur
3357 4561 3416 4614 in
3445 4561 3724 4619 extremis

2065 4653 2272 4724 agente
2319 4647 2588 4722 pulsetur
2635 4646 2836 4702 tabula
2883 4647 3350 4720 conveniantque
3393 4665 3598 4706 omnes
3643 4650 3720 4706 ad

2063 4739 2349 4794 tuendum
2373 4735 2590 4793 exitum
2614 4736 2766 4806 ejus,
2790 4739 2848 4790 et
2879 4735 3118 4792 initiens
3149 4736 3725 4794 commendationem

2064 4825 2615 4894 animm,Subvenite,
2638 4825 2817 4879 sancti
2843 4824 3084 4893 Domini,
3111 4828 3170 4880 et
3191 4824 3599 4898 reliquajuxta
3624 4841 3725 4882 or-

2063 4917 2259 4971 dinem
2286 4911 2834 4968 commendationis.
2854 4913 3136 4984 Exempto
3157 4918 3353 4969 autem
3378 4913 3616 4970 homine
3633 4912 3727 4970 la-

2063 5007 2228 5061 vetur
2249 5020 2460 5076 corpus
2491 5019 2522 5056 a
2554 5000 2769 5072 quibus
2783 5001 3021 5071 jussum
3047 5001 3251 5056 fuerit:
3287 4999 3470 5057 lotum
3507 5001 3723 5060 indua-

2034 5096 2162 5150 'tur
2209 5092 2446 5148 mundis
2492 5089 2878 5154 vestimentis,
2913 5089 2970 5144 id
3018 5093 3108 5145 est
3154 5089 3424 5159 interula,
3458 5091 3718 5163 cuculia,

2063 5179 2932 5254 caligis,calceis,cujuscunque
2957 5179 3036 5234 sit
3056 5178 3299 5248 ordinis,
3334 5179 3471 5248 nisi,
3497 5179 3547 5235 si
3579 5197 3718 5237 vero

2061 5270 2236 5325 fuerit
2265 5267 2556 5334 sacerdos,
2572 5265 2970 5321 circumdetur
2985 5265 3034 5321 ei
3051 5265 3201 5321 stola
3223 5284 3398 5339 super
3417 5267 3715 5324 cucullam

2059 5359 2106 5415 si
2151 5360 2234 5412 ita
2283 5356 2429 5412 ratio
2461 5355 2802 5421 dictaverit;
2836 5355 2972 5410 inde
3002 5355 3260 5410 defertur
3287 5355 3347 5410 in
3379 5355 3714 5427 ecclesiam,

2057 5445 2445 5522 psallentibus
2467 5443 2720 5513 cunctis,
2735 5443 3028 5516 motisque
3049 5443 3325 5500 omnibus
3341 5443 3717 5518 signis,quod

2055 5537 2102 5594 si
2122 5539 2254 5594 ante
2274 5535 2468 5591 lucem
2492 5535 2678 5602 nocte,
2705 5536 2806 5588 aut
2826 5531 3011 5589 finitis
3032 5533 3289 5590 tenebris
3313 5533 3371 5588 in
3397 5533 3710 5592 matutino.
