4068 6172
265 271 364 337 501

1380 274 1483 336 DE
1525 273 1906 337 REGIMINE
1948 270 2528 338 MONACHORUM.

3533 268 3650 333 502

262 402 521 464 obieritsi
540 402 852 478 sepulturae
876 404 1269 478 impendenda
1288 407 1598 479 praeparari
1624 410 1889 479 possunt,
1922 408 1979 476 Α
2006 404 2238 462 nalibus
2270 405 2547 475 ﬂammis,
2579 422 2754 479 quem
2799 404 3062 478 ejusdem
3111 404 3240 462 Filii
3287 403 3373 462 tui
3421 403 3653 462 Dommi

259 498 383 552 ante
413 496 786 551 refectionem
808 495 1053 551 fratrum
1080 494 1397 567 sepeliatur
1418 496 1669 568 peractis
1695 497 1907 552 missa-

258 602 379 642 rum
412 584 930 651 celebrationibus;
955 584 1045 639 sin
1079 585 1275 641 minus
1307 586 1653 641 ordinentur
1670 584 1901 653 fratres,

258 674 350 749 qui
370 673 498 730 sine
522 672 957 728 intermissione
979 673 1319 746 psalmodize
1341 674 1901 742 vacent,residentes

256 764 403 845 circa
430 778 644 834 corpus
675 762 768 817 die
789 768 1083 835 noctuque
1109 763 1398 834 sequenti,
1423 763 1605 817 donec
1630 779 1801 818 mane
1825 762 1904 817 fa-

257 858 342 910 cto
358 869 571 924 corpus
589 857 753 907 terra:
776 853 1251 908 commendetur:
1273 852 1699 908 consummatis
1721 852 1904 907 omni-

256 944 362 998 bus
384 959 510 1015 quze
528 940 841 1013 sepulturae
859 941 1050 997 officio
1068 942 1372 1009 debentur,
1389 942 1606 996 ibidem
1626 940 1902 1014 incipien-

254 1037 338 1089 tes
391 1034 613 1102 septem
672 1029 1025 1102 pmnitentiae
1085 1028 1345 1102 psalmos
1405 1033 1769 1085 revertantur
1827 1030 1901 1085 ad

253 1120 579 1188 ecclesiam,
610 1123 669 1174 et
700 1119 977 1192 prostrati
1010 1137 1205 1175 coram
1237 1125 1439 1175 sancto
1462 1117 1629 1175 altari
1671 1119 1896 1174 ﬁniant.

253 1211 485 1267 eosdem
508 1208 769 1282 psalmos
788 1226 892 1281 pro
916 1209 1091 1264 fratre
1111 1209 1381 1263 defuncto
1406 1224 1418 1261 :
1448 1208 1659 1263 dehinc
1681 1224 1785 1280 per
1804 1224 1897 1263 se—

252 1302 407 1374 ptem
438 1298 747 1355 continuos
772 1299 897 1353 dies
929 1297 1187 1371 plenario
1210 1302 1420 1371 agatur
1434 1296 1635 1370 vigilia
1662 1296 1900 1352 oll‘eren-

249 1390 411 1445 tibus
440 1388 672 1443 cunctis
702 1388 773 1442 ad
804 1385 1209 1442 matutinalem
1244 1386 1510 1453 missam,
1536 1390 1593 1441 et
1622 1385 1897 1440 omnibus

249 1477 409 1535 horis
442 1476 809 1547 regularibus
840 1475 1022 1531 finitis
1054 1493 1236 1531 unum
1269 1493 1337 1530 ex
1366 1475 1722 1547 praescriptis
1764 1492 1896 1547 pro-

249 1566 417 1624 strati
448 1570 664 1622 canant
695 1564 1013 1638 psalmum,
1049 1569 1329 1637 sequente
1360 1564 1620 1619 oratione
1651 1580 1664 1617 :
1690 1563 1899 1618 exinde

248 1673 436 1728 usque
466 1655 537 1710 ad
571 1654 941 1727 trigesimum
973 1652 1126 1708 diem
1160 1669 1321 1708 more
1348 1651 1518 1708 solito
1540 1669 1674 1707 cum
1708 1651 1895 1707 tribus

246 1744 600 1802 lectionibus
633 1747 840 1816 agatur
883 1741 1100 1840 vigilia.
1128 1742 1406 1842 offerente
1451 1759 1570 1850 pne
1616 1741 1791 1850 ebpro
1823 1742 1894 1796 ad
1932 1785 1979 1850 Β

248 1834 516 1900 missam,
551 1831 851 1906 trigesimo
879 1848 1014 1887 vero
1046 1830 1139 1885 die
1169 1830 1380 1886 iterum
1412 1829 1789 1903 plenarie,his
1811 1833 1895 1884 ta-

248 1939 382 1979 men
414 1940 527 1978 xxx
557 1921 763 1976 diebus
795 1918 1055 1993 quotidie
1086 1920 1457 1975 sacerdotum
1490 1918 1899 1992 unusquisque

246 2011 491 2069 secretis
520 2009 754 2067 oratorii
785 2008 929 2065 locis
951 2008 1277 2081 specialiter
1296 2026 1399 2081 pro
1419 2024 1486 2063 eo
1512 2008 1725 2063 missas
1749 2006 1896 2063 cele-

246 2102 375 2158 bret
402 2117 417 2155 :
443 2098 674 2155 diaconi
692 2116 823 2155 vero
844 2097 1187 2171 psalterium
1205 2113 1274 2153 ex
1291 2098 1537 2169 integro,
1553 2095 1898 2153 subdiaconi

245 2204 485 2262 quoque
514 2186 1090 2260 quinquagenarium
1122 2185 1496 2241 devotissime
1545 2184 1817 2259 psallant,
1850 2183 1898 2238 si

245 2283 448 2335 autem
475 2276 739 2349 occupati
760 2294 875 2331 una
891 2276 984 2331 die
1005 2275 1371 2348 nequiverint
1390 2274 1504 2329 alia
1529 2273 1861 2346 persolvant
1884 2289 1897 2327 :

244 2366 710 2424 mittaturetiam
723 2364 967 2437 epistola
981 2366 1052 2419 ad
1069 2365 1261 2420 vicina
1280 2379 1524 2437 qumque
1546 2362 1903 2418 monasteria

246 2457 518 2530 ejusdem
548 2453 928 2528 depositionis
959 2453 1375 2511 denuntiatum
1405 2453 1581 2522 diem,
1605 2455 1669 2508 ut
1695 2451 1801 2508 iste
1827 2450 1903 2507 sit

245 2562 465 2603 εθηεηδ
498 2560 514 2599 Ξ

311 2636 587 2691 Domnus
603 2632 670 2688 N.
688 2632 870 2688 abbas
892 2631 1229 2687 monasterii
1248 2631 1317 2685 N.
1333 2629 1558 2686 cunctis
1581 2634 1793 2685 sanctze
1807 2630 1905 2686 Ec-

244 2723 442 2780 clesize
494 2721 768 2777 fidelibus
814 2725 934 2777 tam
986 2719 1261 2793 praelatis,
1296 2736 1472 2792 quam
1523 2724 1579 2775 et
1627 2718 1901 2775 subditis.

246 2834 274 2863 ‹‹
289 2813 449 2869 Cum
465 2810 695 2867 cunctis
716 2813 953 2865 maneat
965 2825 1092 2866 sors
1105 2807 1500 2864 irrevocabilis
1518 2808 1905 2875 borae,notum

248 2900 424 2958 vobis
446 2916 575 2957 esse
595 2898 866 2972 cupimus
878 2899 949 2954 de
962 2899 1216 2971 quodam
1238 2898 1412 2953 fratre
1434 2901 1632 2952 nostro
1654 2897 1906 2968 N.quem

249 2990 549 3048 Dominus
579 2989 649 3045 de
669 2987 961 3062 ergastulo
983 2988 1162 3059 hujus
1188 2985 1387 3043 smculi
1410 3003 1610 3041 vocare
1632 2986 1907 3059 dignatus

249 3084 339 3137 est
373 3079 474 3135 die
502 3078 593 3148 N.,
626 3095 730 3150 pro
761 3095 874 3150 quo
896 3077 1272 3132 obsecramus
1292 3076 1500 3131 obnixe
1524 3078 1589 3130 ut
1608 3075 1740 3130 sitis
1761 3079 1906 3129 stre-

2016 497 2200 552 nostri
2232 497 2371 553 Jesu
2403 496 2617 552 Christi
2638 496 2889 569 glorioso
2914 497 3200 569 sanguine
3224 495 3659 562 redemisti.Qui

2012 589 2231 655 tecum,
2262 590 2486 641 etcum
2537 585 2759 658 Spiritu
2810 590 3033 654 sancto,
3062 584 3201 641 vivit
3249 590 3308 640 et
3357 587 3561 658 regnat
3597 585 3659 640 in

2014 674 2227 731 saecula
2255 674 2624 730 saeculorum.
2658 696 2685 723 ››

2083 765 2153 819 Et
2184 768 2394 837 agatur
2423 780 2525 836 pro
2548 781 2613 818 eo
2634 762 3041 835 prima,tertia,
3070 763 3337 835 septima,
3359 762 3662 835 trigesima

2012 853 2137 907 dies
2169 852 2445 924 plenarie,
2480 852 2719 923 reliquis
2754 852 2863 907 sub
2896 852 3193 919 brevitate,
3220 857 3276 907 et
3297 868 3507 906 nomen
3530 851 3659 923 ejus

2012 945 2247 995 notetur
2277 940 2334 995 in
2360 940 2799 1009 anniversariis,
2832 945 2892 996 at
2920 958 2988 995 ex
3021 942 3216 1013 ignoto
3248 945 3477 996 tantum
3499 957 3657 997 com-

2009 1029 2306 1085 mendatio
2338 1028 2565 1097 anima},
2600 1034 2657 1084 et
2686 1048 2804 1084 una
2836 1028 2979 1085 dies.

2083 1119 2141 1174 Si
2176 1122 2370 1173 autem
2404 1118 2483 1186 hi,
2518 1119 2619 1191 qui
2658 1118 2821 1174 valde
2874 1118 3185 1174 necessarii
3241 1122 3381 1173 sunt
3429 1118 3548 1174 sive
3596 1119 3655 1174 in

2009 1206 2435 1280 spiritualibus,
2452 1208 2571 1264 sive
2587 1207 2646 1262 in
2667 1206 3066 1279 corporalibus
3089 1207 3272 1262 nimia
3294 1225 3655 1281 praegravan-

2010 1302 2108 1352 tur
2136 1296 2494 1365 inﬁrmitate,
2529 1298 2671 1353 dum
2701 1296 2759 1351 id
2794 1316 2826 1351 a
2860 1296 3061 1371 gerulo
3090 1297 3427 1352 nuntiatum
3458 1297 3653 1367 fuerit,

2010 1386 2164 1441 illico
2193 1385 2427 1458 pulsata
2459 1386 2866 1441 tantummodo
2900 1385 3098 1441 tabula
3128 1402 3331 1442 omnes
3370 1387 3442 1441 ad
3472 1385 3653 1443 eccle-

2009 1475 2155 1530 siam
2189 1473 2533 1531 convcniant
2564 1492 2627 1529 ac
2650 1492 2726 1529 vu
2758 1474 3110 1547 pcenitentice
3141 1475 3400 1547 psalmos
3429 1494 3563 1531 cum
3585 1475 3654 1531 li-

2008 1564 2204 1632 taniis,
2238 1567 2295 1619 et
2320 1562 2680 1619 orationibus
2709 1564 2983 1636 congruis
3016 1582 3119 1637 pro
3151 1564 3234 1620 eis
3266 1582 3399 1621 cum
3442 1582 3658 1639 magna

2008 1652 2309 1726 diligentia
2334 1657 2641 1725 perorent;
2676 1652 2745 1709 de
2776 1652 2906 1709 aliis
2936 1670 3072 1710 veoo
3103 1653 3353 1710 infirmis
3384 1658 3448 1710 ut
3477 1671 3656 1728 supra

2009 1742 2233 1798 dictum
2263 1747 2352 1797 est
2381 1746 2606 1814 agatur.

2081 1831 2361 1887 Przefatus
2383 1832 2621 1904 quidem
2640 1849 2739 1887 rex
2756 1836 2819 1887 ut
2840 1832 3019 1904 hujus
3041 1832 3220 1889 libelli
3243 1834 3657 1908 epilogum,uti

2008 1920 2355 1994 procemium
2380 1919 2535 1975 fideli
2553 1937 2617 1976 ac
2641 1920 2970 1976 rationabili
2991 1922 3409 1979 exhortationis
3430 1923 3655 1979 monitu

2010 2010 2197 2083 carpit,
2230 2008 2547 2066 orthodoxe
2578 2008 2977 2076 concluderet,
3006 2010 3279 2082 prudenti
3331 2012 3655 2068 discutiens

2011 2098 2274 2155 examine
2306 2114 2440 2152 cum
2474 2114 2686 2170 magno
2718 2115 2837 2153 suae
2870 2097 3037 2171 regia:
3064 2100 3368 2171 potestatis
3409 2100 3656 2174 imperio

2011 2187 2364 2243 interdiccns
2407 2203 2758 2259 magnopere
2798 2187 3001 2260 jussit,
3040 2192 3105 2244 ut
3154 2206 3323 2244 nemo
3374 2189 3655 2247 abbatum

2010 2277 2094 2332 vel
2129 2276 2562 2332 abbatissarum
2584 2275 2695 2332 sibi
2718 2274 2988 2332 locellum
3012 2279 3083 2333 ad
3108 2278 3214 2333 hoc
3237 2279 3659 2336 thesaurizaret

2012 2370 2330 2431 terrenum,
2368 2369 2432 2419 ut
2462 2364 2669 2421 solitus
2703 2383 2936 2435 census,
2962 2385 3134 2438 quem
3160 2368 3443 2442 indigenae
3472 2370 3661 2426 Ηενίαρ

2014 2463 2107 2510 tua
2137 2453 2419 2508 usualiter
2448 2454 2721 2523 vocitant,
2747 2456 2847 2526 qui
2870 2472 2973 2527 pro
2994 2455 3173 2527 hujus
3197 2457 3394 2530 patria:
3418 2460 3663 2531 potenti-

2013 2544 2126 2598 bus
2155 2548 2288 2614 post
2317 2542 2542 2597 obitum
2575 2542 2808 2614 regibus
2841 2545 2967 2599 dari
3016 2545 3183 2613 solet,
3217 2548 3373 2601 unde
3421 2564 3526 2619 pro
3574 2548 3661 2604 eis

2015 2631 2383 2688 smcularium
2417 2630 2742 2686 imitatione
2773 2632 2897 2686 dari
2929 2637 3146 2704 posset,
3172 2633 3477 2704 haberent,
3502 2639 3557 2690 ct
3576 2636 3660 2692 sic

2011 2720 2248 2776 Ananiae
2280 2722 2337 2774 et
2368 2717 2624 2791 Saphiree
2657 2720 3026 2776 anathemate
3056 2726 3391 2778 corruentes
3428 2724 3503 2778 ad
3536 2741 3661 2780 ma-

2014 2824 2199 2882 gnum
2231 2824 2347 2863 sua:
2378 2807 2586 2862 anima:
2610 2807 3029 2864 detrimentum
3054 2814 3266 2866 sanctae
3288 2809 3500 2883 regulae
3524 2828 3662 2884 prae-

2015 2900 2181 2969 cepta
2210 2894 2526 2969 peculiaria
2553 2895 2752 2951 omnia
2781 2897 3152 2968 prohibentia
3179 2896 3661 2968 annularent,sed

2016 2986 2126 3041 hoc
2155 2990 2275 3041 tam
2309 2985 2444 3053 sibi,
2478 3002 2653 3057 quam
2686 2987 2912 3041 cunctis
2939 2988 3379 3044 successoribus
3407 2988 3533 3045 suis
3558 3006 3663 3062 pro

2018 3076 2227 3130 abbate
2256 3074 2341 3129 vel
2372 3074 2674 3129 abbatissa
2705 3074 2850 3143 dari,
2887 3076 2945 3130 in
2979 3075 3213 3146 Christi,
3247 3078 3418 3149 cujus
3465 3077 3665 3134 vicarii

252 3170 357 3225 nni
398 3167 816 3223 interventores
844 3167 915 3222 ad
949 3164 1262 3220 Dominum
1296 3165 1623 3237 sentiatque
1646 3164 1705 3218 in
1738 3164 1909 3219 inter-
1938 3157 1980 3224 C
2021 3167 2180 3232 sunt,
2212 3163 2457 3235 ejusque
2487 3162 2787 3235 genitricis
2816 3165 3028 3232 Mariae,
3054 3183 3120 3220 ac
3142 3167 3408 3222 omnium
3430 3170 3668 3223 sancto-

248 3258 532 3316 ventione
562 3256 778 3329 quibus
808 3256 996 3311 fuerat
1026 3254 1229 3310 unitus
1264 3254 1322 3309 in
1372 3252 1595 3309 ordinis
1645 3269 1910 3309 commu-

250 3347 454 3405 nione.
489 3368 519 3397 »

320 3436 499 3505 Quod
521 3435 571 3491 si
600 3451 669 3491 ex
685 3433 797 3491 alio
816 3432 1169 3489 monasterio
1190 3437 1328 3489 noto
1351 3449 1416 3488 ac
1440 3432 1711 3489 familiari
1736 3432 1914 3487 frater

254 3528 397 3601 quis
428 3524 738 3580 nuntiatus
761 3523 934 3578 fuerit
955 3522 1287 3589 defunctus,
1312 3520 1656 3577 conveniant
1680 3520 1915 3593 pulsata

252 3614 466 3672 tabula
487 3612 746 3685 undique
768 3613 999 3680 fratres,
1013 3612 1207 3679 motis,
1224 3611 1307 3665 uti
1331 3609 1916 3682 przediximus,omni-

255 3706 375 3761 bus
409 3702 617 3776 signis,
644 3719 723 3757 vn
752 3701 1101 3773 poenitentiae
1133 3700 1408 3773 prostrati
1432 3698 1491 3753 in
1512 3697 1762 3754 oratorio
1787 3714 1914 3753 mo-

256 3794 553 3851 dulcntur
581 3790 860 3864 psalmos,
885 3789 1006 3845 hrec
1029 3790 1421 3861 subsequente
1446 3786 1704 3842 oratione
1728 3804 1740 3842 :
1770 3808 1797 3836 ‹‹
1821 3787 1918 3842 Sa-

255 3882 527 3940 tisfaciat
544 3879 673 3947 tibi,
689 3880 934 3935 Domine
953 3880 1107 3934 Deus
1129 3881 1347 3946 noster,
1368 3894 1472 3951 pro
1493 3877 1692 3931 anima
1720 3875 1918 3931 fratris

260 3969 461 4028 nostri
488 3969 558 4023 N.
591 3968 770 4024 beata:
800 3967 1029 4022 Domini
1081 3964 1381 4040 genitricis
1429 3981 1775 4038 semperque
1804 3963 1917 4019 vir-

261 4060 428 4135 ginis
488 4057 704 4125 Mariae,
747 4061 803 4112 et
846 4057 1031 4113 sancti
1092 4055 1242 4111 Petri
1300 4054 1548 4129 apostoli
1607 4054 1687 4109 tui
1747 4057 1921 4126 atque

262 4146 465 4204 sancti
496 4144 791 4202 Benedicti
812 4144 1164 4201 confessoris
1185 4143 1270 4200 tui
1294 4144 1678 4216 omniumque
1697 4146 1921 4198 sancto-

264 4253 407 4293 rum
436 4240 677 4293 tuorum
709 4234 892 4290 oratio
921 4238 980 4290 et
1008 4232 1310 4306 praesentis
1333 4231 1566 4288 familiae
1589 4236 1699 4287 tua:
1717 4232 1923 4286 devota

2022 3269 2154 3308 rum
2186 3252 2421 3307 nomine
2453 3257 2663 3307 aeterno
2696 3253 2999 3325 prohibuit
3030 3254 3297 3327 imperio,
3330 3255 3438 3311 hoc
3471 3259 3667 3313 autem

2020 3339 2299 3397 benevola
2338 3340 2656 3397 intentione
2707 3341 2990 3399 hortando
3039 3345 3245 3415 suasit,
3280 3349 3347 3400 ut
3376 3348 3668 3402 monaste-

2022 3430 2241 3485 riorum
2274 3434 2488 3503 patres,
2521 3435 2856 3504 matresque
2888 3450 3252 3505 quaecunque
3300 3451 3477 3507 super
3526 3452 3670 3491 usus

2023 3518 2383 3575 necessarios
2434 3519 2795 3588 restaverint,
2832 3539 2933 3594 per
2982 3539 3196 3578 manus
3244 3541 3568 3597 pauperum
3608 3523 3669 3579 in

2023 3607 2286 3663 caelestes
2317 3624 2449 3661 cum
2482 3624 2695 3680 magna
2724 3613 2781 3663 et
2801 3610 2931 3683 jugi
2973 3612 3441 3682 eompunctione'
3466 3630 3669 3668 recon-

2026 3698 2168 3752 daut
2196 3696 2522 3763 thesauros,
2557 3714 2669 3767 quo
2701 3714 2941 3768 corpore
2971 3698 3030 3753 in
3064 3703 3219 3753 terra
3241 3700 3505 3772 degente,
3542 3701 3666 3756 ani-

2027 3802 2161 3839 mus
2193 3785 2268 3837 ibi
2303 3786 2697 3840 conversando
2730 3787 3099 3858 subsequens
3130 3791 3383 3856 maneat,
3418 3789 3516 3843 ubi
3548 3788 3671 3844 the-

2027 3890 2232 3929 sauros
2281 3873 2482 3927 ordine
2530 3872 2811 3945 przemisit
2857 3873 3211 3946 justissimo.
3246 3875 3306 3931 Si
3355 3894 3481 3949 qua:
3532 3894 3666 3933 vero

2027 3964 2217 4036 priore
2248 3963 2499 4018 abeunte
2530 3963 2946 4034 superfuerint,
2977 3965 3345 4037 subsequens
3389 3965 3570 4022 abbas
3600 3970 3669 4022 ut

2028 4052 2220 4108 Sancti
2264 4050 2508 4123 spiritus
2551 4052 2738 4124 gratia
2783 4051 3144 4118 instruxerit,
3178 4071 3292 4109 non
3325 4054 3671 4128 propinquis

2029 4139 2459 4196 carnalibusvel
2485 4139 2747 4213 tyrannis
2768 4140 3148 4198 saecularibus
3170 4144 3495 4200 secundum
3518 4147 3674 4201 antc-

2031 4229 2201 4285 rioris
2232 4230 2514 4285 dictatum
2562 4229 2892 4299 dividendo,
2928 4232 3029 4287 sed
3081 4232 3529 4289 necessitatibus
3559 4233 3674 4289 fra-

264 4322 651 4400 supplicatio,
682 4326 748 4378 ut
778 4325 1149 4395 peccatorum
1180 4322 1448 4376 omnium
1482 4320 1714 4376 veniam
1747 4335 1925 4392 quam
1955 4314 2001 4379 D
2032 4323 2188 4374 trum
2218 4335 2285 4374 ac
2317 4334 2639 4391 pauperum
2665 4320 3080 4389 subveniendo,
3107 4322 3387 4379 ordinans
3412 4336 3547 4377 cum
3567 4321 3678 4376 fra-

264 4427 607 4484 precamur,
624 4411 904 4480 obtineat,
920 4428 1024 4469 nec
1036 4427 1172 4467 eum
1188 4410 1429 4483 patiaris
1448 4408 1697 4466 cruciari
1717 4408 1928 4482 gehen-

2033 4412 2190 4464 trum
2223 4406 2485 4477 consilio,
2521 4408 2814 4481 sapienter
2844 4410 3138 4482 disponat.
