4056 6178
1439 267 1982 334 ADALBEIIONIS
2020 263 2389 332 MGﬂIEP.
2437 268 2774 336 REMENS.

962 403 1312 463 EPISTOLA
1349 404 1518 462 XVII.

590 513 666 553 AD
706 510 1075 552 NOTBGARIUM
1112 511 1428 550 EPISCOPUM
1466 509 1882 552 LEODICENSUM.

429 585 898 643 "Gollectionem
919 584 1326 656 episcoporum
1351 587 1590 656 prepter
1617 601 1744 656 quae
1775 583 2063 655 signiﬁca-
2172 583 2348 639 ﬁdem
2380 588 2642 641 nostram
2672 586 2744 641 ad
2775 603 2878 642 vos
2899 603 2964 642 ac
2985 590 3207 644 vestros
3235 587 3555 661 plurimam
3573 595 3821 664 augent.

407 680 537 734 tum
569 677 798 743 est,non
832 691 962 730 esse
993 672 1493 740 factam,tarditati
1528 671 1762 744 perlatae
1804 671 2059 745 epistolae
2172 671 2345 729 Fovet
2372 678 2574 730 nostra
2603 673 2862 731 Ecclesia
2907 675 3383 750 interpraecipuos
3409 677 3724 736 thesauros
3741 681 3826 754 pi-

405 761 1263 838 imputandum.Disputabitur
1291 765 1488 818 autem
1510 763 1582 818 de
1601 762 1694 818 his
1715 763 1775 818 in
1807 763 2059 818 adventu
2168 777 2321 834 gnus
2341 767 2542 819 vestra:
2573 763 2842 820 amicitiae
2869 765 3023 821 circa
3049 765 3422 823 nos-Sentiat
3449 781 3587 841 ergo
3608 769 3820 832 beatus

393 857 618 922 vestro,
651 857 710 909 et
738 852 787 908 si
821 851 904 907 ita
931 849 1121 908 visum
1148 851 1344 920 fuerit,
1379 851 1632 922 amplius
1680 853 2056 923 postmodum
2157 851 2472 930 Remigius
2495 857 2668 908 tanta:
2699 853 2946 909 dominae
2979 853 3254 924 favorem,
3288 854 3338 912 si
3369 855 3497 912 fieri
3527 861 3744 930 potest,
3759 859 3822 916 in

393 941 680 1016 privatim
709 943 768 996 et
797 940 858 994 in
889 955 1202 994 commune
1263 937 1702 994 deliberabitur.
1751 939 2054 1008 Caeterum,
2167 941 2520 1014 recipiendis
2549 942 2724 998 rebus
2753 941 3009 1012 amissis,
3035 959 3168 1000 cum
3197 949 3434 1018 propter
3461 945 3554 1002 sui
3585 946 3818 1018 merita,

402 1029 508 1104 qui
538 1031 718 1086 frater
747 1045 916 1085 meus
947 1045 1008 1084 se
1037 1043 1262 1100 suaque
1291 1028 1361 1082 ad
1393 1044 1494 1083 vos
1537 1028 1824 1098 pertinere
1867 1031 2054 1100 putat,
2165 1031 2294 1085 tum
2326 1035 2564 1103 propter
2593 1035 2793 1088 nostra
2813 1031 2862 1087 si
2881 1047 2998 1104 qua
3017 1031 3333 1104 placebunt
3359 1031 3689 1092 exhibenda
3703 1052 3822 1092 ser-

397 1119 780 1191 ‘multumque
810 1117 936 1190 spei
967 1133 1087 1172 suae
1119 1115 1328 1172 salutis
1347 1116 1512 1171 vobis
1533 1116 2057 1184 attribuit,Gualte-
2159 1119 2670 1177 vitia.Sentiamus
2691 1125 2748 1178 et
2768 1138 2876 1178 nos
2904 1121 3152 1194 gratiam
3165 1123 3292 1194 jam
3315 1123 3462 1180 bene
3483 1124 3814 1194 fundatam,

399 1222 538 1266 .rum
568 1207 820 1264 militem
852 1224 886 1264 a
913 1205 1252 1279 pervasione
1273 1205 1624 1278 praediorum
1655 1206 1746 1261 sui
1780 1207 2054 1263 Wazonis
2157 1206 2391 1264 scilicet
2419 1211 2485 1264 ut
2513 1207 2790 1282 legato,et
2813 1209 3026 1267 melius
3059 1210 3392 1284 scriptis,de
3409 1229 3486 1286 pa
3515 1217 3626 1270 est
3653 1213 3818 1286 pacis

399 1297 677 1355 cohibere
707 1295 931 1352 debetis
965 1311 976 1352 :
1011 1309 1194 1368 eoque
1223 1295 1375 1350 facto
1405 1298 1464 1350 et
1503 1294 1806 1351 sinistrum
1857 1313 2052 1352 rumo-
2159 1296 2493 1353 conditione
2523 1313 2656 1354 cum
2689 1304 2888 1355 nostro
2918 1316 3051 1372 rege
3082 1299 3351 1356 habenda
3379 1299 3817 1374 dignemini'si-

397 1401 528 1444 rem
559 1383 884 1454 vitabilitis,
907 1389 965 1442 et
986 1383 1218 1460 pr0prio
1249 1383 1440 1440 ofﬁcio
1471 1401 1586 1441 non
1617 1384 1874 1442 defuisse
1903 1385 2054 1444 vide-
2162 1385 2438 1460 gniﬁcare
2469 1387 2766 1461 nobis,per
2793 1389 2995 1444 omnia
3023 1389 3266 1462 paratis,
3293 1395 3583 1464 quantum
3619 1392 3709 1450 fas
3729 1398 3820 1450 est

3689 276 3816 340 312

2073 389 2146 470 Α
2169 403 2349 473 colui,
2383 405 2658 478 specialia
2686 411 2884 464 tamcu
2917 424 3074 464 nunc
3104 405 3598 469 beneficiavestra
3612 411 3819 470 vestri-

2173 509 2286 566 que
2315 494 2444 563 ﬁlii,
2487 499 2546 552 et
2575 496 2927 568 praeteritam
2975 498 3280 556 continent
3327 498 3722 572 dilectionem,
3764 506 3826 559 et

406 271 523 336 5U

397 1475 634 1542 bimini.

933 1561 1286 1619 EPISTOLA
1322 1561 1516 1620 XVIII.

1041 1669 1113 1708 AD
1143 1664 1408 1708 EUMDEM.

470 1744 536 1800 Ei
587 1743 686 1816 qui
735 1758 870 1799 cum
919 1741 1182 1814 sapiente
1231 1740 1518 1798 rationem
1565 1742 1888 1800 instituerit
1933 1761 2048 1801 non
2077 1775 2129 1844 Β

397 1834 589 1894 multa
619 1832 880 1890 oratione
911 1829 1386 1886 inlaborandum.
1419 1833 1581 1898 Quod
1605 1833 1815 1888 vestris
1847 1833 1902 1889 vi
1931 1849 2050 1890 ere-

397 1929 568 1998 ptum
587 1927 678 1979 est
692 1919 1222 1980 mstitue-tur.Fidei
1243 1919 1588 1992 spondentis
1613 1921 1786 1977 amici
1808 1923 2050 1979 credite.’

391 2013 461 2073 Si
491 2013 551 2070 i'd
582 2011 728 2070 satis
761 2027 876 2067 non
907 2013 1016 2077 est,
1047 2009 1218 2066 obses
1250 2009 1574 2083 accipiatur
1601 2012 1674 2068 ab
1705 2011 1800 2068 his
1829 2012 2048 2085 quibus

391 2111 510 2162 sua
535 2117 746 2160 rursus
772 2097 1005 2156 restitui
1035 2097 1466 2168 oravimus,nec
1495 2099 1884 2158 differendum
1913 2119 2046 2174 pro-

395 2199 530 2268 pter
553 2189 834 2249 instantis
873 2187 985 2245 fori
1033 2187 1465 2257 necessitatem,
1507 2195 1568 2246 et
1613 2191 1754 2262 quia
1781 2192 1853 2247 de
1880 2192 2046 2250 vobis

388 2283 618 2358 optime
645 2277 1079 2354 praesumimus.
1099 2277 1251 2334 Dum
1281 2277 1403 2334 haec
1433 2277 2045 2350 dietavimus,obsides

393 2373 470 2432 ab
493 2373 738 2431 obsesso
767 2373 980 2441 castro,
1010 2371 1078 2425 ut
1104 2369 1167 2424 in
1197 2369 1520 2426 crastinum
1572 2369 1886 2439 reddendo,
1937 2387 2044 2428 nos

392 2461 692 2536 accepisse
719 2458 1143 2534 signiﬁcamus.
1173 2457 1342 2514 Metis
1372 2457 1733 2531 colloquium
1776 2460 2044 2518 domino-

393 2568 532 2612 rum
560 2549 900 2609 habendum
929 2551 1040 2620 est,
1066 2563 1170 2605 vos
1201 2563 1379 2620 quam
1413 2546 1737 2621 plurimum
1763 2549 2044 2610 interesse

391 2646 693 2717 optamus.
724 2639 788 2698 Si
814 2638 1081 2696 relictum
1111 2640 1178 2694 ut
1206 2637 1546 2694 institutum
1577 2641 1685 2708 est,
1697 2655 1939 2696 causam
1960 2639 2043 2696 ef-

391 2731 691 2791 fectricem
747 2747 853 2804 per
903 2745 1007 2786 vos
1063 2743 1239 2785 nosse
1290 2726 1649 2784 laboramus.
1711 2729 1860 2795 Quid
1923 2729 2041 2803 pri-

385 2823 574 2882 vatim
611 2837 715 2880 vos
760 2821 913 2878 scire
959 2817 1272 2892 oportebit,
1307 2817 1532 2891 privata
1560 2818 1852 2876 docebunt
1892 2823 2040 2876 tem-

393 2927 556 2986 pora.

949 2996 1302 3054 EPISTOLA
1335 2995 1478 3054 XIX.

511 3107 586 3147 AD
623 3103 927 3145 ECBERTUM
963 3100 1462 3144 ARCHIEPISCOPUM
1497 3102 1916 3142 TREVIRENSEM.

2153 1476 2338 1534 ﬁdem
2368 1477 2829 1536 sincerissimam
2857 1478 3148 1536 exhibere.
3165 1479 3374 1554 Sicque
3403 1479 3581 1538 saluti
3607 1487 3818 1540 vestrae

2161 1583 2228 1623 ac
2275 1571 2484 1624 nostrae
2516 1567 2576 1624 in
2605 1583 2917 1627 commune
2967 1569 3180 1626 melius
3223 1570 3548 1644 poterimus
3599 1588 3816 1631 consu-

2157 1653 2296 1712 lere.

2703 1747 3056 1804 EPISTOLA
3093 1746 3264 1804 XXII.

2395 1851 2468 1892 AD
2507 1852 2774 1894 MAIOLUM
2811 1852 3074 1894 ABBATEM
3114 1849 3573 1897 CLUNIACENSBM.

2225 1917 2506 1982 Praelara
2543 1925 2781 1999 quidem
2811 1925 3136 1983 exhortatio
3183 1931 3384 1984 vestra
3423 1927 3482 1984 in
3532 1945 3810 2001 pervaso-

2155 2029 2299 2072 rem.
2326 2014 2438 2072 Sed
2470 2031 2604 2072 cum
2637 2015 2923 2088 scriptum
2953 2016 3032 2072 sit
3063 2033 3077 2070 :
3107 2017 3242 2086 Quae
3267 2018 3426 2091 capit
3449 2017 3597 2076 Iesus
3624 2021 3811 2092 facere

2153 2111 2205 2160 et
2231 2103 2438 2173 docere,
2469 2120 2575 2161 cur
2603 2104 2831 2161 diversa
2860 2104 3128 2178 imperia,
3153 2105 3383 2162 diversa
3411 2105 3540 2164 coeli
3568 2106 3815 2168 climata

2154 2193 2534 2267 praetenditis,
2561 2197 2626 2250 ut
2655 2193 2727 2264 ei,
2759 2208 2937 2266 quem
2969 2209 3136 2250 reum
3169 2195 3484 2264 statuistis,
3517 2195 3650 2254 aliis
3691 2215 3811 2256 non

2154 2283 2732 2340 communicantibus
2743 2281 3220 2340 communicatis?
3237 2283 3601 2341 Restiterunt
3619 2287 3810 2344 sancti

2149 2371 2355 2430 Patres
2384 2372 2726 2442 haeresibus,
2761 2385 2867 2430 nec
2897 2375 3253 2446 putaverunt
3283 2371 3356 2428 ad
3383 2383 3452 2428 se
3483 2388 3600 2429 non
3630 2373 3811 2447 perti-

2152 2477 2288 2519 nere
2319 2460 2606 2536 quidquid
2636 2454 2811 2518 alicui
2841 2460 2994 2518 male
3023 2465 3257 2536 gestum
3287 2461 3544 2520 audiere.
3566 2461 3698 2520 Una
3719 2467 3812 2522 est

2151 2551 2368 2624 quippe
2385 2549 2644 2610 Ecclesia
2662 2548 2950 2608 catholica
2960 2553 3084 2608 toto
3097 2553 3388 2608 terrarum
3401 2551 3542 2610 orbe
3565 2551 3806 2614 diﬂ‘usa.

2149 2639 2342 2698 Verba
2367 2644 2561 2698 vestra
2588 2643 2748 2710 sunt,
2772 2639 2890 2696 imo
2919 2655 3026 2714 per
3051 2657 3153 2698 vos
3185 2640 3374 2698 sancti
3404 2641 3806 2717 Spiritus.Nec

2149 2729 2260 2787 erit
2286 2727 2504 2786 Christi
2536 2727 2747 2797 ﬁdelis,
2779 2729 2874 2785 cui
2904 2729 3027 2786 hac
3058 2729 3372 2788 ambitiosa
3400 2731 3648 2789 audacia
3685 2751 3804 2791 non

2149 2819 2252 2876 ﬁet
2274 2815 2658 2876 detestabilis.
2693 2817 3074 2876 Detestamini
3104 2834 3242 2892 ergo
3268 2835 3803 2892 pervaserem,sen-

2146 2908 2257 2965 tiat
2279 2924 2382 2965 vos
2409 2906 2522 2966 sibi
2553 2924 2669 2965 non
2689 2907 2904 2978 favere,
2932 2925 3049 2964 non
3080 2907 3192 2964 sibi
3223 2908 3682 2980 communicare,
3729 2927 3800 2968 ac

2147 3015 2252 3072 per
2272 3013 2374 3054 vos
2401 3013 2516 3054 non
2537 2995 2731 3054 solum
2743 3013 3010 3070 quosque
3025 2996 3330 3071 religiosos
3349 2997 3525 3054 vestri
3547 2999 3798 3070 ordinis,

2149 3089 2252 3146 sed
2279 3087 2456 3144 etiam
2488 3085 2538 3142 si
2568 3085 2693 3142 ﬁeri
2721 3089 2914 3160 potest
2943 3085 3189 3144 Romani
3214 3086 3594 3160 pontificisse
3624 3088 3804 3144 male-

465 3135 592 3236 an
621 3135 962 3234 e;sccutum
991 3175 1294 3246 essequod
1315 3175 1388 3230 ab
1410 3175 1553 3231 urbe
1573 3175 1948 3232 Virdumensi
1969 3177 2040 3232 dc
2069 3135 2114 3220 C
2149 3135 2324 3234 dictis
2355 3175 2570 3249 urgeri.
2593 3177 2665 3232 Et
2693 3135 2984 3248 quomodo
3015 3192 3139 3232 rem
3169 3135 3248 3231 ut
3262 3178 3390 3232 erat
3417 3176 3799 3248 cognovistis,

393 3267 588 3326 reditu
619 3265 816 3323 fratris
841 3265 909 3321 G.
942 3263 1370 3331 mandavimus,
1403 3263 1592 3320 acrior
1616 3280 1758 3320 cura
1787 3281 2038 3336 praesen-

273 3341 286 3350 ’
394 3358 545 3415 tium
575 3360 838 3428 tempore
857 3353 1216 3422 eiI'ecit,dum
1237 3356 1294 3410 et
1316 3353 1471 3424 quod
1495 3350 1772 3409 nolumus
1794 3354 2040 3410 necessi-

391 3450 483 3502 tas
514 3445 710 3513 infert,
728 3446 786 3500 et
817 3443 972 3516 quod
997 3439 1270 3498 volumus
1297 3441 1680 3497 aufert.Nunc
1709 3443 1946 3498 tandem
1969 3459 2042 3499 ne

391 3531 796 3594 bene-meritis
825 3547 1212 3604 appareamus
1242 3528 1809 3604 ingrati,clementia
1835 3536 2039 3588 vestras

391 3627 460 3682 ut
484 3615 802 3696 pos'sumus
831 3619 1213 3688 remittimus,
1245 3619 1356 3676 hoc
1385 3636 1572 3676 unum
1601 3639 1638 3676 a
1665 3619 1838 3676 solita
1863 3621 2038 3678 bene-

389 3713 644 3770 volentia
693 3714 887 3770 vestra
933 3712 1290 3784 expetentes,
1324 3712 1390 3765 ut
1427 3709 1758 3783 experiatur
1784 3713 2037 3768 vestram

391 3801 796 3862 aﬁ'abilitatem
824 3801 898 3858 ob
929 3803 1194 3856 nostram
1223 3798 1813 3869 commendationem,
1855 3803 1932 3869 et,
1987 3799 2037 3856 si

391 3907 534 3967 pace
560 3894 753 3949 vestra
781 3889 907 3947 ﬂeri
937 3892 1152 3962 potest,
1183 3904 1254 3945 ne
1309 3891 1504 3945 careat
1550 3887 1766 3946 studiis
1812 3887 2029 3962 quibus

389 3980 717 4056 impensius
741 3993 978 4052 operam
1007 3978 1146 4034 dare
1175 3976 1484 4050 disposuit.

959 4065 1310 4124 EPISTOLA
1343 4065 1458 4123 XX.

736 4171 810 4212 AD
840 4171 1144 4212 ECBERTUM
1173 4171 1692 4212 ARGHIEPISCOPUM.

463 4245 738 4314 Quamvis
757 4245 939 4301 sciam
955 4261 1024 4301 ex
1042 4246 1175 4300 voto
1192 4259 1321 4300 meo
1347 4244 1508 4301 nulla
1528 4245 1812 4302 beneficia
1829 4246 2038 4303 vestris

391 4331 619 4394 meritis
643 4333 998 4406 respondere
1030 4347 1222 4406 posse,
1263 4337 1472 4390 aestuat
1500 4336 1696 4390 tamen
1727 4333 1962 4390 animus
1982 4337 2040 4390 et

389 4423 547 4500 quod
569 4439 630 4481 re
657 4425 881 4496 nequit,
915 4421 1185 4494 sequitur
1207 4418 1435 4478 affectu.
1467 4419 1840 4496 Privilegium
1859 4421 2036 4480 vestri

2148 3266 2442 3340 cognitam
2467 3265 2792 3322 secundum
2823 3261 3166 3338 dignitatem
3195 3263 3374 3320 vestri
3405 3263 3664 3320 nominis
3711 3266 3800 3321 di-

2139 3354 2454 3430 judicastis
2487 3371 2502 3410 :
2535 3371 2642 3410 nos
2671 3352 2974 3426 nostrique
2990 3369 3195 3410 omnes
3214 3351 3376 3410 velut
3403 3351 3678 3410 fidissimi
3701 3372 3800 3414 oo-

2148 3446 2322 3502 mites
2349 3447 2581 3501 tantum
2609 3443 2820 3500 ducem
2850 3459 3186 3516 sequemur,
3220 3459 3326 3500 nec
3355 3459 3616 3517 unquam
3657 3442 3804 3501 huic

2147 3533 2439 3608 pervasori
2469 3548 2538 3588 ac
2565 3535 2686 3588 tam
2712 3531 2893 3604 probo
2923 3531 3192 3604 improbo
3223 3531 3566 3606 approbato,
3603 3535 3802 3589 vestro

2147 3623 2274 3681 sine
2296 3623 2472 3696 jussu
2493 3618 3083 3678 communicabimus.

2678 3709 3030 3768 EPISTOLA
3067 3707 3261 3766 XXIII.

2144 3821 2218 3862 AD
2273 3817 2581 3859 scamnum
2639 3798 3005 3875 [EBRABDUM[
3065 3815 3331 3856 assum
3388 3814 3802 3858 maousnsn.

2217 3895 2351 3960 Quae
2382 3906 2613 3948 morum
2642 3889 2897 3964 gravitas
2942 3888 3108 3946 vobis
3157 3888 3322 3959 insit,
3356 3903 3535 3962 quam
3573 3887 3808 3964 integer

2144 3981 2274 4038 vitae
2304 3983 2492 4046 actus,
2525 3995 2703 4052 quam
2751 3994 2968 4052 purum
3005 3975 3329 4050 eloquium,
3359 3975 3566 4034 littera:
3594 3981 3806 4036 vestrae

2147 4069 2339 4144 palam
2373 4069 2865 4140 feceruntJtaque
2891 4065 3159 4124 studium
3190 4065 3424 4140 pietatis
3443 4083 3511 4124 ac
3531 4067 3808 4126 severita-

2143 4159 2222 4218 tis
2246 4163 2450 4217 vestres
2471 4157 2652 4214 movit
2671 4173 2779 4213 nos
2808 4155 2894 4214 ire
2925 4157 2986 4213 in
3012 4157 3265 4213 vestram
3293 4155 3804 4225 sententiam,vir~

2147 4265 2260 4324 que
2289 4247 2386 4305 ille
2411 4247 2532 4304 Deo
2561 4245 2790 4320 plenus,
2822 4245 2896 4302 ad
2928 4260 3104 4318 quem
3134 4242 3384 4300 multam
3411 4243 3588 4301 ﬁdem
3618 4243 3804 4303 habe-

2147 4355 2301 4396 mus.
2333 4334 2824 4394 Submovebimus
2853 4349 2990 4408 ergo
3022 4331 3192 4390 illum
3221 4325 3513 4407 perfidum
3543 4351 3580 4391 a
3612 4333 3801 4392 socie-

2145 4431 2264 4484 tate
2311 4429 2514 4483 nostra
2560 4427 3016 4496 nostrorumque
3055 4421 3283 4494 judicio
3330 4425 3634 4479 tantorum
3693 4423 3800 4479 Ρι-

391 4514 610 4572 amoris
639 4513 794 4570 circa
817 4528 925 4568 nos
955 4525 1353 4584 saapenumero
1394 4510 1627 4580 litteris,
1651 4527 2038 4586 sapenumero
2065 4509 2323 4593 D‘trum,
2358 4514 2526 4588 isque
2555 4512 2726 4570 nobis
2755 4511 3070 4570 habebitur
3097 4511 3307 4580 hostis,
3339 4511 3441 4584 qui
3472 4511 3532 4569 in
3559 4515 3804 4569 senten-

389 4601 633 4673 nuntiis,
667 4616 1066 4676 saepenumero
1097 4600 1272 4656 rebus
1301 4599 1446 4672 ipsis
1477 4601 1694 4674 experti
1727 4601 2034 4658 sumus.Et

389 4692 669 4767 quoniam
699 4694 934 4748 sanctas
954 4689 1265 4763 petitiones
1287 4705 1389 4761 pro
1411 4689 1582 4744 nobis
1601 4689 1849 4746 Domino
1871 4690 2034 4746 obtu-

385 4780 562 4850 listis,
595 4797 774 4854 quam
805 4795 920 4834 non
951 4777 1206 4834 inaniter
1233 4795 1333 4833 eas
1363 4777 1706 4845 eII'uderitis,
1741 4779 1910 4834 testis
1943 4782 2035 4835 est

388 4869 791 4928 benevolentia
821 4868 1072 4924 domina;
1101 4868 1376 4940 Augustae
1407 4867 1578 4922 nobis
1609 4867 1836 4924 reddita
1853 4885 1910 4924 v1
1932 4867 2040 4924 No-

389 4978 498 5018 nas
527 4959 793 5016 Martias.
818 4959 942 5024 Qua
973 4958 1066 5013 die
1095 4955 1557 5030 gloriosissimus
1585 4975 1682 5012 rex
1705 4957 2034 5027 Lotharius,

389 5051 746 5106 Francorum
779 5046 1176 5102 clarissimum
1207 5045 1394 5112 sidus,
1439 5046 1661 5102 mundo
1701 5045 2038 5102 subtractus

389 5143 500 5198 est.
531 5138 608 5208 Is,
641 5153 815 5210 quem
843 5135 1103 5192 caruisse
1128 5135 1310 5208 regali
1339 5135 1529 5208 gratia
1558 5135 1833 5208 putastis,
1875 5133 2039 5194 nulla

391 5225 788 5285 familiaritate
819 5224 1086 5281 seclusus
1117 5228 1226 5280 est.

947 5313 1299 5370 EPISTOLA
1335 5313 1475 5370 XXI.

714 5422 787 5462 AD
823 5419 1233 5460 ἹἮΕΟΡΗΑΝῘΑΜ
1273 5419 1722 5459 ιΜΡΕΒΑτΒιαΕΜ.

459 5497 530 5554 Et
557 5495 606 5554 si
637 5495 923 5551 hactenus
951 5509 1052 5549 vos
1083 5491 1156 5548 ob
1189 5492 1400 5550 merita
1415 5493 1592 5549 vestri
1615 5493 1721 5548 viri
1752 5493 2034 5552 excellen-

389 5583 608 5649 tissimi
620 5583 869 5655 Augusti
881 5597 1228 5654 semperque
1248 5581 1609 5639 memorandi
1619 5585 1706 5652 ,ut
1733 5583 2034 5642 dominam

2141 4607 2286 4664 tiam
2317 4601 2613 4660 reverendi
2643 4601 2826 4676 patris
2855 4600 3076 4672 Maioli,
3109 4599 3337 4658 colendi
3360 4601 3541 4676 patris
3593 4598 3807 4658 Ecber~

2143 4695 2202 4751 di
2231 4693 2422 4750 dicere
2451 4708 2570 4770 non
2603 4689 2854 4748 dicenda
2883 4687 3383 4756 attentabit.Quod
3405 4689 3455 4746 si
3483 4688 3805 4746 Divinitate

2145 4783 2399 4857 propitia
2427 4782 2682 4838 favorem
2714 4779 3048 4854 principum
3082 4777 3506 4848 obtinebimus,
3554 4779 3630 4834 ad
3675 4778 3806 4836 hac

2146 4871 2313 4928 utilia
2344 4870 2569 4943 majora
2589 4869 2938 4942 jungemus.

2682 4956 3034 5013 EPISTOLA
3067 4955 3258 5012 XXIV.

2251 5064 2324 5104 AD
2364 5061 2794 5104 IMPERATRICEM
2830 5058 3245 5102 THEOPHANIAM
3282 5061 3350 5100 ET
3385 5061 3458 5102 AD
3496 5062 3700 5104 FILIUM

2827 5152 3106 5192 ΟἸἾῸΝΕΜ.

2217 5229 2281 5286 In
2313 5242 2496 5300 quem.
2516 5223 2822 5282 cumulum
2855 5225 2943 5281 ira
2973 5224 3250 5299 furorque
3276 5225 3511 5302 regisin
3542 5241 3652 5282 nos
3674 5243 3809 5300 pro-

2146 5315 2562 5390 ruperit,testis
2593 5317 2683 5371 est
2709 5315 2968 5388 impetus
2997 5315 3126 5386 ejus
3154 5317 3500 5389 repentinus
3527 5319 3588 5372 et
3615 5313 3808 5388 inopi-

2145 5410 2344 5472 natus,
2372 5404 2582 5478 vixque
2612 5403 2738 5461 sine
2777 5402 2966 5460 multa
3011 5402 3167 5460 cede
3214 5405 3472 5478 partium
3503 5403 3804 5478 repulsus.

2145 5495 2254 5563 Qui
2283 5493 2385 5551 ﬁdi
2415 5492 2763 5551 internuntii
2795 5496 2982 5562 erant,
3016 5495 3210 5552 castra
3239 5494 3491 5564 diruere,
3524 5511 3652 5568 qua;
3687 5495 3807 5552 sub

2141 5587 2330 5643 vestro
2387 5582 2670 5658 regimine
2705 5587 2864 5654 sunt,
2898 5583 3068 5642 nobis
3125 5584 3494 5658 imperabant
3535 5600 3548 5640 :
3591 5583 3808 5642 offerre
