4060 6170
411 369 548 432 515

945 495 1296 552 EPISTULA
1332 495 1514 552 XXXI.

1050 601 1124 640 AD
1162 599 1426 641 EUMDEM-

486 673 1016 734 Umnidifﬁcultate
1036 689 1232 728 rerum
1256 689 1288 728 a
1305 675 1490 744 coepto
1510 671 1715 728 itinere
1733 669 2060 740 interclusi,

413 765 797 838 expetendum
829 761 1170 820 censuimus
1199 764 1432 832 portum
1465 759 1854 815 salutis.Nam
1879 759 2064 815 decli-

409 853 571 910 vium
599 851 890 910 montium
913 853 1201 906 torrentes
1221 847 1483 904 continui
1507 847 2066 920 intercipiunt,cam-

410 942 631 1016 pestria
661 941 745 997 sic
767 941 942 1012 juges
975 956 1138 1009 aquae
1169 937 1446 1004 vestiunt,
1473 940 1536 991 ut
1564 935 1718 990 villis
1749 951 1881 990 cum
1902 935 2063 991 habi-

410 1031 700 1087 tatoribus
731 1024 1292 1094 sublatis,armentis
1326 1023 1850 1092 enectis,terrorem
1899 1023 2060 1096 inge-

412 1123 546 1174 rant
575 1117 778 1172 diluvii
811 1113 1123 1170 renovandi
1144 1130 1156 1168 :
1174 1129 1276 1184 spe
1297 1112 1556 1168 melioris
1578 1129 1731 1167 aurae
1753 1129 1787 1167 a
1805 1113 2061 1185 physicis

412 1204 938 1276 sublataJtefugim
951 1220 1017 1257 us
1043 1202 1242 1273 itaque
1255 1202 1324 1256 ad
1341 1219 1442 1256 vos
1454 1205 1756 1272 tamquam
1771 1201 1843 1255 ad
1866 1216 2060 1256 arcam

410 1297 549 1362 Noe,
583 1293 996 1364 Treverimque
1027 1290 1274 1345 invisere
1313 1290 1450 1344 totis
1479 1289 1701 1344 viribus
1733 1305 2016 1344 conamur
2044 1305 2057 1342 :

410 1383 564 1440 beati
597 1379 823 1436 Uttonis
855 1397 957 1452 per
985 1378 1102 1433 vim
1135 1382 1358 1434 extorta
1387 1377 1671 1449 obsequia
1699 1377 1756 1431 in
1791 1377 1942 1432 beati
1969 1377 2063 1432 Pe-

411 1473 487 1530 tri
538 1468 936 1544 apostolorum
983 1465 1265 1541 principis
1297 1465 1660 1522 devotionem
1694 1464 1952 1522 relaturi.

933 1556 1284 1613 EPISTULA
1331 1555 1543 1610 XXXII.

835 1663 916 1702 AD
965 1660 1640 1702 CUMPRUVINCIALES.

481 1736 669 1794 Multa
697 1752 874 1808 super
905 1739 1064 1791 statu
1097 1731 1478 1790 ecclesiarum
1499 1732 1953 1800 Domini,multa
1971 1749 2064 1786 su-

1439 359 1988 426 ADALBERUNIS
2033 359 2398 428 ARCHIEP.
2444 369 2786 435 REMENS.

3697 372 3823 434 516

2081 497 2136 564 Α
2166 497 2343 554 tionis
2377 501 2436 556 in
2471 501 2682 575 palatio
2715 502 3036 577 higclheim
3085 507 3143 561 et
3185 505 3376 562 videte
3413 504 3464 562 si
3495 506 3651 578 quod
3685 523 3820 579 pro-

2172 587 2306 644 misi
2354 590 2520 646 vobis
2569 592 2640 647 de
2689 609 2831 664 pace
2879 593 3032 650 inter
3075 609 3242 667 reges
3281 594 3384 650 diu
3416 595 3661 668 quaesita
3689 611 3824 668 per-

2172 681 2366 733 actum
2399 683 2506 736 est.
2541 679 2780 736 Interim
2828 681 3078 740 ﬁdeliter
3118 683 3424 752 admoneo,
3459 688 3525 740 ut
3553 683 3822 758 reginam

2171 782 2238 821 ac
2267 766 2606 840 episcopum
2639 771 2963 826 secundum
2986 770 3335 845 dignitatem
3361 776 3615 828 vestram
3647 771 3830 829 lenis-

2171 854 2318 910 sime
2347 857 2612 914 tractetis
2641 861 2698 914 et
2725 875 2799 916 nc
2825 875 2929 916 vos
2959 859 3228 917 concludi
3249 861 3400 918 inter
3427 861 3645 918 mmnia
3673 859 3826 917 ulla-

2171 949 2345 1001 tenus
2376 945 2704 1017 patiamini.

2681 1037 3034 1094 EPISTULA
3070 1037 3308 1094 XXXVI.

2566 1143 2640 1181 AD
2679 1142 2950 1182 DOMINAM
2986 1143 3415 1184 ΤΗΕΟΡΗΑΝῘᾹΜ.

2242 1211 2483 1284 Semper
2505 1213 2741 1286 quidem
2769 1215 3010 1272 utilitati
3037 1220 3242 1271 vestrm
3280 1216 3613 1289 prospicere
3659 1216 3822 1272 volu-

2172 1316 2325 1367 mus,
2361 1319 2428 1356 ac
2459 1303 2868 1375 prospiciendo
2898 1305 3226 1376 gaudemus
3257 1321 3270 1359 :
3301 1305 3518 1377 quippe
3565 1304 3666 1378 qui
3717 1323 3826 1362 nos

2171 1393 2487 1462 nostraque
2517 1393 2715 1446 omnia
2741 1397 2944 1448 vestris
2977 1393 3240 1448 servituti
3284 1393 3708 1449 devoverimus.
3743 1395 3829 1451 Ex

2168 1479 2332 1533 tanto
2363 1494 2498 1552 ergo
2526 1479 2736 1536 atI'ectu
2767 1486 3048 1555 tantoque
3079 1498 3295 1550 amore,
3320 1499 3354 1537 a
3381 1481 3558 1538 vestri
3591 1483 3826 1539 muniﬁ-

2171 1567 2361 1622 centia
2390 1569 2804 1640 prazsumimus
2833 1574 3029 1643 petere
3060 1571 3215 1642 quod
3248 1569 3472 1626 scimus
3489 1586 3593 1642 per
3611 1571 3828 1628 fidissi-

2171 1670 2299 1712 mos
2333 1657 2570 1713 nuntios
2601 1656 2741 1712 olim
2773 1659 2944 1716 nobis
2969 1675 3314 1716 concessum
3342 1672 3472 1716 esse
3503 1675 3520 1715 :
3553 1659 3612 1714 id
3633 1663 3726 1716 est
3769 1659 3823 1716 si

2172 1743 2231 1799 in
2261 1761 2575 1818 regnorum
2604 1746 2856 1802 confinio
2886 1746 3150 1820 quolibet
3186 1746 3434 1804 ecclesia
3459 1751 3689 1804 vacaret
3714 1764 3824 1820 pa-

410 1843 516 1900 per
544 1824 797 1898 publicis
827 1823 1185 1896 privatisque
1214 1819 1464 1894 negotiis
1496 1821 2053 1889 ratiocinaturi,cum

468 1931 473 1932 ,
524 1917 536 1932 ι
587 1931 612 1932 η
654 1913 958 1932 ,1!,,_---__
996 1909 1382 1932 _-_l'_._1...'L___
1419 1909 1757 1932 _L___!__!_._
1791 1926 1892 1932 _--_
1923 1909 2036 1932 £__-2

2171 1836 2344 1902 store,
2379 1833 2438 1890 in
2465 1851 2534 1892 ea
2563 1851 2680 1892 non
2711 1835 2892 1893 alium
2916 1819 3440 1907 constituendum,
3480 1836 3592 1893 nisi
3637 1819 3822 1910 quem

411 1917 622 1970 nostra:
644 1913 960 1968 dimcescos
991 1909 1384 1966 confratribus
1415 1909 1762 1965 cbarissimo
1791 1926 1894 1966 vos
1923 1909 2064 1964 invi-

411 2007 610 2058 tamus
639 2001 870 2066 aﬂ‘ectu,
901 2016 1015 2056 non
1050 2001 1280 2054 tantum
1323 1998 1532 2066 nostri,
1563 2001 1852 2070 quantum
1883 1997 2060 2053 vestri

412 2101 592 2146 causa
620 2087 859 2144 honoris
891 2104 959 2144 ac
987 2086 1281 2142 utilitatis.
1327 2087 1514 2142 Locus
1558 2085 1860 2158 loquendi,
1894 2086 2060 2141 Mons

411 2181 624 2236 sanctae
659 2178 852 2234 Mariae
883 2175 1295 2244 Tcrdoncnsis,
1329 2180 1563 2247 tempus
1598 2191 1664 2230 ιιι
1697 2174 1904 2230 Iduum
1951 2174 2060 2230 De-

411 2267 600 2324 cemb.
622 2264 842 2322 Valete.

920 2353 1270 2410 EPISTULA
1307 2353 1550 2410 XXXIII.

479 2461 553 2502 AD
590 2459 945 2500 ROTHARDUM
983 2459 1482 2505 ARCHIEPISCOPUM
1520 2458 1992 2498 CAMERACENSEM.

484 2533 585 2590 liis
616 2533 829 2589 litteris
857 2532 1114 2605 acceptis
1145 2530 1522 2598 Balduinum,
1555 2547 1727 2603 quem
1746 2547 1934 2604 nuper
1961 2547 2058 2587 ex-

408 2619 1600 2688 communicavimus,excommunicate,ob
1629 2631 1796 2676 suam
1818 2635 2054 2676 uxorem

408 2712 560 2769 male
591 2709 950 2779 derelictam,
983 2714 1042 2766 et
1088 2710 1244 2782 quod
1300 2709 1656 2782 negligentia
1702 2707 1925 2766 diutius
1968 2711 2060 2765 est

407 2801 680 2868 dilatum,
707 2799 1040 2856 obedientia
1069 2797 1416 2872 corrigatur.
1450 2796 1724 2870 Nihilque
1773 2796 1886 2852 sibi
1917 2813 2059 2869 pro-

407 2890 584 2946 fuerit
613 2891 860 2944 Romam
891 2887 1104 2956 adisse,
1139 2887 1448 2942 dominum
1479 2903 1691 2959 papam
1733 2885 2057 2942 mendaciis

406 2977 866 3046 delusisse,cum
891 2975 1106 3032 Paulus
1125 2975 1280 3030 dicat
1313 2991 1326 3028 :
1359 2974 1423 3030 Si
1451 2976 1575 3047 quis
1600 2973 1750 3032 vobis
1778 2973 1934 3030 aliud
1955 2991 2056 3029 an-

404 3067 746 3122 nuntiaverit
797 3069 1176 3136 pra’tcrquam'
1219 3065 1519 3134 accepistis,
1577 3065 1742 3119 etiam
1805 3063 2055 3132 angelus,

405 3156 695 3212 anathema
723 3155 814 3210 sit.
847 3156 1040 3209 Estote
1089 3169 1225 3225 ergo
1275 3151 1580 3206 nobiscum
1615 3152 1945 3206 divinarum
1977 3150 2056 3208 le-

2167 1926 2372 1979 vestrce
2394 1922 2636 1980 utilitati
2658 1925 2994 1982 omnimode
3014 1930 3219 1998 aptum
3241 1943 3386 1983 sano
3414 1925 3622 1998 iudicio
3653 1925 3817 1982 dele-

2169 2011 2448 2084 gerimus.
2484 2013 2554 2069 Et
2595 2014 2737 2086 quia
2781 2015 3057 2070 omnibus
3107 2013 3556 2086 provincialibus
3601 2004 3816 2072 notum

2169 2099 2337 2156 Italia
2363 2102 2696 2174 expulsum,
2744 2104 2844 2160 sed
2893 2103 2953 2159 in
3001 2104 3116 2160 fide
3145 2119 3260 2161 non
3295 2104 3430 2160 ficta
3457 2107 3819 2176 pereuntem

2167 2187 2456 2246 habemus
2483 2191 2754 2248 abbatem
2775 2191 3570 2260 Gerbertum,huncecclesize
3599 2194 3817 2266 praefici

2169 2277 2359 2335 modis
2388 2279 2606 2351 quibus
2636 2297 2957 2354 possumus
2985 2283 3357 2348 oramus.Qui
3391 2280 3559 2336 nobis
3577 2281 3818 2354 quidem

2167 2372 2258 2424 est
2283 2384 2456 2426 verus
2487 2367 2833 2438 filius,vobis
2852 2387 2986 2427 vero
3015 2386 3120 2442 per
3136 2371 3336 2427 omnia
3355 2370 3822 2443 obsequentissi-

2167 2473 2303 2513 mus
2333 2457 2747 2530 servus.Cujus
2779 2459 3048 2516 absentia
3066 2459 3179 2516 etsi
3197 2457 3449 2516 nimium
3479 2475 3818 2532 gravamur,

2167 2551 2366 2602 tamen
2416 2548 2490 2603 ob
2535 2548 2874 2604 communia
2919 2547 3204 2604 beneﬁcia
3249 2547 3471 2620 privata
3497 2548 3821 2621 posthabe-

2167 2653 2322 2692 mus.
2356 2636 2543 2710 Super
2571 2635 2665 2692 his
2691 2641 2951 2694 vestrum
2981 2635 3128 2694 velle
3173 2637 3418 2710 experiri
3465 2638 3822 2710 quantocius

2166 2724 2348 2782 sacris
2376 2723 2674 2798 rescriptis
2703 2725 2913 2782 obnixe
2942 2725 3356 2800 efﬂagitaums.

2662 2813 3014 2871 EPISTULA
3050 2814 3315 2874 XXXVII.

2535 2919 2610 2959 AD
2647 2919 2880 2960 CLERUM
2916 2920 2985 2959 ET
3021 2919 3318 2960 POPULUM.
3363 2945 3376 2959 .
3415 2943 3433 2961 ο

2237 2991 2488 3047 Multum
2520 2991 2787 3048 mmroris
2836 2992 3210 3066 multumque
3256 2993 3568 3050 anxietatis
3613 2994 3816 3051 intulit

2166 3080 2336 3136 nobis
2366 3081 2575 3136 acerba
2600 3097 2760 3136 mors
2785 3081 2961 3137 vestri
2991 3079 3180 3137 Patris
3209 3081 3514 3154 nostrique
3541 3083 3814 3140 dilectis-

2165 3169 2298 3224 simi
2333 3169 2547 3226 fratris.
2580 3169 2746 3225 Nunc
2770 3169 2966 3242 itaque
2997 3175 3148 3227 Deus
3177 3170 3314 3226 totis
3345 3171 3674 3246 pulsandus
3695 3190 3815 3228 me-

406 3261 546 3318 gum
579 3243 932 3312 defensores,
957 3241 1058 3314 qui
1091 3239 1469 3297 sacerdotalis
1499 3240 1801 3313 dignitatis
1833 3240 2050 3314 gaude-

2171 3257 2364 3324 dullis,
2392 3262 2460 3314 ut
2485 3257 2650 3314 vobis
2680 3235 2908 3314 Patrem
2941 3275 3008 3315 ac
3039 3258 3208 3316 nobis
3229 3235 3504 3316 idoneum
3534 3263 3814 3317 restituat

406 3333 485 3389 tis
522 3348 650 3390 esse
680 3329 1014 3404 participes.

916 3418 1267 3475 EPISTULA
1305 3417 1540 3474 XXXIV.

947 3525 1394 3564 ~AD.....

473 3597 941 3656 Molestiavestra
951 3597 1157 3669 dejecti
1177 3596 1526 3654 relcvatione
1558 3595 1795 3654 relevati
1818 3613 2050 3666 sumus,

403 3688 762 3757 addidimus,
795 3687 972 3744 etiam
1001 3691 1058 3742 et
1089 3685 1374 3742 addemus
1409 3685 1864 3759 supplicationes
1905 3703 2054 3758 quas

400 3775 742 3851 poterimus,
776 3780 834 3832 et
867 3775 916 3832 si
949 3775 1089 3848 quid
1122 3791 1217 3831 ars
1267 3774 1568 3832 medicinae
1617 3773 1802 3830 labori
1854 3779 2054 3832 nostro

398 3869 694 3942 suggeret,
725 3881 901 3938 quam
934 3863 1194 3938 proxime
1238 3863 1591 3938 dirigemus.
1643 3863 2056 3921 Permovemur

399 3961 598 4012 autem
629 3952 1066 4028 aliquantulum
1098 3952 1250 4026 quod
1283 3955 1405 4008 tam
1435 3968 1564 4008 sero
1593 3968 1721 4024 quae
1752 3951 1907 4008 circa
1952 3968 2053 4010 vos

400 4047 599 4100 essent
627 4043 799 4100 nobis
831 4041 1236 4116 signiﬁcastis,
1265 4045 1324 4096 et
1369 4041 1624 4096 maxime
1671 4057 1849 4114 super
1876 4057 2054 4098 causa

401 4132 601 4190 fratris
632 4149 698 4189 ac
727 4131 957 4204 nepotis
988 4130 1334 4187 nostri.Mox
1363 4129 1580 4203 quippe
1607 4134 1672 4186 ut
1697 4133 1890 4186 vestra
1918 4129 2055 4204 legi-

402 4237 560 4289 mus,
591 4235 656 4275 ac
687 4221 954 4275 nostrum
985 4217 1246 4291 legatum
1279 4234 1312 4272 a
1341 4216 1556 4288 palatio
1589 4215 2052 4290 acccpimus,qui

402 4307 600 4366 omnia
630 4325 756 4381 qua:
788 4306 1056 4364 fuissent.
1091 4306 1189 4360 Ar.
1224 4303 1412 4360 filium
1444 4306 1574 4378 ejus
1603 4306 1759 4379 regio
1781 4305 1932 4361 dono
1965 4321 2054 4361 ac-

401 4398 626 4472 cepisse
656 4397 934 4452 ﬁrmaret.
969 4395 1032 4450 In
1059 4411 1176 4467 quo
1209 4393 1369 4449 aliud
1401 4392 1677 4450 solatium
1710 4411 1826 4450 non
1874 4393 2051 4451 babe-

403 4504 558 4556 mus,
592 4483 704 4541 n’isi
738 4484 894 4558 quod
925 4483 1144 4539 milites
1173 4481 1495 4554 plurimum
1541 4483 1614 4538 ab
1645 4500 1711 4539 eo
1743 4483 2052 4540 dissentire

404 4577 648 4632 scimus.
697 4575 872 4631 Porro
905 4577 962 4630 et
991 4573 1050 4628 in
1084 4572 1192 4629 hoc
1222 4571 1677 4639 elaborabimus,
1726 4572 1788 4628 in
1837 4572 2052 4644 quibus

400 4670 660 4723 vestrum
688 4663 834 4721 velle
865 4679 1306 4737 cognoscemus.

927 4751 1278 4808 EPISTULA
1315 4751 1526 4807 XXXV.

909 4859 982 4898 AD
1018 4857 1289 4897 CAROLUM
1329 4857 1544 4898 DUCEM.

403 4968 432 4984 .
473 4935 532 4992 Si
565 4934 704 5006 quid
738 4931 1091 4988 excellentiae
1130 4934 1333 4986 vestra:
1381 4934 1586 4985 nostra
1627 4929 1880 4986 servitus
1909 4945 2050 4985 con-

401 5023 550 5080 ferre
580 5027 791 5095 potest,
825 5021 883 5075 in
915 5019 1026 5076 hoc
1067 5019 1389 5092 plurimum
1430 5017 1776 5091 gaudemus.
1812 5019 1882 5074 Et
1913 5018 2052 5089 quia

404 5129 560 5168 nunc
585 5111 657 5167 ad
673 5127 774 5167 vos
791 5110 1116 5166 secundum
1147 5107 1462 5181 imperium
1481 5111 1740 5162 vestrum
1765 5124 1878 5162 non
1899 5107 2054 5164 veni-

403 5217 558 5269 mus,
593 5199 850 5254 militum
887 5203 1216 5255 vestrorum
1265 5197 1374 5253 hac
1421 5195 1672 5268 illacque
1720 5195 2051 5252 discurren-

403 5291 553 5346 tium
585 5293 770 5344 terror
797 5287 1006 5344 effecit.
1042 5288 1216 5342 Porro
1245 5290 1466 5354 autem,
1501 5285 1549 5342 si
1583 5285 1654 5340 de
1685 5289 1888 5342 nostra
1915 5303 2054 5358 prae-

405 5379 594 5435 sentia
623 5377 972 5444 curatis,eos
1001 5375 1213 5432 mittite
1243 5392 1494 5449 quorum
1527 5375 1662 5430 ﬁdei
1684 5391 1791 5431 nos
1820 5375 2052 5431 credere

406 5469 1073 5538 audeamus,quousquc
1104 5465 1284 5521 duces
1311 5465 1539 5520 itineris
1569 5481 1707 5520 cum
1737 5464 2051 5520 securitate

407 5556 620 5612 habere
651 5555 968 5628 possimus.
1001 5555 1070 5609 Et
1099 5558 1162 5608 ut
1195 5553 1537 5627 intelligetis
1584 5552 1706 5608 hanc
1753 5551 1868 5608 dici
1913 5568 2050 5608 cum

407 5661 624 5724 magna
651 5644 788 5718 ﬁde,
817 5642 1206 5703 recordamini
1235 5641 1464 5702 consilii
1497 5640 1768 5713 nostri,et
1795 5640 2048 5704 collocu-

2164 3347 2424 3402 fratrem.
2459 3347 2550 3403 Sit
2579 3347 2814 3404 interim
2843 3351 3036 3404 vestra
3065 3347 3306 3422 pervigil
3337 3366 3478 3406 cura
3506 3353 3574 3406 ut
3602 3366 3814 3406 secun-

2165 3435 2307 3490 dum
2329 3434 2557 3491 divinas
2572 3439 2628 3492 et
2643 3435 2935 3492 humanas
2953 3435 3112 3510 leges
3127 3453 3220 3494 res
3250 3437 3509 3494 defuncti
3527 3437 3816 3512 episcopi,

2163 3529 2284 3580 tam
2316 3523 2564 3580 mobiles
2581 3531 2775 3596 quam
2805 3523 3162 3594 immobiles,
3203 3525 3398 3582 furtum
3445 3530 3820 3582 reserventur

2162 3611 2434 3686 episcopo
2466 3629 2482 3668 :
2515 3629 2590 3668 ne
2619 3613 2692 3681 si,
2723 3613 2880 3686 quod
2911 3613 3087 3683 absit,
3104 3613 3256 3670 male
3285 3618 3517 3672 cautem
3547 3614 3817 3681 fuerit,in

2164 3700 2528 3776 negligentes
2558 3717 2691 3758 cum
2725 3701 2940 3775 regalis
2968 3719 3236 3773 censura,
3283 3706 3412 3760 tum
3459 3703 3638 3761 etiam
3686 3719 3816 3778 gra-

2161 3792 2287 3848 vior
2315 3790 2666 3849 adhibeatur
2691 3789 2890 3848 divina
2917 3791 3228 3848 sententia.

2641 3880 2994 3938 EPISTULA
3031 3880 3323 3938 XXXVIII.

2491 3986 2564 4026 AD
2599 3985 2999 4028 TBEVIRENSEM
3036 3987 3092 4027 V.
3132 3987 3189 4026 ν.
3231 3986 3288 4028 D.
3329 3987 3385 4026 Κ.
3427 3990 3483 4026 Α.

2231 4064 2358 4116 Non
2389 4063 2606 4116 temere
2625 4074 2754 4115 esse
2773 4059 3130 4117 credendum
3149 4059 3487 4117 rumoribus
3498 4077 3637 4117 cum
3659 4078 3815 4134 saepe

2161 4148 2293 4206 sitis
2323 4147 2728 4220 experti,nunc
2753 4147 3118 4222 experimini.
3151 4147 3358 4205 Divina
3387 4149 3603 4222 quippe
3621 4149 3817 4224 gratia

2160 4237 2564 4310 praeveniente,
2591 4253 2657 4293 ac
2688 4253 2928 4311 precum
2949 4240 3277 4296 vestrarum
3297 4237 3580 4295 instantia
3607 4237 3815 4296 sum-a-

2159 4325 2638 4400 gante,omnibus
2666 4325 2948 4400 episcopii
2979 4325 3154 4384 rebus
3175 4324 3436 4400 petimur
3452 4330 3522 4384 ut
3541 4329 3814 4396 ante,nec

2161 4415 2483 4489 quidquam
2505 4431 2574 4471 ex
2603 4419 2768 4470 tanta
2799 4414 2956 4470 fama
2985 4413 3145 4472 aliud
3176 4414 3310 4482 fuit,
3342 4414 3457 4472 nisi
3487 4415 3648 4488 quod
3680 4420 3816 4488 post

2159 4503 2466 4562 meridiem
2497 4503 2797 4577 occupatis
2827 4502 3116 4560 militibus
3141 4503 3298 4578 regis
3327 4503 3462 4562 vino
3490 4508 3550 4561 et
3576 4520 3815 4573 somno,

2081 4603 2130 4669 1)
2161 4593 2438 4667 oppidani
2467 4593 2608 4650 totis
2631 4592 2854 4648 viribus
2883 4591 3247 4666 eruptionem
3279 4593 3822 4661 fecerunt,nostris-

2162 4699 2276 4756 que
2321 4681 2732 4739 resistentibus
2761 4698 2828 4739 ac
2858 4698 2958 4738 eos
2986 4681 3426 4756 repellentibus,
3457 4699 3493 4738 a
3521 4682 3820 4738 mendicis

2160 4775 2420 4828 cremata
2432 4773 2570 4826 sunt
2580 4773 2800 4839 castra;
2836 4787 2952 4842 quo
2983 4770 3253 4828 incendio
3273 4771 3470 4828 omnis
3487 4775 3819 4844 apparatus

2159 4859 2483 4917 obsidionis
2515 4860 2864 4932 absumptus
2881 4861 3134 4926 est.Qua:
3153 4860 3373 4917 damna
3387 4877 3488 4918 VIII
3515 4859 3817 4934 Kal.Sept.

2160 4947 2544 5021 multiplicius
2575 4948 2958 5005 restauranda
2985 4952 3144 5004 sunt.
3179 4948 3507 5006 Immensas
3520 4964 3696 5020 porro
3716 4966 3819 5004 vo-

2158 5038 2252 5094 bis
2281 5037 2660 5110 rependimus
2684 5040 2900 5110 grates,
2932 5037 3094 5110 quod
3115 5041 3236 5092 tam
3267 5037 3556 5110 pracipuo
3600 5037 3821 5094 an‘eetu

2160 5127 2343 5184 nostri
2371 5125 2572 5199 geritis
2603 5141 2827 5182 curam.
2861 5126 3026 5192 Quod
3056 5126 3388 5182 continuari
3419 5141 3556 5183 cum
3589 5125 3819 5182 sanctis

2160 5215 2542 5290 petitionibus
2571 5219 2630 5270 et
2659 5219 2934 5286 optamus
2963 5219 3024 5271 et
3049 5231 3312 5282 oramus,
3344 5215 3552 5272 eadem
3581 5217 3720 5270 voto
3749 5229 3820 5271 ac

2161 5305 2450 5362 desiderio
2483 5321 2670 5376 usque
2699 5304 2760 5358 in
2791 5305 2969 5360 ﬁnem
2991 5305 3348 5377 protensuri.

2672 5393 3023 5450 EPISTULA
3061 5392 3298 5450 XXXIX.

2599 5497 2682 5537 AD
2737 5497 3063 5537 CAROLUM
3119 5497 3372 5538 DUGBM.

2229 5571 2530 5638 Quomodo
2560 5586 2594 5625 a
2623 5585 2718 5624 me
2740 5569 3053 5626 consilium
3087 5569 3369 5644 quaeritis,
3403 5568 3506 5643 qui
3537 5585 3634 5626 me
3660 5566 3822 5626 inter

2158 5659 2544 5723 inﬂdissimos
2553 5659 2754 5718 hostes
2768 5658 3105 5738 deputatis?
3132 5659 3432 5731 Quomodo
3461 5662 3696 5740 patrem
3715 5675 3826 5721 no-
