4056 6178
236 359 337 422 517

717 356 1246 421 INTRODUCTIO
1289 356 1837 421 MONACHORUM
1882 354 1960 417 IN
2006 354 2583 422 MONASTERIUM
2627 357 3129 425 MOSOMENSE.

3502 360 3619 421 5l8

237 478 594 559 minatis,lcui
623 490 803 546 vitam
834 494 1176 565 extorquere
1201 490 1417 547 vultis?
1449 490 1708 562 Denique
1752 505 1865 543 non
1896 492 1952 557 Λ
1980 487 2230 543 febrium
2297 490 2548 561 graviter
2603 493 2952 565 exagitatus,
2996 493 3291 550 sincerum
3347 493 3618 548 affectum

234 579 308 635 sic
326 577 761 651 promerui.sed
784 579 1151 653 perditorum
1177 579 1485 635 hominum
1517 577 1719 633 dolosa
1741 594 1872 633 con-

234 667 353 724 silia
381 683 615 742 semper
642 667 786 742 fugi,
821 685 887 725 ac
916 668 1099 742 fugio,
1134 687 1250 726 non
1291 671 1363 726 de
1390 668 1555 725 vobis
1586 668 1734 723 dico.
1760 668 1869 722 Re-

233 756 563 824 cerdamini,
598 756 737 829 quia
766 756 960 813 dicitis
991 762 1055 812 ut
1084 759 1372 827 recorder,
1397 757 1537 830 quid
1568 755 1870 812 vobiscum

234 843 567 901 contulerim
602 846 673 901 de
708 849 901 901 vestra
930 845 1291 915 salute,cum
1322 845 1578 919 primum
1608 862 1716 901 nos
1746 844 1869 899 adi-

231 933 347 999 stis,
363 933 503 1006 quid
526 934 755 989 consilii
779 934 1040 1013 dederim
1071 951 1248 1008 super
1267 934 1552 991 adeundis
1572 934 1733 1008 regni
1752 932 1868 1006 pri-

232 1022 499 1079 matibus.
528 1024 677 1079 Nam
708 1024 841 1096 quis
868 1041 1049 1092 eram,
1086 1029 1149 1079 ut
1179 1024 1341 1080 solus
1379 1040 1573 1096 regem
1609 1024 1869 1095 impene-

231 1128 342 1168 rem
375 1111 654 1167 Francis?
684 1111 923 1168 Publica
950 1117 1091 1168 sunt
1137 1112 1258 1168 hanc
1296 1113 1547 1185 negotia,
1584 1129 1698 1167 non
1753 1110 1868 1184 pri-

229 1205 373 1256 vota.
406 1199 612 1256 Odisse
644 1217 736 1255 me
768 1201 988 1273 putatis
1017 1202 1244 1274 regium
1279 1201 1503 1274 genus?
1533 1202 1740 1255 Testor
1772 1200 1873 1253 Re-

230 1289 585 1360 dempterem
618 1305 816 1344 meum
849 1290 989 1361 quia
1021 1307 1135 1345 non
1167 1290 1283 1344 odi.
1318 1290 1466 1355 Quid
1496 1289 1870 1360 potissimum

226 1377 384 1433 vobis
413 1378 493 1432 sit
510 1377 843 1433 faciendum
867 1378 1147 1451 qumritis.
1164 1379 1281 1433 lIoc
1304 1395 1437 1433 cum
1460 1377 1697 1433 difﬁcile
1713 1376 1872 1431 dictu

229 1465 314 1533 sit,
331 1483 440 1522 nec
463 1467 607 1523 satis
629 1466 770 1535 scio,
793 1484 902 1524 nec
934 1467 984 1522 si
1022 1466 1203 1523 sciam
1227 1467 1417 1523 dicere
1438 1466 1651 1523 ausim.
1666 1464 1874 1521 Amici-

222 1556 357 1613 tiam
379 1571 573 1612 meam
617 1556 972 1629 expescitis?
1007 1556 1241 1612 Utinam
1273 1556 1347 1611 ad
1399 1556 1476 1611 sit
1505 1573 1573 1612 ea
1602 1556 1727 1611 dies
1758 1570 1873 1626 qua

225 1643 461 1701 honeste
490 1644 664 1701 liceat
682 1644 892 1701 vestris
922 1644 1202 1701 interesse
1249 1643 1564 1717 obsequiis.
1600 1642 1874 1710 Quamvis

226 1733 376 1791 enim
409 1733 815 1790 sanctuarium
837 1732 1067 1789 Domini
1090 1733 1480 1806 pervaseritis,
1498 1732 1756 1806 reginam
1779 1732 1872 1788 cui

227 1839 342 1895 quae
364 1821 918 1895 nevimnsjurastis,
934 1821 1513 1894 comprehenderitis,
1532 1821 1871 1895 episcopum

227 1910 674 1968 Laudunensem
706 1912 921 1968 carceri
954 1909 1442 1984 mancipavcritis,
1467 1910 1874 1983 episcoporum

226 2000 538 2057 anathema
569 2000 961 2074 neglexeritis,
993 2004 1154 2056 taceo
1187 2000 1257 2055 de
1288 2000 1514 2056 seniore
1559 2015 1708 2068 meo,
1732 2016 1874 2055 con—

227 2094 306 2145 tra
335 2106 522 2163 quem
562 2088 714 2146 ultra
742 2088 1223 2162 viresncgotium
1255 2088 1599 2161 suscepistis
1632 2105 1645 2143 :
1678 2093 1875 2145 tamen

223 2177 644 2251 beneﬁcii,que
665 2194 802 2253 erga
826 2195 918 2235 me
940 2177 1033 2234 usi
1071 2178 1215 2234 estis
1247 2194 1382 2234 cum
1428 2177 1563 2235 telis
1592 2178 1873 2247 hostium,

223 2285 343 2341 qua:
376 2267 775 2334 subduxistis,
789 2266 1101 2324 immemor
1129 2283 1258 2326 esse
1287 2285 1403 2324 non
1424 2266 1878 2340 possum.Plura

223 2356 572 2426 dicerem,et
599 2357 753 2429 quod
783 2356 960 2412 vestri
992 2357 1248 2413 fautores
1272 2355 1564 2429 imprimis
1586 2357 1705 2412 sint
1720 2357 1880 2412 dece-

220 2450 444 2519 pteres,
467 2462 534 2502 ac
565 2462 807 2502 suorum
840 2444 1208 2518 negotiorum
1255 2463 1357 2519 per
1390 2463 1493 2502 vos
1532 2449 1597 2501 ut
1624 2443 1877 2517 experie-

220 2534 385 2604 mini,
420 2535 738 2591 effectores.
778 2534 890 2590 Sed
922 2550 1037 2590 non
1068 2538 1158 2591 est
1187 2534 1367 2606 hujus
1399 2533 1696 2608 temporis.
1730 2533 1877 2589 Nam

221 2629 421 2680 metus
442 2627 533 2680 est
569 2621 691 2679 haec
729 2623 933 2679 eadem
975 2621 1192 2679 dixisse
1223 2639 1289 2679 ac
1320 2622 1614 2696 prioribus
1645 2621 1879 2696 scriptis

217 2714 437 2770 vestris
457 2730 571 2769 non
602 2711 995 2786 respondisse.
1013 2712 1173 2768 Idem
1195 2716 1285 2768 est
1303 2712 1363 2768 in
1386 2728 1584 2782 causa,
1602 2711 1880 2785 quoniam

218 2806 388 2858 caute
425 2805 693 2859 tenemus
724 2801 1030 2874 scriptum.
1064 2801 1369 2872 Nusquam
1394 2805 1521 2856 tuta
1562 2801 1727 2856 ﬁdes.
1763 2800 1881 2856 Ra-

216 2890 412 2947 tiones
446 2890 658 2946 harum
683 2907 902 2947 .rcrum
942 2894 1214 2958 tractare,
1239 2890 1519 2957 conferre,
1553 2890 1881 2946 communi-

221 2996 350 3036 care
383 2979 656 3053 quolibet
684 2980 857 3049 modo
914 2978 1132 3049 liceret,
1156 2977 1207 3034 si
1239 2978 1306 3033 R.
1340 2978 1407 3035 K.
1440 2978 1484 3035 Ι.
1517 2979 1585 3035 G.
1616 2978 1685 3034 Η.
1718 2979 1786 3034 Η.
1811 2979 1879 3035 Τ.

216 3069 273 3125 Ζ.
290 3068 361 3125 ν.
391 3068 552 3135 datis
579 3068 885 3127 obsidibus
907 3069 978 3124 ad
1013 3085 1119 3124 nos
1140 3085 1327 3140 usque
1348 3067 1648 3140 pervenire
1663 3072 1879 3141 posset,

218 3159 308 3214 cui
343 3158 500 3215 talia
535 3159 767 3215 credere
789 3159 877 3215 fas
902 3162 1016 3223 est,
1030 3157 1155 3212 sine
1178 3173 1292 3229 quo
1316 3156 1462 3212 nihil
1485 3157 1691 3213 talium
1715 3174 1883 3230 agere

216 3264 550 3320 possumus
577 3251 635 3304 et
663 3248 963 3303 debemus.

808 3336 1159 3392 EPISTOLA
1196 3336 1310 3391 XL.

290 3445 368 3484 AD
414 3442 803 3483 THIETMARUM
843 3441 1229 3481 MOGUNTINUM
1266 3440 1788 3481 ARCBIEPISCOPUM.

282 3518 520 3573 Labore
549 3513 873 3573 obsidionis
901 3513 961 3569 in
997 3512 1269 3570 Carolum
1303 3513 1676 3588 defatigatus,
1711 3532 1778 3571 ac
1824 3515 1880 3570 vi

721 3823 885 3953 ΙΝ
905 3816 1876 3971 TBODUCTIO

1979 593 2176 632 meum
2194 578 2349 634 circa
2364 582 2440 646 te,
2456 580 2795 636 dulcissime
2816 583 3011 652 frater,
3026 581 3312 655 explicare
3339 599 3454 637 non
3477 582 3622 637 satis

1977 665 2158 721 valeo.
2184 667 2302 722 Hoc
2339 672 2570 724 tantum
2621 670 2908 743 signiﬁco,
2942 670 3186 743 impera,
3209 671 3621 743 obsequemur,

1979 754 2171 827 sitque
2221 759 2420 811 nostra
2467 758 2725 813 amicitia
2774 759 2977 815 eadem
3027 759 3171 815 velle
3217 764 3391 831 atque
3419 760 3621 814 eadem

1980 843 2237 900 nolle.Et
2260 844 2398 917 quia
2420 844 2573 901 inter
2590 861 2794 918 graves
2829 852 3008 904 aestus
3044 865 3318 903 curarum
3348 847 3472 903 sola
3495 846 3624 919 phi-

1979 930 2247 1004 losophia
2268 933 2436 1005 quasi
2460 935 2753 1005 quoddam
2778 936 3101 991 remedium
3127 953 3255 992 esse
3280 934 3628 1008 potest,ubi-

1980 1036 2231 1092 cumque
2261 1026 2455 1092 partes
2484 1024 2613 1093 ejus
2645 1023 3011 1095 imperfectas
3032 1024 3338 1091 habemus,
3359 1023 3629 1096 suppleat

1980 1109 2271 1165 industria
2307 1115 2518 1166 vestra.
2538 1112 2622 1166 Ad
2655 1129 2912 1184 praesens
2942 1116 3137 1168 autem
3168 1112 3468 1167 rescribite
3498 1116 3625 1166 tan—

1980 1200 2105 1252 tum
2138 1198 2293 1269 quod
2326 1199 2487 1254 deest
2517 1200 2685 1254 nobis
2716 1200 2773 1254 in
2809 1200 2995 1272 primo
3034 1200 3328 1256 volumine
3358 1201 3628 1255 secundae

1980 1287 2253 1341 editionis
2278 1288 2456 1342 Beetii
2490 1289 2548 1343 in
2584 1288 2731 1344 libro
2758 1289 2904 1344 Petri
2929 1288 3407 1357 hcrmenias,hoc
3438 1293 3525 1343 est
3556 1288 3630 1342 ab

1981 1391 2048 1429 eo
2078 1374 2203 1430 loco
2226 1376 2323 1430 ubi
2348 1377 2633 1449 scriptum
2656 1382 2763 1432 est.
2787 1378 2903 1433 Non
2926 1380 3101 1435 currit
3126 1394 3249 1433 vero
3272 1385 3324 1433 et
3347 1393 3456 1432 non
3488 1377 3633 1433 labo-

1981 1472 2086 1519 rat.
2110 1465 2228 1520 Non
2258 1466 2481 1521 verbum
2508 1466 2627 1522 dice
2673 1484 2796 1523 cum
2842 1469 3117 1539 signiﬁcat
3152 1467 3371 1539 quidem
3399 1475 3628 1538 tempus,

1981 1570 2173 1625 usque
2193 1555 2265 1609 ad
2291 1571 2426 1610 eum
2465 1555 2660 1611 locum
2679 1555 2779 1610 ubi
2801 1556 3037 1624 dicitur,
3053 1558 3173 1628 ipsa
3198 1556 3415 1628 quidem
3438 1571 3629 1611 secun-

1981 1642 2114 1698 dum
2139 1659 2197 1698 se
2224 1643 2369 1699 dicta
2394 1645 2558 1700 verba
2585 1646 2810 1701 nomina
2832 1653 2981 1708 sunt.
3003 1654 3054 1701 et
3077 1647 3393 1717 signiﬁcant
3416 1643 3632 1716 aliquid

1981 1730 2071 1786 hic
2095 1735 2405 1804 praeceptis,
2437 1732 2591 1789 idem
2626 1737 2791 1805 parte
2825 1734 3149 1790 deﬁcientis
3200 1732 3628 1789 commentarii.

1905 1863 1955 1929 Β
1985 1819 2256 1876 Beneﬁcii
2315 1823 2491 1878 vestri
2547 1839 2662 1878 non
2719 1822 2942 1878 erimus
2996 1822 3392 1890 immemores,
3454 1823 3632 1878 ﬁdem

1985 1914 2180 1965 mente
2208 1915 2549 1983 conceptam
2576 1929 2692 1967 non
2722 1913 3080 1980 deseremus,
3108 1913 3264 1984 quod
3294 1911 3499 1968 voletis
3528 1926 3632 1983 pro

1984 1997 2206 2054 viribus
2232 2014 2637 2070 exsequemur.

2549 2175 2899 2233 EPISTOLA
2924 2177 3067 2233 XLI.

2528 2301 2602 2340 AD
2640 2301 3101 2342 CONSTANTINUM.

2057 2445 2549 2518 Congratulamur
2577 2446 2704 2514 tibi,
2737 2445 3078 2502 dulcissime
3109 2446 3285 2502 frater
3330 2436 3637 2519 pervasere

1987 2538 2162 2607 atque
2178 2536 2343 2592 hoste
2364 2536 2700 2592 monastica:
2721 2535 3037 2610 religionis,
3052 2536 3123 2591 ad
3143 2536 3463 2591 multorum
3484 2536 3638 2591 salu-

1990 2628 2107 2680 tem
2137 2624 2415 2680 humanis
2445 2625 2623 2681 rebus
2648 2630 2936 2698 excmpte.
2971 2625 3132 2681 lnsta
3160 2630 3391 2697 ergo,et
3436 2626 3483 2681 si
3508 2627 3636 2696 jam

1989 2718 2214 2786 patrem
2245 2719 2349 2770 tua
2379 2731 2446 2770 ac
2493 2714 2743 2770 fratrum
2794 2714 3100 2770 dilectione
3143 2714 3390 2785 dignum
3431 2714 3633 2780 habes,

1990 2802 2313 2858 habeamus
2333 2820 2469 2859 eum
2489 2809 2546 2859 et
2567 2821 2675 2859 nos
2696 2807 3040 2875 praesentem
3061 2807 3164 2858 tua
3183 2818 3359 2874 opera
3376 2802 3637 2873 proxime

1990 2890 2052 2948 in
2093 2892 2240 2948 festo
2272 2892 2425 2949 beati
2458 2891 2728 2965 Remigii,
2754 2896 2820 2947 ut
2855 2891 3098 2947 alfectus
3125 2894 3325 2946 noster
3353 2907 3387 2945 a
3419 2889 3636 2946 Floria-

1991 2981 2265 3038 censibus
2294 2986 2350 3037 te
2379 2981 2627 3037 faciente
2674 2979 2981 3053 paululum
3030 2979 3417 3046 abalienatus,
3449 2982 3508 3035 te
3552 2978 3636 3034 fa-

1991 3073 2178 3128 ciente
2209 3071 2286 3127 sit
2310 3071 2631 3143 plurimum
2664 3069 3092 3126 reconciliatus.
3109 3070 3273 3135 Quod
3294 3068 3345 3123 si
3374 3069 3497 3123 haec
3519 3085 3640 3124 om-

1991 3162 2092 3218 nia
2120 3160 2245 3216 ﬁeri
2276 3160 2475 3216 minus
2511 3160 2758 3232 possint,
2792 3159 2963 3214 liceat
2990 3159 3160 3215 nobis
3188 3163 3245 3214 et
3273 3162 3375 3213 tua
3404 3162 3636 3214 tantum

1911 3234 1955 3299 C
1986 3249 2203 3321 perfrui
2267 3248 2597 3320 praesentia,
2643 3249 2692 3303 si
2752 3248 2893 3319 quid
2944 3264 3205 3319 unquam
3256 3245 3638 3320 praestitimus

1990 3339 2145 3410 quod
2177 3338 2479 3411 placuerit,
2495 3342 2551 3393 et
2572 3337 2620 3391 si
2642 3336 2903 3410 dignaris
2932 3340 3205 3409 praestare
3233 3336 3388 3408 quod
3411 3334 3639 3407 placere

1991 3425 2191 3500 possit.

1972 3813 3155 3952 MONACHOBUM

1476 4061 1537 4102 IN
1576 4061 1988 4103 MONABTERIUM
2026 4061 2390 4102 MOSOMENSE.

818 4198 922 4269 (Ex
952 4196 1215 4253 Chronico
1245 4196 1585 4266 Mosomensi,
1616 4197 1770 4281 apud
1797 4195 2129 4266 Acherium,
2162 4195 2354 4268 Spicil.
2389 4199 2529 4251 tem.
2558 4194 2682 4267 Vll,
2715 4210 2849 4267 pag.
2880 4195 3031 4265 642.)

198 4460 456 4521 Textus
486 4459 597 4539 qui
631 4457 914 4538 sequitur
941 4457 1239 4519 describit
1265 4457 1535 4537 qualiter
1564 4458 1695 4537 ipse
1726 4456 1960 4536 praesul
1989 4456 2302 4518 Adalbero
2336 4476 2447 4537 per
2477 4455 2745 4539 Romani
2784 4460 3066 4535 syrmata
3109 4455 3298 4539 Papae
3348 4450 3625 4539 consilii-

276 4559 419 4621 que
456 4529 554 4600 sui
582 4529 931 4612 decretum,
964 4529 1303 4600 constituit.
1324 4544 1391 4598 ut
1423 4529 1973 4621 momichdslecus
2004 4538 2105 4621 hic
2138 4529 2457 4621 Mesemus
2495 4538 2794 4621 haberet,
2815 4529 2987 4615 'ques
3029 4529 3627 4621 eohiberet__regula

276 4612 520 4682 sancte
578 4621 814 4701 vivere,
847 4621 1083 4701 quique
1127 4638 1241 4699 pro
1290 4636 1355 4680 se
1408 4636 1651 4698 proque
1700 4618 1829 4679 suis
1878 4619 2443 4699 prmdecessoribus
2490 4617 2555 4679 in
2607 4636 2780 4698 spem
2835 4612 3086 4676 aeternae
3143 4615 3287 4675 vitae
3345 4612 3628 4673 divinum

282 4703 556 4764 Numen
586 4700 877 4764 adorent.

271 4904 285 4919 .
310 4904 326 4919 .
352 4905 367 4920 .
394 4904 411 4921 .
464 4861 838 4918 Precedentis
878 4861 1077 4935 itaque
1124 4862 1273 4917 serie
1320 4861 1609 4917 sermonis
1654 4861 1724 4916 de
1753 4861 1873 4917 vita
1899 4864 1948 4929 D
1979 4862 2212 4918 berenis
2243 4859 2499 4934 episcopi
2544 4860 2769 4915 devotio
2818 4857 3121 4925 exstiterit,
3147 4856 3284 4929 quia
3324 4872 3426 4928 per
3470 4853 3628 4910 hunc

191 4958 249 5008 et
279 4953 567 5009 transitu
596 4951 784 5008 sancti
817 4951 1092 5025 martyris
1120 4948 1343 5005 Arnulﬁ
1394 4949 1872 5021 compendiosum

191 5038 464 5097 fecimus
486 5039 959 5107 relationem,ubi
978 5039 1151 5095 fuerit
1170 5037 1456 5110 sepultus,
1474 5035 1725 5108 qualiter
1740 5038 1873 5095 inde

187 5134 565 5204 assumptus
593 5130 668 5186 ad
690 5129 1017 5187 Guilediam
1048 5130 1349 5201 trajectus,
1371 5127 1608 5181 demum
1639 5144 1872 5199 quoque

188 5215 291 5273 Dei
326 5217 753 5275 misericordia
780 5219 1125 5293 disponente
1153 5216 1229 5272 ad
1258 5216 1410 5271 hanc
1440 5213 1871 5271 Mosemensem

183 5306 521 5365 ecclesiam
553 5308 855 5365 miraculis
883 5304 1366 5365 concurrentibus
1393 5303 1707 5373 devenerit,
1720 5303 1870 5377 style

183 5397 453 5467 quidem
486 5398 807 5465 admodum
838 5398 1057 5454 rustico
1086 5401 1144 5452 et
1171 5392 1437 5466 impelito
1468 5392 1865 5463 exaravimus;

177 5486 285 5542 sed
320 5486 570 5545 ratione
598 5488 743 5544 satis
769 5486 1149 5562 probabiliter
1175 5481 1542 5553 investigata,
1578 5480 1731 5537 sicut
1760 5500 1869 5538 suo

174 5572 310 5632 loco
346 5575 553 5632 lector
580 5577 853 5647 inveniet,
888 5578 960 5633 ad
996 5574 1238 5649 plenum
1289 5570 1582 5645 prosecuti
1632 5588 1865 5627 sumus.

166 5662 357 5725 Nunc
424 5680 559 5744 quae
604 5672 809 5746 postea
836 5665 992 5728 circa
1019 5664 1322 5743 praefatam
1348 5658 1656 5720 ecclesiam
1686 5660 1865 5721 Adal-

1982 4957 2254 5009 sanctum
2285 4967 2460 5007 suum
2485 4948 2794 5003 Arnull‘um
2828 4954 3081 5003 mentem
3115 4947 3321 5018 ipsius,
3354 4949 3421 4999 ut
3450 4961 3630 5016 supra

1982 5041 2311 5108 retulimus,
2326 5037 2537 5094 visibili
2556 5036 2975 5092 miraculorum
2994 5035 3422 5090 illuminatione
3438 5033 3630 5088 Domi-

1982 5149 2094 5188 nus
2114 5129 2440 5197 admonuit,
2471 5128 2545 5182 ad
2578 5131 2841 5198 posteros
2880 5126 3109 5180 mittere
3156 5123 3627 5187 memorandum,

1980 5238 2096 5277 non
2129 5218 2395 5290 indigum
2418 5214 2838 5287 judicavimus,
2863 5219 2929 5269 ut
2957 5212 3169 5268 divinis
3203 5210 3501 5268 beneﬁciis
3530 5209 3626 5264 in-

1978 5309 2126 5382 grati
2159 5323 2286 5363 esse
2316 5306 2582 5371 timeant,
2597 5307 2655 5357 ct
2684 5301 3074 5375 intelligentes
3107 5305 3329 5374 quanta
3348 5316 3451 5371 per
3470 5298 3628 5353 hunc

1978 5416 2097 5454 suae
2129 5392 2338 5452 salutis
2370 5390 2674 5465 providum
2706 5394 2996 5462 pastorem
3028 5391 3223 5462 adepti
3263 5391 3405 5443 sunt
3450 5387 3623 5454 bona,

1977 5480 2327 5558 rependendi
2358 5480 2544 5536 vicem
2576 5478 2784 5534 anima:
2811 5478 3001 5552 ipsius
3026 5480 3085 5534 in
3118 5480 3270 5534 bene
3311 5493 3374 5531 se
3394 5490 3630 5546 semper

1976 5572 2256 5631 obnoxios
2286 5585 2415 5626 esse
2446 5574 2824 5640 cognoscant.

2047 5658 2314 5720 Secunde
2343 5655 2526 5732 igitur
2565 5671 2683 5714 suae
2728 5655 3114 5716 ordinationis
3142 5671 3297 5714 anno
3330 5656 3460 5714 acta
3486 5654 3630 5713 sunt
