4060 6170
434 365 552 455 519

1457 360 2007 424 ADALBEBONIS
2054 360 2413 424 ARGHIEP.
2464 356 2809 422 REMENS.

3710 355 3848 419 ΜΟ

435 514 563 571 qua":
612 497 789 570 priori
843 513 1112 554 sermone
1153 494 1553 562 tractavimus,
1584 496 1653 550 de
1699 494 2080 551 translatione
2108 497 2163 563 Α
2191 494 2352 550 tibus
2381 509 2686 566 emergens
2718 492 2960 561 malitia,
2994 496 3158 548 tanta
3188 492 3455 565 gentium
3503 491 3658 548 intra
3702 491 3845 547 Gal-

432 583 700 641 videlicet
726 588 902 656 atque
932 585 990 639 in
1023 583 1453 639 Mosomensem
1485 582 1791 639 ecclesiam
1822 582 2080 639 illatione

433 676 737 731 beatorum
767 673 992 729 ossium
1014 670 1277 746 prmdicti
1298 671 1572 744 martyris
1595 688 1746 727 anno
1769 675 2082 745 nongente—

429 764 581 820 simo
613 761 1046 835 septuagesimo
1071 761 1263 835 primo
1292 760 1607 817 Dominicae
1636 759 2076 829 incarnationis,

430 851 747 908 indictione
776 855 989 924 quarta
1016 850 1265 915 decima,
1278 866 1481 906 mense
1507 848 1683 918 Julio,
1700 866 1852 905 nono
1874 848 2081 905 Kalen-

428 941 535 996 das
562 940 833 1013 Augusti.

498 1028 656 1085 Visis
684 1028 882 1100 itaque
911 1032 968 1084 et
996 1028 1215 1085 auditis
1257 1028 1607 1085 reverendus
1654 1027 1911 1099 pontifex
1956 1032 2077 1084 tam

429 1117 650 1174 sanctis
680 1133 858 1189 quam
890 1117 1062 1173 laude
1108 1121 1165 1173 et
1213 1116 1600 1173 admiratione
1645 1116 1839 1189 dignis
1871 1116 2077 1172 divinas

426 1204 659 1261 virtutis
695 1204 1014 1274 miraculis,
1049 1222 1175 1278 quae
1221 1206 1330 1262 sub
1384 1204 1543 1261 brevi
1591 1223 1711 1262 suae
1759 1205 2078 1278 prtesentiae

424 1297 686 1366 tempore
714 1294 895 1365 hujus
925 1294 1080 1350 beati
1124 1294 1548 1350 exhibebantur
1593 1294 1817 1351 meritis
1860 1312 1926 1350 ac
1973 1313 2077 1351 no-

425 1383 603 1451 mine,
628 1401 745 1440 non
775 1384 911 1440 tulit
937 1382 1161 1439 diutius
1191 1401 1318 1456 qua:
1346 1383 1519 1457 longe
1549 1389 1684 1441 ante
1715 1384 1859 1441 satis
1880 1384 2076 1440 animo

424 1476 788 1545 conceperat,
813 1473 913 1528 sed
947 1477 1175 1528 mature
1205 1488 1353 1544 opus
1385 1473 1536 1528 facto
1568 1473 1879 1546 disposuit,
1897 1489 1969 1528 ne
2000 1470 2077 1527 al-

423 1562 605 1619 terius
640 1566 797 1618 esset
843 1561 1036 1634 operis
1084 1561 1242 1633 quod
1296 1565 1420 1618 erat
1462 1579 1583 1617 suae
1629 1560 1989 1631 intentionis,
2020 1564 2079 1616 et

423 1651 558 1707 inde
587 1651 702 1708 sibi
730 1651 780 1708 si
812 1650 1133 1725 negligeret
1164 1649 1355 1706 meriti
1408 1650 1572 1708 fieret
1615 1651 2034 1707 detrimentum
2060 1666 2075 1718 ;

423 1741 579 1796 unde
607 1740 754 1796 alter
781 1739 883 1812 qui
914 1739 973 1795 id
1025 1738 1275 1796 fideliter
1322 1739 1594 1807 efficeret,
1629 1756 1905 1796 coronam
1945 1756 2076 1810 por-

422 1833 573 1885 taret
590 1833 649 1885 et
668 1829 995 1902 prmmium.
1015 1828 1181 1884 Unde
1203 1828 1358 1884 intra
1382 1830 1597 1885 mentis
1621 1846 1740 1885 suae
1762 1833 2072 1898 secretum,

426 1921 707 1988 tanquam
737 1918 891 1973 intra
913 1916 1215 1989 speculum
1241 1916 1605 1988 amplissime
1627 1916 2075 1989 contemplanda

426 2004 700 2072 collectis,
721 2023 848 2077 qua:
875 2005 1159 2076 sint,qua:
1190 2005 1427 2073 fuerint,
1445 2022 1575 2077 quae
1605 2011 1738 2077 post
1760 2006 1957 2061 futura
1986 2023 2074 2061 sc-

424 2098 684 2166 quantur
712 2095 801 2166 (ex
832 2093 1124 2166 preteritis
1154 2092 1310 2149 enim
1360 2110 1618 2166 persaepe
1660 2098 1906 2150 ventura
1947 2112 2079 2151 con-

416 2182 724 2255 jiciuntur)
754 2182 1047 2255 quosdam
1098 2198 1407 2254 procerum
1458 2199 1722 2244 suorum.
1763 2188 1885 2239 tam
1939 2183 2077 2239 cleri

424 2289 602 2345 quam
634 2271 855 2327 militiae
887 2289 1005 2333 sum
1036 2269 1262 2328 nobiles
1292 2271 1353 2327 in
1383 2272 1654 2344 praesenti
1678 2271 1788 2328 sibi
1807 2289 2075 2329 coessen-

425 2367 512 2419 tes
544 2362 804 2431 advocat,
840 2365 898 2418 et
927 2360 1069 2434 quid
1100 2360 1217 2417 voti
1251 2364 1447 2417 mente
1495 2361 1720 2418 diutius
1768 2361 2074 2418 collectum

425 2454 752 2524 supportet,
776 2449 1157 2523 expostulata.
1169 2449 1260 2506 sui
1287 2448 1478 2522 gratia
1505 2449 1753 2519 consilii,
1779 2468 1852 2506 an
1873 2467 2077 2524 appro-

421 2541 563 2597 bent
593 2556 697 2595 seu
743 2538 933 2611 magis
982 2538 1314 2611 improbent
1360 2539 1565 2594 audire
1611 2543 1671 2595 et
1707 2539 1919 2595 referre
1949 2556 2074 2597 mo-

422 2633 540 2697 net,
574 2628 775 2684 dicens
807 2644 821 2683 :
856 2630 981 2694 Quo
1003 2627 1247 2684 consilio
1296 2631 1357 2683 et
1401 2627 1691 2684 sententia
1712 2628 2073 2700 judiciorum

420 2718 523 2775 Dei
554 2718 627 2774 ad
650 2717 803 2773 hanc
830 2715 1145 2790 pastoralis
1176 2732 1329 2772 cura:
1360 2716 1721 2790 pervenerim
1750 2720 1808 2773 et
1847 2717 2075 2775 ordina-

418 2810 517 2863 tus
542 2805 657 2864 sim
687 2804 1210 2879 dispensationem,
1234 2804 1469 2878 penitus
1498 2805 1729 2878 ignoro;
1761 2807 1862 2863 sed
1915 2808 2071 2881 quod

419 2912 651 2969 semper
688 2895 893 2952 timere
923 2895 1105 2952 debeo
1136 2898 1419 2968 tanquam
1453 2896 1741 2953 irruentes
1771 2912 1949 2969 super
1978 2913 2073 2953 me

419 2986 655 3054 ﬂuctus,
684 2985 771 3042 sic
800 3001 950 3041 onus
978 2983 1138 3041 istud
1169 2986 1399 3057 quoties
1436 3000 1638 3057 penso,
1670 2986 1841 3042 toties
1890 2986 2069 3042 refor-

420 3073 600 3130 mido.
651 3072 1045 3130 Gonsideratis
1090 3089 1345 3145 namque
1386 3073 1568 3145 hujus
1614 3073 1893 3148 episcopii
1947 3075 2072 3148 qui-

421 3162 671 3218 busdam
701 3161 1132 3233 antiquissimis
1162 3160 1325 3229 locis,
1343 3158 1484 3216 olim
1503 3162 1644 3216 dum
1668 3162 2070 3219 misericordia

2103 1873 2154 1940 B

2189 583 2299 639 lias
2347 583 2700 639 irruentium
2752 586 2809 638 et
2858 582 3166 639 adversum
3214 598 3278 638 se
3337 581 3847 654 depugnantinmi

2189 672 2388 729 hostili
2420 672 2578 728 rabie
2608 671 2910 729 exundans
2957 671 3180 729 exstitit
3228 669 3412 744 impia
3459 674 3525 727 et
3559 680 3845 745 perquam

2188 761 2395 833 iniqua
2423 760 2644 817 saevitia
2667 759 2681 815 ι

2256 851 2484 906 Accidit
2503 850 2642 905 huic
2682 850 2834 906 bono
2858 852 2945 922 (f.,
2980 848 3156 918 malo)
3190 850 3581 923 quorumdam
3612 852 3848 906 nostro-

2188 957 2322 996 rum
2354 939 2668 996 laudabilis
2698 942 2786 1011 (f.,
2805 938 3185 1012 illaudabilis)
3216 940 3335 995 vita
3356 938 3845 1012 pontificum',qui

2189 1031 2238 1085 si
2270 1030 2417 1086 forte
2442 1029 2744 1113 quidpiam
2775 1033 3095 1102 supererat,
3109 1033 3177 1085 ut
3196 1030 3306 1085 sibi
3331 1028 3652 1085 fidissimos
3671 1042 3844 1101 para-

2188 1124 2335 1188 rent,
2370 1136 2622 1192 quorum
2644 1119 3011 1191 impudentia
3031 1122 3089 1175 et
3110 1119 3313 1175 fraude
3352 1118 3465 1174 tuti
3496 1123 3711 1175 essent.
3745 1117 3848 1174 Pa-

2186 1208 2385 1266 latinis
2402 1210 2648 1265 canibus
2669 1208 2868 1269 omnia
2882 1210 3327 1265 contradebant.
3344 1208 3458 1265 Nec
3479 1197 3842 1280 quemquam

2186 1298 2274 1354 fas
2303 1300 2393 1353 est
2419 1296 2743 1366 nominare,
2776 1312 2911 1352 cum
2943 1295 3116 1370 culpa
3145 1313 3215 1352 ex
3241 1296 3418 1352 dubio
3443 1294 3712 1352 videatur
3745 1312 3842 1352 ve-

2188 1388 2331 1455 nire,
2349 1390 2406 1443 et
2438 1387 2657 1443 factum
2686 1387 2797 1443 hoc
2826 1386 3019 1460 magis
3040 1385 3366 1459 expostulet
3392 1383 3842 1457 veniam,quam

2187 1476 2445 1549 aliquam
2478 1477 2849 1550 repromittat
2880 1475 3232 1550 gratiam,et
3264 1474 3475 1532 melius
3505 1490 3611 1548 pro
3643 1473 3846 1530 multi:-

2186 1566 2392 1622 tudine
2422 1566 2799 1623 factiosorum
2831 1569 3110 1634 taceatur,
3146 1581 3323 1638 quam
3351 1556 3677 1637 corrigendi
3700 1576 3845 1636 spes

2187 1654 2307 1711 nlla
2338 1656 2607 1711 donetur.
2634 1658 2997 1729 Quapropter
3040 1655 3162 1712 hac
3205 1655 3386 1712 missa
3426 1653 3743 1724 faciamus,
3763 1652 3841 1710 ad

2187 1760 2310 1800 rem
2344 1746 2678 1801 redeamus.

2260 1834 2545 1890 Locorum
2576 1834 2647 1891 de
2680 1833 2897 1906 quibus
2928 1833 3184 1908 agimus,
3210 1832 3505 1889 Mosomus
3533 1835 3621 1888 est
3652 1847 3840 1900 unus,

2186 1927 2399 1977 sancta:
2431 1921 2530 1978 Dei
2563 1923 2807 1995 genitris
2825 1924 3018 1979 Marine
3054 1922 3193 1980 olim
3229 1922 3472 1995 insignis
3505 1921 3739 1977 nomine
3772 1925 3838 1976 et

2184 2009 2423 2067 honore.
2458 2010 2560 2065 llic
2611 2010 2773 2066 Mosa
2821 2011 3102 2066 influente
3153 2010 3601 2078 amoenissimus,
3629 2022 3841 2064 mon’a-

2184 2098 2429 2154 chorum
2460 2098 2809 2154 babitationi
2836 2098 3238 2155 mihisvidetur
3277 2094 3838 2170 Opportunissimns,

2184 2186 2395 2243 Omnia
2440 2204 2695 2261 namque
2741 2187 3012 2244 humana:
3057 2187 3188 2243 vitae
3228 2186 3505 2260 jucunda:
3534 2196 3638 2258 pro
3681 2184 3840 2241 aeris

2184 2276 2464 2349 qualitate
2511 2283 2751 2352 praestat
2803 2282 2862 2335 et
2919 2278 3263 2347 commoda;
3297 2280 3506 2350 praeter
3552 2275 3709 2347 quod
3753 2273 3840 2329 vi-

2185 2384 2429 2425 nearum
2486 2367 2567 2423 ibi
2616 2371 2932 2441 proventus
2990 2368 3132 2424 adeo
3195 2382 3313 2423 non
3370 2365 3667 2422 exuberat.
3723 2362 3841 2420 Nec

2183 2457 2339 2513 enim
2371 2456 2840 2513 inhabitantibus
2871 2457 2930 2513 id
2962 2456 3075 2513 fuit
3105 2450 3342 2529 negotii,
3375 2470 3482 2511 nec
3512 2468 3582 2510 ea
3613 2451 3843 2508 sollici-

2181 2547 2345 2617 tudo,
2378 2547 2703 2620 praesertim
2729 2561 2865 2603 cum
2899 2550 3110 2603 natura
3139 2545 3218 2602 sit
3261 2544 3585 2611 vinearum,
3618 2544 3842 2616 tenipe-

2182 2637 2292 2694 rati
2325 2638 2514 2710 magis
2535 2642 2592 2694 et
2622 2654 2738 2693 non
2770 2636 2966 2710 frigidi
2997 2633 3237 2709 cespitis
3277 2649 3476 2690 amare
3518 2632 3736 2694 solum.
3775 2632 3843 2690 In

2181 2742 2298 2798 quo
2326 2729 2524 2782 tamen
2564 2725 2710 2781 mihi
2759 2724 3007 2782 minima
3052 2741 3222 2793 cura;
3251 2722 3531 2796 quoniam
3581 2720 3635 2778 si
3682 2721 3840 2777 Deus

2179 2819 2383 2872 votum
2399 2831 2596 2872 meum
2614 2818 3000 2889 prosperaret',
3016 2814 3201 2870 habeo
3221 2828 3290 2869 ex
3311 2810 3664 2885 patrimonio
3682 2827 3840 2880 meo,

2180 2909 2238 2962 et
2267 2920 2336 2960 ex
2366 2902 2513 2960 mihi
2533 2902 2895 2975 contingenti
2927 2906 3364 2959 antecessorum
3395 2914 3661 2956 meorum
3700 2900 3842 2972 jure

2181 2992 2398 3060 debito,
2431 2990 2589 3047 unde
2615 2990 2766 3047 hanc
2797 2989 2910 3047 sibi
2944 2989 3251 3064 penuriam
3304 2988 3604 3062 pellerem,
3637 2992 3698 3044 et
3740 3002 3837 3061 ops

2178 3079 2307 3136 timi
2336 3078 2457 3134 vini
2489 3095 2622 3135 cum
2654 3078 2878 3135 caeteris
2908 3077 3247 3135 reddituum
3278 3088 3519 3133 suorum
3563 3074 3838 3131 benedic-

2177 3168 2445 3226 tionibus
2467 3185 2634 3225 veros
2686 3168 2957 3224 dominos
3006 3171 3067 3223 et
3112 3166 3321 3223 divites
3360 3178 3753 3239 possessores,
3786 3163 3837 3219 si

420 3250 718 3307 etveritas
741 3249 1041 3306 obviarent
1071 3250 1204 3320 sibi,
1231 3251 1374 3306 dum
1405 3267 1467 3307 se
1488 3251 1726 3322 justitia
1753 3256 1812 3309 et
1837 3269 1951 3326 pax
1979 3270 2073 3310 os-
2103 3244 2153 3314 (ἶ
2184 3273 2498 3332 procurare
2516 3257 2575 3315 id
2601 3256 2810 3325 sciant,
2842 3274 2940 3314 eos
2965 3256 3279 3312 efﬁcerem.

422 3339 629 3396 cuiatis
660 3339 798 3407 sint,
832 3340 974 3394 dum
1004 3339 1218 3396 veritas
1248 3340 1320 3395 de
1348 3343 1505 3397 terra
1533 3342 1803 3411 oriretur,
1826 3347 1883 3399 et
1904 3344 2080 3414 justi-

422 3429 505 3485 tia
533 3429 604 3485 de
645 3427 787 3484 cmlo
821 3430 1181 3501 prospiceret
1203 3430 1375 3499 (Psal.
1400 3447 1624 3499 Lxxxw,
1646 3431 1733 3496 11,
1761 3431 1848 3504 12)
1872 3448 1886 3486 :
1913 3431 2076 3504 olim,

423 3518 690 3591 inquam,
723 3517 833 3573 sub
856 3516 1133 3590 religione
1172 3517 1455 3586 fundatis,
1489 3523 1615 3575 tum
1649 3520 1886 3592 quidem
1912 3538 2075 3594 pros-

421 3607 765 3683 perantibus
796 3611 853 3663 et
883 3606 1033 3662 felici
1065 3607 1300 3662 fortuna
1347 3624 1476 3664 sese
1516 3609 1847 3680 agentibus,
1876 3610 2074 3666 Domi-

421 3713 534 3752 nus
591 3696 770 3751 dabat
825 3694 1270 3768 benignitatem,
1318 3700 1376 3752 et
1432 3700 1587 3753 terra
1646 3702 1844 3755 nostra
1901 3700 2078 3758 dabat

419 3786 678 3841 fructum
711 3800 889 3839 suum
920 3783 1107 3857 (Ibid.,
1127 3785 1213 3856 13)
1247 3802 1260 3840 :
1289 3785 1462 3841 modo
1491 3790 1688 3843 autem
1720 3805 1963 3860 prorsus
1981 3807 2078 3847 me.

418 3875 643 3950 glectis,
660 3873 959 3947 aliquibus
989 3873 1176 3931 solam
1196 3875 1453 3931 nominis
1480 3875 1696 3932 famam
1719 3879 2081 3950 praetenden-

419 3964 602 4033 tibus,
627 3962 924 4036 aliquibus
954 3962 1038 4019 sic
1066 3962 1140 4019 ad
1191 3963 1383 4019 solum
1433 3963 1645 4021 dirutis
1686 3970 1753 4022 ut
1782 3983 1885 4023 nec
1917 3968 2075 4024 fama

421 4052 679 4124 supersit
708 4050 984 4119 nominis,
1002 4051 1356 4123 quibusdam
1379 4053 1521 4109 dum
1544 4054 1843 4110 emendari
1864 4056 2074 4114 debue-

422 4147 563 4196 runt
589 4139 651 4195 in
682 4139 915 4208 melius,
935 4141 1007 4196 ad
1040 4140 1364 4197 dexteriora
1393 4143 1714 4214 perventis;
1739 4161 1943 4201 eorum
1975 4145 2075 4203 ali-

425 4244 599 4304 quem
631 4230 801 4301 cujus
830 4227 1045 4301 incepti
1068 4228 1312 4285 artificio
1349 4231 1663 4289 reformare
1693 4232 1856 4306 prius
1886 4238 2073 4292 atten-

422 4322 561 4387 tem,
577 4316 776 4373 multae
801 4315 1200 4389 ambiguitatis
1223 4318 1528 4392 naufragio
1550 4322 1844 4393 pendulus
1860 4323 2069 4395 haereo,

422 4406 706 4466 etdubiis
737 4405 1099 4463 anfractibus
1121 4405 1482 4479 intricatum,
1498 4413 1554 4465 et
1570 4410 1663 4467 vix
1695 4428 1758 4469 se
1778 4412 2071 4487 explican-
2096 4418 2111 4439 ‘

422 4501 542 4553 tem
571 4497 837 4553 animum
868 4513 1026 4570 gero.

2259 3346 2409 3404 Olim
2454 3347 2619 3404 locus
2663 3347 2760 3404 ille
2808 3346 3195 3404 Mosomensis
3238 3346 3300 3402 in
3345 3345 3562 3401 honore
3602 3344 3842 3418 Reginae

2187 3436 2314 3494 coeli
2343 3441 2403 3493 et
2430 3436 2673 3509 virginis
2721 3436 2928 3493 matris
2979 3434 3174 3492 Mariae
3220 3451 3323 3509 pro
3366 3450 3505 3491 vera
3532 3434 3748 3507 pietate
3780 3437 3843 3489 et

2184 3530 2316 3583 voto
2332 3525 2616 3595 fidelium,
2632 3526 2742 3582 sub
2759 3526 2961 3582 ordine
2982 3524 3092 3581 ﬁxit
3113 3523 3505 3597 przetitulatus
3524 3522 3839 3580 sanctimo-

2186 3614 2454 3685 nialium,
2469 3616 2568 3672 sed
2596 3615 2831 3671 turbine
2852 3615 3124 3671 saeviente
3145 3613 3460 3685 malorum,
3473 3630 3724 3687 quorum
3742 3630 3843 3669 su-

2184 3722 2290 3778 pra
2316 3705 2412 3761 vix
2441 3704 2779 3778 attingendo
2810 3703 3357 3772 meminimus,eam
3382 3703 3621 3760 nomine
3642 3702 3838 3776 perdi-

2183 3793 2401 3849 derunt
2416 3797 2641 3850 etesse.
2659 3792 2857 3865 Nuper
2889 3795 3085 3848 autem
3112 3790 3298 3848 beata:
3328 3790 3625 3848 memoriae
3648 3792 3717 3847 D.
3736 3791 3837 3847 He-

2183 3880 2398 3951 n’veus,
2431 3881 2612 3952 hujus
2660 3881 2817 3936 sedis
2863 3883 3066 3953 pastor
3112 3882 3170 3935 et
3209 3882 3399 3935 rector
3428 3876 3835 3947 fidelissimus,

2183 3955 2397 4043 magno
2428 3969 2728 4042 religionis
2758 3968 2967 4025 affectu
2999 3967 3159 4023 hunc
3189 3967 3443 4039 diligens
3471 3966 3707 4032 locum,
3726 3966 3837 4022 sub

2182 4058 2352 4116 titulo
2373 4060 2500 4131 jam
2529 4057 2653 4114 vice
2684 4056 2866 4114 altera
2894 4056 3258 4130 dilapsorum
3289 4055 3547 4113 restituit
3594 4059 3653 4112 et
3681 4054 3836 4111 ordi-

2182 4148 2339 4205 navit
2368 4146 2806 4205 canonicorum.

2255 4235 2559 4294 Inveniens
2588 4252 2845 4308 namque
2875 4236 3152 4292 omnibus
3184 4234 3359 4292 rebus
3386 4237 3446 4290 et
3486 4233 3618 4308 ipsa
3658 4233 3838 4290 etiam

2180 4326 2605 4384 inhabitatione
2614 4326 2957 4383 destitutam
2967 4342 3055 4396 ,ex
3068 4325 3450 4381 fundamento
3463 4322 3842 4381 remdificavit

2183 4416 2512 4487 ecclesiam,
2545 4433 2675 4489 quin
2724 4414 2982 4472 ﬂammis
3026 4413 3591 4489 eum.exurentibus
3636 4418 3695 4469 et
3722 4413 3841 4468 im-

2182 4506 2399 4581 pluvio,
2415 4505 2718 4578 multaque
2736 4505 2895 4578 longi
2920 4504 3204 4577 temporis
3230 4496 3588 4577 negligentia
3608 4501 3841 4559 detritis

495 4587 799 4689 Resnenim
829 4586 1091 4689 locorum
1124 4586 1359 4689 illorum
1391 4605 1773 4689 quascumque
1801 4594 1861 4649 in
1892 4595 2075 4653 mobi—
2103 4623 2152 4689 Β
2182 4595 2525 4670 parietibus,
2555 4594 2933 4652 solitudinem
2965 4597 3205 4653 tantum
3235 4591 3591 4689 horrendam
3622 4607 3847 4664 reprae-

423 4676 580 4734 libus
611 4677 869 4744 fuerunt,
892 4675 979 4733 vel
1010 4692 1139 4732 esse
1159 4682 1493 4750 potuerunt,
1510 4698 1652 4737 auro
1681 4682 1946 4740 videlicet
1978 4702 2070 4742 ar-

423 4770 713 4840 pentoque
736 4782 838 4823 seu
870 4766 1186 4838 cujuslibet
1215 4770 1542 4825 ornamenti
1572 4771 1943 4829 substantiali
1971 4792 2071 4831 su-

423 4855 727 4929 pellectile,
762 4860 964 4929 utpote
994 4860 1249 4926 vastatas,
1275 4857 1852 4931 direptm,vetustatis
1894 4864 2071 4920 etiam

423 4944 585 5001 senio
616 4945 874 5019 dilapsae,
902 4947 1031 5018 jam
1062 4945 1234 5001 nulla:
1265 4953 1423 5002 sunt.
1454 4947 1636 5017 Villae,
1668 4950 1800 5017 vici,
1824 4951 2071 5024 ancillae,

425 5035 595 5104 servi,
629 5035 908 5104 ecclesiae,
956 5035 1296 5105 molendini,
1338 5042 1395 5093 et
1452 5039 1716 5095 omnium
1774 5040 2070 5099 habenda-

426 5139 559 5179 rum
590 5125 990 5195 possessiones
1018 5142 1233 5195 rerum,
1266 5142 1300 5181 a
1328 5126 1665 5198 potentibus
1695 5133 1752 5186 et
1783 5133 2069 5204 tyrannis,

426 5212 705 5285 regnique
736 5214 1122 5286 optimatibus
1152 5232 1423 5287 pervasis,
1460 5217 1705 5287 donatae,
1743 5222 2075 5279 confiscatae

426 5301 538 5357 sub
560 5303 858 5359 beneficiis
878 5303 1174 5376 dclegatze,
1189 5306 1424 5378 quando
1440 5312 1779 5364 sanctorum
1801 5308 1946 5367 locis
1967 5329 2071 5368 nec

425 5408 530 5462 pro
561 5393 934 5464 antiquitatis
955 5410 1073 5448 SillB
1104 5395 1300 5451 debito
1320 5397 1475 5468 jure,
1512 5413 1617 5454 nec
1647 5387 2070 5473 proﬁuibusli-

425 5479 523 5535 bet
532 5480 852 5555 privilegiis
866 5482 1318 5540 testificantibus
1330 5485 1629 5543 habebunt
1642 5488 1828 5545 redire
1838 5491 1867 5547 τ
1886 5492 2073 5549 Tanta

426 5567 665 5624 fuerunt
706 5570 857 5627 male
888 5571 1078 5645 pacati
1123 5570 1446 5630 infortunia
1475 5576 1838 5650 regni,tanta
1867 5597 2071 5655 regum

426 5670 735 5736 pmoerum
765 5659 1078 5734 discordia,
1106 5664 1271 5722 tanta
1299 5663 1500 5741 populi
1555 5669 1810 5743 peccatis
1856 5670 2071 5735 facien-

2182 4686 2454 4743 sentabat
2478 4682 2919 4757 aspicientibus.
2954 4685 3088 4749 Quae
3121 4683 3511 4739 reformataet
3530 4678 3595 4735 in
3614 4683 3845 4736 statum

2182 4775 2501 4849 pristinum
2557 4771 2879 4829 recollectis
2940 4770 3361 4844 prmbendariis
3415 4772 3718 4838 exornata,
3766 4768 3845 4824 ab

2183 4865 2347 4920 initio
2378 4861 2659 4918 nimirum
2692 4862 2783 4917 sui
2830 4878 2935 4934 pro
2982 4861 3271 4934 dignitate
3294 4858 3426 4928 loci,
3458 4863 3516 4915 et
3556 4874 3848 4933 generosa

2181 4952 2571 5027 populositate
2619 4950 2856 5007 civium.
2909 4949 3179 5007 Secunda
3210 4950 3378 5006 sedes
3408 4948 3503 5004 hic
3553 4947 3849 5020 agebatur

2182 5041 2561 5099 Remensium
2586 5057 2600 5109 ;
2633 5039 2811 5112 hujus
2832 5038 2991 5095 tituli
3017 5038 3242 5095 scilicet
3269 5037 3563 5095 canonicis
3590 5052 3714 5092 non
3749 5035 3847 5091 di-

2181 5148 2311 5189 cam
2340 5131 2490 5199 vitae,
2524 5130 2626 5185 sed
2676 5127 2936 5186 simulati
2984 5128 3401 5185 canonicorum
3442 5125 3705 5183 nominis
3756 5128 3849 5179 ut-

2181 5237 2415 5293 cunque
2461 5224 2723 5275 tenorem
2775 5224 2966 5275 servat
3016 5218 3350 5292 antiquum.
3383 5217 3498 5275 Sed
3545 5230 3684 5272 cum
3719 5214 3847 5271 haec

2181 5327 2382 5368 eorum
2412 5310 2531 5366 vita
2569 5308 2715 5364 nihil
2747 5326 2780 5364 a
2808 5308 3093 5364 laicorum
3126 5309 3359 5365 differat
3405 5304 3845 5363 cohabitatione

2180 5401 2427 5474 (nuptiis
2457 5399 2672 5472 quippe
2704 5398 2998 5468 fruuntur,
3030 5397 3289 5455 filiorum
3310 5401 3375 5454 et
3398 5395 3655 5453 ﬁliarum
3693 5410 3850 5466 quas

2181 5490 2399 5549 stuosis
2429 5488 2826 5545 mercimoniis
2858 5488 3259 5558 inservientes,
3274 5487 3487 5545 usibus
3516 5482 3715 5543 saeculi
3739 5499 3844 5539 co-

2182 5577 2644 5650 utuntur),valde
2660 5577 3021 5636 stimulando
3034 5576 3314 5635 sollicitat
3332 5575 3600 5635 animum
3610 5586 3843 5643 meum,

2182 5687 2254 5734 ne
2284 5668 2509 5734 diutius
2537 5667 2603 5730 εἰ·
2619 5666 2946 5748 corrigendi
2991 5668 3069 5730 sit
3116 5665 3659 5750 posse,reverentia'
3687 5659 3853 5725 tanti
