4060 6170
289 359 410 436 βω

795 358 1338 444 ΙΝΤΒΟΒΙῙΟῬΙΟ,
1360 359 1917 448 MONACHQRUM
1938 402 1940 414 ι

2085 359 2661 430 MONASTERIUM
2705 365 3208 430 MOSOMENSE.

3585 374 3702 440 529

297 493 578 561 nominis,
613 492 792 549 beatae
826 492 1020 550 Mario:
1045 493 1175 550 dico
1206 512 1436 568 semper
1453 495 1940 570 virginis,absqne

2059 498 2316 562 toniione
2329 498 2448 554 mul
2461 497 2838 572 tiplicibus,et
2848 501 2918 556 ad
2933 501 3406 573 persuadendum
3427 503 3699 562 dulcibus

293 582 516 640 honore
544 581 742 639 debito
772 587 1010 638 maneat
1040 583 1296 657 religiosi
1348 585 1591 642 ordinis.
1627 585 1770 641 Mihi
1820 601 1942 640 cre-

253 698 260 704 ν
290 672 608 739 dite,amor
634 671 814 742 hujus
845 672 983 728 facti
1004 677 1234 728 tantum
1257 675 1402 730 mihi
1433 674 1643 731 crescit
1661 675 1719 730 in
1747 674 1941 744 horas,

389 759 660 819 Quantum
689 774 818 811 vero
847 775 989 812 novo
1012 762 1200 812 viridis
1228 777 1285 814 se
1315 763 1539 827 subrigit
1566 764 1754 814 almus.

364 851 437 906 Et
465 867 583 924 qua
611 849 836 906 ratione
865 850 924 906 id
957 851 1214 923 primum
1247 852 1791 924 aggredirr,auditc,
1809 870 1946 925 pau-

293 940 380 996 cis
409 938 671 1012 eloquar.
689 941 792 996 Est
821 940 880 994 in
912 939 1090 1012 hujus
1121 941 1459 998 Portuensis
1488 942 1782 998 Comitivze
1819 958 1946 1014 par-

289 1030 458 1094 tibus
476 1032 607 1084 octo
628 1028 1048 1084 monachorum
1067 1046 1199 1086 cum
1213 1031 1424 1086 abbate
1441 1029 1550 1086 sibi
1575 1033 1944 1104 superposito

289 1135 510 1191 parvus
530 1117 848 1174 admodum
869 1123 928 1174 et
947 1135 1170 1192 pauper
1189 1117 1616 1192 loculus,quem
1641 1121 1944 1176 Freduidis

289 1212 564 1263 matrona
593 1206 826 1274 nobilis,
861 1224 997 1262 cum
1030 1207 1253 1263 illustri
1279 1207 1400 1264 viro
1430 1226 1537 1264 suo
1569 1211 1779 1266 comite
1817 1211 1940 1265 Stc-

287 1297 510 1370 phano,
543 1296 683 1368 quia
711 1313 845 1368 spes
885 1313 985 1352 eos
1029 1297 1308 1352 frustrata
1339 1298 1528 1356 fuerat
1560 1299 1939 1371 posteritatis,

289 1385 520 1444 collatis
549 1402 677 1458 qua:
709 1383 853 1440 inibi
883 1385 1095 1441 habere
1124 1385 1475 1444 videbantur
1505 1388 1740 1460 prtediis
1793 1387 1939 1458 suis,

279 1475 404 1531 sub
426 1474 562 1546 jure
589 1478 648 1530 et
676 1473 848 1530 titulo
894 1475 1325 1532 constituerant
1366 1476 1575 1531 divinae
1624 1477 1942 1544 servitutis,

283 1569 358 1634 ut
387 1579 494 1635 pro
524 1563 1065 1635 recompensatione
1097 1565 1472 1634 praesentium
1521 1582 1732 1620 nomen
1763 1565 1942 1620 habe—

285 1657 378 1709 ret
403 1651 622 1710 melius
643 1669 678 1708 a
701 1651 839 1707 ﬁliis
870 1656 928 1706 et
959 1653 1194 1708 ﬁliabus
1225 1653 1285 1709 in
1315 1653 1720 1710 cohzereditatc
1751 1653 1948 1710 cceles-

289 1741 464 1800 tium.

2053 595 2356 650 evocatum
2388 592 2652 644 moratur
2679 587 3070 658 sermonibus,
3085 605 3438 666 omnemque
3462 607 3585 650 rem
3607 593 3700 654 sui

2056 677 2285 738 consilii
2319 681 2540 734 secreto
2571 675 2782 748 aperit,
2798 693 3002 732 omnes
3025 675 3390 735 difﬁcultatis
3411 679 3532 752 (al.,
3555 681 3704 738 difﬁ-

2055 767 2325 840 cultates)
2376 766 2573 822 aditus
2621 763 3068 836 sapientissimze
3112 766 3360 824 rationis
3404 785 3523 824 sua:
3567 768 3708 832 lima

2057 854 2576 926 eradit,abjurandi
2611 852 2828 908 limites
2843 852 3391 928 excludit,nibilque
3411 855 3705 932 dispendii

2056 947 2186 1002 loco
2221 943 2405 1000 sancti
2427 940 3088 1014 Remigiidevenire,sed
3114 945 3492 1002 commutatis
3507 947 3704 1020 rebus,

2052 1053 2180 1108 quae
2234 1035 2391 1088 inter
2449 1049 2548 1087 eos
2596 1029 2961 1100 complacitis
2991 1031 3362 1102 pactionibus
3410 1035 3702 1106 cederent,

2051 1121 2450 1197 opportunius
2484 1119 2838 1192 repromittit
2867 1136 2994 1174 esse
3020 1136 3034 1187 ;
3071 1123 3234 1175 tanta
3260 1121 3440 1177 videri
3471 1125 3704 1196 negotia

2052 1217 2391 1284 sua,utpote
2424 1209 2632 1265 multis
2661 1206 3059 1280 episcopiis,et
3087 1225 3282 1264 rerum
3313 1209 3698 1282 plenitudine,

2051 1307 2110 1358 et
2143 1301 2426 1374 dignitate
2457 1297 2714 1353 nominis
2745 1295 3110 1368 praestantia:
3145 1297 3302 1352 hunc
3333 1302 3528 1354 autem
3551 1297 3704 1368 locu-

2051 1389 2176 1446 lum
2209 1389 2509 1445 modicum
2539 1403 2674 1442 cum
2724 1386 2952 1442 modico
2999 1387 3519 1458 communicatum,
3553 1407 3702 1464 opus

2051 1479 2268 1536 habere
2279 1478 2580 1533 vicinitate
2594 1473 3702 1542 communium,etlahoriosavivacitate

2052 1570 2400 1640 virum,sesc
2433 1566 2580 1620 bene
2609 1569 2666 1619 et
2694 1563 3012 1635 prudenter
3040 1563 3284 1636 agere,si
3318 1565 3471 1621 unde
3493 1565 3702 1624 divinis

2053 1657 2354 1716 servitutis
2380 1655 2567 1710 honor
2595 1655 2900 1719 cresceret,
2936 1657 3206 1725 prompto
3237 1656 3292 1707 et
3325 1653 3479 1709 ﬁdeli
3505 1649 3700 1713 animo

2053 1745 2327 1802 ordinare
2375 1743 2816 1800 et'constituere
2847 1745 3168 1814 satageret;
3201 1741 3462 1815 seipsum
3503 1749 3700 1800 autem

359 1831 531 1887 Hunc
559 1846 697 1904 ergo
725 1846 831 1903 per
859 1829 1176 1887 consilium
1215 1831 1416 1887 domni
1447 1832 1685 1888 Gerardi
1717 1831 1946 1888 abbatis
1971 1864 2022 1934 Β
2049 1833 2152 1908 qui
2183 1835 2305 1890 haec
2337 1837 2600 1906 expetere
2627 1830 2934 1887 videbatur
2963 1829 3076 1886 sibi
3109 1829 3539 1889 unanimiorem
3569 1833 3702 1890 effi-

279 1919 406 1976 viri'
425 1921 558 1976 vita
586 1919 955 1989 venerabilis,
989 1920 1088 1993 qui
1123 1923 1272 1976 tunc
1305 1921 1587 1992 temporis
1609 1938 1712 1994 pro
1733 1919 1942 1977 merito
1969 1923 1973 1942 ί

282 2010 379 2068 sui
413 2008 672 2068 nominis
703 2013 760 2066 et
789 2007 1072 2082 religiosae
1103 2009 1854 2083 conversationis,pluribus
1879 2009 1939 2067 in

273 2098 536 2158 Francia
562 2103 808 2172 praeerat
839 2098 1260 2154 monachorum
1295 2099 1595 2167 cmnobiis,
1629 2099 1783 2156 inter
1811 2116 1939 2172 quae

280 2193 344 2246 et
395 2187 736 2244 monasterii
768 2187 956 2244 sancti
991 2187 1238 2262 Remigii
1272 2205 1473 2244 curam
1513 2188 1740 2261 agebat.
1774 2189 1939 2245 Hunc

279 2278 583 2344 eumdem,
613 2277 878 2349 inquam,
908 2275 1102 2331 locum
1131 2279 1337 2332 sancto
1371 2275 1635 2349 Remigio
1686 2281 1749 2332 ut
1796 2279 1937 2335 sub-

275 2368 506 2438 jectum
534 2365 794 2432 haberet,
827 2381 893 2421 ac
924 2365 1290 2436 procurando
1321 2371 1601 2432 servaret,
1621 2365 1778 2421 ﬁdeli
1805 2370 1936 2422 voto

279 2454 672 2512 tradiderunt.
708 2453 812 2510 Hic
841 2453 900 2508 in
933 2454 1152 2511 honore
1191 2454 1378 2510 sancti
1413 2454 1676 2520 Quintini
1729 2471 1935 2512 conse-

280 2550 504 2614 cratus,
533 2550 594 2604 et
623 2545 918 2602 radicibus
949 2545 1235 2602 Aldiniaci
1269 2545 1485 2601 montis
1516 2545 1766 2613 adsitus,
1802 2563 1837 2602 a
1865 2546 1938 2602 ri-

275 2634 417 2692 vulo
451 2634 637 2692 fontis
680 2634 782 2708 qui
831 2633 976 2690 inibi
1027 2635 1291 2691 exoriens
1343 2633 1682 2707 praeterfluit
1711 2635 1936 2708 Tignus

275 2723 752 2799 cognominatur.
766 2723 880 2780 Sed
909 2723 1503 2780 circummanentium
1526 2723 1936 2796 inquietudine

273 2812 630 2882 satellitum,
646 2829 716 2868 ex
743 2811 984 2868 castello
1003 2813 1267 2885 proxime
1295 2811 1650 2879 imminenti,
1675 2813 1829 2885 quod
1861 2814 1934 2869 ob

273 2901 549 2976 palustre
577 2917 833 2969 omnum,
863 2901 922 2956 in
954 2902 1124 2974 cujus
1153 2901 1346 2957 medio
1369 2901 1938 2970 residet,Cantarana

275 2991 524 3059 dicitur,
542 2989 904 3062 frequentius
926 2994 1250 3063 urgeretur,
1267 2989 1681 3062 molestiasque
1701 2991 1936 3046 crebras

277 3079 534 3153 patiens,
565 3077 1082 3150 contemplationis
1113 3095 1234 3134 sum
1265 3079 1528 3133 studium
1565 3095 1716 3149 saepe
1765 3078 1934 3133 amit-

277 3174 406 3224 tere
449 3166 698 3240 cogitur.
746 3167 914 3223 Hunc
961 3183 1098 3223 cum
1143 3167 1355 3240 abbate
1397 3171 1454 3222 et
1501 3167 1779 3222 fratribus
1823 3165 1932 3224 loci

2052 1928 2228 1982 ceret.

2119 2012 2316 2069 Abbas
2348 2013 2418 2068 de
2447 2011 2542 2068 his
2571 2028 2698 2084 quae
2731 2009 2994 2066 audierat
3021 2007 3364 2066 consulendi
3389 2008 3610 2081 locum,
3643 2015 3701 2069 et

2051 2119 2186 2160 cum
2221 2102 2498 2158 fratribus
2530 2099 2864 2157 conferendi
2915 2097 3193 2172 postulat.
3227 2099 3350 2164 Quo
3382 2099 3701 2156 clementer

2049 2191 2298 2258 indulto,
2330 2192 2536 2245 fratres
2566 2190 2748 2246 abbas
2780 2186 3380 2256 revisit,'coadunatis
3409 2193 3467 2244 et
3495 2205 3697 2245 conse-

2047 2280 2329 2336 dentibus
2359 2296 2486 2352 quze
2519 2278 2596 2334 sit
2625 2275 2942 2351 postulatio
2973 2276 3251 2349 episcopi,
3272 2277 3498 2348 quodve
3519 2277 3699 2334 totius

2046 2369 2408 2442 profundum
2441 2366 2669 2424 consilii
2691 2366 2908 2438 apertis
2926 2369 2982 2421 et
3002 2364 3276 2422 brevibus
3305 2364 3498 2422 verbis
3513 2365 3699 2424 absol-

2044 2457 2144 2512 vit.
2172 2458 2402 2514 Fratres
2435 2457 2632 2528 itaque
2665 2455 2897 2510 diversa
2927 2455 3268 2526 sentientes,
3295 2458 3490 2527 atque,
3515 2459 3581 2511 ut
3611 2459 3701 2512 est

2043 2545 2346 2619 ingenium
2363 2544 2671 2601 mobilium
2687 2543 3699 2616 mentium,idquepotiusjuvenum,

2044 2651 2161 2690 non
2195 2634 2398 2689 eadem
2434 2635 2746 2700 mirantes;
2782 2631 3017 2688 interim
3047 2631 3352 2688 vacillante
3383 2633 3694 2703 sententia,

2043 2728 2102 2780 et
2149 2727 2393 2779 nutante
2441 2721 2739 2778 seniorum
2779 2721 3027 2792 judicio,
3075 2720 3218 2776 dum
3267 2739 3387 2776 suae
3437 2721 3696 2794 opinioni

2051 2809 2322 2882 quisquis
2355 2808 2542 2882 magis
2575 2806 2865 2873 innititur,
2880 2807 3068 2880 primo
3092 2806 3348 2864 abnuere
3379 2825 3482 2864 nec
3501 2825 3698 2864 assen-

2045 2899 2139 2954 tiri
2173 2898 2501 2972 velle,quod
2535 2896 2716 2954 semel
2747 2900 3091 2969 acceperant
3119 2913 3226 2952 cur
3271 2896 3437 2954 alteri
3477 2913 3694 2955 curan-

2046 2988 2186 3043 dum
2219 3004 2396 3061 quam
2430 2985 2542 3041 sibi
2574 2985 3038 3052 credant,votum
3061 2984 3251 3040 ﬁdelis
3268 2984 3534 3042 mulieris
3553 2985 3695 3044 elec-

2041 3093 2352 3152 ‘mosynam
2402 3073 2668 3131 facientis
2718 3090 2953 3130 manere
3001 3073 3230 3146 debere,
3261 3073 3375 3130 sibi
3425 3075 3692 3131 subtrahi

2045 3167 2196 3240 quod
2231 3164 2379 3220 alter
2407 3165 2640 3232 faceret,
2657 3162 2769 3218 sibi
2799 3162 2986 3218 minui
3017 3163 3172 3218 unde
3202 3161 3354 3218 alius
3386 3167 3692 3232 cresceret,

273 3256 477 3314 sancti
507 3235 755 3329 ﬁemigii
779 3273 883 3329 per
911 3235 1321 3312 concambium
1353 3273 1422 3311 ex
1472 3256 1645 3311 rebus
1677 3255 1932 3311 ecclesiae
1963 3238 2006 3305 Ο
2045 3235 2154 3312 hoc
2185 3255 2338 3326 apud
2370 3253 2653 3326 populum
2689 3269 2803 3308 non
2837 3269 2967 3308 esse
2985 3250 3178 3308 laudis
3210 3253 3692 3324 przeconium,sed

285 3351 500 3403 nostra:
529 3343 678 3413 volo,
713 3346 762 3400 si
795 3345 950 3400 Deus
981 3349 1222 3412 annuat,
1257 3349 1638 3411 commutare,
1673 3344 1936 3417 mihique

285 3435 552 3508 legaliler
578 3434 979 3490 contraditum
1028 3451 1164 3489 cum
1211 3434 1566 3490 Mosomcnsi
1601 3435 1722 3504 (aL,
1755 3435 1939 3490 Moso-

285 3525 576 3598 magensi)
625 3523 754 3579 loco
805 3541 989 3579 unum
1042 3523 1290 3592 efﬁcere,
1338 3527 1404 3579 ut
1451 3541 1584 3580 cum
1631 3524 1937 3580 monachis

285 3613 496 3673 abbate
524 3611 604 3668 ibi
639 3613 1017 3685 transposito,
1051 3629 1119 3668 ex
1149 3612 1381 3668 duobus
1409 3613 1677 3684 quamvis
1703 3613 1938 3667 minori-

268 3702 400 3759 bus
427 3718 616 3758 unum
645 3701 871 3774 aliquid
902 3701 1007 3757 ﬁat
1054 3702 1250 3772 majus
1278 3705 1338 3756 et
1366 3699 1598 3758 melius.
1632 3702 1775 3756 Ecce
1814 3700 1936 3757 hzec

283 3795 426 3848 sunt
471 3807 601 3863 qua
646 3807 749 3847 vos
797 3789 1033 3845 interim
1082 3789 1285 3846 audire
1315 3789 1492 3859 volui,
1526 3793 1584 3845 et
1631 3789 1678 3844 si
1721 3805 1791 3844 ex
1819 3790 1936 3846 Deo

275 3879 408 3938 sint
438 3880 620 3952 cujus
666 3878 1080 3935 misericordiae
1126 3877 1456 3946 innitimur,
1506 3877 1821 3934 consilium
1866 3895 1937 3934 ne

286 3967 650 4026 cunctamini
677 3969 895 4025 referre
922 3968 1077 4040 quod
1107 3967 1314 4024 utilius
1335 3967 1704 4040 judicabitis.

267 4109 284 4127 ,
363 4057 496 4114 Mox
526 4057 613 4113 illi
637 4074 789 4130 opus
813 4057 1053 4130 pietatis
1083 4057 1472 4124 attendentes,
1505 4060 1562 4112 et
1589 4055 1740 4112 viam
1775 4057 1938 4112 bona:

288 4145 537 4203 actionis
568 4146 1036 4203 considerantes:
1071 4147 1114 4203 Ο
1147 4144 1933 4218 fausta,inquiunt,intentio!

281 4235 421 4292 etsi
463 4235 739 4292 eifectum
785 4235 1020 4305 haheat,
1053 4251 1231 4308 quam
1283 4238 1442 4290 certa
1483 4238 1539 4290 et
1588 4234 1724 4292 felix
1772 4235 1937 4290 bonae

283 4323 606 4381 voluntatis
635 4323 746 4380 erit
773 4323 1210 4380 remuneratio?
1241 4322 1408 4378 Talia
1437 4322 1668 4378 differre
1715 4327 1830 4379 non
1863 4323 1942 4380 sit

265 4413 780 4486 consiliumppus
808 4412 965 4468 enim
997 4412 1108 4469 hoc
1137 4411 1460 4469 accelerare
1481 4411 1711 4467 cteleste
1727 4415 1815 4468 est
1847 4428 1941 4468 ne-

271 4501 702 4577 gotium.0pus
731 4502 952 4557 bonum
984 4501 1032 4556 si
1065 4500 1142 4557 sit
1171 4501 1231 4556 in
1260 4499 1579 4566 voluntate,
1609 4516 1677 4555 ex
1699 4499 1798 4556 Dei
1832 4501 1938 4556 ad-

2042 3343 2223 3400 videri
2256 3344 2384 3399 vi’ue
2415 3343 2720 3416 degeneris
2751 3347 2808 3398 et
2839 3340 3278 3398 contumeliose:
3322 3341 3694 3414 improbatio-

2047 3433 2140 3488 nis
2171 3433 2261 3504 (f.,
2293 3431 2827 3506 improperationis)
2856 3430 3134 3504 elogium.

2117 3521 2282 3578 Talia
2312 3517 3092 3592 renarrantibus,'motuque
3128 3521 3288 3578 vario
3336 3521 3694 3578 dissonanti-

2045 3611 2177 3678 bus,
2194 3611 2378 3666 abbas
2405 3609 2708 3666 silentium
2739 3609 3006 3682 imperat,
3025 3609 3304 3682 fandique
3325 3610 3691 3680 auctoritate,

2046 3703 2104 3756 et
2131 3699 2289 3754 vocis
2317 3697 2583 3754 libertate
2611 3699 2683 3752 ad
2701 3699 3190 3770 compescendum
3208 3699 3532 3754 murmuris
3555 3704 3696 3762 stre-

2047 3787 2236 3860 pitum
2287 3793 2566 3855 arrectus,
2601 3785 2707 3860 piae
2756 3783 3177 3841 exhortationis
3227 3785 3580 3844 allocutione
3609 3786 3694 3843 sic

2047 3875 2328 3931 inchoat:
2372 3875 2602 3931 Fratres
2650 3873 3000 3940 dulcissimi,
3051 3873 3287 3946 Deoque
3335 3873 3694 3942 charissimi,

2047 3965 2224 4020 verba
2243 3968 2383 4020 sunt
2413 3963 2526 4020 ista
2557 3962 2804 4019 dicentis
2823 3961 3088 4034 Apostoli
3125 3979 3138 4018 :
3167 3962 3322 4018 Nihil
3347 3980 3447 4036 per
3473 3971 3695 4020 conten-

2048 4055 2268 4123 tionem,
2301 4069 2474 4125 neque
2497 4069 2596 4124 per
2627 4053 2850 4108 inanem
2876 4051 3143 4123 gloriam;
3170 4051 3265 4107 sed
3295 4053 3356 4108 in
3385 4051 3698 4110 humilitate

2047 4144 2352 4214 superiores
2380 4141 2491 4197 sibi
2521 4142 2752 4196 invicem
2779 4139 3129 4206 arbitrantes,
3157 4157 3268 4197 non
3299 4156 3425 4214 quae
3443 4158 3545 4197 sua
3567 4151 3698 4202 sunt

2045 4232 2260 4302 singuli
2287 4229 2708 4298 considerantes,
2742 4228 2834 4286 sed
2865 4245 2986 4302 qua:
3014 4230 3256 4286 aliorum
3283 4230 3514 4304 (Philip.
3549 4249 3610 4301 ιι,
3637 4234 3693 4300 2,

2047 4320 2263 4389 3).H.'ec
2290 4318 2549 4392 Apostoli
2579 4320 2754 4375 verba
2783 4321 2922 4374 sunt
2952 4318 3119 4391 quasi
3153 4319 3506 4376 fermentum
3533 4319 3696 4379 bona

2048 4407 2480 4480 conspersionis
2511 4408 2570 4463 in
2603 4412 2805 4464 nostra
2824 4407 3230 4480 intelligentia,
3246 4413 3312 4463 ut
3341 4407 3540 4462 omnia
3569 4423 3696 4478 quae

2048 4497 2319 4566 facimus,
2353 4497 2472 4554 sint
2501 4497 2628 4552 sine
2660 4495 3232 4553 murmurationibus
3273 4501 3331 4552 et
3378 4495 3697 4552 haesitatio-

277 4592 500 4664 jutorio
549 4589 661 4646 erit
706 4590 767 4645 in
811 4589 1183 4664 perfectione.
1217 4589 1382 4644 Talia
1437 4587 1727 4662 siquidem
1783 4596 1935 4656 vota,
1970 4607 2018 4673 Ι)
2049 4587 2227 4644 nibus
2260 4603 2273 4641 :
2309 4589 2372 4644 Ut
2396 4588 2569 4642 simus
2599 4589 2721 4642 sine
2747 4587 2966 4658 querela
3005 4593 3056 4642 et
3083 4585 3358 4656 simplices
3406 4585 3549 4640 sicut
3589 4583 3701 4656 ﬁlii

263 4679 557 4754 -quamvis
596 4697 668 4736 ex
713 4678 1065 4736 difﬁcultate
1117 4678 1388 4746 titubent,
1423 4678 1614 4751 magis
1645 4683 1840 4734 autem
1871 4697 1941 4736 ex

283 4769 516 4826 desidia
565 4769 615 4825 si
665 4769 1015 4824 omittantur
1045 4771 1292 4835 nocent;
1327 4767 1465 4839 quia
1495 4773 1715 4839 quanto
1755 4771 1944 4827 ardua

276 4863 342 4916 et
368 4859 585 4920 altiora
611 4859 746 4931 quis
776 4857 1136 4931 aggreditur,
1169 4859 1334 4911 tanto
1368 4857 1611 4927 majoris
1657 4860 1943 4930 praeconio

266 4948 480 5005 .laudis
509 4947 561 5003 si
593 4947 899 5003 efﬁciendo
930 4949 1188 5019 superet,
1223 4945 1439 5018 dignus
1471 4945 1774 5003 attollitur.
1799 4951 1945 5015 Qua-

286 5041 528 5110 propter
557 5037 713 5110 quod
743 5052 847 5092 vos
875 5034 1079 5090 audire
1121 5037 1325 5091 vestrae
1375 5032 1575 5106 gratiae
1625 5037 1943 5093 auctoritas

285 5125 530 5199 dignata
559 5128 668 5192 est,
708 5123 905 5179 omine
952 5126 1184 5178 tantum
1235 5123 1436 5176 dextro
1490 5121 1645 5177 Deus
1676 5123 1942 5194 aspiciat,

281 5213 458 5271 nobis
485 5215 781 5288 optimum
812 5213 971 5268 factu
1001 5212 1252 5280 videtur,
1284 5215 1340 5266 et
1377 5210 1543 5266 vobis
1575 5211 1945 5270 salutiferum

287 5303 838 5360 connumerabitur.

359 5391 466 5448 llis
493 5390 882 5447 relationibus
917 5389 1172 5463 acceptis
1203 5387 1511 5462 epiSCOpus
1541 5388 1761 5458 (animo
1790 5390 1946 5446 enim

287 5479 564 5554 cupiendi
582 5478 727 5536 nihil
741 5478 890 5534 satis
911 5479 1242 5548 festinatur)
1255 5481 1520 5534 actutum
1552 5479 1737 5533 sancti
1761 5479 1950 5534 Remi-

269 5605 274 5610 -
293 5567 377 5643 gii
403 5567 838 5625 monasterium
859 5567 1095 5640 expetit;
1110 5567 1383 5623 abbatem
1399 5566 1500 5639 qui
1517 5583 1671 5622 nunc
1685 5572 1947 5640 praeerat,

287 5657 486 5717 virum
519 5657 856 5727 honestum,
894 5655 1212 5714 Rodulfum
1241 5654 1502 5726 nomine,
1523 5672 1701 5730 supra
1731 5673 1840 5714 sua
1868 5657 1952 5716 in-

609 5785 886 5852 ΡΑτιοι..
937 5782 1278 5850 CXXXVII.

2047 4677 2168 4743 Dei,
2200 4679 2320 4732 sine
2363 4676 2778 4748 reprehensione
2825 4678 2884 4732 in
2934 4675 3112 4732 medio
3156 4675 3398 4730 nationis
3431 4690 3622 4746 pravae
3649 4679 3703 4729 et

2047 4782 2322 4840 perversae
2349 4785 2367 4821 :
2400 4768 2544 4822 inter
2574 4783 2705 4838 quos
2736 4767 2948 4832 lucetis,
2987 4764 3086 4834 ait,
3119 4767 3263 4820 sicut
3308 4763 3610 4819 luminaria
3639 4764 3701 4822 in

2050 4857 2274 4924 mundo,
2309 4856 2530 4912 verbum
2562 4857 2685 4910 viae
2727 4857 3056 4910 continentes
3086 4853 3315 4925 (Philip.
3351 4870 3413 4922 11,
3467 4853 3555 4921 15,
3589 4852 3698 4922 16).

2053 4946 2122 5001 Et
2152 4945 2290 5000 alibi
2325 4963 2338 5000 :
2373 4945 2613 5000 Solliciti
2639 4951 2800 5000 estote
2825 4959 3044 4998 servare
3074 4943 3341 4998 unitatem
3368 4943 3618 5014 spiritus,
3643 4941 3705 4994 in

2051 5036 2271 5091 vinculo
2298 5037 2470 5106 pacis.
2525 5035 2701 5090 Unum
2747 5049 2940 5104 corpus
2988 5039 3038 5087 et
3083 5047 3228 5086 unus
3264 5031 3514 5102 spiritus,
3559 5031 3706 5085 sicut

2053 5126 2228 5181 vocati
2273 5125 2402 5179 estis
2453 5125 2513 5178 in
2556 5139 2668 5178 una
2713 5138 2808 5194 spe
2834 5122 3128 5178 vocationis
3169 5127 3356 5176 vestra:
3374 5119 3588 5193 (Ephes.
3620 5135 3700 5190 ιν,

2055 5214 2109 5281 3,
2143 5215 2222 5282 4).

2128 5301 2314 5369 Unde,
2350 5300 2556 5356 fratres
2591 5299 2726 5367 mei,
2759 5299 2808 5355 si
2859 5298 2920 5354 in
2964 5299 3058 5356 his
3107 5317 3234 5372 qua:
3277 5297 3379 5354 Dei
3410 5301 3550 5354 sunt
3579 5311 3702 5353 mo-

2063 5394 2198 5444 neat
2227 5389 2559 5462 episcopus,
2597 5387 2739 5442 nulli
2769 5387 2941 5444 debet
2969 5406 3098 5446 esse
3129 5387 3440 5445 resistendi
3472 5402 3653 5444 ausus
3686 5401 3702 5440 :

2065 5479 2207 5550 quia
2236 5476 2379 5532 dicit
2409 5477 2466 5530 in
2500 5475 2808 5548 Evangelio
2834 5476 3118 5534 Dominus
3142 5495 3156 5533 :
3191 5477 3297 5546 Qui
3324 5493 3416 5534 vos
3441 5475 3708 5543 audit,mc

2067 5567 2256 5634 audit;
2285 5575 2337 5623 et
2366 5567 2463 5638 qui
2489 5582 2580 5622 vos
2609 5567 2818 5638 spernit
2843 5583 2931 5622 me
2958 5569 3167 5638 spernit
3193 5569 3344 5641 (Luc.
3365 5584 3422 5634 x,
3457 5565 3562 5639 16).
3589 5564 3708 5622 Ista

2061 5674 2196 5720 vero
2229 5655 2526 5734 suggestio
2558 5655 2743 5714 nostri
2775 5655 3596 5734 archiepiscOpi,considerata
3622 5651 3708 5731 in:

3303 5785 3383 5874 αῖ
