4060 6170
337 419 451 480 523

1364 399 1908 480 ADALBERONIS
1952 411 2327 476 ARGHIEP.
2401 379 2732 480 HEMENS.

3633 413 3758 478 524

337 551 599 608 tentione
630 549 742 618 sui,
773 548 1004 605 videtur
1033 549 1201 605 nobis
1245 549 1475 621 prodire
1524 565 1591 602 ex
1644 547 1818 602 insito
1871 545 1980 603 sibi
2011 546 2073 619 Α
2100 546 2391 619 ampliare
2425 545 2618 604 autem
2656 549 2749 605 illa
2775 551 2981 622 potest,
3015 549 3186 620 cujus
3218 548 3417 604 omnia
3444 554 3606 604 sunt.

338 641 548 698 timore
577 643 634 696 et
663 654 860 694 amore
891 637 1021 706 Dei;
1056 639 1210 694 unde
1244 655 1350 694 nos
1392 655 1498 694 nec
1545 639 1708 710 juste
1751 637 1988 709 quimus

339 729 640 796 obsistere,
672 744 778 784 nec
806 743 874 782 ea
905 744 1031 799 quae
1081 727 1153 783 ad
1186 726 1409 782 cultum
1443 726 1650 781 divinae
1691 724 1990 782 servitutis

339 817 628 892 pertinere
649 816 1254 884 sentimus,debcmus
1271 833 1418 871 ausu
1441 815 1746 870 temerario
1770 831 1990 888 perver-

337 905 546 963 tere.Si
577 905 987 962 diminutionis
1018 903 1300 960 damnum
1332 905 1704 977 plangitis,ea
1736 921 1862 976 qua:
1887 922 1987 958 no-

243 989 248 994 ’
341 995 432 1052 bis
463 995 523 1052 in
556 993 1433 1068 recompensationeconcambii
1455 995 1526 1048 ad
1558 1012 1812 1066 praesens
1832 998 1987 1048 tran-

341 1084 566 1151 scribit,
598 1101 714 1140 non
743 1083 888 1140 satis
921 1083 1156 1156 provide
1189 1083 1492 1139 attenditis
1527 1100 1538 1137 :
1574 1083 1632 1138 Si
1675 1088 1871 1138 autem
1905 1083 1987 1138 fa-

338 1190 506 1230 vores
557 1189 627 1230 ex
665 1173 890 1244 judicio
943 1172 1140 1245 populi
1191 1172 1516 1241 assumitis,
1549 1173 1868 1228 cavendum
1918 1188 1989 1227 ne

341 1263 568 1318 arundo
596 1265 765 1318 vento
796 1261 1014 1334 agitata
1031 1261 1236 1330 (Matth.
1269 1261 1418 1333 x1,7)
1441 1278 1569 1317 esse
1599 1260 1989 1326 velitis.Quod

342 1355 538 1408 autem
555 1356 754 1408 votum
787 1349 1052 1405 mulieris
1076 1366 1311 1404 manere
1343 1351 1552 1405 debere
1570 1348 1989 1416 asseritis,ma-

333 1440 452 1514 jori
483 1441 653 1496 credo
687 1439 1089 1494 misericordia
1130 1439 1310 1494 stabit
1360 1437 1675 1493 subnixum
1727 1439 1880 1510 quod
1928 1438 1989 1491 in

345 1547 492 1586 usus
521 1530 686 1585 cedet
715 1546 1041 1601 pauperum
1074 1533 1130 1582 et
1161 1545 1500 1600 egenorum,
1526 1527 1676 1584 sicut
1705 1527 1989 1599 scriptum

345 1624 437 1676 est
463 1636 476 1674 :
509 1620 796 1690 Dispersit,
829 1617 977 1674 dedit
1001 1617 1335 1690 pauperibus
1367 1635 1384 1670 :
1415 1619 1636 1689 justitia
1664 1617 1781 1690 ejus
1809 1623 1992 1672 manet

340 1711 404 1765 in
430 1711 694 1765 saeculum
717 1709 912 1765 sa'cuti
939 1709 1110 1779 (Psal.
1145 1725 1268 1776 ch,
1301 1709 1376 1776 8).
1401 1707 1545 1762 Cum
1580 1723 1716 1780 ergo
1737 1707 1991 1762 abunde-

341 1814 476 1855 mus
503 1802 562 1854 et
589 1796 1160 1870 superabundemus,
1193 1797 1516 1852 cavendum
1564 1795 1734 1852 nobis
1774 1800 1882 1864 est,
1917 1812 1989 1850 ne

341 1888 452 1945 sub
480 1886 672 1960 specie
701 1885 936 1985 pietatis
957 1889 1014 1941 et
1043 1885 1602 1985 quasidel'endendze
1619 1884 1988 1985 rectitudinis
2017 1919 2066 1985 B

341 1992 661 2049 arguamur
689 1974 1212 2044 sceleris,avaritiaz
1243 1978 1300 2030 et
1329 1973 1826 2046 cupiditatisldco
1850 1990 1988 2046 rogo

341 2065 709 2134 vos,fratres,
727 2067 792 2118 ut
822 2062 1040 2119 saniori
1069 2061 1311 2118 consilio
1343 2067 1568 2119 mentes
1595 2067 1796 2118 vestrae
1828 2063 1988 2118 incli-

343 2156 557 2209 nentur
586 2157 644 2210 et
671 2153 1066 2225 acquiescant,
1102 2157 1169 2206 ut
1190 2153 1359 2223 juxta
1381 2151 1721 2224 Apostolum
1753 2168 1766 2206 :
1793 2153 1990 2209 Omnia

343 2249 518 2300 vestra
550 2244 609 2299 in
639 2242 906 2298 charitate
937 2243 1074 2314 ﬁant
1102 2243 1150 2312 (Ι
1178 2244 1297 2299 Cor.
1329 2259 1454 2311 xm,
1488 2243 1594 2314 14).

413 2331 515 2391 His
545 2336 604 2388 et
631 2331 974 2404 hujusmodi
1006 2331 1210 2387 multis
1243 2336 1416 2404 atque
1459 2331 1864 2389 saluberrimis
1901 2332 1988 2388 al-

342 2420 739 2479 locutionibus
766 2420 950 2477 fracta
979 2425 1036 2476 et
1051 2421 1309 2476 emollita
1339 2421 1504 2495 prius
1519 2422 1986 2493 exasperantium

343 2509 712 2568 cervicositas
743 2509 802 2565 in
833 2509 1084 2582 gratiam
1115 2509 1472 2566 assentiendi
1505 2510 1749 2582 redit,et
1781 2511 1989 2567 annuit

344 2615 709 2672 quaecunque
745 2597 822 2655 sit
849 2597 1106 2670 episcopi
1139 2602 1197 2654 ct
1245 2597 1474 2654 abbatis
1516 2597 1806 2654 voluntas.
1841 2598 1988 2654 Hinc

343 2689 463 2745 itur
493 2689 564 2744 ad
597 2687 957 2761 episcopum,
993 2705 1120 2760 quia
1169 2688 1416 2743 fratrum
1465 2687 1640 2742 fuerit
1687 2687 1987 2746 obauditio

342 2779 688 2850 exponitur;
721 2777 857 2833 licet
885 2777 1145 2850 primum
1177 2777 1347 2834 reniti
1379 2782 1435 2834 et
1475 2777 1757 2834 obsistere
1785 2777 1988 2834 volue-

342 2867 482 2934 rint,
512 2871 708 2923 tamen
739 2867 962 2922 ratione
991 2867 1175 2922 victos
1205 2884 1373 2922 suam
1402 2866 1695 2923 reﬂexisse
1724 2867 1990 2924 intentio-

342 2973 499 3026 nem,
531 2961 589 3012 et
619 2956 780 3012 bonae
811 2955 1129 3012 voluntatis
1157 2956 1285 3027 ejus
1316 2974 1430 3012 non
1464 2957 1761 3028 aspernari
1784 2975 1984 3028 opera-

341 3045 582 3102 tionem.
615 3045 938 3117 Episcopus
983 3045 1234 3118 benigne
1283 3047 1526 3118 accepit,
1581 3048 1800 3120 gratias
1849 3047 1986 3120 egit,

343 3133 746 3205 ordinatisque
775 3151 844 3188 ex
865 3133 1163 3188 communi
1189 3150 1476 3190 consensu
1500 3135 1810 3207 opportuni
1834 3137 1991 3191 testi-

343 3220 524 3277 monii
541 3220 850 3293 optimisin
874 3222 1202 3277 attestando
1219 3221 1377 3287 viris,
1388 3224 1988 3296 recompensationem

345 3326 538 3366 rerum
562 3327 689 3382 qua:
712 3326 782 3365 ex
799 3309 1068 3364 condicto
1091 3310 1432 3382 placuerant
1456 3329 1558 3383 per
1584 3315 1990 3370 commutatio-
2019 3289 2061 3356 (ἶ

345 3415 478 3455 nem
511 3398 633 3454 dati
663 3401 720 3454 et
737 3397 952 3471 accepti
985 3399 1295 3471 episcopus
1316 3401 1534 3472 pariter
1561 3406 1618 3456 et
1639 3402 1822 3458 abbas
1841 3403 1992 3476 lega-

345 3487 479 3543 liter
507 3487 752 3557 faciunt,
787 3491 844 3543 et
872 3492 938 3542 ut
969 3489 1178 3560 cuique
1211 3490 1367 3561 quod
1403 3489 1460 3544 in
1491 3491 1760 3561 praesenti
1803 3491 1988 3566 assig-

347 3577 568 3632 nabant
597 3576 1050 3632 determinatum
1097 3582 1154 3632 et
1203 3578 1612 3634 inconvulsum
1644 3587 1989 3659 perseveret,

345 3666 595 3723 vadibus
634 3665 756 3739 juri
810 3665 1150 3723 cedentibus
1199 3667 1310 3723 sub
1357 3668 1769 3740 astipulatione
1799 3674 1990 3728 ratum

347 3756 621 3814 traditur.

423 3847 560 3904 Post
588 3846 689 3904 ubi
721 3844 920 3902 omnia
948 3863 1075 3919 quae
1123 3851 1543 3919 prazoptavcrat
1585 3850 1894 3924 episcopus
1927 3869 1995 3908 ex

345 3935 640 3994 sententia
668 3935 1046 4009 comparavit,
1067 3935 1178 3992 iter
1207 3952 1341 3992 cum
1373 3955 1479 3994 suo
1509 3939 1789 3995 comitatu
1813 3941 1996 3998 Mace-

307 4019 318 4024 ’
345 4026 464 4083 rias
491 4024 820 4095 castellum,
842 4025 996 4097 quod
1019 4029 1159 4082 tunc
1180 4025 1359 4082 frater
1377 4027 1504 4099 ejus
1523 4027 1868 4085 Godefridus
1890 4046 1990 4086 co-

343 4129 473 4171 mes
503 4113 917 4170 constabilibat
942 4113 1272 4186 a'rripuit,et
1290 4114 1458 4171 illum
1483 4117 1989 4190 Tingensiscoeno-

344 4200 486 4258 bioli
533 4201 955 4274 pauperculum
1005 4203 1298 4273 abbatem,
1353 4205 1678 4261 Lietaldum
1730 4208 1986 4278 nomine,

343 4306 523 4364 quam
565 4289 866 4348 celerrime
905 4291 1164 4358 advocat,
1189 4295 1245 4347 et
1283 4293 1394 4348 sub
1416 4294 1664 4350 testibus
1687 4295 1989 4369 sanctique

343 4379 592 4454 Remigii
611 4379 1050 4452 przeposito,scu
1075 4379 1205 4437 aliis
1228 4382 1389 4437 bona:
1413 4381 1545 4438 ﬁdei
1568 4383 1708 4440 viris
1730 4391 1990 4442 renarrat

342 4470 630 4544 quidquid
659 4473 944 4526 taxatum.
979 4471 1126 4536 Quid
1159 4469 1368 4526 deinde
1415 4488 1479 4528 se
1526 4472 1864 4529 obedienter
1912 4475 1991 4530 fa-

341 4575 470 4616 cere
487 4559 626 4618 velit
651 4559 920 4632 privatim
945 4560 1203 4626 mandat,
1221 4565 1276 4615 et
1298 4563 1362 4616 ut
1382 4578 1515 4616 cum
1538 4562 1661 4617 suis
1685 4563 1988 4620 monachis

2169 635 2437 692 Crastino
2467 642 2667 694 autem
2697 638 2864 706 facto,
2897 638 3042 695 hora
3068 638 3183 694 dici
3215 638 3384 711 quasi
3413 639 3754 712 prima,jam

2098 725 2409 798 episcopus
2441 727 2761 784 monachos
2774 744 2912 784 suos
2942 727 3000 783 in
3018 727 3282 800 proxime
3301 729 3507 784 adesse
3529 727 3758 784 sciebat

2098 817 2266 891 (puer
2295 814 2509 888 quippe
2541 817 2600 872 in
2634 815 2870 889 specula
2901 815 3213 889 positus,id
3245 834 3361 890 prie
3375 815 3560 873 oculis
3584 815 3756 873 facile

2098 904 2677 973 habens,certissime
2709 905 3128 973 nuntiabat),in
3161 905 3472 962 secretario
3504 903 3754 962 clericos

2098 1009 2300 1049 omnes
2333 993 2649 1050 coadunari
2680 993 2836 1062 facit,
2871 999 2928 1050 et
2965 998 3247 1067 praesente
3294 994 3430 1050 forti
3479 993 3755 1050 custodia

2099 1081 2786 1152 sui,circumscdentibus
2815 1083 3094 1139 omnibus
3117 1084 3200 1140 sic
3221 1101 3392 1140 orsus
3413 1084 3484 1138 ab
3503 1082 3621 1138 alto
3639 1087 3752 1138 est:

2099 1171 2283 1226 Multa
2298 1176 2388 1228 est
2406 1171 2583 1228 nimis
2611 1171 2838 1227 malitia
2869 1171 3062 1228 saeculi
3094 1172 3273 1244 hujus
3304 1176 3362 1228 et
3388 1189 3520 1228 vere
3537 1174 3756 1228 natura

2097 1259 2403 1317 hominum
2437 1261 2508 1316 ab
2539 1261 2932 1317 adolescentia
2959 1279 3067 1317 sua
3107 1278 3339 1334 semper
3359 1261 3638 1334 proclivis
3665 1265 3757 1318 est

2095 1350 2154 1405 in
2186 1350 2571 1421 malum(Gen.
2605 1369 2683 1419 v1,
2715 1351 2770 1423 ὃ)
2797 1369 2810 1419 ;
2835 1369 2960 1424 quae
2994 1353 3066 1407 ad
3098 1351 3552 1407 similitudinem
3587 1351 3755 1407 navis

2097 1441 2296 1512 posita:
2331 1441 2386 1494 in
2416 1441 2606 1495 medio
2638 1441 2947 1506 ﬂuctuum,
2973 1441 3086 1496 nisi
3122 1440 3326 1496 sedulo
3359 1441 3416 1496 in
3451 1441 3754 1497 anteriora

2095 1535 2482 1603 expungatur,
2508 1529 2730 1602 jugitcr
2753 1531 2910 1587 vadit
2942 1533 3477 1596 retrorsum.Quam
3504 1547 3628 1586 rem
3649 1547 3756 1586 cur

2096 1619 2499 1692 proposuerim
2522 1620 2724 1692 paucis
2758 1619 3274 1676 absolvam.Locus
3307 1620 3418 1675 iste
3450 1619 3560 1676 sub
3579 1619 3754 1676 titulo

2097 1707 2432 1780 assignatus
2463 1713 2676 1764 sancta:
2703 1707 2802 1765 Dei
2833 1708 3135 1781 genitricis
3169 1707 3385 1776 Mariae,
3419 1709 3750 1765 secundum

2097 1796 2189 1852 sui
2221 1797 2477 1853 nominis
2509 1797 2854 1870 dignitatem
2887 1796 3186 1869 religionis
3218 1813 3336 1854 non
3367 1795 3543 1854 habet
3574 1796 3758 1854 hono-

2097 1902 2242 1942 real.

2169 1976 2306 2032 Post
2320 1975 2482 2033 illam
2502 1992 2755 2048 namque
2772 1976 3282 2048 miscriam,quam
3305 1991 3446 2048 pene
3465 1975 3746 2034 omnibus

2098 2067 2377 2139 importat
2405 2065 2603 2122 saeculi
2635 2065 2880 2131 malitia,
2911 2065 3005 2120 vix
3052 2065 3352 2138 pertenuis
3392 2064 3654 2131 scientia,
3687 2069 3750 2121 et

2097 2173 2274 2230 prope
2303 2155 2467 2212 nulla
2495 2155 2782 2212 clericalis
2813 2171 2914 2212 seu
2949 2154 3213 2210 canonici
3231 2154 3452 2212 ordinis
3473 2155 3546 2211 ad
3566 2154 3757 2211 scien-

2098 2247 2238 2302 dum
2261 2249 2319 2302 et
2351 2243 2796 2318 intelligendum
2828 2244 3014 2300 Deum
3045 2261 3146 2300 vos
3195 2247 3434 2300 exornat
3463 2243 3756 2316 sapientia

2097 2340 2155 2390 et
2183 2333 2560 2391 continentia.
2589 2335 2704 2390 Nec
2736 2349 2932 2390 moras
2959 2332 3124 2389 vobis
3157 2332 3367 2388 faciam
3398 2332 3458 2387 in
3489 2331 3752 2388 multum

2097 2423 2416 2496 loquendo;
2437 2423 2687 2479 duorum
2715 2422 2881 2479 vobis
2907 2423 3082 2478 datur
3095 2421 3252 2493 optio
3267 2439 3282 2490 ;
3300 2419 3478 2494 eligat
3493 2420 3752 2494 quisque

2097 2515 2254 2586 quod
2287 2513 2406 2569 sibi
2433 2512 2636 2568 utilius
2666 2512 2916 2579 videtur,
2949 2515 3049 2568 aut
3079 2511 3200 2567 ﬁeri
3239 2509 3621 2566 monachum.
3649 2515 3752 2566 aut

2097 2603 2353 2659 cedendo
2403 2618 2651 2658 vacuare
2693 2599 2910 2657 locum.
2945 2600 3048 2658 Cui
3097 2599 3286 2672 placet
3339 2600 3397 2654 in
3439 2598 3754 2667 monacho,

2097 2693 2382 2764 spondeat
2429 2692 2489 2746 in
2538 2689 2829 2763 praesenti.
2882 2689 3165 2746 Refutans
3213 2692 3272 2745 et
3316 2687 3523 2744 nolens
3560 2691 3758 2743 mutet

2097 2782 2317 2850 sedem,
2351 2784 2408 2836 et
2433 2784 2614 2836 exeat.
2655 2781 2800 2836 Ecce
2841 2779 3030 2835 habeo
3071 2777 3216 2834 mihi
3266 2776 3590 2833 monachos
3639 2776 3753 2832 sub

2098 2886 2304 2925 norma
2321 2869 2506 2924 sancti
2531 2867 2824 2924 Benedicti
2847 2867 3324 2924 victuros.Abbas
3344 2881 3602 2938 namque
3616 2879 3755 2920 cum

2097 2959 2224 3014 suis
2239 2959 2520 3014 fratribus
2539 2957 2844 3030 egrediens
2866 2974 2898 3012 a
2920 2956 3076 3026 navi,
3093 2955 3478 3014 nuntiabatur
3487 2955 3609 3028 jam
3621 2970 3756 3012 esse

2097 3065 2212 3120 pra:
2245 3048 2490 3102 foribus.
2525 3046 2630 3102 Hic
2661 3045 2916 3102 turbatis
2963 3044 3239 3100 omnibus
3284 3044 3497 3112 (durus
3526 3045 3752 3116 quippe

2098 3155 2291 3193 sermo
2313 3137 2472 3192 visus
2493 3139 2581 3191 est
2601 3135 2686 3192 eis
2707 3136 2778 3190 de
2802 3132 3286 3206 monacho),nulli
3304 3131 3415 3188 fuit
3433 3131 3748 3188 consilium

2099 3230 2307 3298 prmter
2335 3241 2552 3297 paucos
2583 3240 2731 3296 quos
2762 3223 2842 3278 rei
2877 3222 3184 3278 familiaris
3214 3221 3464 3294 angebat
3493 3219 3754 3276 necessi-

2101 3316 2261 3383 tudo,
2296 3315 2462 3386 sequi
2493 3314 2712 3368 bonum
2746 3313 2900 3384 quod
2933 3310 3146 3384 praesul
3179 3311 3295 3367 Deo
3344 3310 3559 3383 dignus
3605 3325 3752 3364 sua-

2101 3405 2276 3460 debat
2303 3404 2618 3476 agendum.

2171 3493 2266 3550 Sic
2297 3493 2606 3564 episcopus
2638 3489 2995 3546 intromissis
3038 3506 3172 3546 cum
3225 3489 3442 3544 honore
3491 3503 3751 3561 congruo

2101 3583 2308 3640 abbate
2339 3585 2396 3637 et
2421 3579 2728 3636 monachis
2759 3580 2819 3634 in
2866 3579 3268 3635 sanctuarium
3303 3595 3318 3632 :
3350 3578 3501 3644 Ecce,
3532 3575 3748 3649 inquit,

2102 3689 2266 3746 quam
2295 3671 2495 3728 bonum
2522 3678 2574 3726 et
2602 3685 2766 3742 quam
2792 3667 3105 3743 jucundum
3149 3667 3398 3723 habitare
3441 3667 3642 3738 fratres
3691 3666 3754 3720 in

2101 3778 2294 3818 unum.
2328 3759 2413 3816 Sit
2440 3758 2604 3814 vobis
2626 3759 2770 3814 sicut
2795 3764 3136 3830 unguentum
3166 3758 3227 3811 in
3255 3755 3448 3828 capite,
3491 3753 3632 3827 quod
3660 3753 3754 3810 de-

2100 3851 2307 3908 scendit
2334 3849 2395 3905 in
2415 3849 2668 3917 barbam,
2704 3847 2929 3903 barbam
2971 3847 3172 3902 Aaron.
3206 3845 3269 3900 Et
3308 3842 3450 3916 quod
3478 3841 3757 3899 descendit

2103 3943 2165 3996 in
2211 3955 2365 3996 oram
2403 3939 2708 3995 aestimati
2734 3937 2851 4009 ejus
2873 3953 2892 3990 :
2945 3943 2996 3992 et
3044 3937 3188 3990 sicut
3232 3949 3320 3989 ros
3366 3933 3622 4002 Ilevmon,
3657 3932 3758 4004 qui

2098 4030 2276 4086 stillat
2304 4026 2427 4098 (al.,
2449 4026 2740 4098 descendit)
2773 4027 2833 4082 in
2861 4031 3099 4082 montem
3127 4023 3279 4080 Sion.
3305 4021 3378 4078 Ut
3407 4020 3504 4076 hic
3530 4019 3757 4076 mandet

2097 4120 2358 4176 Dominus
2392 4115 2810 4174 benedictionem
2839 4122 2892 4172 et
2934 4116 3105 4170 vitam
3152 4113 3212 4168 in
3258 4110 3524 4168 saeculum
3573 4110 3751 4181 (Psal.

2099 4223 2305 4275 cxxxn,
2342 4206 2471 4274 1-4).

2167 4295 2431 4368 Cumque
2461 4310 2665 4350 omnes
2696 4292 3175 4366 respondissent:
3207 4287 3750 4361 Amen.Episcopus

2097 4383 2293 4442 abbati
2325 4383 2558 4440 locutus
2589 4388 2678 4440 est
2704 4386 2762 4439 et
2791 4381 3075 4438 fratribus
3107 4397 3118 4436 :
3151 4379 3277 4436 Non
3310 4378 3527 4432 frustra
3557 4392 3748 4448 neque

2097 4475 2224 4530 sine
2254 4490 2434 4529 causa
2463 4471 2722 4544 sit,quod
2747 4471 2840 4527 hic
2855 4487 2956 4528 vos
2983 4463 3540 4537 admittimus,quod
3557 4470 3750 4521 muta-

2096 4563 2254 4619 tione
2283 4562 2432 4618 facta
2453 4561 2717 4618 ordinem
2748 4558 3094 4616 clericorum
3119 4554 3283 4612 vobis
3306 4553 3747 4628 postponimus,

339 4648 536 4704 navim
569 4649 1191 4721 conscenderet,quam
1215 4649 1338 4721 ipse
1371 4649 1580 4722 priesul
1599 4651 1682 4707 eis
1714 4651 1987 4724 imposito
2017 4666 2064 4731 Ι)
2097 4653 2198 4708 sed
2223 4657 2464 4725 pensato
2493 4652 2647 4724 quod
2681 4649 2898 4706 dicitur
2929 4665 2944 4702 :
2976 4649 3176 4716 Amice,
3208 4644 3278 4702 ad
3321 4642 3455 4717 quid
3499 4644 3704 4698 venisti
3721 4647 3750 4697 ἵ

340 4740 671 4794 commeatu
703 4742 1100 4811 apparaverat,
1135 4742 1192 4794 et
1222 4755 1462 4793 cursum
1510 4756 1625 4795 non
1656 4741 1986 4798 deflecteret

339 4827 522 4884 donec
553 4828 716 4899 prius
748 4827 1076 4884 Mosomum
1108 4827 1326 4884 veniret
1355 4827 1624 4900 imperat.
1649 4829 1872 4895 Quibus
1904 4832 1985 4888 ita

337 4916 919 4988 dispositis,domnus
947 4916 1234 4973 Adalbero
1266 4918 1600 4974 conscensis
1624 4919 1792 4989 equis
1814 4936 1984 4993 nego-

335 5003 485 5061 tium
517 5006 672 5078 quod
698 5007 1494 5078 intenderatperfecturus,ad
1513 5006 1665 5062 hanc
1683 5025 1800 5064 suae
1823 5009 1980 5065 sedis

335 5093 644 5150 ecclesiam
675 5094 960 5166 pervenit,
991 5099 1049 5150 et
1079 5112 1213 5150 cum
1263 5095 1483 5150 honore
1528 5101 1838 5168 susceptus
1868 5101 1974 5153 est.

335 5182 500 5238 Tunc
530 5184 752 5255 priores
783 5183 1040 5240 ecclesiae
1064 5183 1356 5256 appellare
1387 5185 1702 5256 coepit,alia
1722 5203 1824 5258 pro
1845 5187 1976 5244 aliis

333 5271 502 5343 quasi
535 5271 964 5328 dissimulando
995 5273 1440 5346 ﬁngens,deque
1470 5273 1583 5329 situ
1611 5279 1668 5330 et
1696 5277 1850 5331 statu
1874 5275 1982 5332 loci

334 5360 714 5432 mdiﬁciisque
745 5361 1086 5433 compositis
1104 5362 1507 5432 confabulans,
1523 5363 1570 5418 si
1594 5363 1734 5432 quid
1759 5364 1818 5420 in
1841 5383 1982 5422 auro

333 5453 690 5523 argentoque
713 5450 1052 5522 esset,quod
1085 5449 1421 5523 plusculum
1443 5451 1530 5508 vel
1551 5452 1874 5525 pretiosum
1897 5471 1984 5510 ec-

331 5537 510 5594 clesia
529 5557 633 5595 seu
657 5539 714 5594 in
748 5538 1023 5612 pallis,ut
1052 5539 1112 5593 in
1143 5539 1602 5597 sacerdotalibus
1620 5542 1980 5600 indumentis

331 5625 592 5694 haberet,
637 5643 702 5682 se
747 5628 942 5682 videre
987 5625 1133 5681 velle
1183 5628 1346 5682 dixit.
1382 5628 1604 5694 Quibus
1652 5630 1976 5703 inspectis:

432 5712 573 5786 hac:
604 5715 813 5788 inquit,
847 5732 952 5787 pro
982 5732 1044 5771 se
1075 5715 1239 5784 satis,
1274 5716 1374 5771 sed
1409 5733 1526 5772 non
1575 5717 1766 5780 multa
1797 5725 1936 5778 sunt
1962 5740 1974 5794 ;

2097 4742 2300 4812 (Matth.
2331 4758 2483 4809 xxVI,
2516 4739 2626 4812 50).
2661 4739 2869 4795 Servite
2897 4737 3127 4793 Domino
3154 4736 3215 4790 in
3244 4735 3456 4800 timore,
3489 4739 3540 4788 et
3565 4732 3750 4788 exsul-

2095 4839 2199 4886 tate
2245 4833 2298 4886 ei
2338 4847 2462 4886 cum
2509 4838 2738 4886 tremore
2769 4847 2788 4882 :
2837 4825 3224 4900 apprehendite
3270 4822 3646 4894 disciplinam,
3675 4838 3748 4877 ne

2093 4918 2307 4992 quando
2355 4921 2628 4974 irascatur
2677 4917 2958 4982 Dominus,
3005 4923 3056 4970 et
3097 4912 3334 4986 pereatis
3379 4910 3578 4966 ἀθουὶα
3589 4911 3747 4983 justa

2090 5009 2262 5078 (Psal.
2295 5025 2358 5076 ιι,
2390 5009 2476 5075 11,
2514 5007 2620 5079 12).
2653 5005 2927 5062 Vestrum
2960 5003 3038 5060 sit
3067 5020 3171 5075 pro
3214 5000 3383 5056 nobis
3413 5015 3611 5066 orare;
3647 5015 3747 5054 no-

2088 5101 2279 5154 strum
2337 5097 2467 5164 erit,
2515 5097 2631 5152 Deo
2688 5097 2965 5165 donante,
3025 5090 3302 5148 victualia
3357 5087 3523 5144 vobis
3582 5087 3743 5142 ordi-

2090 5203 2248 5243 nare.

2164 5275 2434 5332 Claustra
2480 5273 2818 5331 monasterii
2863 5278 2921 5329 et
2965 5267 3288 5328 officinales
3329 5266 3497 5322 vobis
3530 5265 3743 5322 domos

2092 5363 2466 5434 metabimur,
2482 5369 2540 5419 et
2570 5363 2916 5435 procedente
2945 5365 3208 5432 tempore
3237 5357 3568 5430 opportuna
3581 5370 3739 5426 quee-

2091 5470 2204 5526 que
2225 5453 2672 5526 procurabimus
2688 5470 2702 5522 ;
2719 5468 2820 5508 vos
2837 5454 3067 5507 tantum
3082 5464 3217 5504 cum
3229 5445 3346 5502 Deo
3363 5441 3741 5500 ambulantes

2089 5541 2438 5611 solliciti,sic
2463 5541 2580 5596 Deo
2611 5540 2786 5613 digne
2801 5544 2859 5596 et
2889 5538 3108 5596 sanctis
3137 5538 3266 5610 ejus
3286 5533 3738 5601 conversamini,

2089 5635 2155 5686 ut
2185 5631 2256 5687 de
2284 5629 2448 5687 vobis
2479 5629 2688 5686 merito
2711 5629 2898 5701 possit
2927 5627 3146 5686 audiri:
3171 5627 3301 5681 Ecce
3326 5621 3744 5680 tabernaculum

2086 5722 2186 5778 Dei
2213 5735 2338 5776 eum
2366 5718 2704 5786 hominibus,
2735 5727 2786 5777 et
2829 5717 3098 5775 habitabit
3137 5731 3262 5771 enm
3286 5714 3386 5771 eis.
3419 5711 3533 5788 Ipsi
3569 5726 3744 5794 popu-
