  <div class='ocr_page' id='page_1' title='image "/cluster/home/n/w/nwhite01/storage/ocr_20150623/137/hvd.32044054759972/273.png"; bbox 0 0 4060 6170; ppageno 0'>
   <div class='ocr_carea' id='block_1_1' title="bbox 239 458 352 520">
    <p class='ocr_par' dir='ltr' id='par_1_1' title="bbox 239 458 352 520">
     <span class='ocr_line' id='line_1_1' title="bbox 239 458 352 520; baseline 0.027 -3"><span class='ocrx_word' id='word_1_1' title='bbox 239 458 352 520; x_wconf 78' lang='lat'>527</span> 
     </span>
    </p>
   </div>
   <div class='ocr_carea' id='block_1_2' title="bbox 851 420 3026 526">
    <p class='ocr_par' dir='ltr' id='par_1_2' title="bbox 851 420 3026 526">
     <span class='ocr_line' id='line_1_2' title="bbox 851 420 3026 526; baseline -0.005 -8"><span class='ocrx_word' id='word_1_2' title='bbox 851 455 1404 518; x_wconf 81' lang='lat' dir='ltr'>ADALBERONIS</span> <span class='ocrx_word' id='word_1_3' title='bbox 1447 451 1810 514; x_wconf 81' lang='lat' dir='ltr'>ARCHIEP.</span> <span class='ocrx_word' id='word_1_4' title='bbox 1857 443 2196 510; x_wconf 66' lang='lat' dir='ltr'>REMENS.</span> <span class='ocrx_word' id='word_1_5' title='bbox 2241 420 2814 526; x_wconf 71' lang='lat' dir='ltr'>INTRODUCTIO,</span> <span class='ocrx_word' id='word_1_6' title='bbox 2858 451 3026 514; x_wconf 88' lang='lat' dir='ltr'>ETC.</span> 
     </span>
    </p>
   </div>
   <div class='ocr_carea' id='block_1_3' title="bbox 3526 447 3649 510">
    <p class='ocr_par' dir='ltr' id='par_1_3' title="bbox 3526 447 3649 510">
     <span class='ocr_line' id='line_1_3' title="bbox 3526 447 3649 510; baseline 0 0"><span class='ocrx_word' id='word_1_7' title='bbox 3526 447 3649 510; x_wconf 79' lang='lat'>528</span> 
     </span>
    </p>
   </div>
   <div class='ocr_carea' id='block_1_4' title="bbox 235 578 3650 666">
    <p class='ocr_par' dir='ltr' id='par_1_4' title="bbox 235 578 3650 666">
     <span class='ocr_line' id='line_1_4' title="bbox 235 578 3650 666; baseline -0.003 -19"><span class='ocrx_word' id='word_1_8' title='bbox 235 595 584 666; x_wconf 88' lang='lat' dir='ltr'>perpetuum</span> <span class='ocrx_word' id='word_1_9' title='bbox 605 586 1353 660; x_wconf 88' lang='lat' dir='ltr'>tueretur,quamdiuillum</span> <span class='ocrx_word' id='word_1_10' title='bbox 1367 584 1564 641; x_wconf 90' lang='lat' dir='ltr'>divina</span> <span class='ocrx_word' id='word_1_11' title='bbox 1575 581 1884 639; x_wconf 87' lang='lat' dir='ltr'>clementia</span> <span class='ocrx_word' id='word_1_12' title='bbox 1911 580 1968 648; x_wconf 78' lang='grc' dir='ltr'><strong>Α</strong></span> <span class='ocrx_word' id='word_1_13' title='bbox 1999 602 2026 631; x_wconf 93' lang='grc'>‹‹</span> <span class='ocrx_word' id='word_1_14' title='bbox 2055 578 2303 636; x_wconf 89' lang='lat' dir='ltr'>Mosomi</span> <span class='ocrx_word' id='word_1_15' title='bbox 2331 579 2672 639; x_wconf 74' lang='lat' dir='ltr'>omnobialis</span> <span class='ocrx_word' id='word_1_16' title='bbox 2691 581 2851 640; x_wconf 85' lang='lat' dir='ltr'>locus</span> <span class='ocrx_word' id='word_1_17' title='bbox 2871 581 3238 654; x_wconf 82' lang='lat' dir='ltr'>antiquitatis</span> <span class='ocrx_word' id='word_1_18' title='bbox 3259 579 3452 638; x_wconf 87' lang='lat' dir='ltr'>studio</span> <span class='ocrx_word' id='word_1_19' title='bbox 3469 586 3650 638; x_wconf 84' lang='lat' dir='ltr'>certa-</span> 
     </span>
    </p>
   </div>
   <div class='ocr_carea' id='block_1_5' title="bbox 237 672 1884 750">
    <p class='ocr_par' dir='ltr' id='par_1_5' title="bbox 237 672 1884 750">
     <span class='ocr_line' id='line_1_5' title="bbox 237 672 1884 750; baseline -0.007 -13"><span class='ocrx_word' id='word_1_20' title='bbox 237 680 588 737; x_wconf 89' lang='lat' dir='ltr'>servandum</span> <span class='ocrx_word' id='word_1_21' title='bbox 627 678 981 750; x_wconf 82' lang='lat' dir='ltr'>disponeret,</span> <span class='ocrx_word' id='word_1_22' title='bbox 1015 692 1082 732; x_wconf 91' lang='lat' dir='ltr'>ac</span> <span class='ocrx_word' id='word_1_23' title='bbox 1113 675 1173 730; x_wconf 91' lang='lat' dir='ltr'>in</span> <span class='ocrx_word' id='word_1_24' title='bbox 1223 693 1330 731; x_wconf 92' lang='lat' dir='ltr'>suo</span> <span class='ocrx_word' id='word_1_25' title='bbox 1387 672 1632 730; x_wconf 91' lang='lat' dir='ltr'>concilio</span> <span class='ocrx_word' id='word_1_26' title='bbox 1689 687 1884 726; x_wconf 90' lang='lat' dir='ltr'>coram</span> 
     </span>
    </p>
   </div>
   <div class='ocr_carea' id='block_1_6' title="bbox 235 762 1886 842">
    <p class='ocr_par' dir='ltr' id='par_1_6' title="bbox 235 762 1886 842">
     <span class='ocr_line' id='line_1_6' title="bbox 235 762 1886 842; baseline -0.007 -16"><span class='ocrx_word' id='word_1_27' title='bbox 235 767 524 842; x_wconf 87' lang='lat' dir='ltr'>episcopis</span> <span class='ocrx_word' id='word_1_28' title='bbox 546 770 602 822; x_wconf 90' lang='lat' dir='ltr'>et</span> <span class='ocrx_word' id='word_1_29' title='bbox 621 764 876 838; x_wconf 85' lang='lat' dir='ltr'>generali</span> <span class='ocrx_word' id='word_1_30' title='bbox 894 765 1114 838; x_wconf 84' lang='lat' dir='ltr'>synodo</span> <span class='ocrx_word' id='word_1_31' title='bbox 1132 763 1439 820; x_wconf 90' lang='lat' dir='ltr'>recitatum</span> <span class='ocrx_word' id='word_1_32' title='bbox 1471 763 1652 819; x_wconf 88' lang='lat' dir='ltr'>misit.</span> <span class='ocrx_word' id='word_1_33' title='bbox 1688 762 1886 832; x_wconf 81' lang='lat' dir='ltr'>Itaque</span> 
     </span>
    </p>
   </div>
   <div class='ocr_carea' id='block_1_7' title="bbox 232 849 1886 924">
    <p class='ocr_par' dir='ltr' id='par_1_7' title="bbox 232 849 1886 924">
     <span class='ocr_line' id='line_1_7' title="bbox 232 849 1886 924; baseline -0.006 -10"><span class='ocrx_word' id='word_1_34' title='bbox 232 857 304 914; x_wconf 86' lang='lat' dir='ltr'>ad</span> <span class='ocrx_word' id='word_1_35' title='bbox 319 871 526 914; x_wconf 82' lang='lat' dir='ltr'>secum</span> <span class='ocrx_word' id='word_1_36' title='bbox 540 855 881 912; x_wconf 72' lang='lat' dir='ltr'>S.Romana:</span> <span class='ocrx_word' id='word_1_37' title='bbox 897 853 1167 909; x_wconf 76' lang='lat' dir='ltr'>Ecclesim</span> <span class='ocrx_word' id='word_1_38' title='bbox 1190 851 1581 924; x_wconf 87' lang='lat' dir='ltr'>apocrisiariis</span> <span class='ocrx_word' id='word_1_39' title='bbox 1605 849 1886 922; x_wconf 74' lang='lat' dir='ltr'><strong>regressis</strong></span> 
     </span>
    </p>
   </div>
   <div class='ocr_carea' id='block_1_8' title="bbox 231 937 1886 1016">
    <p class='ocr_par' dir='ltr' id='par_1_8' title="bbox 231 937 1886 1016">
     <span class='ocr_line' id='line_1_8' title="bbox 231 937 1886 1016; baseline -0.007 -14"><span class='ocrx_word' id='word_1_40' title='bbox 231 943 409 1002; x_wconf 88' lang='lat' dir='ltr'>etiam</span> <span class='ocrx_word' id='word_1_41' title='bbox 439 942 880 1016; x_wconf 89' lang='lat' dir='ltr'>responsalibus</span> <span class='ocrx_word' id='word_1_42' title='bbox 912 943 1059 1010; x_wconf 86' lang='lat' dir='ltr'><strong>suis,</strong></span> <span class='ocrx_word' id='word_1_43' title='bbox 1079 941 1291 1012; x_wconf 74' lang='lat' dir='ltr'>praesul</span> <span class='ocrx_word' id='word_1_44' title='bbox 1323 942 1438 996; x_wconf 88' lang='lat' dir='ltr'>Deo</span> <span class='ocrx_word' id='word_1_45' title='bbox 1468 941 1681 1012; x_wconf 83' lang='lat' dir='ltr'>dignus</span> <span class='ocrx_word' id='word_1_46' title='bbox 1713 937 1886 993; x_wconf 77' lang='lat' dir='ltr'>Adal-</span> 
     </span>
    </p>
   </div>
   <div class='ocr_carea' id='block_1_9' title="bbox 231 1027 1882 1103">
    <p class='ocr_par' dir='ltr' id='par_1_9' title="bbox 231 1027 1882 1103">
     <span class='ocr_line' id='line_1_9' title="bbox 231 1027 1882 1103; baseline -0.007 -12"><span class='ocrx_word' id='word_1_47' title='bbox 231 1035 368 1091; x_wconf 88' lang='lat' dir='ltr'>bero</span> <span class='ocrx_word' id='word_1_48' title='bbox 387 1035 766 1090; x_wconf 88' lang='lat' dir='ltr'>eonvocatum</span> <span class='ocrx_word' id='word_1_49' title='bbox 792 1031 1052 1103; x_wconf 88' lang='lat' dir='ltr'>undique</span> <span class='ocrx_word' id='word_1_50' title='bbox 1077 1048 1178 1102; x_wconf 90' lang='lat' dir='ltr'>pro</span> <span class='ocrx_word' id='word_1_51' title='bbox 1202 1030 1527 1084; x_wconf 89' lang='lat' dir='ltr'>canonibus</span> <span class='ocrx_word' id='word_1_52' title='bbox 1551 1027 1882 1100; x_wconf 84' lang='lat' dir='ltr'>religendis,</span> 
     </span>
    </p>
   </div>
   <div class='ocr_carea' id='block_1_10' title="bbox 233 1115 1886 1180">
    <p class='ocr_par' dir='ltr' id='par_1_10' title="bbox 233 1115 1886 1180">
     <span class='ocr_line' id='line_1_10' title="bbox 233 1115 1886 1180; baseline -0.007 0"><span class='ocrx_word' id='word_1_53' title='bbox 233 1127 291 1180; x_wconf 90' lang='lat' dir='ltr'>et</span> <span class='ocrx_word' id='word_1_54' title='bbox 319 1123 515 1178; x_wconf 89' lang='lat' dir='ltr'>causis</span> <span class='ocrx_word' id='word_1_55' title='bbox 547 1123 762 1178; x_wconf 77' lang='lat' dir='ltr'>sanctae</span> <span class='ocrx_word' id='word_1_56' title='bbox 794 1119 1060 1175; x_wconf 73' lang='lat' dir='ltr'>Ecclesia:</span> <span class='ocrx_word' id='word_1_57' title='bbox 1092 1119 1151 1173; x_wconf 89' lang='lat' dir='ltr'>in</span> <span class='ocrx_word' id='word_1_58' title='bbox 1186 1117 1396 1176; x_wconf 86' lang='lat' dir='ltr'>melius</span> <span class='ocrx_word' id='word_1_59' title='bbox 1417 1115 1886 1180; x_wconf 83' lang='lat' dir='ltr'>conciliandis,in</span> 
     </span>
    </p>
   </div>
   <div class='ocr_carea' id='block_1_11' title="bbox 235 1204 1890 1285">
    <p class='ocr_par' dir='ltr' id='par_1_11' title="bbox 235 1204 1890 1285">
     <span class='ocr_line' id='line_1_11' title="bbox 235 1204 1890 1285; baseline -0.004 -18"><span class='ocrx_word' id='word_1_60' title='bbox 235 1227 384 1285; x_wconf 85' lang='lat' dir='ltr'>pago</span> <span class='ocrx_word' id='word_1_61' title='bbox 415 1208 775 1266; x_wconf 88' lang='lat' dir='ltr'>Tardanensi</span> <span class='ocrx_word' id='word_1_62' title='bbox 800 1209 955 1280; x_wconf 90' lang='lat' dir='ltr'>apud</span> <span class='ocrx_word' id='word_1_63' title='bbox 979 1208 1236 1263; x_wconf 77' lang='lat' dir='ltr'>Montem</span> <span class='ocrx_word' id='word_1_64' title='bbox 1260 1211 1474 1262; x_wconf 67' lang='lat' dir='ltr'>sanctae</span> <span class='ocrx_word' id='word_1_65' title='bbox 1498 1206 1690 1260; x_wconf 75' lang='lat' dir='ltr'>Marize</span> <span class='ocrx_word' id='word_1_66' title='bbox 1722 1204 1890 1260; x_wconf 85' lang='lat' dir='ltr'>colle-</span> 
     </span>
    </p>
   </div>
   <div class='ocr_carea' id='block_1_12' title="bbox 237 1293 1888 1373">
    <p class='ocr_par' dir='ltr' id='par_1_12' title="bbox 237 1293 1888 1373">
     <span class='ocr_line' id='line_1_12' title="bbox 237 1293 1888 1373; baseline -0.004 -19"><span class='ocrx_word' id='word_1_67' title='bbox 237 1301 324 1373; x_wconf 89' lang='lat' dir='ltr'>git</span> <span class='ocrx_word' id='word_1_68' title='bbox 354 1315 557 1354; x_wconf 83' lang='lat' dir='ltr'>mense</span> <span class='ocrx_word' id='word_1_69' title='bbox 596 1297 748 1353; x_wconf 87' lang='lat' dir='ltr'>Maio</span> <span class='ocrx_word' id='word_1_70' title='bbox 799 1296 1132 1353; x_wconf 89' lang='lat' dir='ltr'>concilium.</span> <span class='ocrx_word' id='word_1_71' title='bbox 1167 1296 1272 1352; x_wconf 87' lang='lat' dir='ltr'>Ubi</span> <span class='ocrx_word' id='word_1_72' title='bbox 1305 1293 1591 1351; x_wconf 84' lang='lat' dir='ltr'>ordinatis</span> <span class='ocrx_word' id='word_1_73' title='bbox 1612 1296 1888 1366; x_wconf 81' lang='lat' dir='ltr'>justeque</span> 
     </span>
    </p>
   </div>
   <div class='ocr_carea' id='block_1_13' title="bbox 237 1381 1888 1462">
    <p class='ocr_par' dir='ltr' id='par_1_13' title="bbox 237 1381 1888 1462">
     <span class='ocr_line' id='line_1_13' title="bbox 237 1381 1888 1462; baseline -0.005 -18"><span class='ocrx_word' id='word_1_74' title='bbox 237 1387 544 1462; x_wconf 83' lang='lat' dir='ltr'>dispositis</span> <span class='ocrx_word' id='word_1_75' title='bbox 567 1402 930 1459; x_wconf 69' lang='lat' dir='ltr'>quzecunque</span> <span class='ocrx_word' id='word_1_76' title='bbox 951 1386 1300 1440; x_wconf 85' lang='lat' dir='ltr'>videbantur</span> <span class='ocrx_word' id='word_1_77' title='bbox 1317 1382 1645 1439; x_wconf 84' lang='lat' dir='ltr'>necessaria</span> <span class='ocrx_word' id='word_1_78' title='bbox 1661 1387 1716 1436; x_wconf 87' lang='lat' dir='ltr'>et</span> <span class='ocrx_word' id='word_1_79' title='bbox 1737 1381 1888 1436; x_wconf 83' lang='lat' dir='ltr'>ordi-</span> 
     </span>
    </p>
   </div>
   <div class='ocr_carea' id='block_1_14' title="bbox 238 1471 1893 1546">
    <p class='ocr_par' dir='ltr' id='par_1_14' title="bbox 238 1471 1893 1546">
     <span class='ocr_line' id='line_1_14' title="bbox 238 1471 1893 1546; baseline -0.007 -11"><span class='ocrx_word' id='word_1_80' title='bbox 238 1476 478 1546; x_wconf 87' lang='lat' dir='ltr'>nabilia,</span> <span class='ocrx_word' id='word_1_81' title='bbox 507 1476 622 1532; x_wconf 90' lang='lat' dir='ltr'>voti</span> <span class='ocrx_word' id='word_1_82' title='bbox 656 1475 747 1530; x_wconf 89' lang='lat' dir='ltr'>sui</span> <span class='ocrx_word' id='word_1_83' title='bbox 781 1491 885 1546; x_wconf 88' lang='lat' dir='ltr'>pro</span> <span class='ocrx_word' id='word_1_84' title='bbox 915 1491 1032 1546; x_wconf 91' lang='lat' dir='ltr'>quo</span> <span class='ocrx_word' id='word_1_85' title='bbox 1075 1475 1322 1530; x_wconf 82' lang='lat' dir='ltr'>Romam</span> <span class='ocrx_word' id='word_1_86' title='bbox 1370 1473 1610 1528; x_wconf 90' lang='lat' dir='ltr'>miserat</span> <span class='ocrx_word' id='word_1_87' title='bbox 1641 1489 1756 1527; x_wconf 90' lang='lat' dir='ltr'>non</span> <span class='ocrx_word' id='word_1_88' title='bbox 1787 1471 1893 1525; x_wconf 91' lang='lat' dir='ltr'>im-</span> 
     </span>
    </p>
   </div>
   <div class='ocr_carea' id='block_1_15' title="bbox 238 1558 1893 1634">
    <p class='ocr_par' dir='ltr' id='par_1_15' title="bbox 238 1558 1893 1634">
     <span class='ocr_line' id='line_1_15' title="bbox 238 1558 1893 1634; baseline -0.005 -10"><span class='ocrx_word' id='word_1_89' title='bbox 238 1583 483 1634; x_wconf 90' lang='lat' dir='ltr'>memor,</span> <span class='ocrx_word' id='word_1_90' title='bbox 515 1581 713 1620; x_wconf 90' lang='lat' dir='ltr'>coram</span> <span class='ocrx_word' id='word_1_91' title='bbox 769 1563 1119 1620; x_wconf 85' lang='lat' dir='ltr'>venerandis</span> <span class='ocrx_word' id='word_1_92' title='bbox 1177 1561 1450 1618; x_wconf 92' lang='lat' dir='ltr'>Patribus</span> <span class='ocrx_word' id='word_1_93' title='bbox 1497 1565 1552 1616; x_wconf 91' lang='lat' dir='ltr'>et</span> <span class='ocrx_word' id='word_1_94' title='bbox 1599 1560 1759 1617; x_wconf 89' lang='lat' dir='ltr'>omni</span> <span class='ocrx_word' id='word_1_95' title='bbox 1789 1558 1893 1615; x_wconf 91' lang='lat' dir='ltr'>illa</span> 
     </span>
    </p>
   </div>
   <div class='ocr_carea' id='block_1_16' title="bbox 240 1649 1887 1727">
    <p class='ocr_par' dir='ltr' id='par_1_16' title="bbox 240 1649 1887 1727">
     <span class='ocr_line' id='line_1_16' title="bbox 240 1649 1887 1727; baseline -0.005 -15"><span class='ocrx_word' id='word_1_96' title='bbox 240 1660 444 1714; x_wconf 88' lang='lat' dir='ltr'>sancta</span> <span class='ocrx_word' id='word_1_97' title='bbox 471 1655 691 1727; x_wconf 81' lang='lat' dir='ltr'>synodo</span> <span class='ocrx_word' id='word_1_98' title='bbox 723 1653 807 1709; x_wconf 66' lang='lat' dir='ltr'>sic</span> <span class='ocrx_word' id='word_1_99' title='bbox 836 1669 1077 1708; x_wconf 84' lang='lat' dir='ltr'>exorsus</span> <span class='ocrx_word' id='word_1_100' title='bbox 1127 1651 1402 1706; x_wconf 89' lang='lat' dir='ltr'>dominus</span> <span class='ocrx_word' id='word_1_101' title='bbox 1451 1654 1540 1706; x_wconf 90' lang='lat' dir='ltr'>est</span> <span class='ocrx_word' id='word_1_102' title='bbox 1581 1649 1887 1705; x_wconf 90' lang='lat' dir='ltr'>Adalbero.</span> 
     </span>
    </p>
   </div>
   <div class='ocr_carea' id='block_1_17' title="bbox 313 1738 1886 1814">
    <p class='ocr_par' dir='ltr' id='par_1_17' title="bbox 313 1738 1886 1814">
     <span class='ocr_line' id='line_1_17' title="bbox 313 1738 1886 1814; baseline -0.001 -19"><span class='ocrx_word' id='word_1_103' title='bbox 313 1767 342 1796; x_wconf 73' lang='grc' dir='ltr'>ι(</span> <span class='ocrx_word' id='word_1_104' title='bbox 373 1743 606 1814; x_wconf 81' lang='lat' dir='ltr'>Domini</span> <span class='ocrx_word' id='word_1_105' title='bbox 639 1742 859 1810; x_wconf 82' lang='lat' dir='ltr'>Patres,</span> <span class='ocrx_word' id='word_1_106' title='bbox 894 1757 960 1797; x_wconf 91' lang='lat' dir='ltr'>ac</span> <span class='ocrx_word' id='word_1_107' title='bbox 987 1739 1356 1795; x_wconf 87' lang='lat' dir='ltr'>dilectissimi</span> <span class='ocrx_word' id='word_1_108' title='bbox 1407 1740 1635 1805; x_wconf 81' lang='lat' dir='ltr'>fratres,</span> <span class='ocrx_word' id='word_1_109' title='bbox 1668 1738 1886 1807; x_wconf 89' lang='lat' dir='ltr'>audite,</span> 
     </span>
    </p>
   </div>
   <div class='ocr_carea' id='block_1_18' title="bbox 241 1829 1890 1908">
    <p class='ocr_par' dir='ltr' id='par_1_18' title="bbox 241 1829 1890 1908">
     <span class='ocr_line' id='line_1_18' title="bbox 241 1829 1890 1908; baseline -0.003 -22"><span class='ocrx_word' id='word_1_110' title='bbox 241 1856 271 1886; x_wconf 90' lang='grc'><strong>‹‹</strong></span> <span class='ocrx_word' id='word_1_111' title='bbox 301 1850 518 1908; x_wconf 59' lang='lat' dir='ltr'>quaeso,</span> <span class='ocrx_word' id='word_1_112' title='bbox 553 1835 610 1888; x_wconf 89' lang='lat' dir='ltr'>et</span> <span class='ocrx_word' id='word_1_113' title='bbox 639 1830 924 1886; x_wconf 88' lang='lat' dir='ltr'>intendite</span> <span class='ocrx_word' id='word_1_114' title='bbox 952 1829 1308 1884; x_wconf 86' lang='lat' dir='ltr'>humilitatis</span> <span class='ocrx_word' id='word_1_115' title='bbox 1336 1845 1476 1885; x_wconf 79' lang='lat' dir='ltr'>mese</span> <span class='ocrx_word' id='word_1_116' title='bbox 1509 1842 1890 1900; x_wconf 88' lang='lat' dir='ltr'>preces;quo-</span> 
     </span>
    </p>
   </div>
   <div class='ocr_carea' id='block_1_19' title="bbox 242 1915 1888 1990">
    <p class='ocr_par' dir='ltr' id='par_1_19' title="bbox 242 1915 1888 1990">
     <span class='ocr_line' id='line_1_19' title="bbox 242 1915 1888 1990; baseline -0.005 -11"><span class='ocrx_word' id='word_1_117' title='bbox 242 1948 263 1973; x_wconf 76' lang='grc' dir='ltr'>ιι</span> <span class='ocrx_word' id='word_1_118' title='bbox 299 1923 460 1980; x_wconf 89' lang='lat' dir='ltr'>niam</span> <span class='ocrx_word' id='word_1_119' title='bbox 492 1919 645 1976; x_wconf 91' lang='lat' dir='ltr'>sicut</span> <span class='ocrx_word' id='word_1_120' title='bbox 673 1919 769 1974; x_wconf 92' lang='lat' dir='ltr'>hic</span> <span class='ocrx_word' id='word_1_121' title='bbox 800 1935 907 1974; x_wconf 90' lang='lat' dir='ltr'>nos</span> <span class='ocrx_word' id='word_1_122' title='bbox 928 1917 1302 1990; x_wconf 81' lang='lat' dir='ltr'>congregavit</span> <span class='ocrx_word' id='word_1_123' title='bbox 1337 1915 1592 1988; x_wconf 88' lang='lat' dir='ltr'>Spiritus</span> <span class='ocrx_word' id='word_1_124' title='bbox 1628 1919 1888 1984; x_wconf 89' lang='lat' dir='ltr'>sanctus,</span> 
     </span>
    </p>
   </div>
   <div class='ocr_carea' id='block_1_20' title="bbox 241 2005 1894 2082">
    <p class='ocr_par' dir='ltr' id='par_1_20' title="bbox 241 2005 1894 2082">
     <span class='ocr_line' id='line_1_20' title="bbox 241 2005 1894 2082; baseline -0.001 -20"><span class='ocrx_word' id='word_1_125' title='bbox 241 2034 269 2063; x_wconf 77' lang='grc' dir='ltr'>ι(</span> <span class='ocrx_word' id='word_1_126' title='bbox 298 2011 382 2068; x_wconf 89' lang='lat' dir='ltr'>ita</span> <span class='ocrx_word' id='word_1_127' title='bbox 409 2007 698 2082; x_wconf 86' lang='lat' dir='ltr'>quidquid</span> <span class='ocrx_word' id='word_1_128' title='bbox 727 2025 795 2063; x_wconf 88' lang='lat' dir='ltr'>ex</span> <span class='ocrx_word' id='word_1_129' title='bbox 823 2007 952 2078; x_wconf 87' lang='lat' dir='ltr'>ejus</span> <span class='ocrx_word' id='word_1_130' title='bbox 997 2005 1384 2078; x_wconf 82' lang='lat' dir='ltr'>inspiratione</span> <span class='ocrx_word' id='word_1_131' title='bbox 1445 2005 1734 2060; x_wconf 89' lang='lat' dir='ltr'>sentimus</span> <span class='ocrx_word' id='word_1_132' title='bbox 1789 2021 1894 2076; x_wconf 90' lang='lat' dir='ltr'>per</span> 
     </span>
    </p>
   </div>
   <div class='ocr_carea' id='block_1_21' title="bbox 243 2093 1893 2173">
    <p class='ocr_par' dir='ltr' id='par_1_21' title="bbox 243 2093 1893 2173">
     <span class='ocr_line' id='line_1_21' title="bbox 243 2093 1893 2173; baseline -0.002 -23"><span class='ocrx_word' id='word_1_133' title='bbox 243 2122 270 2151; x_wconf 85' lang='grc'>‹‹</span> <span class='ocrx_word' id='word_1_134' title='bbox 299 2097 490 2173; x_wconf 90' lang='lat' dir='ltr'>ipsius</span> <span class='ocrx_word' id='word_1_135' title='bbox 525 2096 701 2152; x_wconf 89' lang='lat' dir='ltr'>etiam</span> <span class='ocrx_word' id='word_1_136' title='bbox 728 2094 1082 2151; x_wconf 84' lang='lat' dir='ltr'>infusionem</span> <span class='ocrx_word' id='word_1_137' title='bbox 1127 2097 1182 2148; x_wconf 92' lang='lat' dir='ltr'>et</span> <span class='ocrx_word' id='word_1_138' title='bbox 1213 2093 1679 2166; x_wconf 89' lang='lat' dir='ltr'>cooperationem</span> <span class='ocrx_word' id='word_1_139' title='bbox 1711 2093 1893 2148; x_wconf 88' lang='lat' dir='ltr'>admi-</span> 
     </span>
    </p>
   </div>
   <div class='ocr_carea' id='block_1_22' title="bbox 245 2183 1892 2256">
    <p class='ocr_par' dir='ltr' id='par_1_22' title="bbox 245 2183 1892 2256">
     <span class='ocr_line' id='line_1_22' title="bbox 245 2183 1892 2256; baseline -0.002 -17"><span class='ocrx_word' id='word_1_140' title='bbox 245 2212 266 2239; x_wconf 80' lang='grc' dir='ltr'>ι</span> <span class='ocrx_word' id='word_1_141' title='bbox 305 2184 543 2244; x_wconf 89' lang='lat' dir='ltr'>nistrari</span> <span class='ocrx_word' id='word_1_142' title='bbox 574 2201 678 2256; x_wconf 90' lang='lat' dir='ltr'>per</span> <span class='ocrx_word' id='word_1_143' title='bbox 707 2184 1020 2240; x_wconf 89' lang='lat' dir='ltr'>adventum</span> <span class='ocrx_word' id='word_1_144' title='bbox 1053 2183 1180 2254; x_wconf 91' lang='lat' dir='ltr'>ejus</span> <span class='ocrx_word' id='word_1_145' title='bbox 1212 2198 1388 2254; x_wconf 84' lang='lat' dir='ltr'>super</span> <span class='ocrx_word' id='word_1_146' title='bbox 1434 2199 1539 2238; x_wconf 91' lang='lat' dir='ltr'>nos</span> <span class='ocrx_word' id='word_1_147' title='bbox 1587 2187 1892 2237; x_wconf 81' lang='lat' dir='ltr'>exorantes</span> 
     </span>
    </p>
   </div>
   <div class='ocr_carea' id='block_1_23' title="bbox 244 2271 1893 2352">
    <p class='ocr_par' dir='ltr' id='par_1_23' title="bbox 244 2271 1893 2352">
     <span class='ocr_line' id='line_1_23' title="bbox 244 2271 1893 2352; baseline -0.004 -20"><span class='ocrx_word' id='word_1_148' title='bbox 244 2301 272 2332; x_wconf 74' lang='grc' dir='ltr'>(ι</span> <span class='ocrx_word' id='word_1_149' title='bbox 302 2273 775 2352; x_wconf 70' lang='lat' dir='ltr'>przsoptavimus,</span> <span class='ocrx_word' id='word_1_150' title='bbox 805 2277 862 2329; x_wconf 88' lang='lat' dir='ltr'>ct</span> <span class='ocrx_word' id='word_1_151' title='bbox 891 2271 1187 2328; x_wconf 89' lang='lat' dir='ltr'>consecuti</span> <span class='ocrx_word' id='word_1_152' title='bbox 1219 2288 1426 2327; x_wconf 90' lang='lat' dir='ltr'>sumus</span> <span class='ocrx_word' id='word_1_153' title='bbox 1451 2289 1464 2339; x_wconf 92' lang='lat'><strong>;</strong></span> <span class='ocrx_word' id='word_1_154' title='bbox 1498 2287 1681 2326; x_wconf 90' lang='lat' dir='ltr'>unum</span> <span class='ocrx_word' id='word_1_155' title='bbox 1713 2274 1893 2326; x_wconf 75' lang='lat' dir='ltr'>restat</span> 
     </span>
    </p>
   </div>
   <div class='ocr_carea' id='block_1_24' title="bbox 245 2359 1891 2436">
    <p class='ocr_par' dir='ltr' id='par_1_24' title="bbox 245 2359 1891 2436">
     <span class='ocr_line' id='line_1_24' title="bbox 245 2359 1891 2436; baseline -0.003 -17"><span class='ocrx_word' id='word_1_156' title='bbox 245 2390 274 2420; x_wconf 83' lang='lat'><strong><em>«</em></strong></span> <span class='ocrx_word' id='word_1_157' title='bbox 305 2365 628 2432; x_wconf 89' lang='lat' dir='ltr'>modicum,</span> <span class='ocrx_word' id='word_1_158' title='bbox 648 2363 708 2418; x_wconf 91' lang='lat' dir='ltr'>in</span> <span class='ocrx_word' id='word_1_159' title='bbox 733 2380 846 2436; x_wconf 90' lang='lat' dir='ltr'>quo</span> <span class='ocrx_word' id='word_1_160' title='bbox 865 2367 1099 2418; x_wconf 89' lang='lat' dir='ltr'>auctore</span> <span class='ocrx_word' id='word_1_161' title='bbox 1120 2361 1515 2434; x_wconf 87' lang='lat' dir='ltr'>omnipotente</span> <span class='ocrx_word' id='word_1_162' title='bbox 1547 2361 1682 2428; x_wconf 89' lang='lat' dir='ltr'>Deo,</span> <span class='ocrx_word' id='word_1_163' title='bbox 1716 2359 1891 2416; x_wconf 64' lang='lat' dir='ltr'>etiam</span> 
     </span>
    </p>
   </div>
   <div class='ocr_carea' id='block_1_25' title="bbox 246 2449 1895 2525">
    <p class='ocr_par' dir='ltr' id='par_1_25' title="bbox 246 2449 1895 2525">
     <span class='ocr_line' id='line_1_25' title="bbox 246 2449 1895 2525; baseline -0.002 -18"><span class='ocrx_word' id='word_1_164' title='bbox 246 2479 274 2508; x_wconf 82' lang='lat'><strong>«</strong></span> <span class='ocrx_word' id='word_1_165' title='bbox 303 2459 562 2513; x_wconf 90' lang='lat' dir='ltr'>vestrum</span> <span class='ocrx_word' id='word_1_166' title='bbox 596 2450 901 2525; x_wconf 82' lang='lat' dir='ltr'>expostulo</span> <span class='ocrx_word' id='word_1_167' title='bbox 944 2451 1215 2518; x_wconf 84' lang='lat' dir='ltr'>favorem,</span> <span class='ocrx_word' id='word_1_168' title='bbox 1242 2450 1554 2506; x_wconf 88' lang='lat' dir='ltr'>consilium</span> <span class='ocrx_word' id='word_1_169' title='bbox 1575 2456 1634 2506; x_wconf 91' lang='lat' dir='ltr'>et</span> <span class='ocrx_word' id='word_1_170' title='bbox 1662 2449 1895 2505; x_wconf 84' lang='lat' dir='ltr'>benedi—</span> 
     </span>
    </p>
   </div>
   <div class='ocr_carea' id='block_1_26' title="bbox 245 2539 1894 2611">
    <p class='ocr_par' dir='ltr' id='par_1_26' title="bbox 245 2539 1894 2611">
     <span class='ocr_line' id='line_1_26' title="bbox 245 2539 1894 2611; baseline -0.003 -13"><span class='ocrx_word' id='word_1_171' title='bbox 245 2567 274 2598; x_wconf 82' lang='grc'><strong>‹‹</strong></span> <span class='ocrx_word' id='word_1_172' title='bbox 305 2544 578 2602; x_wconf 89' lang='lat' dir='ltr'>ctionem.</span> <span class='ocrx_word' id='word_1_173' title='bbox 610 2541 910 2598; x_wconf 89' lang='lat' dir='ltr'>Mosomus</span> <span class='ocrx_word' id='word_1_174' title='bbox 936 2539 1099 2595; x_wconf 91' lang='lat' dir='ltr'>locus</span> <span class='ocrx_word' id='word_1_175' title='bbox 1116 2539 1353 2611; x_wconf 85' lang='lat' dir='ltr'>quidam</span> <span class='ocrx_word' id='word_1_176' title='bbox 1377 2543 1465 2596; x_wconf 88' lang='lat' dir='ltr'>est</span> <span class='ocrx_word' id='word_1_177' title='bbox 1481 2539 1748 2595; x_wconf 85' lang='lat' dir='ltr'>dioecesis</span> <span class='ocrx_word' id='word_1_178' title='bbox 1767 2555 1894 2593; x_wconf 89' lang='lat' dir='ltr'>nos-</span> 
     </span>
    </p>
   </div>
   <div class='ocr_carea' id='block_1_27' title="bbox 245 2626 1894 2703">
    <p class='ocr_par' dir='ltr' id='par_1_27' title="bbox 245 2626 1894 2703">
     <span class='ocr_line' id='line_1_27' title="bbox 245 2626 1894 2703; baseline -0.002 -17"><span class='ocrx_word' id='word_1_179' title='bbox 245 2657 274 2686; x_wconf 86' lang='grc'>‹‹</span> <span class='ocrx_word' id='word_1_180' title='bbox 304 2634 809 2703; x_wconf 69' lang='lat' dir='ltr'>traa,cousecratus</span> <span class='ocrx_word' id='word_1_181' title='bbox 827 2629 936 2686; x_wconf 85' lang='lat' dir='ltr'>sub</span> <span class='ocrx_word' id='word_1_182' title='bbox 948 2627 1119 2684; x_wconf 90' lang='lat' dir='ltr'>titulo</span> <span class='ocrx_word' id='word_1_183' title='bbox 1137 2632 1194 2685; x_wconf 89' lang='lat' dir='ltr'>et</span> <span class='ocrx_word' id='word_1_184' title='bbox 1211 2627 1445 2685; x_wconf 84' lang='lat' dir='ltr'>nomine</span> <span class='ocrx_word' id='word_1_185' title='bbox 1462 2632 1674 2684; x_wconf 70' lang='lat' dir='ltr'>sanctae</span> <span class='ocrx_word' id='word_1_186' title='bbox 1689 2626 1788 2684; x_wconf 90' lang='lat' dir='ltr'>Dei</span> <span class='ocrx_word' id='word_1_187' title='bbox 1803 2643 1894 2700; x_wconf 84' lang='lat' dir='ltr'>ge-</span> 
     </span>
    </p>
   </div>
   <div class='ocr_carea' id='block_1_28' title="bbox 244 2717 1891 2788">
    <p class='ocr_par' dir='ltr' id='par_1_28' title="bbox 244 2717 1891 2788">
     <span class='ocr_line' id='line_1_28' title="bbox 244 2717 1891 2788; baseline 0 -15"><span class='ocrx_word' id='word_1_188' title='bbox 244 2744 274 2774; x_wconf 83' lang='grc'><em>‹‹</em></span> <span class='ocrx_word' id='word_1_189' title='bbox 305 2721 534 2779; x_wconf 89' lang='lat' dir='ltr'>nitricis</span> <span class='ocrx_word' id='word_1_190' title='bbox 560 2718 774 2788; x_wconf 68' lang='lat' dir='ltr'>Mariae,</span> <span class='ocrx_word' id='word_1_191' title='bbox 809 2717 951 2774; x_wconf 90' lang='lat' dir='ltr'>olim</span> <span class='ocrx_word' id='word_1_192' title='bbox 983 2718 1056 2774; x_wconf 87' lang='lat' dir='ltr'>ab</span> <span class='ocrx_word' id='word_1_193' title='bbox 1087 2718 1319 2774; x_wconf 85' lang='lat' dir='ltr'>exordio</span> <span class='ocrx_word' id='word_1_194' title='bbox 1351 2717 1891 2774; x_wconf 87' lang='lat' dir='ltr'>sanctimonialium</span> 
     </span>
    </p>
   </div>
   <div class='ocr_carea' id='block_1_29' title="bbox 245 2805 1893 2884">
    <p class='ocr_par' dir='ltr' id='par_1_29' title="bbox 245 2805 1893 2884">
     <span class='ocr_line' id='line_1_29' title="bbox 245 2805 1893 2884; baseline -0.001 -20"><span class='ocrx_word' id='word_1_195' title='bbox 245 2835 274 2864; x_wconf 87' lang='grc'>‹‹</span> <span class='ocrx_word' id='word_1_196' title='bbox 303 2809 748 2884; x_wconf 78' lang='lat' dir='ltr'>congregatione</span> <span class='ocrx_word' id='word_1_197' title='bbox 769 2807 1160 2872; x_wconf 76' lang='lat' dir='ltr'>famosus,sed</span> <span class='ocrx_word' id='word_1_198' title='bbox 1175 2805 1893 2862; x_wconf 86' lang='lat' dir='ltr'>mundiorebrescentibus</span> 
     </span>
    </p>
   </div>
   <div class='ocr_carea' id='block_1_30' title="bbox 241 2884 1894 2972">
    <p class='ocr_par' dir='ltr' id='par_1_30' title="bbox 241 2884 1894 2972">
     <span class='ocr_line' id='line_1_30' title="bbox 241 2884 1894 2972; baseline -0.002 -18"><span class='ocrx_word' id='word_1_199' title='bbox 241 2925 273 2954; x_wconf 74' lang='grc' dir='ltr'>α</span> <span class='ocrx_word' id='word_1_200' title='bbox 302 2899 476 2957; x_wconf 88' lang='lat' dir='ltr'>malis</span> <span class='ocrx_word' id='word_1_201' title='bbox 507 2898 567 2955; x_wconf 89' lang='lat' dir='ltr'>in</span> <span class='ocrx_word' id='word_1_202' title='bbox 589 2913 705 2972; x_wconf 89' lang='lat' dir='ltr'>quo</span> <span class='ocrx_word' id='word_1_203' title='bbox 727 2901 852 2952; x_wconf 90' lang='lat' dir='ltr'>erat</span> <span class='ocrx_word' id='word_1_204' title='bbox 879 2884 1036 2953; x_wconf 82' lang='lat' dir='ltr'>statu</span> <span class='ocrx_word' id='word_1_205' title='bbox 1068 2897 1278 2952; x_wconf 86' lang='lat' dir='ltr'>durare</span> <span class='ocrx_word' id='word_1_206' title='bbox 1309 2913 1424 2952; x_wconf 91' lang='lat' dir='ltr'>non</span> <span class='ocrx_word' id='word_1_207' title='bbox 1457 2895 1665 2968; x_wconf 88' lang='lat' dir='ltr'>potuit,</span> <span class='ocrx_word' id='word_1_208' title='bbox 1688 2900 1894 2967; x_wconf 89' lang='lat' dir='ltr'>postea</span> 
     </span>
    </p>
   </div>
   <div class='ocr_carea' id='block_1_31' title="bbox 243 2984 1893 3056">
    <p class='ocr_par' dir='ltr' id='par_1_31' title="bbox 243 2984 1893 3056">
     <span class='ocr_line' id='line_1_31' title="bbox 243 2984 1893 3056; baseline -0.001 -14"><span class='ocrx_word' id='word_1_209' title='bbox 243 3012 274 3042; x_wconf 78' lang='grc' dir='ltr'><strong>α</strong></span> <span class='ocrx_word' id='word_1_210' title='bbox 301 3007 337 3046; x_wconf 88' lang='lat' dir='ltr'>a</span> <span class='ocrx_word' id='word_1_211' title='bbox 365 2987 640 3045; x_wconf 86' lang='lat' dir='ltr'>fidelibus</span> <span class='ocrx_word' id='word_1_212' title='bbox 685 2985 1030 3041; x_wconf 91' lang='lat' dir='ltr'>clericorum</span> <span class='ocrx_word' id='word_1_213' title='bbox 1075 2985 1163 3041; x_wconf 86' lang='lat' dir='ltr'>vel</span> <span class='ocrx_word' id='word_1_214' title='bbox 1205 2984 1619 3041; x_wconf 86' lang='lat' dir='ltr'>canonicorum</span> <span class='ocrx_word' id='word_1_215' title='bbox 1643 2985 1771 3056; x_wconf 87' lang='lat' dir='ltr'>jam</span> <span class='ocrx_word' id='word_1_216' title='bbox 1802 2984 1893 3041; x_wconf 87' lang='lat' dir='ltr'>bis</span> 
     </span>
    </p>
   </div>
   <div class='ocr_carea' id='block_1_32' title="bbox 243 3073 1892 3146">
    <p class='ocr_par' dir='ltr' id='par_1_32' title="bbox 243 3073 1892 3146">
     <span class='ocr_line' id='line_1_32' title="bbox 243 3073 1892 3146; baseline 0 -16"><span class='ocrx_word' id='word_1_217' title='bbox 243 3100 274 3131; x_wconf 79' lang='grc'>‹‹</span> <span class='ocrx_word' id='word_1_218' title='bbox 300 3077 615 3135; x_wconf 89' lang='lat' dir='ltr'>restitutus</span> <span class='ocrx_word' id='word_1_219' title='bbox 645 3073 1004 3141; x_wconf 90' lang='lat' dir='ltr'>collectione,</span> <span class='ocrx_word' id='word_1_220' title='bbox 1039 3073 1181 3129; x_wconf 91' lang='lat' dir='ltr'>dum</span> <span class='ocrx_word' id='word_1_221' title='bbox 1234 3090 1342 3129; x_wconf 91' lang='lat' dir='ltr'>sua</span> <span class='ocrx_word' id='word_1_222' title='bbox 1389 3078 1660 3146; x_wconf 65' lang='lat' dir='ltr'>quaerunt</span> <span class='ocrx_word' id='word_1_223' title='bbox 1687 3090 1892 3130; x_wconf 91' lang='lat' dir='ltr'>omnes</span> 
     </span>
    </p>
   </div>
   <div class='ocr_carea' id='block_1_33' title="bbox 245 3160 1892 3236">
    <p class='ocr_par' dir='ltr' id='par_1_33' title="bbox 245 3160 1892 3236">
     <span class='ocr_line' id='line_1_33' title="bbox 245 3160 1892 3236; baseline -0.001 -17"><span class='ocrx_word' id='word_1_224' title='bbox 245 3189 274 3219; x_wconf 77' lang='grc' dir='ltr'>α</span> <span class='ocrx_word' id='word_1_225' title='bbox 306 3183 421 3223; x_wconf 90' lang='lat' dir='ltr'>non</span> <span class='ocrx_word' id='word_1_226' title='bbox 453 3181 579 3236; x_wconf 71' lang='lat' dir='ltr'>qua:</span> <span class='ocrx_word' id='word_1_227' title='bbox 609 3162 751 3219; x_wconf 87' lang='lat' dir='ltr'>Jesu</span> <span class='ocrx_word' id='word_1_228' title='bbox 777 3160 1014 3229; x_wconf 87' lang='lat' dir='ltr'>Christi,</span> <span class='ocrx_word' id='word_1_229' title='bbox 1049 3161 1292 3234; x_wconf 89' lang='lat' dir='ltr'>dilapsis</span> <span class='ocrx_word' id='word_1_230' title='bbox 1350 3162 1527 3217; x_wconf 84' lang='lat' dir='ltr'>rebus</span> <span class='ocrx_word' id='word_1_231' title='bbox 1575 3166 1632 3218; x_wconf 90' lang='lat' dir='ltr'>et</span> <span class='ocrx_word' id='word_1_232' title='bbox 1676 3162 1892 3234; x_wconf 86' lang='lat' dir='ltr'>partim</span> 
     </span>
    </p>
   </div>
   <div class='ocr_carea' id='block_1_34' title="bbox 244 3249 1888 3323">
    <p class='ocr_par' dir='ltr' id='par_1_34' title="bbox 244 3249 1888 3323">
     <span class='ocr_line' id='line_1_34' title="bbox 244 3249 1888 3323; baseline -0.001 -15"><span class='ocrx_word' id='word_1_233' title='bbox 244 3277 275 3308; x_wconf 83' lang='lat'><strong>«</strong></span> <span class='ocrx_word' id='word_1_234' title='bbox 305 3251 643 3320; x_wconf 89' lang='lat' dir='ltr'>subtractis,</span> <span class='ocrx_word' id='word_1_235' title='bbox 694 3267 842 3323; x_wconf 90' lang='lat' dir='ltr'>pene</span> <span class='ocrx_word' id='word_1_236' title='bbox 879 3251 952 3306; x_wconf 91' lang='lat' dir='ltr'>ad</span> <span class='ocrx_word' id='word_1_237' title='bbox 981 3249 1231 3306; x_wconf 87' lang='lat' dir='ltr'>nihilum</span> <span class='ocrx_word' id='word_1_238' title='bbox 1262 3251 1532 3307; x_wconf 88' lang='lat' dir='ltr'>redactus</span> <span class='ocrx_word' id='word_1_239' title='bbox 1562 3255 1670 3307; x_wconf 91' lang='lat' dir='ltr'>est.</span> <span class='ocrx_word' id='word_1_240' title='bbox 1705 3251 1888 3319; x_wconf 91' lang='lat' dir='ltr'>Unde,</span> 
     </span>
    </p>
   </div>
   <div class='ocr_carea' id='block_1_35' title="bbox 1997 667 3652 740">
    <p class='ocr_par' dir='ltr' id='par_1_35' title="bbox 1997 667 3652 740">
     <span class='ocr_line' id='line_1_35' title="bbox 1997 667 3652 740; baseline 0.003 -19"><span class='ocrx_word' id='word_1_241' title='bbox 1997 690 2027 721; x_wconf 83' lang='lat'><strong>«</strong></span> <span class='ocrx_word' id='word_1_242' title='bbox 2057 670 2164 724; x_wconf 87' lang='lat' dir='ltr'>tim</span> <span class='ocrx_word' id='word_1_243' title='bbox 2198 667 2599 740; x_wconf 86' lang='lat' dir='ltr'>constructus,</span> <span class='ocrx_word' id='word_1_244' title='bbox 2623 671 2694 727; x_wconf 91' lang='lat' dir='ltr'>ab</span> <span class='ocrx_word' id='word_1_245' title='bbox 2725 671 2954 728; x_wconf 88' lang='lat' dir='ltr'>exordio</span> <span class='ocrx_word' id='word_1_246' title='bbox 2985 670 3210 726; x_wconf 89' lang='lat' dir='ltr'>scilicet</span> <span class='ocrx_word' id='word_1_247' title='bbox 3239 667 3652 726; x_wconf 59' lang='lat' dir='ltr'>sanctimonia.</span> 
     </span>
    </p>
   </div>
   <div class='ocr_carea' id='block_1_36' title="bbox 1998 757 3648 832">
    <p class='ocr_par' dir='ltr' id='par_1_36' title="bbox 1998 757 3648 832">
     <span class='ocr_line' id='line_1_36' title="bbox 1998 757 3648 832; baseline 0.004 -24"><span class='ocrx_word' id='word_1_248' title='bbox 1998 780 2028 809; x_wconf 84' lang='grc'>‹‹</span> <span class='ocrx_word' id='word_1_249' title='bbox 2056 757 2204 814; x_wconf 92' lang='lat' dir='ltr'>lium</span> <span class='ocrx_word' id='word_1_250' title='bbox 2226 758 2356 814; x_wconf 78' lang='lat' dir='ltr'>vitae</span> <span class='ocrx_word' id='word_1_251' title='bbox 2379 760 3014 832; x_wconf 88' lang='lat' dir='ltr'>aptatus,postmodum</span> <span class='ocrx_word' id='word_1_252' title='bbox 3035 775 3168 815; x_wconf 89' lang='lat' dir='ltr'>vero</span> <span class='ocrx_word' id='word_1_253' title='bbox 3198 757 3522 815; x_wconf 88' lang='lat' dir='ltr'>canonicali</span> <span class='ocrx_word' id='word_1_254' title='bbox 3553 775 3648 815; x_wconf 79' lang='lat' dir='ltr'>or-</span> 
     </span>
    </p>
   </div>
   <div class='ocr_carea' id='block_1_37' title="bbox 2001 847 3653 922">
    <p class='ocr_par' dir='ltr' id='par_1_37' title="bbox 2001 847 3653 922">
     <span class='ocr_line' id='line_1_37' title="bbox 2001 847 3653 922; baseline 0.002 -23"><span class='ocrx_word' id='word_1_255' title='bbox 2001 874 2022 899; x_wconf 85' lang='lat'><strong>«</strong></span> <span class='ocrx_word' id='word_1_256' title='bbox 2058 849 2194 905; x_wconf 90' lang='lat' dir='ltr'>dine</span> <span class='ocrx_word' id='word_1_257' title='bbox 2225 849 2297 904; x_wconf 87' lang='lat' dir='ltr'>ab</span> <span class='ocrx_word' id='word_1_258' title='bbox 2329 849 2547 904; x_wconf 85' lang='lat' dir='ltr'>Herveo</span> <span class='ocrx_word' id='word_1_259' title='bbox 2571 851 2988 922; x_wconf 75' lang='lat' dir='ltr'>praedecessore</span> <span class='ocrx_word' id='word_1_260' title='bbox 3013 852 3209 905; x_wconf 90' lang='lat' dir='ltr'>nostro</span> <span class='ocrx_word' id='word_1_261' title='bbox 3241 847 3452 904; x_wconf 87' lang='lat' dir='ltr'>melius</span> <span class='ocrx_word' id='word_1_262' title='bbox 3474 847 3653 903; x_wconf 87' lang='lat' dir='ltr'>infor-</span> 
     </span>
    </p>
   </div>
   <div class='ocr_carea' id='block_1_38' title="bbox 2003 936 3652 1011">
    <p class='ocr_par' dir='ltr' id='par_1_38' title="bbox 2003 936 3652 1011">
     <span class='ocr_line' id='line_1_38' title="bbox 2003 936 3652 1011; baseline 0.003 -23"><span class='ocrx_word' id='word_1_263' title='bbox 2003 963 2022 988; x_wconf 80' lang='grc' dir='ltr'>α</span> <span class='ocrx_word' id='word_1_264' title='bbox 2061 943 2276 1006; x_wconf 88' lang='lat' dir='ltr'>matus,</span> <span class='ocrx_word' id='word_1_265' title='bbox 2327 941 2501 1011; x_wconf 83' lang='lat' dir='ltr'>atque</span> <span class='ocrx_word' id='word_1_266' title='bbox 2550 940 2608 994; x_wconf 92' lang='lat' dir='ltr'>in</span> <span class='ocrx_word' id='word_1_267' title='bbox 2661 939 2878 995; x_wconf 85' lang='lat' dir='ltr'>honore</span> <span class='ocrx_word' id='word_1_268' title='bbox 2927 943 3138 994; x_wconf 74' lang='lat' dir='ltr'>sancta:</span> <span class='ocrx_word' id='word_1_269' title='bbox 3200 938 3300 994; x_wconf 83' lang='lat' dir='ltr'>Dei</span> <span class='ocrx_word' id='word_1_270' title='bbox 3347 936 3652 1010; x_wconf 85' lang='lat' dir='ltr'>genitricis</span> 
     </span>
    </p>
   </div>
   <div class='ocr_carea' id='block_1_39' title="bbox 2002 1026 3652 1100">
    <p class='ocr_par' dir='ltr' id='par_1_39' title="bbox 2002 1026 3652 1100">
     <span class='ocr_line' id='line_1_39' title="bbox 2002 1026 3652 1100; baseline 0.002 -22"><span class='ocrx_word' id='word_1_271' title='bbox 2002 1051 2024 1078; x_wconf 73' lang='grc' dir='ltr'>α</span> <span class='ocrx_word' id='word_1_272' title='bbox 2061 1028 2254 1083; x_wconf 65' lang='lat' dir='ltr'>Maria:</span> <span class='ocrx_word' id='word_1_273' title='bbox 2314 1027 2488 1100; x_wconf 87' lang='lat' dir='ltr'>digne</span> <span class='ocrx_word' id='word_1_274' title='bbox 2545 1033 2940 1096; x_wconf 90' lang='lat' dir='ltr'>consecratus,</span> <span class='ocrx_word' id='word_1_275' title='bbox 2974 1029 3074 1084; x_wconf 90' lang='lat' dir='ltr'>sed</span> <span class='ocrx_word' id='word_1_276' title='bbox 3124 1026 3392 1083; x_wconf 80' lang='lat' dir='ltr'>nefandis</span> <span class='ocrx_word' id='word_1_277' title='bbox 3441 1027 3652 1082; x_wconf 90' lang='lat' dir='ltr'>usibus</span> 
     </span>
    </p>
   </div>
   <div class='ocr_carea' id='block_1_40' title="bbox 2003 1116 3656 1190">
    <p class='ocr_par' dir='ltr' id='par_1_40' title="bbox 2003 1116 3656 1190">
     <span class='ocr_line' id='line_1_40' title="bbox 2003 1116 3656 1190; baseline 0.002 -24"><span class='ocrx_word' id='word_1_278' title='bbox 2003 1140 2024 1166; x_wconf 74' lang='grc' dir='ltr'>α</span> <span class='ocrx_word' id='word_1_279' title='bbox 2061 1117 2370 1189; x_wconf 87' lang='lat' dir='ltr'>utrobique</span> <span class='ocrx_word' id='word_1_280' title='bbox 2403 1117 2766 1190; x_wconf 84' lang='lat' dir='ltr'>negligenter</span> <span class='ocrx_word' id='word_1_281' title='bbox 2786 1116 3249 1185; x_wconf 90' lang='lat' dir='ltr'>incultus,rebus</span> <span class='ocrx_word' id='word_1_282' title='bbox 3267 1116 3506 1189; x_wconf 90' lang='lat' dir='ltr'>quidem</span> <span class='ocrx_word' id='word_1_283' title='bbox 3524 1131 3656 1188; x_wconf 89' lang='lat' dir='ltr'>par-</span> 
     </span>
    </p>
   </div>
   <div class='ocr_carea' id='block_1_41' title="bbox 2001 1203 3652 1278">
    <p class='ocr_par' dir='ltr' id='par_1_41' title="bbox 2001 1203 3652 1278">
     <span class='ocr_line' id='line_1_41' title="bbox 2001 1203 3652 1278; baseline -0.001 -18"><span class='ocrx_word' id='word_1_284' title='bbox 2001 1227 2028 1253; x_wconf 89' lang='grc'><em>‹‹</em></span> <span class='ocrx_word' id='word_1_285' title='bbox 2059 1206 2166 1261; x_wconf 91' lang='lat' dir='ltr'>tim</span> <span class='ocrx_word' id='word_1_286' title='bbox 2199 1206 2759 1278; x_wconf 87' lang='lat' dir='ltr'>subtractis,partim</span> <span class='ocrx_word' id='word_1_287' title='bbox 2790 1221 2922 1261; x_wconf 84' lang='lat' dir='ltr'>vero</span> <span class='ocrx_word' id='word_1_288' title='bbox 2953 1206 3326 1262; x_wconf 90' lang='lat' dir='ltr'>currentibus</span> <span class='ocrx_word' id='word_1_289' title='bbox 3351 1203 3547 1273; x_wconf 89' lang='lat' dir='ltr'>malis,</span> <span class='ocrx_word' id='word_1_290' title='bbox 3572 1203 3652 1258; x_wconf 85' lang='lat' dir='ltr'>si-</span> 
     </span>
    </p>
   </div>
   <div class='ocr_carea' id='block_1_42' title="bbox 2003 1293 2757 1349">
    <p class='ocr_par' dir='ltr' id='par_1_42' title="bbox 2003 1293 2757 1349">
     <span class='ocr_line' id='line_1_42' title="bbox 2003 1293 2757 1349; baseline 0.001 -2"><span class='ocrx_word' id='word_1_291' title='bbox 2003 1314 2029 1343; x_wconf 87' lang='grc'>‹‹</span> <span class='ocrx_word' id='word_1_292' title='bbox 2063 1293 2258 1348; x_wconf 76' lang='lat' dir='ltr'>nistrm</span> <span class='ocrx_word' id='word_1_293' title='bbox 2281 1293 2460 1349; x_wconf 89' lang='lat' dir='ltr'>cessit</span> <span class='ocrx_word' id='word_1_294' title='bbox 2493 1294 2757 1349; x_wconf 66' lang='lat' dir='ltr'>fortunae.</span> 
     </span>
    </p>
   </div>
   <div class='ocr_carea' id='block_1_43' title="bbox 2073 1381 3652 1456">
    <p class='ocr_par' dir='ltr' id='par_1_43' title="bbox 2073 1381 3652 1456">
     <span class='ocr_line' id='line_1_43' title="bbox 2073 1381 3652 1456; baseline 0.004 -24"><span class='ocrx_word' id='word_1_295' title='bbox 2073 1404 2100 1431; x_wconf 84' lang='lat'><strong>«</strong></span> <span class='ocrx_word' id='word_1_296' title='bbox 2134 1385 2255 1448; x_wconf 90' lang='lat' dir='ltr'>Quo</span> <span class='ocrx_word' id='word_1_297' title='bbox 2289 1381 2467 1454; x_wconf 86' lang='lat' dir='ltr'>igitur</span> <span class='ocrx_word' id='word_1_298' title='bbox 2481 1388 2776 1456; x_wconf 85' lang='lat' dir='ltr'>comperto</span> <span class='ocrx_word' id='word_1_299' title='bbox 2802 1401 2966 1440; x_wconf 87' lang='lat' dir='ltr'>mens</span> <span class='ocrx_word' id='word_1_300' title='bbox 2991 1383 3476 1452; x_wconf 88' lang='lat' dir='ltr'>nostra,adhibito</span> <span class='ocrx_word' id='word_1_301' title='bbox 3509 1383 3652 1438; x_wconf 72' lang='lat' dir='ltr'>[lde-</span> 
     </span>
    </p>
   </div>
   <div class='ocr_carea' id='block_1_44' title="bbox 2001 1470 3658 1545">
    <p class='ocr_par' dir='ltr' id='par_1_44' title="bbox 2001 1470 3658 1545">
     <span class='ocr_line' id='line_1_44' title="bbox 2001 1470 3658 1545; baseline 0.004 -23"><span class='ocrx_word' id='word_1_302' title='bbox 2001 1493 2031 1522; x_wconf 82' lang='grc'><em>‹‹</em></span> <span class='ocrx_word' id='word_1_303' title='bbox 2061 1470 2206 1526; x_wconf 88' lang='lat' dir='ltr'>lium</span> <span class='ocrx_word' id='word_1_304' title='bbox 2240 1476 2574 1528; x_wconf 88' lang='lat' dir='ltr'>nostrorum</span> <span class='ocrx_word' id='word_1_305' title='bbox 2598 1472 2864 1545; x_wconf 89' lang='lat' dir='ltr'>diligenti</span> <span class='ocrx_word' id='word_1_306' title='bbox 2895 1473 3390 1545; x_wconf 90' lang='lat' dir='ltr'>consilio,liquido</span> <span class='ocrx_word' id='word_1_307' title='bbox 3412 1487 3658 1545; x_wconf 88' lang='lat' dir='ltr'>perpen-</span> 
     </span>
    </p>
   </div>
   <div class='ocr_carea' id='block_1_45' title="bbox 2005 1559 3654 1634">
    <p class='ocr_par' dir='ltr' id='par_1_45' title="bbox 2005 1559 3654 1634">
     <span class='ocr_line' id='line_1_45' title="bbox 2005 1559 3654 1634; baseline 0.002 -22"><span class='ocrx_word' id='word_1_308' title='bbox 2005 1583 2028 1612; x_wconf 80' lang='grc' dir='ltr'>ι</span> <span class='ocrx_word' id='word_1_309' title='bbox 2063 1562 2208 1617; x_wconf 89' lang='lat' dir='ltr'>dens</span> <span class='ocrx_word' id='word_1_310' title='bbox 2263 1562 2534 1617; x_wconf 89' lang='lat' dir='ltr'>eumdem</span> <span class='ocrx_word' id='word_1_311' title='bbox 2589 1560 2781 1617; x_wconf 90' lang='lat' dir='ltr'>locum</span> <span class='ocrx_word' id='word_1_312' title='bbox 2833 1579 2935 1634; x_wconf 90' lang='lat' dir='ltr'>pro</span> <span class='ocrx_word' id='word_1_313' title='bbox 2983 1563 3188 1618; x_wconf 90' lang='lat' dir='ltr'>mundi</span> <span class='ocrx_word' id='word_1_314' title='bbox 3221 1559 3562 1616; x_wconf 80' lang='lat' dir='ltr'>infelicitate</span> <span class='ocrx_word' id='word_1_315' title='bbox 3589 1559 3654 1616; x_wconf 88' lang='lat' dir='ltr'>in</span> 
     </span>
    </p>
   </div>
   <div class='ocr_carea' id='block_1_46' title="bbox 2003 1649 3652 1724">
    <p class='ocr_par' dir='ltr' id='par_1_46' title="bbox 2003 1649 3652 1724">
     <span class='ocr_line' id='line_1_46' title="bbox 2003 1649 3652 1724; baseline -0.001 -18"><span class='ocrx_word' id='word_1_316' title='bbox 2003 1672 2032 1700; x_wconf 86' lang='grc'><strong>‹‹</strong></span> <span class='ocrx_word' id='word_1_317' title='bbox 2064 1650 2387 1706; x_wconf 89' lang='lat' dir='ltr'>canonicali</span> <span class='ocrx_word' id='word_1_318' title='bbox 2420 1649 2623 1708; x_wconf 91' lang='lat' dir='ltr'>ordine</span> <span class='ocrx_word' id='word_1_319' title='bbox 2674 1650 2900 1708; x_wconf 89' lang='lat' dir='ltr'>utiliter</span> <span class='ocrx_word' id='word_1_320' title='bbox 2927 1655 3082 1708; x_wconf 89' lang='lat' dir='ltr'>stare</span> <span class='ocrx_word' id='word_1_321' title='bbox 3112 1668 3226 1706; x_wconf 91' lang='lat' dir='ltr'>non</span> <span class='ocrx_word' id='word_1_322' title='bbox 3258 1666 3452 1724; x_wconf 87' lang='lat' dir='ltr'>posse,</span> <span class='ocrx_word' id='word_1_323' title='bbox 3486 1655 3652 1706; x_wconf 64' lang='lat' dir='ltr'>aster-</span> 
     </span>
    </p>
   </div>
   <div class='ocr_carea' id='block_1_47' title="bbox 2007 1739 3653 1814">
    <p class='ocr_par' dir='ltr' id='par_1_47' title="bbox 2007 1739 3653 1814">
     <span class='ocr_line' id='line_1_47' title="bbox 2007 1739 3653 1814; baseline 0 -19"><span class='ocrx_word' id='word_1_324' title='bbox 2007 1759 2030 1788; x_wconf 82' lang='grc'><strong>«</strong></span> <span class='ocrx_word' id='word_1_325' title='bbox 2063 1756 2273 1795; x_wconf 90' lang='lat' dir='ltr'>norum</span> <span class='ocrx_word' id='word_1_326' title='bbox 2324 1757 2446 1812; x_wconf 89' lang='lat' dir='ltr'>spe,</span> <span class='ocrx_word' id='word_1_327' title='bbox 2480 1743 2654 1812; x_wconf 86' lang='lat' dir='ltr'>prout</span> <span class='ocrx_word' id='word_1_328' title='bbox 2697 1744 3094 1814; x_wconf 90' lang='lat' dir='ltr'>opportunum</span> <span class='ocrx_word' id='word_1_329' title='bbox 3143 1740 3388 1808; x_wconf 85' lang='lat' dir='ltr'>exstitit,</span> <span class='ocrx_word' id='word_1_330' title='bbox 3431 1739 3653 1796; x_wconf 87' lang='lat' dir='ltr'>ibidem</span> 
     </span>
    </p>
   </div>
   <div class='ocr_carea' id='block_1_48' title="bbox 2005 1827 3652 1902">
    <p class='ocr_par' dir='ltr' id='par_1_48' title="bbox 2005 1827 3652 1902">
     <span class='ocr_line' id='line_1_48' title="bbox 2005 1827 3652 1902; baseline 0.004 -24"><span class='ocrx_word' id='word_1_331' title='bbox 2005 1853 2027 1878; x_wconf 72' lang='grc' dir='ltr'>(ι</span> <span class='ocrx_word' id='word_1_332' title='bbox 2064 1827 2400 1884; x_wconf 71' lang='lat' dir='ltr'>monastic-a2</span> <span class='ocrx_word' id='word_1_333' title='bbox 2432 1827 2730 1902; x_wconf 83' lang='lat' dir='ltr'>religionis</span> <span class='ocrx_word' id='word_1_334' title='bbox 2758 1829 2937 1885; x_wconf 89' lang='lat' dir='ltr'>vitam</span> <span class='ocrx_word' id='word_1_335' title='bbox 2968 1829 3237 1886; x_wconf 89' lang='lat' dir='ltr'>ordinato</span> <span class='ocrx_word' id='word_1_336' title='bbox 3267 1828 3476 1885; x_wconf 86' lang='lat' dir='ltr'>abbate</span> <span class='ocrx_word' id='word_1_337' title='bbox 3509 1827 3652 1884; x_wconf 88' lang='lat' dir='ltr'>Leo-</span> 
     </span>
    </p>
   </div>
   <div class='ocr_carea' id='block_1_49' title="bbox 2005 1914 3642 1989">
    <p class='ocr_par' dir='ltr' id='par_1_49' title="bbox 2005 1914 3642 1989">
     <span class='ocr_line' id='line_1_49' title="bbox 2005 1914 3642 1989; baseline 0.003 -22"><span class='ocrx_word' id='word_1_338' title='bbox 2005 1940 2032 1967; x_wconf 72' lang='lat' dir='ltr'>u</span> <span class='ocrx_word' id='word_1_339' title='bbox 2064 1917 2220 1974; x_wconf 88' lang='lat' dir='ltr'>taldo</span> <span class='ocrx_word' id='word_1_340' title='bbox 2252 1919 2348 1989; x_wconf 85' lang='lat' dir='ltr'>(al.</span> <span class='ocrx_word' id='word_1_341' title='bbox 2383 1916 2659 1987; x_wconf 86' lang='lat' dir='ltr'>Ledaldo)</span> <span class='ocrx_word' id='word_1_342' title='bbox 2707 1917 3031 1986; x_wconf 90' lang='lat' dir='ltr'>constituit,</span> <span class='ocrx_word' id='word_1_343' title='bbox 3090 1922 3157 1973; x_wconf 92' lang='lat' dir='ltr'>ut</span> <span class='ocrx_word' id='word_1_344' title='bbox 3211 1917 3473 1989; x_wconf 88' lang='lat' dir='ltr'>ejusdem</span> <span class='ocrx_word' id='word_1_345' title='bbox 3531 1914 3642 1972; x_wconf 86' lang='lat' dir='ltr'>loci</span> 
     </span>
    </p>
   </div>
   <div class='ocr_carea' id='block_1_50' title="bbox 2004 2005 3643 2080">
    <p class='ocr_par' dir='ltr' id='par_1_50' title="bbox 2004 2005 3643 2080">
     <span class='ocr_line' id='line_1_50' title="bbox 2004 2005 3643 2080; baseline 0.002 -22"><span class='ocrx_word' id='word_1_346' title='bbox 2004 2028 2032 2058; x_wconf 84' lang='lat'><strong>«</strong></span> <span class='ocrx_word' id='word_1_347' title='bbox 2064 2007 2314 2064; x_wconf 88' lang='lat' dir='ltr'>cultores</span> <span class='ocrx_word' id='word_1_348' title='bbox 2341 2006 2598 2080; x_wconf 87' lang='lat' dir='ltr'>religiosi</span> <span class='ocrx_word' id='word_1_349' title='bbox 2623 2011 2743 2063; x_wconf 90' lang='lat' dir='ltr'>tam</span> <span class='ocrx_word' id='word_1_350' title='bbox 2767 2008 2940 2064; x_wconf 86' lang='lat' dir='ltr'>rebus</span> <span class='ocrx_word' id='word_1_351' title='bbox 2962 2005 3442 2080; x_wconf 86' lang='lat' dir='ltr'>delegatis,quam</span> <span class='ocrx_word' id='word_1_352' title='bbox 3463 2005 3643 2062; x_wconf 85' lang='lat' dir='ltr'>etiam</span> 
     </span>
    </p>
   </div>
   <div class='ocr_carea' id='block_1_51' title="bbox 2005 2092 3651 2168">
    <p class='ocr_par' dir='ltr' id='par_1_51' title="bbox 2005 2092 3651 2168">
     <span class='ocr_line' id='line_1_51' title="bbox 2005 2092 3651 2168; baseline 0.002 -22"><span class='ocrx_word' id='word_1_353' title='bbox 2005 2118 2033 2146; x_wconf 84' lang='grc'><strong>‹‹</strong></span> <span class='ocrx_word' id='word_1_354' title='bbox 2065 2096 2211 2152; x_wconf 83' lang='lat' dir='ltr'>forte</span> <span class='ocrx_word' id='word_1_355' title='bbox 2241 2095 2582 2168; x_wconf 88' lang='lat' dir='ltr'>delegandis</span> <span class='ocrx_word' id='word_1_356' title='bbox 2613 2100 2868 2165; x_wconf 89' lang='lat' dir='ltr'>utentes,</span> <span class='ocrx_word' id='word_1_357' title='bbox 2901 2096 3180 2152; x_wconf 89' lang='lat' dir='ltr'>continua</span> <span class='ocrx_word' id='word_1_358' title='bbox 3227 2099 3358 2152; x_wconf 91' lang='lat' dir='ltr'>vota</span> <span class='ocrx_word' id='word_1_359' title='bbox 3388 2093 3500 2151; x_wconf 90' lang='lat' dir='ltr'>Deo</span> <span class='ocrx_word' id='word_1_360' title='bbox 3531 2092 3651 2150; x_wconf 87' lang='lat' dir='ltr'>sol-</span> 
     </span>
    </p>
   </div>
   <div class='ocr_carea' id='block_1_52' title="bbox 2005 2181 3654 2258">
    <p class='ocr_par' dir='ltr' id='par_1_52' title="bbox 2005 2181 3654 2258">
     <span class='ocr_line' id='line_1_52' title="bbox 2005 2181 3654 2258; baseline 0.001 -21"><span class='ocrx_word' id='word_1_361' title='bbox 2005 2207 2032 2236; x_wconf 86' lang='grc'>‹‹</span> <span class='ocrx_word' id='word_1_362' title='bbox 2062 2191 2282 2255; x_wconf 85' lang='lat' dir='ltr'>ventes,</span> <span class='ocrx_word' id='word_1_363' title='bbox 2328 2185 2447 2241; x_wconf 89' lang='lat' dir='ltr'>sint</span> <span class='ocrx_word' id='word_1_364' title='bbox 2488 2190 2546 2242; x_wconf 90' lang='lat' dir='ltr'>et</span> <span class='ocrx_word' id='word_1_365' title='bbox 2577 2203 2679 2258; x_wconf 90' lang='lat' dir='ltr'>pro</span> <span class='ocrx_word' id='word_1_366' title='bbox 2729 2186 2899 2242; x_wconf 90' lang='lat' dir='ltr'>nobis</span> <span class='ocrx_word' id='word_1_367' title='bbox 2929 2190 2988 2242; x_wconf 90' lang='lat' dir='ltr'>et</span> <span class='ocrx_word' id='word_1_368' title='bbox 3016 2202 3120 2258; x_wconf 89' lang='lat' dir='ltr'>pro</span> <span class='ocrx_word' id='word_1_369' title='bbox 3152 2184 3402 2258; x_wconf 86' lang='lat' dir='ltr'>posteris</span> <span class='ocrx_word' id='word_1_370' title='bbox 3434 2181 3654 2240; x_wconf 82' lang='lat' dir='ltr'>nostris</span> 
     </span>
    </p>
   </div>
   <div class='ocr_carea' id='block_1_53' title="bbox 2005 2272 3657 2348">
    <p class='ocr_par' dir='ltr' id='par_1_53' title="bbox 2005 2272 3657 2348">
     <span class='ocr_line' id='line_1_53' title="bbox 2005 2272 3657 2348; baseline -0.001 -18"><span class='ocrx_word' id='word_1_371' title='bbox 2005 2298 2034 2325; x_wconf 82' lang='lat'>«</span> <span class='ocrx_word' id='word_1_372' title='bbox 2063 2275 2401 2346; x_wconf 59' lang='lat' dir='ltr'>cretei-isque</span> <span class='ocrx_word' id='word_1_373' title='bbox 2436 2275 2742 2332; x_wconf 90' lang='lat' dir='ltr'>ordinibus</span> <span class='ocrx_word' id='word_1_374' title='bbox 2764 2274 2988 2348; x_wconf 87' lang='lat' dir='ltr'>jugiter</span> <span class='ocrx_word' id='word_1_375' title='bbox 3015 2277 3340 2330; x_wconf 83' lang='lat' dir='ltr'>exorantes.</span> <span class='ocrx_word' id='word_1_376' title='bbox 3369 2272 3657 2340; x_wconf 73' lang='lat' dir='ltr'>Quocirca</span> 
     </span>
    </p>
   </div>
   <div class='ocr_carea' id='block_1_54' title="bbox 2005 2361 3655 2436">
    <p class='ocr_par' dir='ltr' id='par_1_54' title="bbox 2005 2361 3655 2436">
     <span class='ocr_line' id='line_1_54' title="bbox 2005 2361 3655 2436; baseline -0.003 -16"><span class='ocrx_word' id='word_1_377' title='bbox 2005 2387 2032 2414; x_wconf 76' lang='grc' dir='ltr'>α</span> <span class='ocrx_word' id='word_1_378' title='bbox 2066 2365 2478 2436; x_wconf 88' lang='lat' dir='ltr'>paternitatem</span> <span class='ocrx_word' id='word_1_379' title='bbox 2500 2362 2624 2420; x_wconf 88' lang='lat' dir='ltr'>loco</span> <span class='ocrx_word' id='word_1_380' title='bbox 2646 2363 2831 2420; x_wconf 91' lang='lat' dir='ltr'>nostri</span> <span class='ocrx_word' id='word_1_381' title='bbox 2859 2364 3035 2420; x_wconf 87' lang='lat' dir='ltr'>vestri</span> <span class='ocrx_word' id='word_1_382' title='bbox 3057 2361 3570 2436; x_wconf 81' lang='lat' dir='ltr'>subrogandorum</span> <span class='ocrx_word' id='word_1_383' title='bbox 3592 2361 3655 2416; x_wconf 86' lang='lat' dir='ltr'>in</span> 
     </span>
    </p>
   </div>
   <div class='ocr_carea' id='block_1_55' title="bbox 2007 2447 3657 2524">
    <p class='ocr_par' dir='ltr' id='par_1_55' title="bbox 2007 2447 3657 2524">
     <span class='ocr_line' id='line_1_55' title="bbox 2007 2447 3657 2524; baseline 0.001 -21"><span class='ocrx_word' id='word_1_384' title='bbox 2007 2477 2028 2502; x_wconf 75' lang='grc' dir='ltr'><strong>α</strong></span> <span class='ocrx_word' id='word_1_385' title='bbox 2064 2451 2163 2509; x_wconf 90' lang='lat' dir='ltr'>illa</span> <span class='ocrx_word' id='word_1_386' title='bbox 2186 2452 2469 2509; x_wconf 88' lang='lat' dir='ltr'>charitate</span> <span class='ocrx_word' id='word_1_387' title='bbox 2491 2452 2590 2508; x_wconf 91' lang='lat' dir='ltr'>Dei</span> <span class='ocrx_word' id='word_1_388' title='bbox 2613 2452 2842 2510; x_wconf 82' lang='lat' dir='ltr'>enixius</span> <span class='ocrx_word' id='word_1_389' title='bbox 2873 2451 3259 2524; x_wconf 90' lang='lat' dir='ltr'>imploramus</span> <span class='ocrx_word' id='word_1_390' title='bbox 3289 2451 3412 2523; x_wconf 81' lang='lat' dir='ltr'>(aL,</span> <span class='ocrx_word' id='word_1_391' title='bbox 3441 2447 3657 2522; x_wconf 87' lang='lat' dir='ltr'>implo-</span> 
     </span>
    </p>
   </div>
   <div class='ocr_carea' id='block_1_56' title="bbox 2005 2535 3656 2615">
    <p class='ocr_par' dir='ltr' id='par_1_56' title="bbox 2005 2535 3656 2615">
     <span class='ocr_line' id='line_1_56' title="bbox 2005 2535 3656 2615; baseline -0.004 -16"><span class='ocrx_word' id='word_1_392' title='bbox 2005 2565 2034 2595; x_wconf 83' lang='lat'><strong>«</strong></span> <span class='ocrx_word' id='word_1_393' title='bbox 2063 2545 2284 2613; x_wconf 90' lang='lat' dir='ltr'>rantes)</span> <span class='ocrx_word' id='word_1_394' title='bbox 2313 2559 2428 2615; x_wconf 91' lang='lat' dir='ltr'>quo</span> <span class='ocrx_word' id='word_1_395' title='bbox 2460 2542 2572 2598; x_wconf 91' lang='lat' dir='ltr'>sub</span> <span class='ocrx_word' id='word_1_396' title='bbox 2598 2541 2777 2596; x_wconf 91' lang='lat' dir='ltr'>divini</span> <span class='ocrx_word' id='word_1_397' title='bbox 2813 2541 3032 2598; x_wconf 89' lang='lat' dir='ltr'>amoris</span> <span class='ocrx_word' id='word_1_398' title='bbox 3060 2545 3324 2614; x_wconf 89' lang='lat' dir='ltr'>respectu</span> <span class='ocrx_word' id='word_1_399' title='bbox 3358 2539 3540 2612; x_wconf 86' lang='lat' dir='ltr'>hujus</span> <span class='ocrx_word' id='word_1_400' title='bbox 3571 2535 3656 2594; x_wconf 85' lang='lat' dir='ltr'>rei</span> 
     </span>
    </p>
   </div>
   <div class='ocr_carea' id='block_1_57' title="bbox 2005 2628 3659 2706">
    <p class='ocr_par' dir='ltr' id='par_1_57' title="bbox 2005 2628 3659 2706">
     <span class='ocr_line' id='line_1_57' title="bbox 2005 2628 3659 2706; baseline 0 -22"><span class='ocrx_word' id='word_1_401' title='bbox 2005 2654 2033 2684; x_wconf 85' lang='lat'><strong>«</strong></span> <span class='ocrx_word' id='word_1_402' title='bbox 2065 2637 2240 2706; x_wconf 78' lang='lat' dir='ltr'>gesta:</span> <span class='ocrx_word' id='word_1_403' title='bbox 2259 2631 2615 2688; x_wconf 86' lang='lat' dir='ltr'>conducibili</span> <span class='ocrx_word' id='word_1_404' title='bbox 2639 2631 2868 2705; x_wconf 91' lang='lat' dir='ltr'>negotio</span> <span class='ocrx_word' id='word_1_405' title='bbox 2891 2636 3294 2689; x_wconf 60' lang='lat' dir='ltr'>consentanea</span> <span class='ocrx_word' id='word_1_406' title='bbox 3316 2629 3554 2702; x_wconf 89' lang='lat' dir='ltr'>pietatis</span> <span class='ocrx_word' id='word_1_407' title='bbox 3577 2628 3659 2684; x_wconf 83' lang='lat' dir='ltr'>fa-</span> 
     </span>
    </p>
   </div>
   <div class='ocr_carea' id='block_1_58' title="bbox 2007 2717 3656 2792">
    <p class='ocr_par' dir='ltr' id='par_1_58' title="bbox 2007 2717 3656 2792">
     <span class='ocr_line' id='line_1_58' title="bbox 2007 2717 3656 2792; baseline 0.001 -21"><span class='ocrx_word' id='word_1_408' title='bbox 2007 2745 2028 2771; x_wconf 78' lang='lat'><strong>«</strong></span> <span class='ocrx_word' id='word_1_409' title='bbox 2059 2724 2230 2778; x_wconf 87' lang='lat' dir='ltr'>veant</span> <span class='ocrx_word' id='word_1_410' title='bbox 2249 2719 2392 2788; x_wconf 89' lang='lat' dir='ltr'>zelo,</span> <span class='ocrx_word' id='word_1_411' title='bbox 2411 2720 2588 2792; x_wconf 91' lang='lat' dir='ltr'>idque</span> <span class='ocrx_word' id='word_1_412' title='bbox 2612 2718 2870 2778; x_wconf 89' lang='lat' dir='ltr'>liberalis</span> <span class='ocrx_word' id='word_1_413' title='bbox 2901 2719 3099 2776; x_wconf 85' lang='lat' dir='ltr'>auxilii</span> <span class='ocrx_word' id='word_1_414' title='bbox 3131 2717 3490 2775; x_wconf 77' lang='lat' dir='ltr'>indeflcienti</span> <span class='ocrx_word' id='word_1_415' title='bbox 3511 2717 3656 2774; x_wconf 84' lang='lat' dir='ltr'>base</span> 
     </span>
    </p>
   </div>
   <div class='ocr_carea' id='block_1_59' title="bbox 2008 2805 3658 2880">
    <p class='ocr_par' dir='ltr' id='par_1_59' title="bbox 2008 2805 3658 2880">
     <span class='ocr_line' id='line_1_59' title="bbox 2008 2805 3658 2880; baseline 0.002 -21"><span class='ocrx_word' id='word_1_416' title='bbox 2008 2829 2030 2858; x_wconf 74' lang='grc' dir='ltr'>ι</span> <span class='ocrx_word' id='word_1_417' title='bbox 2065 2807 2383 2880; x_wconf 87' lang='lat' dir='ltr'>dignentur</span> <span class='ocrx_word' id='word_1_418' title='bbox 2427 2811 2758 2880; x_wconf 89' lang='lat' dir='ltr'>temporum</span> <span class='ocrx_word' id='word_1_419' title='bbox 2808 2807 3119 2864; x_wconf 89' lang='lat' dir='ltr'>curriculis</span> <span class='ocrx_word' id='word_1_420' title='bbox 3157 2805 3446 2864; x_wconf 88' lang='lat' dir='ltr'>consolari</span> <span class='ocrx_word' id='word_1_421' title='bbox 3475 2809 3658 2878; x_wconf 87' lang='lat' dir='ltr'>atque</span> 
     </span>
    </p>
   </div>
   <div class='ocr_carea' id='block_1_60' title="bbox 2004 2893 3653 2970">
    <p class='ocr_par' dir='ltr' id='par_1_60' title="bbox 2004 2893 3653 2970">
     <span class='ocr_line' id='line_1_60' title="bbox 2004 2893 3653 2970; baseline 0.002 -22"><span class='ocrx_word' id='word_1_422' title='bbox 2004 2917 2033 2948; x_wconf 76' lang='grc' dir='ltr'>α</span> <span class='ocrx_word' id='word_1_423' title='bbox 2067 2896 2362 2966; x_wconf 84' lang='lat' dir='ltr'>fulcire,ut</span> <span class='ocrx_word' id='word_1_424' title='bbox 2381 2914 2451 2952; x_wconf 87' lang='lat' dir='ltr'>ex</span> <span class='ocrx_word' id='word_1_425' title='bbox 2469 2913 2536 2952; x_wconf 92' lang='lat' dir='ltr'>eo</span> <span class='ocrx_word' id='word_1_426' title='bbox 2557 2895 2809 2970; x_wconf 87' lang='lat' dir='ltr'>gratiam</span> <span class='ocrx_word' id='word_1_427' title='bbox 2831 2897 2932 2953; x_wconf 91' lang='lat' dir='ltr'>Dei</span> <span class='ocrx_word' id='word_1_428' title='bbox 2963 2895 3210 2952; x_wconf 84' lang='lat' dir='ltr'>feliciter</span> <span class='ocrx_word' id='word_1_429' title='bbox 3234 2897 3328 2952; x_wconf 90' lang='lat' dir='ltr'>adi</span> <span class='ocrx_word' id='word_1_430' title='bbox 3334 2893 3653 2970; x_wconf 87' lang='lat' dir='ltr'>piscentes,</span> 
     </span>
    </p>
   </div>
   <div class='ocr_carea' id='block_1_61' title="bbox 2008 2984 3656 3059">
    <p class='ocr_par' dir='ltr' id='par_1_61' title="bbox 2008 2984 3656 3059">
     <span class='ocr_line' id='line_1_61' title="bbox 2008 2984 3656 3059; baseline -0.001 -17"><span class='ocrx_word' id='word_1_431' title='bbox 2008 3005 2032 3035; x_wconf 80' lang='grc' dir='ltr'>ι</span> <span class='ocrx_word' id='word_1_432' title='bbox 2064 2984 2245 3059; x_wconf 88' lang='lat' dir='ltr'>hujus</span> <span class='ocrx_word' id='word_1_433' title='bbox 2269 2986 2692 3058; x_wconf 63' lang='lat' dir='ltr'>prastantioris</span> <span class='ocrx_word' id='word_1_434' title='bbox 2739 2985 3122 3043; x_wconf 90' lang='lat' dir='ltr'>emolumenti</span> <span class='ocrx_word' id='word_1_435' title='bbox 3165 2988 3502 3042; x_wconf 89' lang='lat' dir='ltr'>mereantur</span> <span class='ocrx_word' id='word_1_436' title='bbox 3531 2985 3656 3041; x_wconf 86' lang='lat' dir='ltr'>fore</span> 
     </span>
    </p>
   </div>
   <div class='ocr_carea' id='block_1_62' title="bbox 2007 3073 3654 3130">
    <p class='ocr_par' dir='ltr' id='par_1_62' title="bbox 2007 3073 3654 3130">
     <span class='ocr_line' id='line_1_62' title="bbox 2007 3073 3654 3130; baseline 0.004 -7"><span class='ocrx_word' id='word_1_437' title='bbox 2007 3096 2030 3123; x_wconf 75' lang='grc' dir='ltr'><strong>α</strong></span> <span class='ocrx_word' id='word_1_438' title='bbox 2067 3077 2388 3129; x_wconf 90' lang='lat' dir='ltr'>consortes.</span> <span class='ocrx_word' id='word_1_439' title='bbox 2422 3073 2533 3130; x_wconf 91' lang='lat' dir='ltr'>Sed</span> <span class='ocrx_word' id='word_1_440' title='bbox 2565 3077 2624 3128; x_wconf 89' lang='lat' dir='ltr'>et</span> <span class='ocrx_word' id='word_1_441' title='bbox 2653 3073 2763 3129; x_wconf 93' lang='lat' dir='ltr'>hoc</span> <span class='ocrx_word' id='word_1_442' title='bbox 2791 3089 2862 3128; x_wconf 83' lang='lat' dir='ltr'>ex</span> <span class='ocrx_word' id='word_1_443' title='bbox 2890 3073 3136 3130; x_wconf 89' lang='lat' dir='ltr'>decretis</span> <span class='ocrx_word' id='word_1_444' title='bbox 3173 3078 3512 3130; x_wconf 87' lang='lat' dir='ltr'>sanctorum</span> <span class='ocrx_word' id='word_1_445' title='bbox 3545 3073 3654 3129; x_wconf 86' lang='lat' dir='ltr'>Pa-</span> 
     </span>
    </p>
   </div>
   <div class='ocr_carea' id='block_1_63' title="bbox 2007 3161 3655 3236">
    <p class='ocr_par' dir='ltr' id='par_1_63' title="bbox 2007 3161 3655 3236">
     <span class='ocr_line' id='line_1_63' title="bbox 2007 3161 3655 3236; baseline 0.002 -22"><span class='ocrx_word' id='word_1_446' title='bbox 2007 3186 2029 3213; x_wconf 77' lang='grc' dir='ltr'><strong>α</strong></span> <span class='ocrx_word' id='word_1_447' title='bbox 2067 3167 2223 3218; x_wconf 89' lang='lat' dir='ltr'>trum</span> <span class='ocrx_word' id='word_1_448' title='bbox 2254 3163 2364 3219; x_wconf 88' lang='lat' dir='ltr'>sub</span> <span class='ocrx_word' id='word_1_449' title='bbox 2387 3162 2735 3218; x_wconf 88' lang='lat' dir='ltr'>auctoritate</span> <span class='ocrx_word' id='word_1_450' title='bbox 2755 3161 3034 3236; x_wconf 89' lang='lat' dir='ltr'>pastorali</span> <span class='ocrx_word' id='word_1_451' title='bbox 3057 3161 3655 3219; x_wconf 85' lang='lat' dir='ltr'>omnimodisinhibe-</span> 
     </span>
    </p>
   </div>
   <div class='ocr_carea' id='block_1_64' title="bbox 2008 3249 3655 3318">
    <p class='ocr_par' dir='ltr' id='par_1_64' title="bbox 2008 3249 3655 3318">
     <span class='ocr_line' id='line_1_64' title="bbox 2008 3249 3655 3318; baseline 0.004 -18"><span class='ocrx_word' id='word_1_452' title='bbox 2008 3273 2029 3300; x_wconf 78' lang='grc' dir='ltr'><strong><em>α</em></strong></span> <span class='ocrx_word' id='word_1_453' title='bbox 2067 3267 2222 3318; x_wconf 93' lang='lat' dir='ltr'>mus,</span> <span class='ocrx_word' id='word_1_454' title='bbox 2246 3249 2366 3305; x_wconf 90' lang='lat' dir='ltr'>imo</span> <span class='ocrx_word' id='word_1_455' title='bbox 2393 3249 2568 3306; x_wconf 88' lang='lat' dir='ltr'>etiam</span> <span class='ocrx_word' id='word_1_456' title='bbox 2599 3267 2736 3305; x_wconf 91' lang='lat' dir='ltr'>cum</span> <span class='ocrx_word' id='word_1_457' title='bbox 2767 3249 2944 3306; x_wconf 91' lang='lat' dir='ltr'>divini</span> <span class='ocrx_word' id='word_1_458' title='bbox 2974 3251 3232 3307; x_wconf 89' lang='lat' dir='ltr'>nominis</span> <span class='ocrx_word' id='word_1_459' title='bbox 3261 3249 3655 3307; x_wconf 85' lang='lat' dir='ltr'>obtestatione</span> 
     </span>
    </p>
   </div>
   <div class='ocr_carea' id='block_1_65' title="bbox 245 3321 3656 3413">
    <p class='ocr_par' dir='ltr' id='par_1_65' title="bbox 245 3321 3656 3413">
     <span class='ocr_line' id='line_1_65' title="bbox 245 3321 3656 3413; baseline -0 -16"><span class='ocrx_word' id='word_1_460' title='bbox 245 3367 276 3397; x_wconf 84' lang='lat'>«</span> <span class='ocrx_word' id='word_1_461' title='bbox 301 3347 370 3400; x_wconf 90' lang='lat' dir='ltr'>ut</span> <span class='ocrx_word' id='word_1_462' title='bbox 397 3341 591 3410; x_wconf 90' lang='lat' dir='ltr'>credo,</span> <span class='ocrx_word' id='word_1_463' title='bbox 610 3357 679 3396; x_wconf 84' lang='lat' dir='ltr'>ex</span> <span class='ocrx_word' id='word_1_464' title='bbox 699 3321 1083 3412; x_wconf 87' lang='lat' dir='ltr'>inspiratione</span> <span class='ocrx_word' id='word_1_465' title='bbox 1113 3337 1213 3394; x_wconf 90' lang='lat' dir='ltr'>Dei</span> <span class='ocrx_word' id='word_1_466' title='bbox 1241 3339 1434 3394; x_wconf 89' lang='lat' dir='ltr'>visum</span> <span class='ocrx_word' id='word_1_467' title='bbox 1457 3344 1546 3394; x_wconf 89' lang='lat' dir='ltr'>est</span> <span class='ocrx_word' id='word_1_468' title='bbox 1565 3339 1734 3405; x_wconf 86' lang='lat' dir='ltr'>mihi,</span> <span class='ocrx_word' id='word_1_469' title='bbox 1765 3357 1888 3396; x_wconf 92' lang='lat' dir='ltr'>mo-</span> <span class='ocrx_word' id='word_1_470' title='bbox 1921 3321 1965 3388; x_wconf 86' lang='lat' dir='ltr'>C</span> <span class='ocrx_word' id='word_1_471' title='bbox 2007 3361 2035 3389; x_wconf 83' lang='lat'><strong>«</strong></span> <span class='ocrx_word' id='word_1_472' title='bbox 2065 3340 2305 3394; x_wconf 90' lang='lat' dir='ltr'>omnino</span> <span class='ocrx_word' id='word_1_473' title='bbox 2336 3339 2764 3409; x_wconf 89' lang='lat' dir='ltr'>interdicimus,</span> <span class='ocrx_word' id='word_1_474' title='bbox 2784 3357 2856 3397; x_wconf 91' lang='lat' dir='ltr'>ne</span> <span class='ocrx_word' id='word_1_475' title='bbox 2885 3357 3148 3413; x_wconf 87' lang='lat' dir='ltr'>unquam</span> <span class='ocrx_word' id='word_1_476' title='bbox 3178 3339 3656 3413; x_wconf 82' lang='lat' dir='ltr'>hujusmodista-</span> 
     </span>
    </p>
   </div>
   <div class='ocr_carea' id='block_1_66' title="bbox 247 3427 1893 3498">
    <p class='ocr_par' dir='ltr' id='par_1_66' title="bbox 247 3427 1893 3498">
     <span class='ocr_line' id='line_1_66' title="bbox 247 3427 1893 3498; baseline 0.001 -14"><span class='ocrx_word' id='word_1_477' title='bbox 247 3453 272 3484; x_wconf 70' lang='grc' dir='ltr'><strong>α</strong></span> <span class='ocrx_word' id='word_1_478' title='bbox 307 3431 629 3490; x_wconf 90' lang='lat' dir='ltr'>nachorum</span> <span class='ocrx_word' id='word_1_479' title='bbox 661 3429 866 3484; x_wconf 89' lang='lat' dir='ltr'>ordine</span> <span class='ocrx_word' id='word_1_480' title='bbox 895 3431 952 3483; x_wconf 89' lang='lat' dir='ltr'>et</span> <span class='ocrx_word' id='word_1_481' title='bbox 981 3427 1291 3498; x_wconf 89' lang='lat' dir='ltr'>disciplina</span> <span class='ocrx_word' id='word_1_482' title='bbox 1339 3430 1662 3484; x_wconf 88' lang='lat' dir='ltr'>secundum</span> <span class='ocrx_word' id='word_1_483' title='bbox 1707 3430 1893 3485; x_wconf 89' lang='lat' dir='ltr'>sancti</span> 
     </span>
    </p>
   </div>
   <div class='ocr_carea' id='block_1_67' title="bbox 245 3515 1892 3591">
    <p class='ocr_par' dir='ltr' id='par_1_67' title="bbox 245 3515 1892 3591">
     <span class='ocr_line' id='line_1_67' title="bbox 245 3515 1892 3591; baseline -0.001 -15"><span class='ocrx_word' id='word_1_484' title='bbox 245 3544 276 3576; x_wconf 86' lang='grc'>‹‹</span> <span class='ocrx_word' id='word_1_485' title='bbox 303 3519 599 3578; x_wconf 88' lang='lat' dir='ltr'>Benedicti</span> <span class='ocrx_word' id='word_1_486' title='bbox 632 3516 895 3591; x_wconf 90' lang='lat' dir='ltr'>regulam</span> <span class='ocrx_word' id='word_1_487' title='bbox 943 3516 1136 3572; x_wconf 91' lang='lat' dir='ltr'>locum</span> <span class='ocrx_word' id='word_1_488' title='bbox 1178 3515 1346 3571; x_wconf 87' lang='lat' dir='ltr'>illum</span> <span class='ocrx_word' id='word_1_489' title='bbox 1378 3517 1438 3570; x_wconf 91' lang='lat' dir='ltr'>in</span> <span class='ocrx_word' id='word_1_490' title='bbox 1470 3516 1684 3574; x_wconf 90' lang='lat' dir='ltr'>melius</span> <span class='ocrx_word' id='word_1_491' title='bbox 1715 3519 1892 3574; x_wconf 84' lang='lat' dir='ltr'>refor-</span> 
     </span>
    </p>
   </div>
   <div class='ocr_carea' id='block_1_68' title="bbox 254 3604 1893 3676">
    <p class='ocr_par' dir='ltr' id='par_1_68' title="bbox 254 3604 1893 3676">
     <span class='ocr_line' id='line_1_68' title="bbox 254 3604 1893 3676; baseline -0.001 -11"><span class='ocrx_word' id='word_1_492' title='bbox 254 3635 279 3665; x_wconf 77' lang='grc' dir='ltr'><strong>ε</strong></span> <span class='ocrx_word' id='word_1_493' title='bbox 314 3625 496 3668; x_wconf 87' lang='lat' dir='ltr'>mare.</span> <span class='ocrx_word' id='word_1_494' title='bbox 531 3608 696 3676; x_wconf 88' lang='lat' dir='ltr'>Quod</span> <span class='ocrx_word' id='word_1_495' title='bbox 725 3611 784 3663; x_wconf 92' lang='lat' dir='ltr'>et</span> <span class='ocrx_word' id='word_1_496' title='bbox 813 3606 1094 3674; x_wconf 87' lang='lat' dir='ltr'>efficiens,</span> <span class='ocrx_word' id='word_1_497' title='bbox 1129 3604 1350 3661; x_wconf 89' lang='lat' dir='ltr'>domini</span> <span class='ocrx_word' id='word_1_498' title='bbox 1392 3606 1576 3663; x_wconf 91' lang='lat' dir='ltr'>nostri</span> <span class='ocrx_word' id='word_1_499' title='bbox 1619 3607 1893 3664; x_wconf 78' lang='lat' dir='ltr'>Romamn</span> 
     </span>
    </p>
   </div>
   <div class='ocr_carea' id='block_1_69' title="bbox 251 3695 1896 3771">
    <p class='ocr_par' dir='ltr' id='par_1_69' title="bbox 251 3695 1896 3771">
     <span class='ocr_line' id='line_1_69' title="bbox 251 3695 1896 3771; baseline 0.001 -17"><span class='ocrx_word' id='word_1_500' title='bbox 251 3723 282 3755; x_wconf 73' lang='grc' dir='ltr'><strong>α</strong></span> <span class='ocrx_word' id='word_1_501' title='bbox 311 3699 469 3758; x_wconf 87' lang='lat' dir='ltr'>sedis</span> <span class='ocrx_word' id='word_1_502' title='bbox 498 3697 731 3755; x_wconf 90' lang='lat' dir='ltr'>antistis</span> <span class='ocrx_word' id='word_1_503' title='bbox 761 3695 1073 3752; x_wconf 90' lang='lat' dir='ltr'>consilium</span> <span class='ocrx_word' id='word_1_504' title='bbox 1097 3699 1268 3768; x_wconf 89' lang='lat' dir='ltr'>atque</span> <span class='ocrx_word' id='word_1_505' title='bbox 1293 3696 1696 3752; x_wconf 87' lang='lat' dir='ltr'>auctoritatem</span> <span class='ocrx_word' id='word_1_506' title='bbox 1721 3715 1896 3771; x_wconf 91' lang='lat' dir='ltr'>super</span> 
     </span>
    </p>
   </div>
   <div class='ocr_carea' id='block_1_70' title="bbox 250 3784 1893 3860">
    <p class='ocr_par' dir='ltr' id='par_1_70' title="bbox 250 3784 1893 3860">
     <span class='ocr_line' id='line_1_70' title="bbox 250 3784 1893 3860; baseline -0.001 -14"><span class='ocrx_word' id='word_1_507' title='bbox 250 3813 282 3846; x_wconf 84' lang='grc'>‹‹</span> <span class='ocrx_word' id='word_1_508' title='bbox 309 3791 420 3850; x_wconf 92' lang='lat' dir='ltr'>hoc</span> <span class='ocrx_word' id='word_1_509' title='bbox 447 3790 600 3847; x_wconf 87' lang='lat' dir='ltr'>facto</span> <span class='ocrx_word' id='word_1_510' title='bbox 633 3791 906 3860; x_wconf 86' lang='lat' dir='ltr'>expetens</span> <span class='ocrx_word' id='word_1_511' title='bbox 929 3784 1227 3858; x_wconf 90' lang='lat' dir='ltr'>requisivi.</span> <span class='ocrx_word' id='word_1_512' title='bbox 1255 3785 1418 3842; x_wconf 93' lang='lat' dir='ltr'>Unde</span> <span class='ocrx_word' id='word_1_513' title='bbox 1439 3790 1503 3842; x_wconf 90' lang='lat' dir='ltr'>ut</span> <span class='ocrx_word' id='word_1_514' title='bbox 1533 3787 1592 3842; x_wconf 88' lang='lat' dir='ltr'>in</span> <span class='ocrx_word' id='word_1_515' title='bbox 1623 3789 1893 3860; x_wconf 82' lang='lat' dir='ltr'>praesenti</span> 
     </span>
    </p>
   </div>
   <div class='ocr_carea' id='block_1_71' title="bbox 247 3873 1896 3949">
    <p class='ocr_par' dir='ltr' id='par_1_71' title="bbox 247 3873 1896 3949">
     <span class='ocr_line' id='line_1_71' title="bbox 247 3873 1896 3949; baseline 0 -14"><span class='ocrx_word' id='word_1_516' title='bbox 247 3902 280 3935; x_wconf 74' lang='grc' dir='ltr'>α</span> <span class='ocrx_word' id='word_1_517' title='bbox 309 3877 566 3939; x_wconf 86' lang='lat' dir='ltr'>audituri</span> <span class='ocrx_word' id='word_1_518' title='bbox 599 3875 762 3947; x_wconf 87' lang='lat' dir='ltr'>estis,</span> <span class='ocrx_word' id='word_1_519' title='bbox 799 3878 1094 3949; x_wconf 69' lang='lat' dir='ltr'>praeeunte</span> <span class='ocrx_word' id='word_1_520' title='bbox 1123 3873 1337 3932; x_wconf 87' lang='lat' dir='ltr'>Christi</span> <span class='ocrx_word' id='word_1_521' title='bbox 1366 3875 1552 3948; x_wconf 86' lang='lat' dir='ltr'>gratia</span> <span class='ocrx_word' id='word_1_522' title='bbox 1581 3880 1639 3931; x_wconf 88' lang='lat' dir='ltr'>et</span> <span class='ocrx_word' id='word_1_523' title='bbox 1670 3877 1896 3948; x_wconf 86' lang='lat' dir='ltr'>privile-</span> 
     </span>
    </p>
   </div>
   <div class='ocr_carea' id='block_1_72' title="bbox 247 3964 1892 4046">
    <p class='ocr_par' dir='ltr' id='par_1_72' title="bbox 247 3964 1892 4046">
     <span class='ocr_line' id='line_1_72' title="bbox 247 3964 1892 4046; baseline -0.001 -22"><span class='ocrx_word' id='word_1_524' title='bbox 247 3991 278 4024; x_wconf 74' lang='grc' dir='ltr'>ιι</span> <span class='ocrx_word' id='word_1_525' title='bbox 307 3971 472 4046; x_wconf 85' lang='lat' dir='ltr'>gium</span> <span class='ocrx_word' id='word_1_526' title='bbox 493 3964 860 4026; x_wconf 88' lang='lat' dir='ltr'>auctoritatis</span> <span class='ocrx_word' id='word_1_527' title='bbox 879 3981 997 4021; x_wconf 71' lang='lat' dir='ltr'>sum</span> <span class='ocrx_word' id='word_1_528' title='bbox 1029 3964 1200 4045; x_wconf 82' lang='lat' dir='ltr'>nobis</span> <span class='ocrx_word' id='word_1_529' title='bbox 1229 3964 1580 4032; x_wconf 89' lang='lat' dir='ltr'>transmisit,</span> <span class='ocrx_word' id='word_1_530' title='bbox 1611 3969 1669 4020; x_wconf 89' lang='lat' dir='ltr'>et</span> <span class='ocrx_word' id='word_1_531' title='bbox 1695 3966 1892 4022; x_wconf 87' lang='lat' dir='ltr'>decre-</span> 
     </span>
    </p>
   </div>
   <div class='ocr_carea' id='block_1_73' title="bbox 247 4053 1892 4127">
    <p class='ocr_par' dir='ltr' id='par_1_73' title="bbox 247 4053 1892 4127">
     <span class='ocr_line' id='line_1_73' title="bbox 247 4053 1892 4127; baseline -0.001 -15"><span class='ocrx_word' id='word_1_532' title='bbox 247 4080 278 4112; x_wconf 82' lang='grc'>‹‹</span> <span class='ocrx_word' id='word_1_533' title='bbox 308 4063 438 4116; x_wconf 88' lang='lat' dir='ltr'>tum</span> <span class='ocrx_word' id='word_1_534' title='bbox 469 4057 832 4115; x_wconf 89' lang='lat' dir='ltr'>constituens</span> <span class='ocrx_word' id='word_1_535' title='bbox 853 4055 963 4112; x_wconf 89' lang='lat' dir='ltr'>sub</span> <span class='ocrx_word' id='word_1_536' title='bbox 985 4054 1201 4127; x_wconf 88' lang='lat' dir='ltr'>pagina</span> <span class='ocrx_word' id='word_1_537' title='bbox 1232 4053 1418 4110; x_wconf 91' lang='lat' dir='ltr'>sancti</span> <span class='ocrx_word' id='word_1_538' title='bbox 1442 4053 1592 4109; x_wconf 92' lang='lat' dir='ltr'>Petri</span> <span class='ocrx_word' id='word_1_539' title='bbox 1623 4055 1892 4112; x_wconf 87' lang='lat' dir='ltr'>corrobo-</span> 
     </span>
    </p>
   </div>
   <div class='ocr_carea' id='block_1_74' title="bbox 248 4142 1898 4216">
    <p class='ocr_par' dir='ltr' id='par_1_74' title="bbox 248 4142 1898 4216">
     <span class='ocr_line' id='line_1_74' title="bbox 248 4142 1898 4216; baseline 0.001 -16"><span class='ocrx_word' id='word_1_540' title='bbox 248 4169 278 4200; x_wconf 76' lang='grc' dir='ltr'><strong><em>α</em></strong></span> <span class='ocrx_word' id='word_1_541' title='bbox 307 4147 474 4216; x_wconf 85' lang='lat' dir='ltr'>ravit,</span> <span class='ocrx_word' id='word_1_542' title='bbox 492 4151 550 4202; x_wconf 90' lang='lat' dir='ltr'>et</span> <span class='ocrx_word' id='word_1_543' title='bbox 578 4162 727 4202; x_wconf 90' lang='lat' dir='ltr'>ausu</span> <span class='ocrx_word' id='word_1_544' title='bbox 756 4143 1064 4200; x_wconf 90' lang='lat' dir='ltr'>temerario</span> <span class='ocrx_word' id='word_1_545' title='bbox 1095 4142 1408 4216; x_wconf 85' lang='lat' dir='ltr'>infringere</span> <span class='ocrx_word' id='word_1_546' title='bbox 1441 4146 1732 4200; x_wconf 88' lang='lat' dir='ltr'>tentantes</span> <span class='ocrx_word' id='word_1_547' title='bbox 1762 4162 1898 4202; x_wconf 87' lang='lat' dir='ltr'>ana-</span> 
     </span>
    </p>
   </div>
   <div class='ocr_carea' id='block_1_75' title="bbox 251 4231 1890 4306">
    <p class='ocr_par' dir='ltr' id='par_1_75' title="bbox 251 4231 1890 4306">
     <span class='ocr_line' id='line_1_75' title="bbox 251 4231 1890 4306; baseline 0.003 -20"><span class='ocrx_word' id='word_1_548' title='bbox 251 4256 276 4286; x_wconf 74' lang='grc' dir='ltr'>ι</span> <span class='ocrx_word' id='word_1_549' title='bbox 307 4233 586 4292; x_wconf 90' lang='lat' dir='ltr'>thematis</span> <span class='ocrx_word' id='word_1_550' title='bbox 599 4233 798 4306; x_wconf 85' lang='lat' dir='ltr'>jaculo</span> <span class='ocrx_word' id='word_1_551' title='bbox 818 4231 1286 4304; x_wconf 86' lang='lat' dir='ltr'>impetivit,sicut</span> <span class='ocrx_word' id='word_1_552' title='bbox 1305 4232 1457 4287; x_wconf 90' lang='lat' dir='ltr'>infra</span> <span class='ocrx_word' id='word_1_553' title='bbox 1477 4232 1763 4306; x_wconf 90' lang='lat' dir='ltr'>scriptum</span> <span class='ocrx_word' id='word_1_554' title='bbox 1781 4239 1890 4291; x_wconf 89' lang='lat' dir='ltr'>est:</span> 
     </span>
    </p>
   </div>
   <div class='ocr_carea' id='block_1_76' title="bbox 319 4321 1890 4394">
    <p class='ocr_par' dir='ltr' id='par_1_76' title="bbox 319 4321 1890 4394">
     <span class='ocr_line' id='line_1_76' title="bbox 319 4321 1890 4394; baseline 0.003 -17"><span class='ocrx_word' id='word_1_555' title='bbox 319 4346 351 4377; x_wconf 86' lang='grc'><em>‹‹</em></span> <span class='ocrx_word' id='word_1_556' title='bbox 378 4325 635 4383; x_wconf 56' lang='lat' dir='ltr'>Joannes</span> <span class='ocrx_word' id='word_1_557' title='bbox 664 4321 1203 4394; x_wconf 90' lang='lat' dir='ltr'>episcopus,servus</span> <span class='ocrx_word' id='word_1_558' title='bbox 1235 4337 1532 4376; x_wconf 89' lang='lat' dir='ltr'>servorum</span> <span class='ocrx_word' id='word_1_559' title='bbox 1563 4322 1684 4394; x_wconf 84' lang='lat' dir='ltr'>Dei,</span> <span class='ocrx_word' id='word_1_560' title='bbox 1719 4346 1747 4374; x_wconf 83' lang='lat'>»</span> <span class='ocrx_word' id='word_1_561' title='bbox 1780 4328 1890 4380; x_wconf 89' lang='lat' dir='ltr'>etc.</span> 
     </span>
    </p>
   </div>
   <div class='ocr_carea' id='block_1_77' title="bbox 245 4411 1895 4488">
    <p class='ocr_par' dir='ltr' id='par_1_77' title="bbox 245 4411 1895 4488">
     <span class='ocr_line' id='line_1_77' title="bbox 245 4411 1895 4488; baseline -0.001 -17"><span class='ocrx_word' id='word_1_562' title='bbox 245 4413 475 4488; x_wconf 73' lang='lat' dir='ltr'>Reliqua</span> <span class='ocrx_word' id='word_1_563' title='bbox 501 4411 624 4469; x_wconf 82' lang='lat' dir='ltr'>vide</span> <span class='ocrx_word' id='word_1_564' title='bbox 651 4413 795 4468; x_wconf 80' lang='lat' dir='ltr'>inter</span> <span class='ocrx_word' id='word_1_565' title='bbox 830 4411 1083 4484; x_wconf 75' lang='lat' dir='ltr'>epistolas</span> <span class='ocrx_word' id='word_1_566' title='bbox 1111 4417 1163 4466; x_wconf 84' lang='lat' dir='ltr'>et</span> <span class='ocrx_word' id='word_1_567' title='bbox 1184 4411 1479 4482; x_wconf 78' lang='lat' dir='ltr'>privilegia</span> <span class='ocrx_word' id='word_1_568' title='bbox 1532 4411 1760 4468; x_wconf 79' lang='lat' dir='ltr'>Joannis</span> <span class='ocrx_word' id='word_1_569' title='bbox 1799 4431 1895 4486; x_wconf 86' lang='lat' dir='ltr'>pa-</span> 
     </span>
    </p>
   </div>
   <div class='ocr_carea' id='block_1_78' title="bbox 238 4501 488 4578">
    <p class='ocr_par' dir='ltr' id='par_1_78' title="bbox 238 4501 488 4578">
     <span class='ocr_line' id='line_1_78' title="bbox 238 4501 488 4578; baseline -0.008 -18"><span class='ocrx_word' id='word_1_570' title='bbox 238 4521 326 4578; x_wconf 76' lang='lat' dir='ltr'>pae</span> <span class='ocrx_word' id='word_1_571' title='bbox 351 4501 488 4559; x_wconf 83' lang='lat' dir='ltr'>XIII.</span> 
     </span>
    </p>
   </div>
   <div class='ocr_carea' id='block_1_79' title="bbox 313 4587 1893 4665">
    <p class='ocr_par' dir='ltr' id='par_1_79' title="bbox 313 4587 1893 4665">
     <span class='ocr_line' id='line_1_79' title="bbox 313 4587 1893 4665; baseline 0.001 -17"><span class='ocrx_word' id='word_1_572' title='bbox 313 4591 462 4660; x_wconf 83' lang='lat' dir='ltr'>Quia</span> <span class='ocrx_word' id='word_1_573' title='bbox 477 4589 660 4665; x_wconf 82' lang='lat' dir='ltr'>igitur</span> <span class='ocrx_word' id='word_1_574' title='bbox 679 4589 903 4646; x_wconf 91' lang='lat' dir='ltr'>domini</span> <span class='ocrx_word' id='word_1_575' title='bbox 925 4587 1226 4662; x_wconf 90' lang='lat' dir='ltr'>apostolici</span> <span class='ocrx_word' id='word_1_576' title='bbox 1260 4590 1558 4646; x_wconf 87' lang='lat' dir='ltr'>decretum</span> <span class='ocrx_word' id='word_1_577' title='bbox 1588 4596 1646 4647; x_wconf 89' lang='lat' dir='ltr'>et</span> <span class='ocrx_word' id='word_1_578' title='bbox 1664 4591 1893 4649; x_wconf 84' lang='lat' dir='ltr'>vidistis</span> 
     </span>
    </p>
   </div>
   <div class='ocr_carea' id='block_1_80' title="bbox 2008 3427 3652 3500">
    <p class='ocr_par' dir='ltr' id='par_1_80' title="bbox 2008 3427 3652 3500">
     <span class='ocr_line' id='line_1_80' title="bbox 2008 3427 3652 3500; baseline 0 -16"><span class='ocrx_word' id='word_1_579' title='bbox 2008 3452 2029 3478; x_wconf 76' lang='grc' dir='ltr'><strong><em>α</em></strong></span> <span class='ocrx_word' id='word_1_580' title='bbox 2065 3432 2262 3484; x_wconf 90' lang='lat' dir='ltr'>tutum</span> <span class='ocrx_word' id='word_1_581' title='bbox 2298 3427 2559 3500; x_wconf 89' lang='lat' dir='ltr'>qualibet</span> <span class='ocrx_word' id='word_1_582' title='bbox 2600 3429 2928 3485; x_wconf 88' lang='lat' dir='ltr'>temeritate</span> <span class='ocrx_word' id='word_1_583' title='bbox 2956 3429 3029 3485; x_wconf 88' lang='lat' dir='ltr'>ab</span> <span class='ocrx_word' id='word_1_584' title='bbox 3059 3429 3179 3485; x_wconf 91' lang='lat' dir='ltr'>ullo</span> <span class='ocrx_word' id='word_1_585' title='bbox 3210 3429 3395 3485; x_wconf 88' lang='lat' dir='ltr'>nostri</span> <span class='ocrx_word' id='word_1_586' title='bbox 3427 3428 3652 3485; x_wconf 83' lang='lat' dir='ltr'>ordinis</span> 
     </span>
    </p>
   </div>
   <div class='ocr_carea' id='block_1_81' title="bbox 2007 3518 3654 3592">
    <p class='ocr_par' dir='ltr' id='par_1_81' title="bbox 2007 3518 3654 3592">
     <span class='ocr_line' id='line_1_81' title="bbox 2007 3518 3654 3592; baseline 0.003 -23"><span class='ocrx_word' id='word_1_587' title='bbox 2007 3544 2029 3569; x_wconf 74' lang='grc' dir='ltr'>«ι</span> <span class='ocrx_word' id='word_1_588' title='bbox 2063 3519 2478 3591; x_wconf 73' lang='lat' dir='ltr'>violetur,qu&#39;m</span> <span class='ocrx_word' id='word_1_589' title='bbox 2513 3519 2705 3591; x_wconf 90' lang='lat' dir='ltr'>potius</span> <span class='ocrx_word' id='word_1_590' title='bbox 2735 3520 2796 3575; x_wconf 90' lang='lat' dir='ltr'>in</span> <span class='ocrx_word' id='word_1_591' title='bbox 2825 3518 3117 3592; x_wconf 88' lang='lat' dir='ltr'>reliquum</span> <span class='ocrx_word' id='word_1_592' title='bbox 3149 3519 3358 3575; x_wconf 88' lang='lat' dir='ltr'>stabile</span> <span class='ocrx_word' id='word_1_593' title='bbox 3378 3522 3436 3574; x_wconf 90' lang='lat' dir='ltr'>et</span> <span class='ocrx_word' id='word_1_594' title='bbox 3455 3519 3654 3575; x_wconf 87' lang='lat' dir='ltr'>incon-</span> 
     </span>
    </p>
   </div>
   <div class='ocr_carea' id='block_1_82' title="bbox 2008 3608 3654 3682">
    <p class='ocr_par' dir='ltr' id='par_1_82' title="bbox 2008 3608 3654 3682">
     <span class='ocr_line' id='line_1_82' title="bbox 2008 3608 3654 3682; baseline 0.003 -23"><span class='ocrx_word' id='word_1_595' title='bbox 2008 3633 2028 3659; x_wconf 75' lang='grc' dir='ltr'><strong>α</strong></span> <span class='ocrx_word' id='word_1_596' title='bbox 2065 3625 2305 3665; x_wconf 91' lang='lat' dir='ltr'>cussum</span> <span class='ocrx_word' id='word_1_597' title='bbox 2328 3609 2463 3681; x_wconf 89' lang='lat' dir='ltr'>jure</span> <span class='ocrx_word' id='word_1_598' title='bbox 2493 3613 2772 3682; x_wconf 88' lang='lat' dir='ltr'>perpetuo</span> <span class='ocrx_word' id='word_1_599' title='bbox 2802 3609 3061 3682; x_wconf 90' lang='lat' dir='ltr'>idipsum</span> <span class='ocrx_word' id='word_1_600' title='bbox 3083 3608 3492 3666; x_wconf 83' lang='lat' dir='ltr'>venerabiliter</span> <span class='ocrx_word' id='word_1_601' title='bbox 3518 3621 3654 3664; x_wconf 81' lang='lat' dir='ltr'>cou-</span> 
     </span>
    </p>
   </div>
   <div class='ocr_carea' id='block_1_83' title="bbox 2005 3695 3654 3771">
    <p class='ocr_par' dir='ltr' id='par_1_83' title="bbox 2005 3695 3654 3771">
     <span class='ocr_line' id='line_1_83' title="bbox 2005 3695 3654 3771; baseline -0.002 -15"><span class='ocrx_word' id='word_1_602' title='bbox 2005 3721 2034 3751; x_wconf 88' lang='lat'><strong>«</strong></span> <span class='ocrx_word' id='word_1_603' title='bbox 2066 3702 2347 3756; x_wconf 88' lang='lat' dir='ltr'>servetur.</span> <span class='ocrx_word' id='word_1_604' title='bbox 2382 3698 2529 3754; x_wconf 87' lang='lat' dir='ltr'>Nam</span> <span class='ocrx_word' id='word_1_605' title='bbox 2558 3698 2608 3753; x_wconf 91' lang='lat' dir='ltr'>si</span> <span class='ocrx_word' id='word_1_606' title='bbox 2638 3714 2741 3770; x_wconf 93' lang='lat' dir='ltr'>per</span> <span class='ocrx_word' id='word_1_607' title='bbox 2770 3697 2949 3754; x_wconf 91' lang='lat' dir='ltr'>laicos</span> <span class='ocrx_word' id='word_1_608' title='bbox 2979 3697 3039 3753; x_wconf 92' lang='lat' dir='ltr'>in</span> <span class='ocrx_word' id='word_1_609' title='bbox 3069 3715 3192 3754; x_wconf 91' lang='lat' dir='ltr'>rem</span> <span class='ocrx_word' id='word_1_610' title='bbox 3237 3695 3391 3753; x_wconf 86' lang='lat' dir='ltr'>hanc</span> <span class='ocrx_word' id='word_1_611' title='bbox 3431 3696 3654 3771; x_wconf 84' lang='lat' dir='ltr'>injuria</span> 
     </span>
    </p>
   </div>
   <div class='ocr_carea' id='block_1_84' title="bbox 2005 3785 3652 3860">
    <p class='ocr_par' dir='ltr' id='par_1_84' title="bbox 2005 3785 3652 3860">
     <span class='ocr_line' id='line_1_84' title="bbox 2005 3785 3652 3860; baseline 0 -17"><span class='ocrx_word' id='word_1_612' title='bbox 2005 3811 2033 3839; x_wconf 85' lang='lat'><strong>«</strong></span> <span class='ocrx_word' id='word_1_613' title='bbox 2064 3787 2455 3857; x_wconf 89' lang='lat' dir='ltr'>invehatur,in</span> <span class='ocrx_word' id='word_1_614' title='bbox 2486 3803 2584 3844; x_wconf 91' lang='lat' dir='ltr'>eos</span> <span class='ocrx_word' id='word_1_615' title='bbox 2606 3787 2807 3860; x_wconf 79' lang='lat' dir='ltr'>procul</span> <span class='ocrx_word' id='word_1_616' title='bbox 2829 3787 3007 3843; x_wconf 90' lang='lat' dir='ltr'>dubio</span> <span class='ocrx_word' id='word_1_617' title='bbox 3029 3785 3652 3844; x_wconf 84' lang='lat' dir='ltr'>excommunicationis</span> 
     </span>
    </p>
   </div>
   <div class='ocr_carea' id='block_1_85' title="bbox 2006 3875 3406 3950">
    <p class='ocr_par' dir='ltr' id='par_1_85' title="bbox 2006 3875 3406 3950">
     <span class='ocr_line' id='line_1_85' title="bbox 2006 3875 3406 3950; baseline -0.005 -16"><span class='ocrx_word' id='word_1_618' title='bbox 2006 3901 2034 3929; x_wconf 84' lang='grc'><em>‹‹</em></span> <span class='ocrx_word' id='word_1_619' title='bbox 2057 3877 2324 3950; x_wconf 89' lang='lat' dir='ltr'>jaculum</span> <span class='ocrx_word' id='word_1_620' title='bbox 2355 3893 2490 3932; x_wconf 90' lang='lat' dir='ltr'>cum</span> <span class='ocrx_word' id='word_1_621' title='bbox 2521 3877 2894 3933; x_wconf 89' lang='lat' dir='ltr'>anathemate</span> <span class='ocrx_word' id='word_1_622' title='bbox 2924 3875 3348 3949; x_wconf 81' lang='lat' dir='ltr'>intorqueatur.</span> <span class='ocrx_word' id='word_1_623' title='bbox 3376 3898 3406 3928; x_wconf 72' lang='grc' dir='ltr'>»ι</span> 
     </span>
    </p>
   </div>
   <div class='ocr_carea' id='block_1_86' title="bbox 2073 3963 3651 4040">
    <p class='ocr_par' dir='ltr' id='par_1_86' title="bbox 2073 3963 3651 4040">
     <span class='ocr_line' id='line_1_86' title="bbox 2073 3963 3651 4040; baseline -0.001 -18"><span class='ocrx_word' id='word_1_624' title='bbox 2073 3969 2238 4022; x_wconf 90' lang='lat' dir='ltr'>Anno</span> <span class='ocrx_word' id='word_1_625' title='bbox 2259 3965 2441 4040; x_wconf 91' lang='lat' dir='ltr'>igitur</span> <span class='ocrx_word' id='word_1_626' title='bbox 2468 3966 2540 4021; x_wconf 90' lang='lat' dir='ltr'>ab</span> <span class='ocrx_word' id='word_1_627' title='bbox 2571 3965 2970 4022; x_wconf 87' lang='lat' dir='ltr'>incarnatione</span> <span class='ocrx_word' id='word_1_628' title='bbox 3000 3964 3233 4022; x_wconf 89' lang='lat' dir='ltr'>Domini</span> <span class='ocrx_word' id='word_1_629' title='bbox 3264 3964 3404 4022; x_wconf 88' lang='lat' dir='ltr'>Jesu</span> <span class='ocrx_word' id='word_1_630' title='bbox 3433 3963 3651 4021; x_wconf 85' lang='lat' dir='ltr'>Christi</span> 
     </span>
    </p>
   </div>
   <div class='ocr_carea' id='block_1_87' title="bbox 1999 4053 3653 4128">
    <p class='ocr_par' dir='ltr' id='par_1_87' title="bbox 1999 4053 3653 4128">
     <span class='ocr_line' id='line_1_87' title="bbox 1999 4053 3653 4128; baseline -0.002 -15"><span class='ocrx_word' id='word_1_631' title='bbox 1999 4058 2106 4112; x_wconf 88' lang='lat'>973</span> <span class='ocrx_word' id='word_1_632' title='bbox 2135 4058 2233 4128; x_wconf 83' lang='lat' dir='ltr'>(al.</span> <span class='ocrx_word' id='word_1_633' title='bbox 2266 4057 2412 4128; x_wconf 83' lang='lat'>983),</span> <span class='ocrx_word' id='word_1_634' title='bbox 2446 4053 2782 4127; x_wconf 91' lang='lat' dir='ltr'>provinciali</span> <span class='ocrx_word' id='word_1_635' title='bbox 2837 4054 3059 4128; x_wconf 81' lang='lat' dir='ltr'>synodo</span> <span class='ocrx_word' id='word_1_636' title='bbox 3098 4070 3300 4111; x_wconf 87' lang='lat' dir='ltr'>mense</span> <span class='ocrx_word' id='word_1_637' title='bbox 3327 4053 3481 4112; x_wconf 87' lang='lat' dir='ltr'>Maio</span> <span class='ocrx_word' id='word_1_638' title='bbox 3511 4067 3653 4111; x_wconf 86' lang='lat' dir='ltr'>cou-</span> 
     </span>
    </p>
   </div>
   <div class='ocr_carea' id='block_1_88' title="bbox 2002 4143 3650 4220">
    <p class='ocr_par' dir='ltr' id='par_1_88' title="bbox 2002 4143 3650 4220">
     <span class='ocr_line' id='line_1_88' title="bbox 2002 4143 3650 4220; baseline -0.001 -18"><span class='ocrx_word' id='word_1_639' title='bbox 2002 4143 2584 4220; x_wconf 88' lang='lat' dir='ltr'>stituta,generaliter</span> <span class='ocrx_word' id='word_1_640' title='bbox 2607 4149 2957 4218; x_wconf 88' lang='lat' dir='ltr'>congregata</span> <span class='ocrx_word' id='word_1_641' title='bbox 2977 4145 3131 4218; x_wconf 91' lang='lat' dir='ltr'>apud</span> <span class='ocrx_word' id='word_1_642' title='bbox 3153 4144 3411 4202; x_wconf 87' lang='lat' dir='ltr'>Montem</span> <span class='ocrx_word' id='word_1_643' title='bbox 3431 4150 3650 4201; x_wconf 56' lang='lat' dir='ltr'>sancta</span> 
     </span>
    </p>
   </div>
   <div class='ocr_carea' id='block_1_89' title="bbox 2003 4231 3650 4307">
    <p class='ocr_par' dir='ltr' id='par_1_89' title="bbox 2003 4231 3650 4307">
     <span class='ocr_line' id='line_1_89' title="bbox 2003 4231 3650 4307; baseline -0.001 -16"><span class='ocrx_word' id='word_1_644' title='bbox 2003 4233 2197 4291; x_wconf 67' lang='lat' dir='ltr'>Maria:</span> <span class='ocrx_word' id='word_1_645' title='bbox 2221 4233 2282 4289; x_wconf 92' lang='lat' dir='ltr'>in</span> <span class='ocrx_word' id='word_1_646' title='bbox 2313 4250 2462 4307; x_wconf 89' lang='lat' dir='ltr'>pago</span> <span class='ocrx_word' id='word_1_647' title='bbox 2491 4233 2874 4302; x_wconf 89' lang='lat' dir='ltr'>Tardanensi,</span> <span class='ocrx_word' id='word_1_648' title='bbox 2907 4233 3016 4289; x_wconf 90' lang='lat' dir='ltr'>hoc</span> <span class='ocrx_word' id='word_1_649' title='bbox 3043 4235 3340 4290; x_wconf 88' lang='lat' dir='ltr'>decretum</span> <span class='ocrx_word' id='word_1_650' title='bbox 3372 4231 3650 4291; x_wconf 83' lang='lat' dir='ltr'>solemni-</span> 
     </span>
    </p>
   </div>
   <div class='ocr_carea' id='block_1_90' title="bbox 2003 4323 3653 4397">
    <p class='ocr_par' dir='ltr' id='par_1_90' title="bbox 2003 4323 3653 4397">
     <span class='ocr_line' id='line_1_90' title="bbox 2003 4323 3653 4397; baseline 0 -17"><span class='ocrx_word' id='word_1_651' title='bbox 2003 4329 2092 4380; x_wconf 90' lang='lat' dir='ltr'>ter</span> <span class='ocrx_word' id='word_1_652' title='bbox 2121 4323 2428 4380; x_wconf 89' lang='lat' dir='ltr'>recitatum</span> <span class='ocrx_word' id='word_1_653' title='bbox 2458 4327 2548 4379; x_wconf 90' lang='lat' dir='ltr'>est</span> <span class='ocrx_word' id='word_1_654' title='bbox 2568 4339 2763 4378; x_wconf 88' lang='lat' dir='ltr'>coram</span> <span class='ocrx_word' id='word_1_655' title='bbox 2792 4323 3138 4379; x_wconf 90' lang='lat' dir='ltr'>venerandis</span> <span class='ocrx_word' id='word_1_656' title='bbox 3159 4323 3653 4397; x_wconf 85' lang='lat' dir='ltr'>episcopis,abba-</span> 
     </span>
    </p>
   </div>
   <div class='ocr_carea' id='block_1_91' title="bbox 2001 4409 3649 4486">
    <p class='ocr_par' dir='ltr' id='par_1_91' title="bbox 2001 4409 3649 4486">
     <span class='ocr_line' id='line_1_91' title="bbox 2001 4409 3649 4486; baseline 0.001 -16"><span class='ocrx_word' id='word_1_657' title='bbox 2001 4413 2182 4483; x_wconf 88' lang='lat' dir='ltr'>tibus,</span> <span class='ocrx_word' id='word_1_658' title='bbox 2199 4413 2536 4485; x_wconf 65' lang='lat' dir='ltr'>caatcrisque</span> <span class='ocrx_word' id='word_1_659' title='bbox 2551 4411 2648 4484; x_wconf 86' lang='lat' dir='ltr'>(al.</span> <span class='ocrx_word' id='word_1_660' title='bbox 2664 4411 3002 4485; x_wconf 62' lang='lat' dir='ltr'>ceterisque</span> <span class='ocrx_word' id='word_1_661' title='bbox 3017 4411 3336 4486; x_wconf 90' lang='lat' dir='ltr'>nonnullis)</span> <span class='ocrx_word' id='word_1_662' title='bbox 3350 4409 3649 4486; x_wconf 90' lang='lat' dir='ltr'>fidelibus,</span> 
     </span>
    </p>
   </div>
   <div class='ocr_carea' id='block_1_92' title="bbox 1999 4501 3651 4574">
    <p class='ocr_par' dir='ltr' id='par_1_92' title="bbox 1999 4501 3651 4574">
     <span class='ocr_line' id='line_1_92' title="bbox 1999 4501 3651 4574; baseline 0.001 -15"><span class='ocrx_word' id='word_1_663' title='bbox 1999 4503 2139 4560; x_wconf 89' lang='lat' dir='ltr'>huic</span> <span class='ocrx_word' id='word_1_664' title='bbox 2163 4507 2371 4560; x_wconf 66' lang='lat' dir='ltr'>nostra:</span> <span class='ocrx_word' id='word_1_665' title='bbox 2403 4501 2758 4558; x_wconf 87' lang='lat' dir='ltr'>institutioni</span> <span class='ocrx_word' id='word_1_666' title='bbox 2779 4501 2875 4574; x_wconf 93' lang='lat' dir='ltr'>pio</span> <span class='ocrx_word' id='word_1_667' title='bbox 2896 4518 3140 4558; x_wconf 90' lang='lat' dir='ltr'>assensu</span> <span class='ocrx_word' id='word_1_668' title='bbox 3173 4502 3651 4573; x_wconf 85' lang='lat' dir='ltr'>faventibus,imo</span> 
     </span>
    </p>
   </div>
   <div class='ocr_carea' id='block_1_93' title="bbox 2002 4590 3650 4666">
    <p class='ocr_par' dir='ltr' id='par_1_93' title="bbox 2002 4590 3650 4666">
     <span class='ocr_line' id='line_1_93' title="bbox 2002 4590 3650 4666; baseline 0 -16"><span class='ocrx_word' id='word_1_669' title='bbox 2002 4593 2180 4650; x_wconf 88' lang='lat' dir='ltr'>etiam</span> <span class='ocrx_word' id='word_1_670' title='bbox 2194 4591 2670 4649; x_wconf 86' lang='lat' dir='ltr'>collaudantibus</span> <span class='ocrx_word' id='word_1_671' title='bbox 2680 4595 2853 4663; x_wconf 88' lang='lat' dir='ltr'>atque</span> <span class='ocrx_word' id='word_1_672' title='bbox 2865 4590 3379 4650; x_wconf 90' lang='lat' dir='ltr'>confirmantibus:</span> <span class='ocrx_word' id='word_1_673' title='bbox 3395 4609 3650 4666; x_wconf 90' lang='lat' dir='ltr'>quorum</span> 
     </span>
    </p>
   </div>
   <div class='ocr_carea' id='block_1_94' title="bbox 241 4677 3651 4758">
    <p class='ocr_par' dir='ltr' id='par_1_94' title="bbox 241 4677 3651 4758">
     <span class='ocr_line' id='line_1_94' title="bbox 241 4677 3651 4758; baseline -0 -19"><span class='ocrx_word' id='word_1_674' title='bbox 241 4683 300 4739; x_wconf 91' lang='lat' dir='ltr'>et</span> <span class='ocrx_word' id='word_1_675' title='bbox 327 4679 597 4749; x_wconf 89' lang='lat' dir='ltr'>audistis,</span> <span class='ocrx_word' id='word_1_676' title='bbox 614 4680 661 4736; x_wconf 93' lang='lat' dir='ltr'>si</span> <span class='ocrx_word' id='word_1_677' title='bbox 686 4679 874 4752; x_wconf 89' lang='lat' dir='ltr'>placet</span> <span class='ocrx_word' id='word_1_678' title='bbox 902 4682 968 4734; x_wconf 91' lang='lat' dir='ltr'>ut</span> <span class='ocrx_word' id='word_1_679' title='bbox 997 4678 1198 4734; x_wconf 88' lang='lat' dir='ltr'>itidem</span> <span class='ocrx_word' id='word_1_680' title='bbox 1231 4679 1410 4751; x_wconf 79' lang='lat' dir='ltr'>hujus</span> <span class='ocrx_word' id='word_1_681' title='bbox 1443 4683 1655 4736; x_wconf 75' lang='lat' dir='ltr'>saneta:</span> <span class='ocrx_word' id='word_1_682' title='bbox 1687 4679 1892 4754; x_wconf 90' lang='lat' dir='ltr'>synodi</span> <span class='ocrx_word' id='word_1_683' title='bbox 1921 4693 1969 4758; x_wconf 73' lang='grc' dir='ltr'>ι)</span> <span class='ocrx_word' id='word_1_684' title='bbox 1998 4679 2269 4736; x_wconf 88' lang='lat' dir='ltr'>videlicet</span> <span class='ocrx_word' id='word_1_685' title='bbox 2281 4679 2505 4752; x_wconf 90' lang='lat' dir='ltr'>primus</span> <span class='ocrx_word' id='word_1_686' title='bbox 2517 4677 3045 4753; x_wconf 84' lang='lat' dir='ltr'>egoAdalbcrojam</span> <span class='ocrx_word' id='word_1_687' title='bbox 3062 4681 3651 4755; x_wconf 82' lang='lat' dir='ltr'>praescriptusarchi-</span> 
     </span>
    </p>
   </div>
   <div class='ocr_carea' id='block_1_95' title="bbox 240 4767 1892 4843">
    <p class='ocr_par' dir='ltr' id='par_1_95' title="bbox 240 4767 1892 4843">
     <span class='ocr_line' id='line_1_95' title="bbox 240 4767 1892 4843; baseline -0.001 -16"><span class='ocrx_word' id='word_1_688' title='bbox 240 4770 507 4828; x_wconf 90' lang='lat' dir='ltr'>unanimi</span> <span class='ocrx_word' id='word_1_689' title='bbox 537 4767 871 4825; x_wconf 89' lang='lat' dir='ltr'>testimonio</span> <span class='ocrx_word' id='word_1_690' title='bbox 909 4773 968 4824; x_wconf 92' lang='lat' dir='ltr'>et</span> <span class='ocrx_word' id='word_1_691' title='bbox 1016 4772 1226 4824; x_wconf 72' lang='lat' dir='ltr'>nostra:</span> <span class='ocrx_word' id='word_1_692' title='bbox 1274 4767 1626 4823; x_wconf 90' lang='lat' dir='ltr'>humilitatis</span> <span class='ocrx_word' id='word_1_693' title='bbox 1675 4769 1892 4843; x_wconf 90' lang='lat' dir='ltr'>scripto</span> 
     </span>
    </p>
   </div>
   <div class='ocr_carea' id='block_1_96' title="bbox 239 4857 1890 4929">
    <p class='ocr_par' dir='ltr' id='par_1_96' title="bbox 239 4857 1890 4929">
     <span class='ocr_line' id='line_1_96' title="bbox 239 4857 1890 4929; baseline -0.001 -13"><span class='ocrx_word' id='word_1_694' title='bbox 239 4857 780 4925; x_wconf 90' lang='lat' dir='ltr'>corroboretur,hoc</span> <span class='ocrx_word' id='word_1_695' title='bbox 801 4858 1022 4914; x_wconf 88' lang='lat' dir='ltr'>factum</span> <span class='ocrx_word' id='word_1_696' title='bbox 1045 4857 1359 4913; x_wconf 88' lang='lat' dir='ltr'>decernite.</span> <span class='ocrx_word' id='word_1_697' title='bbox 1386 4857 1584 4929; x_wconf 88' lang='lat' dir='ltr'>Itaque</span> <span class='ocrx_word' id='word_1_698' title='bbox 1616 4858 1890 4915; x_wconf 90' lang='lat' dir='ltr'>omnibus</span> 
     </span>
    </p>
   </div>
   <div class='ocr_carea' id='block_1_97' title="bbox 238 4945 1892 5019">
    <p class='ocr_par' dir='ltr' id='par_1_97' title="bbox 238 4945 1892 5019">
     <span class='ocr_line' id='line_1_97' title="bbox 238 4945 1892 5019; baseline -0.001 -13"><span class='ocrx_word' id='word_1_699' title='bbox 238 4949 352 5006; x_wconf 90' lang='lat' dir='ltr'>sub</span> <span class='ocrx_word' id='word_1_700' title='bbox 372 4965 489 5005; x_wconf 91' lang='lat' dir='ltr'>uno</span> <span class='ocrx_word' id='word_1_701' title='bbox 513 4955 822 5004; x_wconf 85' lang='lat' dir='ltr'>assensum</span> <span class='ocrx_word' id='word_1_702' title='bbox 861 4946 1258 5019; x_wconf 67' lang='lat' dir='ltr'>praebentibus</span> <span class='ocrx_word' id='word_1_703' title='bbox 1288 4945 1715 5018; x_wconf 89' lang='lat' dir='ltr'>conscriptione</span> <span class='ocrx_word' id='word_1_704' title='bbox 1737 4947 1892 5004; x_wconf 88' lang='lat' dir='ltr'>facta</span> 
     </span>
    </p>
   </div>
   <div class='ocr_carea' id='block_1_98' title="bbox 238 5037 821 5094">
    <p class='ocr_par' dir='ltr' id='par_1_98' title="bbox 238 5037 821 5094">
     <span class='ocr_line' id='line_1_98' title="bbox 238 5037 821 5094; baseline -0.003 0"><span class='ocrx_word' id='word_1_705' title='bbox 238 5037 324 5094; x_wconf 79' lang='lat' dir='ltr'>sic</span> <span class='ocrx_word' id='word_1_706' title='bbox 354 5037 664 5094; x_wconf 90' lang='lat' dir='ltr'>recitatum</span> <span class='ocrx_word' id='word_1_707' title='bbox 695 5040 785 5092; x_wconf 89' lang='lat' dir='ltr'>est</span> <span class='ocrx_word' id='word_1_708' title='bbox 809 5052 821 5092; x_wconf 92' lang='lat'>:</span> 
     </span>
    </p>
   </div>
   <div class='ocr_carea' id='block_1_99' title="bbox 314 5123 1889 5198">
    <p class='ocr_par' dir='ltr' id='par_1_99' title="bbox 314 5123 1889 5198">
     <span class='ocr_line' id='line_1_99' title="bbox 314 5123 1889 5198; baseline 0.002 -20"><span class='ocrx_word' id='word_1_709' title='bbox 314 5149 344 5178; x_wconf 84' lang='lat'>«</span> <span class='ocrx_word' id='word_1_710' title='bbox 373 5125 680 5194; x_wconf 83' lang='lat' dir='ltr'>Adalbero,</span> <span class='ocrx_word' id='word_1_711' title='bbox 706 5124 900 5182; x_wconf 91' lang='lat' dir='ltr'>divina</span> <span class='ocrx_word' id='word_1_712' title='bbox 928 5123 1278 5198; x_wconf 88' lang='lat' dir='ltr'>propitiante</span> <span class='ocrx_word' id='word_1_713' title='bbox 1309 5123 1640 5194; x_wconf 88' lang='lat' dir='ltr'>clementia,</span> <span class='ocrx_word' id='word_1_714' title='bbox 1675 5130 1889 5182; x_wconf 76' lang='lat' dir='ltr'>sanctae</span> 
     </span>
    </p>
   </div>
   <div class='ocr_carea' id='block_1_100' title="bbox 243 5213 1892 5286">
    <p class='ocr_par' dir='ltr' id='par_1_100' title="bbox 243 5213 1892 5286">
     <span class='ocr_line' id='line_1_100' title="bbox 243 5213 1892 5286; baseline 0.002 -18"><span class='ocrx_word' id='word_1_715' title='bbox 243 5237 272 5268; x_wconf 85' lang='lat'><strong>«</strong></span> <span class='ocrx_word' id='word_1_716' title='bbox 303 5215 610 5273; x_wconf 83' lang='lat' dir='ltr'>Remensis</span> <span class='ocrx_word' id='word_1_717' title='bbox 664 5215 932 5272; x_wconf 67' lang='lat' dir='ltr'>Ecclesiae</span> <span class='ocrx_word' id='word_1_718' title='bbox 988 5213 1481 5286; x_wconf 89' lang='lat' dir='ltr'>archiepiscopus.</span> <span class='ocrx_word' id='word_1_719' title='bbox 1516 5215 1730 5270; x_wconf 90' lang='lat' dir='ltr'>Notum</span> <span class='ocrx_word' id='word_1_720' title='bbox 1791 5217 1892 5271; x_wconf 85' lang='lat' dir='ltr'>fiat</span> 
     </span>
    </p>
   </div>
   <div class='ocr_carea' id='block_1_101' title="bbox 242 5303 1888 5377">
    <p class='ocr_par' dir='ltr' id='par_1_101' title="bbox 242 5303 1888 5377">
     <span class='ocr_line' id='line_1_101' title="bbox 242 5303 1888 5377; baseline 0.003 -21"><span class='ocrx_word' id='word_1_721' title='bbox 242 5327 265 5356; x_wconf 75' lang='grc' dir='ltr'><strong><em>α</em></strong></span> <span class='ocrx_word' id='word_1_722' title='bbox 301 5305 588 5362; x_wconf 90' lang='lat' dir='ltr'>universis</span> <span class='ocrx_word' id='word_1_723' title='bbox 604 5308 723 5360; x_wconf 89' lang='lat' dir='ltr'>tam</span> <span class='ocrx_word' id='word_1_724' title='bbox 743 5305 1129 5377; x_wconf 69' lang='lat' dir='ltr'>praesentibus</span> <span class='ocrx_word' id='word_1_725' title='bbox 1145 5321 1319 5376; x_wconf 89' lang='lat' dir='ltr'>quam</span> <span class='ocrx_word' id='word_1_726' title='bbox 1336 5303 1510 5358; x_wconf 89' lang='lat' dir='ltr'>etiam</span> <span class='ocrx_word' id='word_1_727' title='bbox 1529 5303 1740 5360; x_wconf 91' lang='lat' dir='ltr'>futuris</span> <span class='ocrx_word' id='word_1_728' title='bbox 1754 5305 1888 5361; x_wconf 85' lang='lat' dir='ltr'>fide-</span> 
     </span>
    </p>
   </div>
   <div class='ocr_carea' id='block_1_102' title="bbox 241 5392 1890 5468">
    <p class='ocr_par' dir='ltr' id='par_1_102' title="bbox 241 5392 1890 5468">
     <span class='ocr_line' id='line_1_102' title="bbox 241 5392 1890 5468; baseline 0.002 -23"><span class='ocrx_word' id='word_1_729' title='bbox 241 5416 271 5445; x_wconf 83' lang='lat'><strong><em>«</em></strong></span> <span class='ocrx_word' id='word_1_730' title='bbox 299 5393 783 5468; x_wconf 88' lang='lat' dir='ltr'>libus,quondam</span> <span class='ocrx_word' id='word_1_731' title='bbox 806 5393 976 5449; x_wconf 88' lang='lat' dir='ltr'>nobis</span> <span class='ocrx_word' id='word_1_732' title='bbox 998 5393 1292 5465; x_wconf 87' lang='lat' dir='ltr'>episcopio</span> <span class='ocrx_word' id='word_1_733' title='bbox 1323 5392 1514 5465; x_wconf 88' lang='lat' dir='ltr'>gratia</span> <span class='ocrx_word' id='word_1_734' title='bbox 1542 5397 1599 5448; x_wconf 89' lang='lat' dir='ltr'>et</span> <span class='ocrx_word' id='word_1_735' title='bbox 1629 5393 1890 5466; x_wconf 90' lang='lat' dir='ltr'>benigni-</span> 
     </span>
    </p>
   </div>
   <div class='ocr_carea' id='block_1_103' title="bbox 239 5481 1888 5559">
    <p class='ocr_par' dir='ltr' id='par_1_103' title="bbox 239 5481 1888 5559">
     <span class='ocr_line' id='line_1_103' title="bbox 239 5481 1888 5559; baseline -0.001 -19"><span class='ocrx_word' id='word_1_736' title='bbox 239 5504 270 5534; x_wconf 87' lang='grc'>‹‹</span> <span class='ocrx_word' id='word_1_737' title='bbox 299 5487 418 5542; x_wconf 87' lang='lat' dir='ltr'>tate</span> <span class='ocrx_word' id='word_1_738' title='bbox 471 5484 630 5559; x_wconf 87' lang='lat' dir='ltr'>regia</span> <span class='ocrx_word' id='word_1_739' title='bbox 685 5482 1034 5551; x_wconf 88' lang='lat' dir='ltr'>contradito,</span> <span class='ocrx_word' id='word_1_740' title='bbox 1075 5487 1413 5538; x_wconf 88' lang='lat' dir='ltr'>sanctorum</span> <span class='ocrx_word' id='word_1_741' title='bbox 1471 5499 1704 5555; x_wconf 91' lang='lat' dir='ltr'>quoque</span> <span class='ocrx_word' id='word_1_742' title='bbox 1762 5481 1888 5540; x_wconf 92' lang='lat' dir='ltr'>loca</span> 
     </span>
    </p>
   </div>
   <div class='ocr_carea' id='block_1_104' title="bbox 238 5569 1886 5644">
    <p class='ocr_par' dir='ltr' id='par_1_104' title="bbox 238 5569 1886 5644">
     <span class='ocr_line' id='line_1_104' title="bbox 238 5569 1886 5644; baseline 0.002 -20"><span class='ocrx_word' id='word_1_743' title='bbox 238 5594 268 5624; x_wconf 75' lang='grc' dir='ltr'>(ι</span> <span class='ocrx_word' id='word_1_744' title='bbox 299 5575 570 5644; x_wconf 73' lang='lat' dir='ltr'>qumdam</span> <span class='ocrx_word' id='word_1_745' title='bbox 604 5573 662 5626; x_wconf 90' lang='lat' dir='ltr'>in</span> <span class='ocrx_word' id='word_1_746' title='bbox 691 5573 912 5628; x_wconf 90' lang='lat' dir='ltr'>honore</span> <span class='ocrx_word' id='word_1_747' title='bbox 961 5571 1188 5642; x_wconf 86' lang='lat' dir='ltr'>integro</span> <span class='ocrx_word' id='word_1_748' title='bbox 1248 5571 1534 5642; x_wconf 87' lang='lat' dir='ltr'>reperisse</span> <span class='ocrx_word' id='word_1_749' title='bbox 1563 5569 1886 5642; x_wconf 89' lang='lat' dir='ltr'>plurimum</span> 
     </span>
    </p>
   </div>
   <div class='ocr_carea' id='block_1_105' title="bbox 240 5659 1886 5732">
    <p class='ocr_par' dir='ltr' id='par_1_105' title="bbox 240 5659 1886 5732">
     <span class='ocr_line' id='line_1_105' title="bbox 240 5659 1886 5732; baseline 0.004 -20"><span class='ocrx_word' id='word_1_750' title='bbox 240 5683 268 5712; x_wconf 77' lang='grc' dir='ltr'>α</span> <span class='ocrx_word' id='word_1_751' title='bbox 294 5659 570 5727; x_wconf 88' lang='lat' dir='ltr'>valentia,</span> <span class='ocrx_word' id='word_1_752' title='bbox 601 5661 867 5732; x_wconf 60' lang='lat' dir='ltr'>quadam</span> <span class='ocrx_word' id='word_1_753' title='bbox 916 5677 1049 5714; x_wconf 90' lang='lat' dir='ltr'>vero</span> <span class='ocrx_word' id='word_1_754' title='bbox 1097 5659 1356 5731; x_wconf 67' lang='lat' dir='ltr'>pristina:</span> <span class='ocrx_word' id='word_1_755' title='bbox 1397 5659 1700 5732; x_wconf 88' lang='lat' dir='ltr'>dignitatis</span> <span class='ocrx_word' id='word_1_756' title='bbox 1730 5666 1886 5718; x_wconf 87' lang='lat' dir='ltr'>statu</span> 
     </span>
    </p>
   </div>
   <div class='ocr_carea' id='block_1_106' title="bbox 233 5747 1885 5846">
    <p class='ocr_par' dir='ltr' id='par_1_106' title="bbox 233 5747 1885 5846">
     <span class='ocr_line' id='line_1_106' title="bbox 233 5747 1885 5846; baseline 0.002 -43"><span class='ocrx_word' id='word_1_757' title='bbox 233 5770 270 5834; x_wconf 55' lang='grc' dir='ltr'><strong><em>ε</em></strong></span> <span class='ocrx_word' id='word_1_758' title='bbox 295 5747 602 5846; x_wconf 57' lang='lat' dir='ltr'>deficiente</span> <span class='ocrx_word' id='word_1_759' title='bbox 646 5765 886 5820; x_wconf 91' lang='lat' dir='ltr'>prorsus</span> <span class='ocrx_word' id='word_1_760' title='bbox 932 5747 1210 5820; x_wconf 86' lang='lat' dir='ltr'>neglecta.</span> <span class='ocrx_word' id='word_1_761' title='bbox 1237 5747 1394 5802; x_wconf 90' lang='lat' dir='ltr'>Inter</span> <span class='ocrx_word' id='word_1_762' title='bbox 1423 5763 1550 5819; x_wconf 76' lang='lat' dir='ltr'>qua:</span> <span class='ocrx_word' id='word_1_763' title='bbox 1583 5747 1680 5804; x_wconf 90' lang='lat' dir='ltr'>ille</span> <span class='ocrx_word' id='word_1_764' title='bbox 1708 5749 1885 5806; x_wconf 89' lang='lat' dir='ltr'>etiam</span> 
     </span>
    </p>
   </div>
   <div class='ocr_carea' id='block_1_107' title="bbox 2003 4767 3652 4842">
    <p class='ocr_par' dir='ltr' id='par_1_107' title="bbox 2003 4767 3652 4842">
     <span class='ocr_line' id='line_1_107' title="bbox 2003 4767 3652 4842; baseline 0.001 -17"><span class='ocrx_word' id='word_1_765' title='bbox 2003 4769 2214 4842; x_wconf 69' lang='lat' dir='ltr'>praesul</span> <span class='ocrx_word' id='word_1_766' title='bbox 2236 4768 2425 4824; x_wconf 89' lang='lat' dir='ltr'>eidem</span> <span class='ocrx_word' id='word_1_767' title='bbox 2439 4767 2684 4825; x_wconf 87' lang='lat' dir='ltr'>concilio</span> <span class='ocrx_word' id='word_1_768' title='bbox 2694 4768 2811 4826; x_wconf 91' lang='lat' dir='ltr'>Deo</span> <span class='ocrx_word' id='word_1_769' title='bbox 2823 4773 3057 4826; x_wconf 89' lang='lat' dir='ltr'>auctore</span> <span class='ocrx_word' id='word_1_770' title='bbox 3069 4770 3390 4842; x_wconf 76' lang='lat' dir='ltr'>pontiﬁcali</span> <span class='ocrx_word' id='word_1_771' title='bbox 3402 4771 3652 4828; x_wconf 87' lang='lat' dir='ltr'>auctori-</span> 
     </span>
    </p>
   </div>
   <div class='ocr_carea' id='block_1_108' title="bbox 2000 4859 3648 4930">
    <p class='ocr_par' dir='ltr' id='par_1_108' title="bbox 2000 4859 3648 4930">
     <span class='ocr_line' id='line_1_108' title="bbox 2000 4859 3648 4930; baseline 0.002 -17"><span class='ocrx_word' id='word_1_772' title='bbox 2000 4862 2118 4914; x_wconf 89' lang='lat' dir='ltr'>tate</span> <span class='ocrx_word' id='word_1_773' title='bbox 2147 4859 2487 4930; x_wconf 71' lang='lat' dir='ltr'>prazsidens,</span> <span class='ocrx_word' id='word_1_774' title='bbox 2516 4876 2694 4914; x_wconf 88' lang='lat' dir='ltr'>manu</span> <span class='ocrx_word' id='word_1_775' title='bbox 2728 4863 2929 4916; x_wconf 90' lang='lat' dir='ltr'>nostra</span> <span class='ocrx_word' id='word_1_776' title='bbox 2951 4859 3347 4929; x_wconf 88' lang='lat' dir='ltr'>subscribens,</span> <span class='ocrx_word' id='word_1_777' title='bbox 3368 4859 3522 4916; x_wconf 89' lang='lat' dir='ltr'>idem</span> <span class='ocrx_word' id='word_1_778' title='bbox 3554 4877 3648 4917; x_wconf 80' lang='lat' dir='ltr'>ro—</span> 
     </span>
    </p>
   </div>
   <div class='ocr_carea' id='block_1_109' title="bbox 1999 4947 3650 5016">
    <p class='ocr_par' dir='ltr' id='par_1_109' title="bbox 1999 4947 3650 5016">
     <span class='ocr_line' id='line_1_109' title="bbox 1999 4947 3650 5016; baseline 0.002 -14"><span class='ocrx_word' id='word_1_779' title='bbox 1999 4947 2195 5002; x_wconf 89' lang='lat' dir='ltr'>boravi</span> <span class='ocrx_word' id='word_1_780' title='bbox 2211 4965 2224 5016; x_wconf 90' lang='lat'><strong>;</strong></span> <span class='ocrx_word' id='word_1_781' title='bbox 2242 4947 2343 5003; x_wconf 88' lang='lat' dir='ltr'>sed</span> <span class='ocrx_word' id='word_1_782' title='bbox 2357 4948 2611 5004; x_wconf 70' lang='lat' dir='ltr'>etczeteri</span> <span class='ocrx_word' id='word_1_783' title='bbox 2627 4947 2783 5004; x_wconf 89' lang='lat' dir='ltr'>haud</span> <span class='ocrx_word' id='word_1_784' title='bbox 2804 4966 2974 5005; x_wconf 91' lang='lat' dir='ltr'>secus</span> <span class='ocrx_word' id='word_1_785' title='bbox 2999 4953 3352 5005; x_wconf 89' lang='lat' dir='ltr'>censuerunt</span> <span class='ocrx_word' id='word_1_786' title='bbox 3369 4949 3650 5006; x_wconf 89' lang='lat' dir='ltr'>manibus</span> 
     </span>
    </p>
   </div>
   <div class='ocr_carea' id='block_1_110' title="bbox 1999 5035 3646 5111">
    <p class='ocr_par' dir='ltr' id='par_1_110' title="bbox 1999 5035 3646 5111">
     <span class='ocr_line' id='line_1_110' title="bbox 1999 5035 3646 5111; baseline 0.004 -21"><span class='ocrx_word' id='word_1_787' title='bbox 1999 5035 2294 5109; x_wconf 89' lang='lat' dir='ltr'>impositis</span> <span class='ocrx_word' id='word_1_788' title='bbox 2325 5035 2560 5092; x_wconf 88' lang='lat' dir='ltr'>solidari</span> <span class='ocrx_word' id='word_1_789' title='bbox 2596 5036 2705 5093; x_wconf 88' lang='lat' dir='ltr'>hoc</span> <span class='ocrx_word' id='word_1_790' title='bbox 2744 5036 2939 5110; x_wconf 89' lang='lat' dir='ltr'>ipsum</span> <span class='ocrx_word' id='word_1_791' title='bbox 2971 5036 3304 5111; x_wconf 80' lang='lat' dir='ltr'>pontificale</span> <span class='ocrx_word' id='word_1_792' title='bbox 3333 5041 3646 5109; x_wconf 88' lang='lat' dir='ltr'>statutum,</span> 
     </span>
    </p>
   </div>
   <div class='ocr_carea' id='block_1_111' title="bbox 1999 5124 3649 5201">
    <p class='ocr_par' dir='ltr' id='par_1_111' title="bbox 1999 5124 3649 5201">
     <span class='ocr_line' id='line_1_111' title="bbox 1999 5124 3649 5201; baseline 0.003 -20"><span class='ocrx_word' id='word_1_793' title='bbox 1999 5124 2330 5199; x_wconf 71' lang='lat' dir='ltr'>apostolica:</span> <span class='ocrx_word' id='word_1_794' title='bbox 2367 5125 2724 5183; x_wconf 78' lang='lat' dir='ltr'>auctoritatis</span> <span class='ocrx_word' id='word_1_795' title='bbox 2771 5125 3073 5201; x_wconf 85' lang='lat' dir='ltr'>privilegio</span> <span class='ocrx_word' id='word_1_796' title='bbox 3103 5126 3402 5200; x_wconf 88' lang='lat' dir='ltr'>petitionis</span> <span class='ocrx_word' id='word_1_797' title='bbox 3431 5132 3649 5186; x_wconf 70' lang='lat' dir='ltr'>nostra:</span> 
     </span>
    </p>
   </div>
   <div class='ocr_carea' id='block_1_112' title="bbox 1999 5215 3650 5289">
    <p class='ocr_par' dir='ltr' id='par_1_112' title="bbox 1999 5215 3650 5289">
     <span class='ocr_line' id='line_1_112' title="bbox 1999 5215 3650 5289; baseline 0.001 -18"><span class='ocrx_word' id='word_1_798' title='bbox 1999 5215 2244 5271; x_wconf 89' lang='lat' dir='ltr'>obtentu</span> <span class='ocrx_word' id='word_1_799' title='bbox 2277 5217 2664 5288; x_wconf 88' lang='lat' dir='ltr'>undecunque</span> <span class='ocrx_word' id='word_1_800' title='bbox 2695 5216 3106 5284; x_wconf 83' lang='lat' dir='ltr'>subnixum,ac</span> <span class='ocrx_word' id='word_1_801' title='bbox 3138 5233 3241 5289; x_wconf 89' lang='lat' dir='ltr'>per</span> <span class='ocrx_word' id='word_1_802' title='bbox 3269 5215 3379 5272; x_wconf 90' lang='lat' dir='ltr'>hoc</span> <span class='ocrx_word' id='word_1_803' title='bbox 3411 5233 3650 5272; x_wconf 85' lang='lat' dir='ltr'>summo</span> 
     </span>
    </p>
   </div>
   <div class='ocr_carea' id='block_1_113' title="bbox 1997 5304 3253 5362">
    <p class='ocr_par' dir='ltr' id='par_1_113' title="bbox 1997 5304 3253 5362">
     <span class='ocr_line' id='line_1_113' title="bbox 1997 5304 3253 5362; baseline 0.002 -2"><span class='ocrx_word' id='word_1_804' title='bbox 1997 5304 2205 5361; x_wconf 90' lang='lat' dir='ltr'>honori</span> <span class='ocrx_word' id='word_1_805' title='bbox 2235 5305 2510 5362; x_wconf 89' lang='lat' dir='ltr'>omnibus</span> <span class='ocrx_word' id='word_1_806' title='bbox 2539 5310 2866 5362; x_wconf 88' lang='lat' dir='ltr'>reverenter</span> <span class='ocrx_word' id='word_1_807' title='bbox 2893 5305 3253 5362; x_wconf 89' lang='lat' dir='ltr'>habendum.</span> 
     </span>
    </p>
   </div>
   <div class='ocr_carea' id='block_1_114' title="bbox 2067 5395 3650 5467">
    <p class='ocr_par' dir='ltr' id='par_1_114' title="bbox 2067 5395 3650 5467">
     <span class='ocr_line' id='line_1_114' title="bbox 2067 5395 3650 5467; baseline 0.002 -17"><span class='ocrx_word' id='word_1_808' title='bbox 2067 5395 2186 5467; x_wconf 89' lang='lat' dir='ltr'>Ego</span> <span class='ocrx_word' id='word_1_809' title='bbox 2213 5395 2498 5452; x_wconf 89' lang='lat' dir='ltr'>Adalbero</span> <span class='ocrx_word' id='word_1_810' title='bbox 2542 5399 2757 5452; x_wconf 62' lang='lat' dir='ltr'>sanctae</span> <span class='ocrx_word' id='word_1_811' title='bbox 2805 5396 3112 5453; x_wconf 86' lang='lat' dir='ltr'>Remensis</span> <span class='ocrx_word' id='word_1_812' title='bbox 3149 5395 3419 5454; x_wconf 62' lang='lat' dir='ltr'>Ecclesia:</span> <span class='ocrx_word' id='word_1_813' title='bbox 3449 5395 3650 5454; x_wconf 81' lang='lat' dir='ltr'>archi-</span> 
     </span>
    </p>
   </div>
   <div class='ocr_carea' id='block_1_115' title="bbox 1996 5483 3061 5557">
    <p class='ocr_par' dir='ltr' id='par_1_115' title="bbox 1996 5483 3061 5557">
     <span class='ocr_line' id='line_1_115' title="bbox 1996 5483 3061 5557; baseline 0.002 -19"><span class='ocrx_word' id='word_1_814' title='bbox 1996 5483 2210 5556; x_wconf 68' lang='lat' dir='ltr'>praasul</span> <span class='ocrx_word' id='word_1_815' title='bbox 2241 5484 2562 5557; x_wconf 88' lang='lat' dir='ltr'>subscripsi</span> <span class='ocrx_word' id='word_1_816' title='bbox 2592 5489 2650 5540; x_wconf 91' lang='lat' dir='ltr'>et</span> <span class='ocrx_word' id='word_1_817' title='bbox 2675 5484 3061 5542; x_wconf 90' lang='lat' dir='ltr'>corroboravi.</span> 
     </span>
    </p>
   </div>
   <div class='ocr_carea' id='block_1_116' title="bbox 2066 5573 3514 5648">
    <p class='ocr_par' dir='ltr' id='par_1_116' title="bbox 2066 5573 3514 5648">
     <span class='ocr_line' id='line_1_116' title="bbox 2066 5573 3514 5648; baseline 0.002 -19"><span class='ocrx_word' id='word_1_818' title='bbox 2066 5573 2184 5646; x_wconf 91' lang='lat' dir='ltr'>Ego</span> <span class='ocrx_word' id='word_1_819' title='bbox 2216 5575 2383 5631; x_wconf 90' lang='lat' dir='ltr'>Wido</span> <span class='ocrx_word' id='word_1_820' title='bbox 2415 5573 2856 5631; x_wconf 90' lang='lat' dir='ltr'>Suessionensis</span> <span class='ocrx_word' id='word_1_821' title='bbox 2883 5573 3154 5632; x_wconf 69' lang='lat' dir='ltr'>Ecclesia:</span> <span class='ocrx_word' id='word_1_822' title='bbox 3183 5573 3514 5648; x_wconf 87' lang='lat' dir='ltr'>episcopus.</span> 
     </span>
    </p>
   </div>
   <div class='ocr_carea' id='block_1_117' title="bbox 2065 5661 3557 5740">
    <p class='ocr_par' dir='ltr' id='par_1_117' title="bbox 2065 5661 3557 5740">
     <span class='ocr_line' id='line_1_117' title="bbox 2065 5661 3557 5740; baseline 0.004 -22"><span class='ocrx_word' id='word_1_823' title='bbox 2065 5661 2184 5735; x_wconf 89' lang='lat' dir='ltr'>Ego</span> <span class='ocrx_word' id='word_1_824' title='bbox 2216 5661 2510 5720; x_wconf 88' lang='lat' dir='ltr'>Hildricus</span> <span class='ocrx_word' id='word_1_825' title='bbox 2540 5661 2905 5722; x_wconf 86' lang='lat' dir='ltr'>Belvacensis</span> <span class='ocrx_word' id='word_1_826' title='bbox 2929 5663 3196 5722; x_wconf 69' lang='lat' dir='ltr'>Ecclesia:</span> <span class='ocrx_word' id='word_1_827' title='bbox 3226 5665 3557 5740; x_wconf 89' lang='lat' dir='ltr'>episcopus.</span> 
     </span>
    </p>
   </div>
   <div class='ocr_carea' id='block_1_118' title="bbox 2063 5751 3354 5834">
    <p class='ocr_par' dir='ltr' id='par_1_118' title="bbox 2063 5751 3354 5834">
     <span class='ocr_line' id='line_1_118' title="bbox 2063 5751 3354 5834; baseline 0.002 -25"><span class='ocrx_word' id='word_1_828' title='bbox 2063 5753 2183 5827; x_wconf 84' lang='lat' dir='ltr'>Ego</span> <span class='ocrx_word' id='word_1_829' title='bbox 2213 5751 2552 5812; x_wconf 88' lang='lat' dir='ltr'>Thebaldus</span> <span class='ocrx_word' id='word_1_830' title='bbox 2578 5753 2992 5812; x_wconf 85' lang='lat' dir='ltr'>Ambianensis</span> <span class='ocrx_word' id='word_1_831' title='bbox 3023 5754 3354 5834; x_wconf 86' lang='lat' dir='ltr'>episcopus.</span> 
     </span>
    </p>
   </div>
  </div>
