4056 6178
286 279 408 344 533

1236 278 1340 343 DE
1382 281 1568 342 VITA
1611 279 1677 342 S.
1723 278 2088 342 FOLGUINI
2131 279 2759 342 TARVENNENSIS.

3579 278 3697 342 534

1543 665 1984 738 PROLOGUS
2037 662 2446 738 AUCTORIS

364 959 1943 1017 1.DilectissimisinChristosanctiSithiensisccenobii
1975 962 2031 1029 Α
2059 957 2487 1015 haereditariam
2517 957 2948 1014 successionem
3001 957 3189 1014 sortiti
3241 958 3382 1014 estis
3421 974 3555 1015 cum
3596 958 3704 1018 ιιοέ

287 1039 805 1116 ἷτᾶιπίδιιε,ὐῐιειω
837 1049 1221 1122 eamdemque
1253 1050 1560 1106 nobiscum
1605 1049 1940 1106 tenentibus

286 1137 490 1204 ﬁdem,
527 1137 904 1209 sperantibus
936 1155 1122 1211 spem,
1157 1137 1648 1212 amplectentibus
1687 1139 1940 1196 charita-

287 1228 432 1293 tem,
469 1226 798 1290 Fomumus
840 1231 1131 1298 peccator,
1165 1244 1338 1300 quem
1387 1228 1808 1284 Laubiensium
1853 1228 1940 1283 di-

288 1318 435 1371 cunt
479 1315 776 1384 abbatem,
807 1316 1026 1370 summi
1076 1315 1464 1389 specialisque
1513 1319 1712 1390 gaudii
1760 1318 1818 1372 in
1849 1335 1938 1388 eo,

286 1403 392 1477 qui
423 1420 555 1460 vere
583 1408 693 1475 est,
727 1420 861 1459 eum
893 1406 1113 1461 sanctis
1143 1406 1270 1477 ejus
1315 1407 1787 1479 perpetuitatem.
1822 1407 1938 1463 Me-

286 1511 428 1557 mor,
445 1493 623 1549 vestri
655 1509 890 1566 semper
918 1493 976 1549 in
1012 1495 1396 1563 orationibus,
1433 1495 1491 1550 in
1523 1513 1592 1552 ea
1622 1499 1786 1568 parte
1804 1513 1942 1570 erga

284 1599 392 1639 vos
423 1582 693 1650 arbitror,
728 1583 866 1655 quia
895 1599 995 1639 ero
1026 1588 1365 1656 perpetuus,
1398 1583 1536 1656 quia
1578 1590 1709 1658 post
1754 1586 1940 1641 Deum

287 1671 352 1728 in
401 1671 686 1727 charitate
738 1671 1072 1745 diligendus
1127 1677 1216 1728 est
1275 1673 1597 1746 proximus,
1639 1675 1935 1730 fortunam

289 1760 516 1818 scilicet
563 1777 754 1817 meam
812 1762 1097 1834 depataus
1152 1779 1254 1818 vos
1311 1762 1520 1830 valere,
1561 1767 1938 1836 vestrumque

288 1867 424 1906 eum
456 1850 840 1923 prosperitate
871 1867 1210 1907 successum
1241 1869 1308 1908 ac
1338 1852 1388 1907 si
1417 1869 1615 1908 meum
1645 1857 1856 1926 optans
1876 1854 1936 1908 in

287 1939 520 1996 Christo
549 1943 894 2012 perpetuum
935 1940 1075 1996 fore.
1107 1941 1193 1996 Ad
1225 1942 1380 2013 quod
1431 1958 1524 1997 me
1565 1945 1759 1999 vestra
1808 1942 1938 2015 qui-

287 2029 446 2096 dem,
481 2027 682 2096 fateor,
713 2028 970 2100 primum
1019 2029 1216 2086 studia
1267 2031 1676 2100 accenderunt,
1711 2049 1846 2088 cum
1880 2033 1938 2088 in

287 2116 437 2188 ipsis
467 2133 611 2189 pene
639 2115 726 2188 (ut
754 2117 834 2173 ita
862 2118 1079 2191 dicam)
1110 2121 1448 2192 crepundiis
1479 2119 1831 2178 multimoda
1860 2123 1943 2177 in-

286 2203 597 2261 festatione
625 2206 994 2263 cessantibus
1014 2207 1478 2281 propinquorum
1505 2209 1681 2278 curis,
1707 2211 1859 2267 hanc
1880 2211 1941 2266 in

285 2291 477 2359 vobis,
510 2309 626 2348 non
657 2291 786 2348 dico
815 2293 1308 2367 vicissitudinem,
1341 2299 1442 2352 sed
1474 2299 1793 2371 gratuitam
1829 2300 1938 2354 fra-

288 2379 648 2449 ternitatem,
702 2385 765 2437 ut
811 2382 1171 2456 explorarem
1220 2386 1662 2458 compulerunt;
1693 2405 1810 2460 qua
1859 2389 1942 2444 ita

288 2487 436 2528 usus
465 2487 620 2540 sum,
650 2475 717 2526 ut
745 2489 900 2528 nunc
932 2472 1093 2528 illam
1123 2473 1337 2531 violare
1366 2475 1738 2550 sacrilegium
1788 2493 1936 2544 esse,

287 2559 506 2632 illaque
537 2575 735 2615 carere.
781 2561 1010 2617 facinus
1057 2562 1202 2618 mihi
1251 2563 1518 2620 videatur
1566 2565 1937 2622 exsecrabile.

286 2647 597 2704 Enimvero
654 2648 1026 2723 sacrilegium
1076 2652 1252 2725 digne
1299 2653 1544 2709 dixerim
1595 2655 1939 2712 charitatem

284 2737 524 2805 violare,
559 2737 608 2793 si
641 2738 876 2810 quidem
911 2740 984 2796 ab
1023 2741 1296 2814 Apostolo
1349 2759 1464 2798 non
1513 2744 1767 2816 amplius
1817 2743 1937 2813 illa,

293 2842 472 2900 quam
522 2827 678 2898 quod
724 2829 880 2884 Deus
929 2833 1036 2897 est,
1072 2833 1470 2888 commendari
1519 2833 1730 2906 potult,
1761 2835 1846 2890 sic
1873 2850 1940 2890 eo

292 2913 525 2970 dicente
557 2930 570 2969 :
602 2916 742 2970 Deus
767 2915 1006 2972 charitas
1029 2923 1110 2972 est
1137 2918 1186 2986 (Ι
1208 2919 1363 2974 Ιοαη.
1387 2937 1463 2986 1v,
1491 2921 1596 2993 16).
1622 2921 1769 2993 Ergo
1791 2921 1941 2976 hanc

288 3001 509 3059 violare
537 3003 838 3060 Christum
869 3009 958 3061 est
989 3006 1311 3079 abnegare;
1347 3009 1502 3080 quod
1539 3009 1683 3064 mihi
1714 3009 1943 3066 videtur

290 3089 428 3164 plus
473 3108 648 3164 quam
699 3092 1072 3168 sacrilegium
1124 3111 1270 3151 esse.
1325 3098 1480 3164 Quae,
1518 3096 1653 3154 licet
1698 3097 1941 3154 dilatato

291 3179 429 3236 sinu
461 3179 621 3252 ipsos
649 3181 922 3238 inimicos
966 3183 1260 3252 admittat,
1295 3186 1575 3241 ordinata:
1626 3189 1822 3242 tamen
1854 3186 1940 3242 di-

287 3266 562 3325 lectionis
589 3271 830 3326 modum
863 3272 1116 3328 maxime
1147 3272 1206 3328 in
1236 3274 1590 3331 domesticos
1625 3277 1757 3332 ﬁdei
1799 3275 1939 3348 (Gal.

285 3373 370 3425 v1,
404 3359 493 3426 10)
522 3361 718 3416 tenere
748 3361 1038 3433 cognovit.

362 3449 418 3502 2.
453 3446 665 3504 Praeter
683 3464 820 3522 ergo
833 3449 983 3506 hanc
997 3450 1368 3508 dilectionem
1387 3453 1643 3510 debitam
1665 3454 1942 3512 omnibus

291 3535 872 3594 communicantibus
889 3539 1020 3594 ﬁdei
1039 3541 1190 3612 ejus,
1202 3541 1471 3598 videlicet
1487 3560 1612 3615 quae
1635 3543 1940 3612 catholica,

291 3623 356 3680 id
385 3628 476 3680 est
505 3618 854 3683 universalis
883 3627 1120 3698 dicitur,
1155 3633 1241 3685 est
1272 3631 1416 3686 mihi
1451 3632 1606 3704 apud
1637 3649 1738 3688 vos
1767 3634 1947 3705 quod-

1970 2349 2018 2414 B

2051 1049 2208 1104 mine
2241 1048 2660 1119 (Audomarum
2693 1051 2867 1118 atque
2900 1046 3204 1102 Bertinum
3237 1047 3408 1119 dico),
3432 1049 3699 1122 antiquo-

2051 1156 2180 1194 rum
2205 1138 2350 1194 satis
2372 1136 2822 1192 commendabat
2845 1135 3188 1200 auctoritas,
3203 1135 3323 1206 qui,
3345 1139 3542 1208 utpote
3563 1154 3702 1194 con-

2049 1226 2399 1300 temporales
2428 1225 2563 1297 sibi,
2595 1225 2678 1280 ita
2708 1225 2962 1296 quadam
3011 1223 3308 1279 vicinitate
3360 1227 3698 1297 nectuntur,

2051 1323 2139 1383 ut,
2172 1319 2314 1373 dum
2345 1333 2531 1372 unum
2581 1315 2858 1382 audieris,
2893 1313 3140 1369 alterum
3193 1311 3510 1386 intelligas,
3543 1318 3602 1372 et
3641 1316 3702 1372 in

2049 1407 2231 1479 hujus
2260 1405 2600 1479 opere,quis
2626 1403 2719 1459 ille
2743 1404 2938 1471 fuerit,
2955 1401 3124 1458 facile
3144 1419 3494 1475 meDOSOaS.
3520 1405 3704 1460 Sanc-

2049 1500 2146 1552 tus
2197 1512 2428 1568 quoque
2475 1495 2822 1559 Winnocus,
2863 1509 2999 1548 cum
3051 1508 3120 1546 ex
3168 1509 3285 1547 uno
3334 1493 3702 1564 superiorum

2049 1586 2320 1658 pendeat,
2345 1589 2402 1640 et
2424 1585 2547 1657 ipse
2579 1583 2723 1639 satis
2750 1583 3085 1653 descriptus
3105 1583 3556 1654 erat,quomodo
3574 1600 3702 1640 ves-

2051 1679 2143 1729 tra
2165 1674 2435 1748 palaestra
2453 1673 2585 1728 fidei
2611 1676 2824 1727 unctus
2845 1671 2998 1728 olivo
3017 1675 3190 1744 atque
3213 1671 3428 1727 virtute
3448 1671 3702 1728 instrue-

2047 1767 2166 1831 tus,
2183 1762 2368 1835 patris
2383 1764 2594 1818 ductus
2617 1760 2857 1827 laureis,
2871 1761 3074 1816 eadem
3095 1778 3208 1832 qua
3235 1765 3553 1834 praeceptor
3571 1763 3701 1834 ejus

2047 1851 2221 1907 laude
2239 1851 2515 1920 cucurrit,
2532 1851 2940 1922 mundumque
2956 1849 3068 1904 sibi
3086 1849 3464 1906 rebellantem
3485 1851 3698 1908 Christi

2047 1940 2263 1996 virtute
2294 1939 2608 1995 decoravit.
2643 1939 2754 1995 Sed
2788 1956 2820 1994 ο
2855 1943 3055 1994 nostro
3087 1943 3374 2010 tempora,
3403 1956 3436 1995 ο
3468 1939 3698 1995 mores!

2047 2028 2440 2084 venerabilem
2471 2029 2765 2100 siquidem
2781 2031 2972 2082 ettoto
2995 2028 3218 2084 mundo
3240 2027 3702 2100 praedicandum,

2040 2121 2319 2175 ’sanctum
2364 2117 2635 2172 videlicet
2679 2116 3052 2189 Folquinum,
3089 2117 3501 2172 modernorum
3557 2117 3702 2173 adeo

2051 2207 2305 2280 neglexit
2335 2206 2582 2274 incuria,
2618 2210 2684 2261 ut
2716 2204 2880 2261 nulla
2907 2206 3036 2278 ejus
3059 2210 3269 2278 praeter
3291 2222 3585 2262 rumorem
3607 2223 3705 2280 po-

2050 2297 2316 2370 pularem
2347 2295 2639 2352 videretur
2667 2312 2795 2351 esse
2829 2295 3112 2351 memoria
3141 2311 3364 2351 eorum.

2118 2385 2172 2440 3.
2208 2385 2391 2457 Igitur
2421 2383 2787 2458 negligentia:
2818 2388 2943 2453 (seu
2979 2383 3080 2438 illa
3111 2385 3306 2455 potius
3354 2383 3582 2440 incuria
3615 2382 3701 2440 di-

2049 2475 2233 2530 cenda
2265 2474 2373 2546 est)
2406 2473 2847 2541 succensebam,
2877 2477 2935 2528 et
2967 2474 3184 2528 tacitus
3213 2489 3348 2528 cum
3381 2473 3474 2528 his
3506 2473 3704 2530 animo

2049 2563 2494 2630 stomachabar;
2526 2563 2763 2618 tandem
2805 2561 3259 2617 colluctantibus
3309 2563 3370 2617 in
3423 2579 3516 2618 me
3565 2578 3703 2618 cum

2051 2668 2252 2708 amore
2281 2651 2470 2707 sancti
2504 2652 2725 2722 pudore
2757 2649 2965 2723 puerili
2985 2655 3041 2706 et
3062 2651 3356 2722 imperitia
3385 2651 3577 2707 cordis
3607 2651 3704 2708 ob-

2048 2743 2187 2807 tusi,
2222 2739 2531 2796 Pisoniano
2547 2739 2644 2795 illo
2663 2739 2804 2794 vitio
2825 2739 3120 2806 laborans,
3138 2739 3235 2812 qui
3259 2757 3393 2794 cum
3416 2740 3574 2812 loqui
3599 2755 3699 2796 ne-

2051 2829 2245 2897 sciret,
2277 2834 2467 2885 tacere
2499 2845 2612 2884 non
2644 2829 2866 2900 potuit;
2893 2829 2963 2883 ad
2987 2827 3148 2883 illius
3167 2827 3348 2884 vitam
3371 2827 3701 2883 describen-

2051 2920 2188 2976 dam
2211 2917 2473 2974 animum
2499 2917 2734 2985 induxi;
2759 2917 3175 2990 calamumque
3195 2915 3278 2972 illi
3303 2916 3696 2985 committens,

2052 3007 2152 3081 qui
2173 3007 2408 3081 linguas
2429 3006 2746 3062 infantium
2770 3007 2910 3062 facit
2931 3006 3200 3075 disertae,
3217 3023 3401 3062 novus
3417 3005 3580 3062 velut
3595 3007 3700 3061 Ar-

2052 3097 2241 3170 pinas,
2259 3095 2597 3169 repentinus
2620 3100 2823 3152 auctor
2841 3095 3068 3152 emersi.
3085 3095 3303 3151 Verum
3318 3094 3700 3152 reminiscens

2051 3185 2212 3241 illius
2243 3185 2526 3258 Erisippei
2551 3185 2954 3257 sophismatis,
2981 3186 3030 3240 si
3054 3183 3414 3252 mentiris,id
3438 3185 3594 3256 quod
3614 3200 3704 3240 ve-

2052 3292 2184 3330 rum
2217 3275 2383 3342 dicis,
2419 3275 2720 3343 mentiris;
2745 3273 2890 3330 nihil
2915 3273 3074 3329 aliud
3095 3273 3284 3346 posui,
3308 3272 3446 3328 licet
3465 3273 3536 3328 de
3556 3271 3703 3345 ipsis

2052 3365 2223 3437 plura
2252 3363 2649 3438 prmterierim,
2674 3381 2852 3436 quam
2876 3365 3029 3436 quod
3055 3379 3256 3418 eorum
3277 3362 3507 3435 percepi
3527 3361 3706 3417 tradi-

2052 3453 2229 3524 tione,
2263 3469 2513 3525 quorum
2536 3453 2916 3526 approbanrla
2934 3457 3060 3508 erat
3080 3451 3354 3525 gravitas,
3371 3467 3505 3507 cum
3528 3448 3704 3507 refel-

2052 3542 2226 3598 lenda
2257 3559 2372 3597 non
2403 3545 2557 3598 esset
2587 3541 2926 3596 auctoritas.
2963 3541 3136 3597 Porro
3168 3557 3238 3598 ne
3269 3538 3702 3596 contribulibus

2053 3649 2262 3687 causas
2292 3631 2499 3687 exinde
2529 3632 2795 3686 offerrem
2819 3631 3325 3702 calumniandi,ut
3345 3634 3434 3685 est
3454 3647 3702 3686 consue-

290 3714 432 3770 dam
466 3715 849 3788 praecipuum,
879 3717 935 3772 id
967 3723 1074 3787 est,
1108 3723 1176 3774 ut
1207 3719 1600 3776 catechizatus
1647 3721 1812 3777 vobis
1842 3739 1941 3776 ca-
1976 3720 2018 3788 C
2056 3721 2280 3776 tudinis
2301 3721 2692 3793 quorumdam
2717 3737 3028 3790 puerorum
3052 3737 3064 3788 ;
3084 3736 3151 3774 ea
3172 3737 3299 3790 qua:
3323 3719 3701 3790 dictaveram,

290 3801 728 3859 techizantibus
761 3805 818 3858 in
850 3807 1126 3862 omnibus
1159 3809 1330 3864 bonis
1368 3809 1820 3879 communicem,
1856 3828 1944 3866 se-

292 3891 554 3947 cundum
603 3892 864 3964 Apostoli
915 3895 1138 3951 dictum
1186 3897 1325 3969 (Gal.
1360 3915 1437 3967 vn,
1470 3899 1560 3970 6);
1595 3903 1720 3955 tum
1769 3902 1946 3956 etiam

291 3983 536 4054 propter
562 3986 840 4054 patronos
870 3983 979 4039 loci
1021 3991 1078 4042 et
1125 3991 1462 4044 sanctorum
1515 3989 1825 4062 pignorum
1859 4009 1946 4046 re-

289 4069 534 4142 liquias,
585 4072 799 4144 quibus
855 4091 971 4145 pra}
1029 4076 1304 4132 omnibus
1353 4077 1559 4134 vicinis
1609 4081 1944 4148 abundatis,

292 4175 664 4232 quorumque
695 4163 1038 4234 patrocinio,
1062 4164 1344 4237 singulari
1369 4168 1624 4239 quodam
1648 4167 1948 4240 privilegio

291 4245 624 4316 exsultatis,
656 4263 931 4320 quorum,
965 4251 1103 4323 quia
1125 4253 1294 4320 mihi,
1319 4253 1456 4310 licet
1475 4272 1578 4326 per
1601 4255 1789 4310 multa
1809 4255 1950 4310 vitia

294 4337 598 4406 deﬂuenti,
630 4341 865 4394 exorata
909 4357 1142 4414 semper
1189 4343 1376 4398 adfuit
1423 4343 1704 4412 defensio,
1739 4348 1804 4400 ut
1850 4361 1949 4400 eos

293 4423 538 4496 speciali
569 4429 702 4498 post
732 4426 917 4483 Deum
961 4430 1267 4488 devotione
1315 4431 1686 4504 complectar,
1722 4437 1779 4488 et
1809 4433 1950 4488 utile

293 4512 449 4570 mihi
473 4512 704 4569 videtur
739 4515 961 4572 bonum
1007 4522 1064 4574 et
1111 4535 1398 4593 magnum
1445 4521 1686 4589 bonum,
1719 4523 1776 4577 et
1805 4537 1947 4594 quo-

292 4617 436 4657 rum
465 4601 688 4659 meritis
720 4604 808 4662 fas
838 4604 916 4662 sit
940 4623 1176 4679 sperare
1203 4625 1504 4665 summum
1537 4611 1778 4664 bonum.
1803 4609 1950 4666 Huic

292 4706 440 4764 ergo
468 4690 674 4759 amori,
708 4693 807 4764 qui
841 4710 1071 4750 mecum
1105 4695 1311 4768 primis
1351 4695 1600 4752 adolevit
1647 4697 1948 4769 auspiciis,

292 4796 370 4836 ea
399 4786 765 4838 commutata
795 4787 883 4839 est
904 4783 1178 4856 intentio,
1199 4803 1315 4842 non
1337 4790 1476 4854 tota,
1502 4790 1568 4842 ut
1592 4786 1739 4841 mihi
1757 4786 1948 4842 visum

291 4873 410 4936 est,
468 4868 733 4941 puerilis,
795 4876 863 4926 ut
919 4871 1081 4928 laudi
1134 4890 1358 4942 eorum,
1409 4891 1526 4946 qua
1583 4891 1698 4930 non
1757 4877 1946 4946 egent,

292 4957 672 5014 satisfactum
705 4965 998 5032 putarem,
1031 4963 1080 5019 si
1114 4964 1418 5036 quidpiam
1447 4963 1614 5020 vobis
1647 4980 1824 5018 manu
1855 4981 1949 5019 ve—

295 5047 489 5102 nisset
519 5047 944 5120 antiquiorum,
975 5053 1130 5124 quod
1162 5069 1362 5108 eorum
1397 5053 1606 5125 cuique
1656 5053 1948 5108 festivitati

295 5134 360 5190 in
393 5135 648 5208 singulis
682 5139 1034 5212 quibusque,
1067 5159 1215 5214 quas
1247 5142 1425 5198 Graaci
1458 5159 1702 5213 synach
1727 5142 1946 5211 dicunt,

295 5241 624 5297 congruere
657 5231 714 5280 et
745 5227 816 5281 ad
849 5228 1082 5284 laudem
1115 5231 1212 5286 Dei
1261 5249 1362 5304 per
1408 5247 1666 5285 amorem
1721 5236 1952 5286 sancto-

293 5314 836 5384 rum,audientium
859 5319 1087 5376 animos
1105 5320 1394 5376 incitaret.
1412 5320 1584 5375 Porro
1599 5319 1653 5375 in
1682 5325 1952 5392 promptu

293 5406 468 5459 erant
497 5401 813 5476 aliquantae
845 5410 1044 5482 copim,
1077 5427 1203 5484 qua:
1253 5411 1388 5466 huic
1438 5411 1746 5466 intentioni
1798 5412 1954 5467 vide-

294 5491 520 5546 bantur
549 5492 884 5554 satisfacere
914 5517 1106 5572 posse.
1141 5499 1399 5573 Denique
1438 5517 1639 5555 eorum
1687 5499 1868 5555 vitam
1900 5507 1956 5558 et

295 5587 494 5652 actus,
529 5598 781 5657 quorum
813 5589 1082 5660 gaudetis
1109 5589 1560 5665 principalitate,
1587 5605 1956 5663 quorumque

2057 3809 2274 3866 silentii
2308 3811 2377 3864 ad
2415 3813 2646 3880 tempus
2696 3807 2970 3864 claustris
3019 3807 3308 3874 commisi,
3343 3810 3518 3878 atque
3564 3805 3704 3862 huic

2057 3898 2324 3971 tempori,
2361 3914 2475 3970 quo
2508 3897 2812 3968 paululum
2841 3896 3242 3952 emcntlatiora
3267 3895 3587 3967 prodirent,
3612 3911 3703 3950 re-

2057 3987 2311 4054 servavi;
2347 3991 2402 4042 et
2433 3987 2570 4058 quia
2600 4003 2748 4058 opus
2789 3990 2912 4040 erat
2956 3984 3356 4056 astipulatore,
3392 3985 3564 4056 cujus
3594 3983 3704 4040 hoc

2057 4078 2568 4148 opuslirmaretur
2596 4073 2977 4142 auctoritate;
3012 4073 3273 4128 dedicavi
3316 4072 3464 4128 illud
3515 4072 3704 4142 vobis,

2058 4165 2280 4237 tibique
2308 4182 2485 4236 quam
2533 4163 2804 4230 maxime,
2840 4163 3166 4218 venerande
3215 4162 3383 4217 Pater
3427 4161 3702 4231 Walters,

2059 4255 2149 4310 cui
2183 4259 2388 4326 praeter
2409 4254 2486 4321 id,
2509 4253 2662 4324 quod
2687 4269 2821 4306 cum
2845 4251 3068 4308 czctcris
3090 4251 3234 4306 mihi
3259 4254 3348 4307 est
3369 4267 3702 4319 commune,

2057 4343 2354 4418 singulare
2373 4342 2656 4414 quiddam
2674 4341 2875 4411 debeo,
2889 4340 2976 4396 vel
2996 4345 3234 4414 prepter
3255 4340 3474 4396 Bertini
3493 4339 3704 4406 vicem,

2058 4434 2146 4489 vel
2179 4437 2414 4506 propter
2444 4448 2594 4502 eam,
2627 4449 2752 4502 qua:
2786 4430 3091 4487 nobiscum
3143 4431 3410 4498 accrevit,
3444 4429 3704 4486 dilectio-

2060 4539 2215 4578 nem.
2250 4523 2353 4591 Te,
2379 4521 2643 4592 inquam,
2671 4525 2725 4576 te
2749 4520 3035 4575 arbitrum
3059 4523 3116 4576 et
3137 4520 3502 4576 defensorem
3525 4517 3706 4590 hujus

2060 4611 2251 4684 operis
2283 4611 2526 4674 habens,
2561 4613 2836 4664 caeterum
2869 4610 2940 4664 de.
2961 4607 3454 4664 obtrectatoribus
3482 4623 3598 4662 non
3619 4611 3710 4662 est

2061 4699 2242 4769 tanti;
2275 4699 2374 4771 qui
2408 4699 2456 4753 si
2501 4700 2645 4753 forte.
2698 4697 3039 4753 calumniati
3090 4696 3306 4753 fuerint
3354 4713 3468 4766 me,
3502 4696 3708 4753 modos

2059 4787 2486 4843 connexionum
2499 4789 2556 4840 et
2569 4789 2793 4854 cmtera,
2811 4803 2936 4858 qua}
2959 4785 3041 4840 illi
3067 4787 3138 4842 de
3161 4785 3376 4858 quibus
3398 4786 3508 4842 sub
3530 4783 3706 4840 unius

2060 4877 2252 4950 specie
2283 4875 2520 4944 dicitur,
2549 4892 2678 4947 quae
2701 4875 3016 4948 sophistice
3039 4875 3318 4948 loquitur,
3337 4874 3575 4932 odibilis
3595 4877 3705 4942 est,

2060 4968 2334 5034 tractant,
2351 4981 2466 5020 non
2489 4965 2829 5020 observasse
2853 4982 2866 5018 :
2895 4965 3159 5020 noverint
3179 4963 3500 5020 Ecclesiam
3511 4963 3709 5020 Chris-

2059 5055 2102 5110 ti
2134 5055 2366 5128 regulas
2397 5054 2525 5122 bas,
2561 5054 2829 5126 quamvis
2859 5054 3066 5109 harum
3101 5070 3332 5126 quoque
3363 5053 3571 5109 notitia
3593 5069 3709 5108 non

2061 5150 2273 5209 careat,
2292 5148 2498 5216 sponte
2518 5143 2877 5213 repudiasse,
2895 5143 3213 5216 praiserlim
3233 5163 3364 5200 cum
3381 5141 3552 5217 longe
3576 5147 3711 5199 ante

2065 5251 2171 5288 nos
2204 5233 2424 5286 dictum
2457 5233 2555 5296 sit,
2585 5249 2778 5286 veram
2813 5250 2940 5286 esse
2970 5231 3158 5304 legem
3191 5231 3709 5304 historia-,simpli-

2065 5323 2208 5378 citer
2239 5338 2328 5389 ea,
2361 5338 2489 5393 quae
2522 5321 2677 5374 fama
2706 5321 2977 5392 vulgante
3005 5321 3382 5393 colliguntur,
3403 5321 3472 5374 ad
3497 5320 3714 5375 instru-

2065 5411 2318 5466 ctionem
2360 5409 2718 5482 posteritatis
2764 5409 2972 5466 litteris
3021 5411 3452 5466 commendare.
3487 5408 3713 5462 Abeant

2067 5518 2223 5573 ergo,
2259 5505 2315 5554 et
2343 5499 2548 5571 quovis
2596 5516 2806 5569 genere
2855 5497 3217 5555 locutionum
3268 5495 3582 5569 prmdicent
3627 5493 3711 5550 illi

2070 5607 2207 5647 suos
2239 5589 2503 5657 Catones,
2538 5587 2657 5643 sive
2689 5587 2861 5660 rigidi
2895 5587 3014 5644 sint
3039 5587 3146 5655 illi,
3180 5585 3298 5643 sive
3328 5583 3609 5654 censorii;
3646 5601 3712 5641 ac
