4104 6172
385 259 516 321 535
819 261 822 267 ·
1453 255 1822 320 ΡοιυυιΝί
1865 237 2197 316 ΑΒΒΑΤιτδ
2239 211 2722 317 LAUBiENSls.
3675 251 3798 316 538

381 391 626 466 proinde
656 390 1033 448 rumusculos
1059 406 1322 464 quosque
1352 393 1409 446 et
1435 388 1740 461 gloriolam
1787 390 2028 460 captant
2056 391 2112 458 Α
2140 387 2562 460 proximorum,
2587 386 2758 443 nobis
2791 403 3020 460 quoque
3052 387 3241 460 possit
3273 403 3397 444 esse
3429 385 3796 443 consultum.

380 481 744 555 popularem,
778 484 953 553 atque
983 481 1307 536 secundum
1341 479 1655 551 quemdam
1678 494 1880 534 eorum
1904 494 2034 551 poe-
2067 488 2076 496 '
2141 477 2222 532 Dc
2255 481 2480 545 czrtero,
2517 475 2750 546 fratres,
2775 475 3110 550 apostolicis
3139 493 3240 531 vos
3269 475 3460 532 verbis
3487 473 3795 548 alloquor:

381 576 528 644 tam,
559 571 907 627 ceromatico
953 570 1144 626 ferant
1189 567 1460 624 nicetetia
1489 567 1671 637 collo;
1703 567 1895 635 nobis,
1928 567 2029 640 qui

382 661 442 716 in
465 660 664 715 schola
683 658 916 726 Christi,
933 659 1045 714 sub
1067 656 1463 730 apostolorum
1491 656 1826 728 magisterio
1848 657 2032 730 philo-

383 748 722 820 sophamus,
738 747 1104 819 propositum
1127 750 1235 814 est,
1253 750 1319 802 ut
1341 746 1714 818 prudentiam
1739 745 2030 819 serpentis

381 835 718 893 eolumbina
745 835 1121 908 simplicitate
1144 840 1566 907 temperemus:
1585 835 1802 890 utdum
1822 834 2032 890 doctri-

381 939 460 982 na
489 925 664 1005 simul
695 928 755 982 et
783 925 1119 1000 operatione
1163 924 1531 981 consulimus
1582 923 2032 982 necessitatibus

2141 565 2422 634 Gaudete,
2455 565 2692 638 perfecti
2719 569 2926 623 estote.
2958 563 3367 633 exhortamini,
3390 563 3548 621 idem
3580 565 3800 637 sapite,

2142 672 2344 727 pacem
2375 655 2604 722 habete,
2640 653 2870 728 meique
2901 654 3096 711 fratris
3138 653 3318 710 vestri
3364 653 3454 710 vel
3506 653 3800 710 admoniti

2143 748 2535 813 mementote;
2569 749 2626 800 et
2651 745 2806 801 Deus
2835 744 2996 816 pacis
3026 747 3082 800 et
3104 743 3437 800 dilectionis
3457 741 3538 800 sit
3565 758 3802 817 semper

2143 851 2278 888 cum
2312 833 2588 890 omnibus
2616 835 2800 890 vobis.
2831 836 3034 891 Amen.

1889 1086 2288 1098 ————-——————.

1273 1226 1723 1340 INCIPIT
1797 1226 2084 1386 VlTA
2159 1227 2253 1342 S.
2338 1226 2912 1342 FOLGUINI

455 1434 505 1490 4.
541 1433 823 1508 Benigne,
872 1437 931 1491 et
976 1433 1288 1490 ineffabilis
1336 1433 2048 1508 omnipotentissimaque

2141 1435 2379 1508 pundiis
2409 1441 2724 1508 parentum
2745 1453 2886 1492 cura
2906 1436 3200 1510 perspexit
3230 1435 3412 1493 sacris
3433 1437 3652 1494 studiis
3674 1438 3800 1514 pol-

381 1522 590 1626 deitas,
625 1522 881 1626 sibcini‘psi
913 1540 1016 1596 per
1045 1523 1428 1626 sesufﬁeiens
1449 1527 1589 1626 (non
1611 1525 1770 1626 enim
1793 1525 2032 1626 aliunde
2062 1561 2110 1626 B
2140 1524 2277 1626 lere,
2313 1527 2409 1626 uti.
2431 1542 2602 1598 posse
2787 1525 2888 1581 tali
2927 1525 3194 1626 aetatulae,
3227 1525 3411 1626 sacris
3461 1525 3678 1626 litteris
3705 1529 3803 1584 in-

379 1611 634 1668 extorius
667 1611 896 1679 nititur,
925 1630 1060 1668 eum
1083 1612 1162 1670 sit
1194 1630 1496 1669 summum
1527 1613 1770 1685 bonum)
1797 1614 2033 1669 divitias
2062 1611 2110 1626 υ
2143 1615 2513 1670 formandam
2531 1615 2903 1672 tradiderunt
2921 1614 3138 1672 scholis
3159 1615 3414 1672 ecclesiae
3438 1633 3454 1670 :
3477 1616 3540 1672 in
3555 1617 3800 1690 quibus,

381 1700 661 1758 bonitatis
691 1719 810 1758 suae
841 1701 901 1757 in
933 1702 1025 1770 iis,
1061 1719 1209 1774 quos
1239 1707 1375 1758 ante
1406 1701 1619 1758 saecula
1659 1703 1950 1775 praeseivit
1977 1706 2036 1758 et

379 1790 834 1863 praedestinavit,
857 1791 1077 1846 sanctis
1099 1789 1508 1864 multipliciter
1527 1790 1924 1864 dispensando
1944 1791 2032 1846 di-

381 1877 641 1934 stribuit.
672 1878 828 1934 Vasa
853 1878 1010 1934 enim
1041 1878 1140 1934 ira:
1169 1883 1307 1951 apta
1337 1879 1397 1932 in
1417 1878 1746 1947 interitum,
1775 1897 1900 1952 quae
1932 1879 2032 1936 diu

381 1963 685 2031 sustinuit,
713 1964 775 2020 in
802 1982 942 2021 vasa
970 1965 1386 2022 misericordiae
1431 1967 1844 2035 commutavit;
1877 1973 1934 2023 et
1965 1973 2048 2030 ut.

380 2052 806 2111 sublimitatem
838 2055 1037 2126 gratia:
1069 2053 1249 2126 hujus
1279 2071 1349 2110 ex
1377 2055 1492 2110 Deo
1525 2072 1653 2110 esse
1702 2055 1938 2124 scirent,
1973 2061 2032 2112 et

379 2158 498 2202 non
528 2159 598 2199 ex
625 2142 980 2214 semetipsis,
1015 2143 1125 2198 hoc
1156 2143 1272 2199 illis
1295 2145 1448 2200 dono
1469 2145 1670 2217 gratiae
1693 2147 1850 2202 dedit
1873 2147 2029 2219 quod

379 2247 610 2304 pcnnam
634 2247 804 2288 suam
835 2231 954 2287 illis
986 2233 1441 2305 eognoscibilem
1476 2233 1631 2302 fecit,
1667 2239 1774 2290 etc.

444 2320 501 2376 5.
535 2321 711 2377 Beata
739 2319 1126 2377 nihilominus
1158 2325 1345 2378 mater
1370 2321 1647 2391 Ecclesia,
1682 2323 1900 2380 talibus
1931 2342 2027 2381 or-

378 2413 519 2466 nata
546 2408 887 2475 monilibus,
919 2427 1046 2482 qua-3
1081 2410 1258 2466 turris
1286 2410 1392 2466 viri
1427 2411 1604 2467 David
1637 2413 1921 2470 mdiﬁcata
1942 2419 2032 2470 est

379 2513 513 2554 eum
547 2497 1005 2571 propugnaculis
1034 2499 1194 2566 suis;
1229 2503 1316 2554 tot
1346 2499 1608 2572 talesque
1649 2501 1833 2574 elypei
1865 2520 1933 2558 ex
1963 2520 2031 2559 ea

381 2586 731 2659 dependent,
771 2585 1023 2659 talisque
1072 2591 1370 2644 tantorum
1419 2593 1719 2646 armatura
1769 2591 2029 2662 fortium,

383 2675 602 2748 quibus
631 2674 863 2732 munita
889 2678 948 2732 et
977 2679 1222 2731 ornatur
1253 2678 1322 2733 ad
1357 2678 1658 2748 meritum,
1690 2683 1748 2736 et
1782 2681 1854 2736 ab
1881 2681 2032 2738 infe-

384 2781 584 2820 rorum
613 2765 841 2820 eruitur
869 2769 1088 2820 terrore
1118 2769 1442 2837 portarum.
1480 2767 1637 2823 Inter
1666 2786 1794 2840 qum
1826 2787 2037 2842 propu-

2143 1708 2210 1760 ut
2242 1708 2402 1776 puto,
2426 1722 2571 1777 puer
2593 1704 2756 1760 bonae
2778 1703 3012 1774 indolis,
3028 1703 3544 1778 disciplinabiliter
3562 1705 3800 1780 ingenio

2143 1793 2339 1866 sagaci
2371 1794 2699 1866 proﬁciens,
2724 1793 2822 1849 ubi
2851 1793 3052 1866 primae
3073 1793 3219 1850 artis
3241 1794 3576 1852 rudimenta
3593 1812 3799 1868 peree-

2142 1882 2248 1952 pit,
2283 1883 2438 1952 quod
2470 1881 2834 1937 vivacitatem
2867 1881 3083 1954 ingenii
3107 1883 3239 1954 ejus
3261 1883 3668 1955 aufugeret,nil
3690 1901 3801 1957 po-

2143 1974 2268 2025 stea
2298 1971 2426 2024 fuit.
2451 1971 2855 2026 Attestabatur
2882 1971 3237 2026 munditiam
3273 1971 3462 2036 cordis
3483 1972 3796 2047 ejusjugis

2143 2059 2447 2116 meditatio
2478 2065 2536 2116 et
2565 2061 2858 2116 continuae
2888 2059 3321 2136 exercitationis
3351 2060 3798 2128 studium,eum

2133 2149 2260 2220 jam
2293 2149 2526 2222 penitus
2556 2149 2751 2205 omnis
2781 2148 3125 2221 hujusmodi
3154 2149 3406 2210 atl'eetics
3425 2148 3708 2205 transiret
3735 2149 3799 2206 in

2139 2237 2430 2292 habitum.
2454 2237 2754 2310 Scriptum
2777 2237 2992 2310 quippe
3023 2239 3113 2294 est
3135 2253 3149 2292 :
3175 2239 3260 2292 Ea:
3277 2236 3476 2293 studiis
3494 2253 3617 2293 suis
3637 2239 3798 2294 intel-

2140 2328 2334 2399 ligitur
2360 2343 2516 2398 puer,
2547 2329 2600 2383 .ςὶ
2627 2338 2772 2384 recte
2801 2335 2853 2384 et
2877 2326 3085 2384 munda
3111 2328 3226 2383 sint
3252 2342 3418 2398 opera
3467 2327 3586 2398 ejus
3611 2327 3800 2394 (Prov.

2139 2435 2230 2484 xx,
2249 2419 2326 2485 2).
2351 2416 2551 2472 Talem
2577 2417 2772 2489 itaque
2793 2415 3148 2472 int‘ormabat
3170 2414 3460 2472 Dominus
3475 2415 3593 2470 sub
3615 2417 3802 2489 magi-

2142 2511 2397 2561 strorum
2430 2505 2821 2566 institutione.
2853 2504 3088 2577 qualem
3117 2509 3322 2577 postea
3347 2503 3676 2576 praeﬁceret
3693 2505 3796 2560 Ec-

2142 2594 2331 2650 clesia:
2363 2611 2502 2649 suae.
2540 2593 2854 2649 Pastoralis
2882 2597 2972 2650 est
3011 2594 3169 2650 enim
3225 2591 3450 2665 regula.
3481 2609 3555 2648 ne
3588 2593 3804 2648 audeat

2143 2701 2412 2756 prmesse,
2447 2683 2545 2756 qui
2579 2683 2855 2740 nescierit
2884 2683 3146 2739 subesse.
3179 2682 3402 2737 Deinde
3432 2697 3567 2736 eum
3591 2681 3802 2754 gigan-

2145 2771 2279 2838 teis,
2311 2776 2377 2826 ut
2408 2771 2491 2826 ita
2521 2771 2741 2828 dictum
2772 2771 2870 2841 sit,
2904 2771 3179 2843 passibus
3225 2769 3338 2826 iret
3386 2769 3458 2825 de
3486 2769 3712 2825 virtute
3743 2769 3801 2826 in

327 2897 337 2902 .
384 2853 775 2924 gnaenla,non
790 2853 1250 2910 deinferioribus
1271 2855 1488 2927 clypeis
1513 2873 1696 2912 unum
1721 2863 2034 2930 patronum
2082 2929 2090 2930 ί
2144 2861 2451 2928 virtutem;
2471 2877 2606 2915 cum
2623 2877 2821 2916 sacras
2843 2859 3070 2916 litteras
3091 2857 3804 2930 didieisset,divinamqu_e

385 2945 444 2997 et
461 2942 826 2997 defensorem
840 2941 1177 2998 nobisDeus
1197 2943 1358 2998 dedit
1379 2944 1614 3000 beatum
1639 2951 1695 3002 et
1718 2929 2032 3017 prmitiean-
2064 2929 2107 2995 C
2147 2949 2354 3020 legem,
2389 2966 2689 3004 sacrorum
2719 2949 3010 3020 graduum
3054 2947 3468 3021 perfectionem
3517 2929 3800 3019 indeptus

385 3031 528 3088 dum
569 3029 800 3088 saeculis
851 3029 1194 3086 Folcuinum
1245 3031 1605 3104 episcopum,
1640 3036 1810 3106 cujus
1853 3037 2033 3092 vitam

387 3118 640 3174 strictim
669 3121 729 3173 et
757 3117 1054 3173 succincte
1085 3118 1377 3175 elueidare
1408 3121 1729 3192 cupientes,
1763 3141 1877 3179 non
1909 3142 2032 3180 ma-

385 3221 638 3279 gnopere
695 3206 1004 3261 studemus
1055 3221 1191 3262 eum
1241 3207 1540 3265 miraculis
1599 3213 2030 3281 commendare,

385 3294 638 3352 scientes
668 3310 776 3350 nos
801 3292 1074 3350 ﬁdelibus
1107 3293 1288 3367 loqui,
1324 3297 1540 3368 quibus
1571 3315 1686 3354 non
1719 3299 1949 3372 linguas
1972 3303 2031 3358 in

383 3383 642 3457 signum,
676 3384 778 3440 sed
811 3381 1147 3438 inﬁdelibus
1179 3383 1324 3439 dixit
1363 3385 1663 3459 apostolus
1713 3405 1860 3457 esse,
1894 3409 2031 3448 nam

382 3471 686 3532 miraculis
715 3488 925 3544 parum
953 3471 1122 3527 nobis
1141 3477 1415 3544 expertus
1437 3479 1546 3543 est,
1562 3474 1697 3532 licet
1717 3477 1836 3534 vita
1858 3479 2035 3551 pluri-

380 3577 570 3632 mum,
601 3577 730 3634 quae
759 3563 817 3616 et
845 3559 896 3615 si
927 3559 1082 3625 fecit,
1117 3561 1316 3617 nullus
1371 3561 1471 3619 illo
1521 3565 1708 3637 magis
1754 3567 2026 3627 occuluit.

381 3651 494 3719 Sed
515 3651 644 3722 jam
676 3648 960 3706 locuturis
992 3649 1062 3704 de
1093 3665 1159 3704 eo
1201 3650 1371 3705 nobis
1419 3653 1694 3722 petimus,
1727 3659 1793 3710 ut
1824 3657 2031 3714 suifra-

379 3739 494 3814 giis
523 3739 680 3796 adsit
710 3738 866 3812 apud
899 3754 1032 3793 eum
1064 3754 1241 3810 quem
1273 3741 1572 3812 tantopere
1603 3743 1822 3800 dilexit.

449 3829 505 3884 6.
535 3827 868 3883 Nativitatis
891 3843 1026 3900 ergo
1059 3826 1210 3882 beati
1245 3827 1348 3882 viri
1385 3832 1449 3882 ut
1477 3829 1747 3887 dicamus
1775 3835 2030 3902 exordia,

378 3916 781 3974 excellentiam
821 3919 1064 3972 terrenae
1113 3915 1420 3989 dignitatis
1452 3917 1625 3991 longo
1658 3925 1715 3976 et
1743 3921 2032 3980 altissimo

377 4005 560 4062 traxit
585 4008 896 4061 stemmate
929 4004 1274 4060 nobilitatis.
1310 4005 1532 4062 Floruit
1558 4010 1666 4064 sub
1700 4026 1832 4082 rege
1857 4011 2030 4068 Caro-

379 4093 442 4149 lo
464 4096 590 4148 tum
621 4091 920 4165 opulentia
948 4109 1168 4159 rerum,
1201 4097 1330 4148 tum
1360 4095 1664 4166 procinctu
1715 4097 2026 4170 bellorum,

381 4181 654 4256 quodque
699 4180 792 4236 his
824 4181 1019 4252 majus
1069 4185 1180 4248 est,
1205 4180 1367 4237 cultu
1423 4183 1720 4256 religionis
1765 4191 1823 4242 et
1871 4191 2032 4261 pacis

2144 3043 2234 3095 est
2264 3055 2366 3110 per
2409 3039 2710 3106 ordinem;
2747 3041 3091 3110 tantamque
3141 3036 3393 3109 gratiam
3443 3035 3495 3089 ei
3547 3033 3799 3090 contulit

2143 3129 2332 3200 gratia
2363 3127 2602 3200 superni
2633 3131 2957 3200 respectus,
2985 3131 3052 3183 ut
3081 3127 3152 3184 ab
3184 3123 3464 3182 omnibus
3489 3139 3796 3180 venerare-

2144 3221 2241 3272 tur
2270 3216 2645 3284 reverentius,
2680 3216 3022 3289 diligeretur
3052 3213 3453 3272 atl‘eetuosius.

2213 3308 2267 3360 8.
2301 3305 2527 3360 Interea
2559 3305 2706 3376 lapis
2737 3304 2833 3359 ille
2864 3302 3189 3376 spiritualis
3211 3301 3434 3374 politus
3452 3299 3793 3375 multiplici-

2144 3397 2255 3451 bus
2289 3394 2653 3466 argumentis
2684 3398 2742 3449 et
2771 3396 3110 3466 competens
3129 3390 3474 3447 cmlestibus
3491 3404 3785 3446 ornamen-

2143 3485 2240 3552 tis,
2273 3483 2518 3557 dignum
2539 3483 2727 3540 fuerat
2742 3487 2808 3538 ut
2824 3485 3136 3556 poneretur
3149 3479 3210 3535 in
3227 3479 3561 3536 diademate
3579 3477 3788 3550 Regis;

2142 3575 2325 3646 igitur
2353 3589 2424 3628 ne
2449 3573 2560 3628 sub
2611 3571 2802 3644 specie
2850 3570 3208 3644 privatorum
3257 3567 3659 3636 delitesceret;
3689 3565 3789 3630 sed

2143 3663 2244 3735 qui
2276 3668 2520 3717 eatenus
2550 3661 2660 3717 sibi
2693 3665 2925 3716 tantum
2959 3659 3276 3732 profuerat,
3291 3658 3420 3729 jam
3445 3655 3651 3714 multis
3669 3672 3794 3728 pro-

2142 3752 2370 3819 desset;
2407 3749 2664 3806 eeelcsize
2694 3750 2952 3804 fascibus
2983 3746 3398 3804 sublimandus
3419 3744 3796 3818 appetitur,et

2143 3839 2408 3896 omnium
2420 3839 2661 3894 vocibus
2673 3838 3046 3894 acclamatur.
3060 3837 3283 3892 Littera
3293 3833 3798 3891 BritannieiOeea—

2143 3928 2202 3983 ni
2235 3929 2295 3983 in
2345 3927 2562 3982 ﬁnibus
2611 3925 2934 3983 Galliarum
2984 3925 3350 3982 occidentem
3397 3940 3607 3979 versus
3655 3938 3796 3996 gens

2142 4017 2411 4090 quautam
2442 4015 2667 4081 incolit,
2700 4033 2814 4072 non
2849 4020 2970 4072 tam
3003 4014 3124 4070 lata
3152 4030 3331 4086 quam
3365 4011 3562 4070 valida
3593 4029 3609 4066 :
3641 4011 3795 4084 apud

2141 4105 2452 4162 historicos
2509 4104 2740 4172 Morini,
2788 4121 2944 4160 nunc
2985 4121 3020 4160 a
3049 4105 3356 4159 Tarvenna
3398 4101 3546 4157 urbe
3591 4116 3794 4156 eorum

2141 4194 2440 4266 quondam
2471 4192 2942 4264 opulentissima,
2975 4193 3076 4249 sed
3111 4191 3286 4247 modo
3335 4189 3537 4246 diruta
3563 4191 3624 4244 et
3652 4203 3797 4260 pene

369 4271 507 4362 jpre
537 4268 948 4342 cognominato
980 4269 1225 4362 Magno;
1260 4275 1445 4362 matre
1476 4273 1850 4362 Ercensinda,
1868 4283 2031 4350 patre
2064 4297 2108 4362 υ
2141 4282 2456 4348 exinanita,
2489 4286 2772 4337 vocantur
2790 4277 3442 4338 Tarvenniei.Meminit
3461 4277 3646 4349 hujus
3663 4294 3797 4350 guno

377 4359 730 4430 Hieronymo
760 4375 775 4412 :
808 4373 1058 4429 quorum
1090 4357 1250 4430 prior
1277 4359 1348 4414 de
1369 4365 1540 4432 gente
1566 4361 1889 4420 Gothorum
1913 4367 2028 4423 ela-

377 4463 504 4504 ram
527 4447 676 4504 satis
697 4450 816 4502 tam
833 4461 1043 4518 genere
1056 4463 1234 4518 quam
1247 4446 1457 4518 opibus
1473 4451 1804 4522 prosapiam
1820 4456 2025 4524 traxit;

376 4535 546 4605 alter,
578 4541 642 4592 ut
661 4540 822 4610 puto,
838 4534 1161 4608 supradicti
1184 4533 1337 4608 regis
1359 4537 1684 4594 avunculus
1705 4539 1858 4597 inter
1877 4544 2025 4599 auli-

375 4639 476 4682 cos
494 4623 744 4696 primus,
769 4640 966 4680 rerum
987 4621 1311 4679 forensium
1336 4625 1811 4700 privatarumque
1832 4634 2028 4688 mode-

373 4713 606 4770 ramina
633 4712 1001 4786 disponebat.
1027 4713 1258 4768 Fratres
1291 4712 1470 4770 etiam
1500 4720 1668 4771 erant
1698 4718 1746 4774 ei
1777 4735 2024 4776 summae

371 4802 713 4876 dignitatis;
759 4819 830 4858 ex
879 4800 1095 4874 quibus
1151 4800 1468 4858 Folrailum
1517 4806 1706 4860 sancti
1759 4807 2024 4872 Quintini

371 4891 746 4954 commendat
774 4889 1219 4957 monasterium,
1252 4895 1308 4946 et
1335 4894 1399 4945 ut
1437 4890 1616 4948 altius
1662 4901 2022 4968 repetamus,

370 4983 676 5038 atavorum
705 4980 834 5052 ejus
865 4977 1015 5034 atavi
1049 4995 1254 5035 omnes
1287 4979 1662 5037 nobilissimi.
1697 4982 1826 5040 Hmc
1874 4987 2022 5042 diei-

369 5085 507 5126 mus
533 5086 650 5125 non
683 5069 838 5141 quod
866 5067 1220 5124 habentibus
1255 5068 1374 5123 sint
1420 5067 1694 5140 gloriosa,
1730 5074 1830 5128 sed
1865 5079 2020 5147 quod

371 5159 882 5214 contemnentibus
933 5157 1245 5212 mirabilia.
1283 5157 1489 5212 Sweuli
1534 5159 1802 5217 homines
1833 5167 2018 5222 susei-

370 5245 542 5316 piunt
572 5263 671 5302 eos
702 5246 800 5318 qui
836 5245 929 5301 his
961 5245 1280 5317 privilegiis
1301 5246 1543 5318 pollent,
1571 5266 1675 5302 nos
1704 5249 2020 5311 laudamus

370 5350 469 5391 eos
499 5335 598 5408 qui
632 5336 744 5390 ista
773 5351 876 5408 pro
907 5334 1202 5390 Salvatore
1235 5337 1713 5406 contempserint.

438 5427 493 5480 7.
529 5425 713 5498 igitur
738 5440 1081 5498 generosam
1109 5423 1329 5496 prolem
1354 5424 1452 5478 ubi
1479 5424 1535 5478 in
1566 5425 1709 5498 ipsis
1734 5446 1878 5501 pene
1901 5450 2019 5490 cre-

2139 4371 2216 4427 tis
2241 4371 2296 4427 in
2321 4387 2492 4442 opere
2515 4388 2622 4426 suo
2645 4371 2799 4442 quod
2821 4388 2924 4443 pro
2938 4367 3107 4426 nobis
3119 4372 3322 4425 contra
3337 4383 3604 4441 paganos
3621 4366 3794 4438 serip-

2139 4459 2216 4515 sit
2246 4459 2486 4515 Orosius
2521 4459 2824 4532 presbyter
2853 4464 2912 4515 et
2941 4457 3130 4514 ﬁdelis
3161 4454 3682 4529 historiograpbbs
3707 4457 3798 4510 :et

2136 4549 2277 4620 quia
2288 4548 2572 4620 populosa
2585 4549 2762 4603 fuerit
2780 4548 2947 4620 capia
2966 4545 3229 4614 militari,
3244 4545 3611 4616 neeuiquam
3636 4560 3797 4600 exer-

2135 4637 2279 4692 citui
2312 4637 2572 4692 Romano
2597 4636 2853 4693 obvianti
2866 4633 3418 4708 (f.,sueeumberet),
3431 4632 3802 4689 evidentissi-

2136 4743 2230 4782 me
2261 4725 2810 4782 ostendit.Meminit
2840 4728 2897 4780 et
2920 4724 3084 4780 urbis
3107 4721 3628 4796 Menapum,cujus
3652 4719 3796 4795 nihil

2135 4819 2342 4887 preter
2373 4814 2576 4871 ruinas
2605 4819 2663 4870 et
2693 4831 2908 4872 nomen
2943 4813 3112 4871 inane
3142 4815 3233 4871 est
3260 4809 3798 4870 tantum.Extremi

2131 4908 2330 4959 autem
2363 4905 2671 4962 hominum
2703 4905 2778 4960 ob
2810 4905 2920 4960 hoc
2949 4902 3195 4960 forsitan
3221 4917 3257 4957 a
3285 4905 3457 4972 poeta
3485 4899 3800 4969 dicuntur,

2132 4993 2286 5064 quod
2321 4991 2613 5060 Flandria,
2648 5009 2776 5064 quae
2809 5009 2945 5064 pars
2973 4991 3152 5064 hujus
3172 4989 3366 5063 gentis
3386 4991 3494 5056 est,
3521 5003 3594 5044 ea
3615 4986 3800 5044 maris

2128 5082 2259 5138 lora
2287 5086 2553 5153 occupat,
2589 5081 2861 5154 ultraque
2892 5080 3053 5136 nulla
3083 5097 3228 5154 gens
3273 5075 3544 5134 habitare
3590 5078 3802 5132 audita

2131 5176 2240 5240 est,
2275 5171 2622 5242 prohibente
2653 5171 2906 5239 Oceano,
2931 5174 3121 5226 totum
3143 5185 3247 5240 pro
3275 5170 3437 5239 parte
3458 5183 3608 5221 usus
3635 5183 3798 5221 more

2131 5261 2412 5315 suo.Nam
2429 5277 2496 5313 ex
2509 5277 2577 5314 ea
2592 5264 2754 5332 parte
2771 5277 2950 5332 quam
2974 5258 3236 5314 Bononia
3253 5256 3396 5310 urbs
3409 5257 3467 5309 et
3479 5253 3739 5321 Odraus(
3747 5253 3794 5323 1)

2128 5354 2376 5418 occupat
2421 5349 2622 5417 Farus,
2658 5347 2848 5405 facilis
2899 5349 2971 5404 ad
3022 5345 3384 5403 Britanniam
3433 5346 3526 5398 est
3573 5341 3792 5397 transi-

2127 5440 2245 5492 tus.
2280 5438 2435 5492 Gens
2467 5436 2598 5516 lizec'
2621 5438 2886 5493 moribus
2914 5434 3326 5508 incomposita,
3365 5430 3558 5504 magis
3607 5430 3792 5487 armis

441 5539 516 5610 (1)
546 5539 656 5595 Alii
687 5540 922 5596 Turrim
955 5541 1258 5597 ardentem
1289 5545 1515 5608 vocant,
1550 5542 1723 5616 vulgo
1749 5545 1805 5601 la
1842 5549 1979 5604 Τυιιν
2007 5551 2239 5608 d'ordrc.
2275 5552 2332 5606 in
2366 5555 2536 5625 portu
2569 5570 2746 5625 prope
2778 5554 3097 5612 Bononiam
3132 5549 3520 5612 Morinorum.
