4104 6172
283 200 413 271 ηυξ

1250 205 1353 267 DE
1400 202 1589 269 VITA
1637 205 1703 267 S.
1752 200 2120 267 FOLCUINI
2164 203 2811 275 TARVENNENSIS.

3646 227 3781 293 538.

287 354 473 417 quam
504 340 774 399 consilits
795 344 1060 409 utens,et
1082 344 1147 396 ut
1168 344 1301 397 ante
1323 357 1434 397 nos
1455 339 1678 397 dictum
1695 338 1960 407 est,mul~
1986 336 2045 405 Α
2073 336 2377 396 fraudans
2408 345 2651 415 sparsit,
2669 345 2726 401 id
2760 318 2879 405 illis
2915 348 3183 420 accrevit,
3211 368 3321 409 nec
3350 357 3557 427 ventri,
3581 364 3646 416 ut
3671 365 3765 420 est

286 439 418 491 tum
434 432 811 505 eloquentiae,
828 429 1133 503 sapientia:
1159 446 1389 502 parum.
1410 429 1596 501 Cujus
1614 428 1963 484 indomitam

290 520 628 579 barbariem
653 524 712 576 et
729 536 965 591 semper
979 520 1051 574 ad
1077 519 1298 574 malum
1320 518 1634 591 proclivem
1660 535 1775 573 non
1796 518 1965 574 facile

290 616 417 669 erat
450 608 750 683 restringi,
773 608 889 663 uisi
922 608 1234 681 prudentia
1258 613 1318 663 et
1347 607 1712 682 perspicacia
1742 609 1967 664 summi

289 707 349 760 ct
377 698 766 757 ecclesiastici
798 696 930 753 viri.

359 792 415 844 9.
440 789 628 862 Igitur
647 786 837 858 plebis
860 786 1043 857 hujus
1063 780 1306 842 ecclesia
1329 790 1561 858 pastore
1578 790 1657 856 (2)
1687 791 1811 843 erat
1838 789 1968 844 des-

287 879 472 935 tituta
499 895 513 931 :
549 878 651 933 sed
687 893 823 932 cum
847 876 920 931 de
938 874 1211 947 pontifice
1233 880 1503 948 ageretur
1525 876 1965 946 substituendo,

288 968 391 1025 diu
419 964 703 1023 scrutatis
734 964 1039 1035 omnibus,
1073 964 1304 1037 dignior
1332 982 1505 1022 nemo
1555 966 1829 1022 inventus
1875 973 1970 1023 est

287 1056 603 1129 Folquino.
624 1055 688 1110 In
722 1055 899 1126 cujus
920 1053 1209 1109 electione
1229 1071 1441 1127 anceps
1462 1054 1630 1127 plebs
1650 1060 1742 1111 est
1761 1059 1973 1112 secuta

286 1146 372 1203 nil
405 1144 658 1210 varium,
693 1144 796 1199 sed
830 1146 966 1199 vota
987 1142 1266 1199 omnibus
1296 1143 1454 1199 hunc
1476 1144 1587 1199 sibi
1606 1144 1733 1200 dari
1750 1161 1969 1217 popos-

286 1234 369 1293 cit
422 1231 791 1307 episcOpum,
828 1237 1036 1287 secuta
1084 1237 1431 1304 magnatum
1490 1237 1549 1289 et
1596 1232 1778 1290 totius
1823 1233 1970 1290 cieri

287 1336 671 1380 consensum.
708 1321 861 1388 Quid
896 1319 1109 1393 plura?
1141 1320 1529 1393 Complacuit,
1559 1323 1676 1378 Deo
1718 1322 1969 1396 gratias,

288 1411 687 1486 imperatoriae
722 1407 1021 1482 potestati,
1066 1409 1366 1466 Ludovico
1408 1410 1697 1481 videlicet,
1727 1412 1826 1485 qui
1858 1412 1972 1469 Ca-

287 1503 415 1560 rolo
446 1504 816 1558 successerat
843 1498 1028 1571 patri;
1062 1502 1122 1554 et
1154 1514 1225 1554 eo
1256 1501 1610 1556 concedente
1628 1500 1792 1558 urbis
1822 1503 1971 1558 Tar-

284 1607 494 1647 vennie
525 1590 907 1646 consecratur
935 1587 1211 1655 antistes,
1244 1595 1543 1660 praeeunte
1579 1589 1638 1644 in
1688 1590 1971 1647 omnibus

2075 430 2509 485 consuetudini
2542 434 2922 504 quibusdam,
2947 439 3282 505 reservavit,
3316 443 3535 516 quippe
3566 449 3663 518 qui
3689 450 3762 505 de

2077 514 2347 571 crastino
2409 538 2525 576 non
2578 522 2831 579 multum
2886 526 3172 581 sollicitus
3221 530 3356 585 fuit.
3392 514 3638 590 Difficile
3676 540 3764 592 est

2078 608 2366 678 prosequi
2404 610 2639 681 qualem
2677 630 2737 667 se
2769 614 3100 672 exhibuerit
3122 634 3328 675 servus
3352 622 3614 693 Domini;
3642 631 3763 681 tan-

2078 700 2204 751 tum
2240 700 2307 750 ut
2344 700 2517 755 dotes
2547 703 2675 772 ejus
2698 721 3144 777 prosequamur,
3161 723 3459 765 summam
3485 715 3749 769 omnium

2077 785 2375 841 virtutum
2410 788 2495 844 sic
2526 790 2835 860 continuit,
2864 794 3083 849 formas
3108 798 3277 866 quasi
3316 804 3525 855 natura
3555 804 3759 858 nativa)

2081 875 2374 932 bonitatis
2409 878 2521 934 sibi
2552 879 2736 935 artins
2770 881 3042 938 insertas.

2152 963 2240 1019 lO.
2275 963 2482 1023 Sithiu
2530 973 2620 1024 est
2668 970 2921 1027 virorum
2974 972 3072 1028 Dei
3109 974 3464 1044 ccenobium,
3499 981 3558 1033 et
3598 977 3658 1034 in
3689 996 3756 1036 eo

2082 1053 2379 1111 memoria
2401 1056 2588 1113 multa
2610 1063 2971 1116 sanctorum.
2988 1060 3270 1119 Parochia
3286 1067 3377 1119 est
3392 1066 3760 1123 Tarvennen-

2082 1141 2166 1199 sis
2211 1144 2517 1218 episcopi;
2553 1146 2687 1202 licet
2746 1148 3190 1221 imperatorum,
3244 1167 3349 1208 seu
3408 1154 3756 1214 universalis

2083 1248 2266 1305 papae,
2305 1238 2368 1289 et
2399 1234 2587 1307 ipsius
2634 1238 2791 1293 sedis
2841 1239 3252 1312 episcoporum
3306 1241 3752 1302 immunitatum

2082 1320 2411 1395 privilegiis
2441 1323 2672 1396 polleat.
2696 1327 2755 1380 ld
2791 1330 2933 1382 tunc
2963 1328 3129 1402 Hugo
3160 1331 3419 1403 regebat,
3444 1331 3537 1387 cui
3562 1333 3751 1390 Ludo-

2081 1409 2248 1465 vicus
2298 1412 2496 1482 frater,
2534 1418 2701 1486 pater
2740 1414 2983 1471 Carolus
3032 1421 3177 1474 erat.
3209 1419 3362 1475 Sane
3416 1421 3748 1479 ccenobium

2083 1495 2231 1553 illud
2264 1498 2607 1572 bipertitum
2641 1507 2750 1559 est.
2785 1503 2933 1559 Nam
2955 1504 3234 1561 inferiora
3257 1509 3550 1577 monachi,
3575 1527 3749 1583 supe-

2082 1584 2239 1642 riora
2271 1588 2538 1645 canonici
2570 1591 2866 1660 obtinent;
2900 1597 2958 1648 et
2986 1593 3047 1649 hi
3068 1594 3508 1666 Andomari,illi
3528 1598 3748 1656 Bertini

285 1680 591 1738 voluntate
620 1676 879 1734 Domini.
911 1678 1139 1732 Auctus
1170 1693 1310 1750 ergo
1342 1678 1749 1735 benedictione
1794 1680 1971 1752 spiri-
2003 1712 2055 1779 B
2084 1677 2433 1779 patrociniis
2463 1682 2742 1753 gaudent.

288 1769 461 1839 tuali,
482 1767 644 1825 auxit
661 1783 843 1839 opera
863 1765 1101 1839 pietatis
1125 1769 1187 1822 et
1215 1766 1375 1834 ﬁdei,
1391 1769 1664 1840 praebens
1695 1786 1758 1825 se
1788 1768 1970 1826 talem

293 1861 352 1916 in
369 1857 839 1925 omnibus,sicut
853 1855 1097 1911 decebat
1119 1871 1355 1911 servum
1374 1856 1631 1914 Domini.
1647 1858 1818 1915 Enim
1835 1874 1972 1915 vero

293 1949 577 2021 quoniam
604 1950 1011 2020 pugnaturum
1035 1960 1097 1999 se
1114 1949 1320 2001 contra
1340 1946 1675 2018 spiritualia
1695 1948 1971 2020 nequitiae

294 2036 485 2105 scivit,
510 2039 664 2092 artes
703 2048 909 2090 secum
940 2031 1504 2108 exercitationesque
1533 2037 1845 2106 virtutum,
1879 2055 1972 2093 ar-

295 2141 395 2185 ma
424 2126 560 2182 ﬁdei
591 2142 710 2197 prae
741 2139 807 2180 se
838 2121 1335 2195 tulit,disciplinze
1363 2124 1628 2197 vigorem
1663 2127 1747 2183 ita
1779 2128 1974 2183 mode-

295 2221 464 2274 ratus
494 2219 606 2281 est,
629 2218 696 2268 ut
721 2227 863 2269 cum
896 2226 1146 2266 censura
1168 2211 1380 2283 jndicii
1412 2230 1585 2271 nemo
1636 2215 1738 2270 illo
1781 2216 1972 2287 magis

297 2303 604 2380 popularis
632 2305 819 2370 esset;
852 2315 1090 2356 rursum
1121 2299 1422 2372 popularis
1454 2320 1589 2359 cum
1622 2309 1801 2372 esset,
1836 2320 1971 2359 cen-

300 2412 450 2450 sura:
482 2392 757 2449 ordinem
809 2407 928 2445 non
980 2388 1295 2444 amitteret.
1330 2390 1424 2446 Sic
1466 2393 1650 2449 vitam
1684 2393 1969 2461 instituit,

298 2488 367 2541 ut
392 2482 456 2539 in
484 2483 767 2538 neutrum
797 2480 1013 2536 borum
1044 2479 1285 2550 pronior
1309 2480 1503 2537 fuerit.
1539 2482 1738 2539 Media
1782 2482 1973 2537 chari-

298 2576 420 2629 tate
450 2574 756 2628 constrata
776 2571 938 2635 sunt,
956 2583 1147 2639 neque
1177 2568 1388 2623 maluit
1417 2588 1553 2627 oves
1573 2572 1689 2628 sibi
1720 2570 1974 2627 creditas

300 2673 832 2735 perperam,quam
867 2659 1024 2712 recte
1056 2656 1280 2729 egisse:
1307 2659 1409 2714 sed
1445 2677 1551 2716 nec
1582 2660 1807 2735 ignovit
1848 2677 1972 2717 ma-

301 2748 396 2817 lis,
419 2752 487 2804 ut
516 2749 706 2804 bonas
738 2745 1038 2819 perditum
1070 2745 1196 2800 iret.
1235 2745 1454 2803 Revera
1486 2749 1658 2805 scivit
1689 2749 1775 2804 uti
1797 2750 1969 2805 ferro.

299 2838 393 2897 Sic
425 2835 648 2894 etenim
695 2834 929 2891 studuit
977 2837 1042 2888 ut
1087 2838 1302 2891 sanctas
1350 2838 1524 2893 matri
1569 2837 1841 2895 Ecclesia
1873 2843 1975 2895 aut

300 2926 678 2985 munimento
710 2928 892 2992 esset,
914 2926 1019 2979 aut
1049 2928 1394 2982 ornamento
1425 2928 1797 2984 munimento
1826 2932 1975 2984 exte-

299 3016 450 3083 rius,
471 3017 823 3071 ornamento
854 3011 1255 3069 interius.Sed
1281 3014 1415 3071 etin
1439 3016 1632 3073 verbis
1662 3017 1793 3087 ejus
1823 3019 1879 3072 et
1910 3017 1969 3072 in

300 3078 600 3163 locutione
628 3100 933 3159 communi
967 3117 1081 3156 non
1115 3105 1240 3157 erat
1278 3102 1512 3173 levitas;
1547 3078 1969 3161 confabulaba-
2000 3078 2047 3153 C

302 3199 402 3251 tur
456 3208 718 3264 namque
769 3189 1096 3246 utillimum
1147 3189 1366 3264 aliquid
1422 3210 1558 3250 cum
1608 3194 1838 3267 quovis,
1870 3200 1975 3252 aut

300 3276 708 3340 meditabatur
735 3280 795 3335 id
828 3280 1027 3352 ipsum
1050 3280 1109 3334 in
1133 3282 1357 3351 quovis.
1379 3283 1445 3338 ln
1468 3284 1596 3357 ipso
1621 3283 1973 3357 praesulatus

300 3371 392 3430 sui
421 3369 593 3427 initio
623 3369 710 3425 sic
743 3367 1018 3441 apparuit
1067 3372 1349 3440 aptus,ac
1381 3372 1430 3429 si
1482 3373 1813 3445 praefuisset
1841 3373 1971 3430 diu-

305 3462 446 3527 tius,
482 3459 559 3515 ad
590 3458 751 3531 quod
782 3457 1010 3513 noviter
1038 3457 1709 3529 fueratinthronizatus;
1744 3460 1814 3516 de
1846 3462 1974 3518 reli-

305 3549 478 3623 gione
508 3547 771 3619 primum
805 3550 865 3601 et
894 3544 1056 3601 cultu
1079 3546 1373 3619 Dei,quod
1395 3549 1575 3605 Graeci
1608 3550 1971 3608 theosebiam

307 3639 532 3703 dicunt,
548 3635 893 3693 canonicam
916 3638 974 3691 et
1004 3635 1383 3706 apostolicam
1407 3642 1645 3693 secutus
1665 3643 1756 3694 est
1779 3645 1972 3696 aucto-

308 3725 565 3791 ritatem,
581 3723 858 3780 videlicet
877 3727 944 3777 ut
969 3720 1245 3778 omnibus
1268 3723 1485 3795 quibus
1505 3741 1646 3780 cura
1670 3741 1779 3780 sua
1799 3725 1972 3781 inter-
2006 3730 2011 3734 ’

309 3819 450 3885 erat,
465 3831 570 3871 cor
596 3829 783 3869 unum
813 3816 871 3868 et
892 3811 1090 3867 anima
1105 3817 1288 3879 esset;
1312 3817 1368 3868 et
1384 3813 1669 3886 quidquid
1692 3814 1969 3871 indecens

309 3902 365 3958 ia
416 3901 668 3959 ecclesia
716 3916 825 3956 sua
870 3898 959 3955 vel
1008 3898 1408 3955 effeminatum
1455 3899 1708 3968 videbat,
1739 3917 1875 3957 vera
1913 3906 1972 3958 et

310 3988 604 4064 spirituali
652 3988 1101 4046 circumcisione
1154 3987 1608 4062 diligentissime
1660 3995 1966 4061 resecaret,

314 4092 487 4137 suum
520 4077 820 4134 aestimans
852 4075 1599 4151 detrimentum,quidquid
1634 4078 1691 4134 in
1715 4079 1971 4137 subditis

312 4167 915 4243 appareretineptum;
931 4183 1107 4222 suum
1120 4168 1408 4240 deputans
1420 4164 1967 4240 lucrum,quidquid

314 4257 545 4314 cultura
590 4253 807 4311 Christi
866 4259 1190 4327 reportaret
1235 4256 1633 4323 fructiferum;
1664 4273 1842 4328 quam
1886 4256 1969 4313 sic

314 4346 547 4403 studuit
566 4343 927 4412 excolere,ut
957 4360 1072 4400 non
1113 4343 1308 4417 aliquo
1329 4345 1615 4417 indigeret
1645 4347 1965 4417 putamine,

313 4446 450 4492 cum
473 4432 706 4507 nullum
725 4432 846 4488 vitii
870 4449 1058 4506 genus
1080 4432 1289 4488 saltem
1313 4449 1381 4489 ex
1403 4433 1593 4489 radice
1616 4435 1832 4490 sineret
1846 4451 1971 4491 coa—
1999 4452 2049 4520 Β

315 4521 765 4579 lescere.Semet
793 4522 920 4579 suis
949 4522 1022 4577 ad
1045 4520 1399 4577 imitandum
1434 4523 1727 4595 specimen
1758 4524 1972 4595 prebe-

315 4615 416 4669 bat
444 4616 506 4668 et
532 4611 859 4683 speculum.
890 4612 1017 4667 Non
1049 4610 1205 4666 enim
1237 4610 1349 4667 sibi
1380 4611 1488 4667 soli
1539 4612 1966 4685 negotiabatur,

314 4702 416 4758 sed
448 4699 717 4757 omnium
738 4700 990 4757 salutem
1021 4699 1240 4755 laboris
1269 4701 1361 4756 sui
1383 4702 1733 4757 commercio
1756 4716 1971 4774 quaere-

314 4791 434 4847 bat.
453 4790 513 4846 Si
547 4790 842 4862 quispiam
874 4800 1156 4862 magnum
1189 4790 1328 4862 quid
1359 4789 1420 4845 in
1452 4790 1733 4863 religione
1763 4790 1967 4846 molie-

314 4880 511 4947 batur,
536 4878 694 4934 hunc
723 4878 890 4952 quasi
920 4878 1423 4934 succenturietum
1453 4879 1513 4934 in
1535 4880 1658 4935 acie
1678 4879 1876 4937 divina
1905 4895 1968 4938 se

316 4971 747 5025 sustentantem
774 4968 1029 5041 agnovit.
1062 4966 1141 5023 De
1172 4968 1528 5040 pauperibus
1566 4986 1700 5025 vero
1749 4970 1967 5025 Cfiristi

316 5055 587 5114 nonnihil
623 5054 907 5113 sollicitus
932 5058 1073 5125 erat,
1092 5072 1224 5112 nam
1247 5057 1403 5130 quod
1436 5059 1507 5113 de
1531 5076 1735 5114 mensa
1751 5077 1858 5115 sua
1877 5061 1972 5116 dc-

389 5178 471 5241 (2)
496 5173 714 5245 Nempe
741 5171 1333 5244 Erkembaldo,cujus
1358 5171 1600 5245 proinde
1620 5174 1815 5229 obitus
1838 5191 1972 5230 con-

316 5245 453 5318 tigit
483 5243 789 5318 anno—817,
822 5262 890 5298 ex
920 5245 1130 5316 praevia
1161 5243 1673 5318 gbsel'vatione,‘n,
1710 5247 1761 5300 4.

388 5314 470 5385 (3)
497 5316 724 5388 Scripta
754 5316 873 5371 hanc
906 5314 1043 5388 sunt
1088 5333 1121 5388 ιι
1158 5314 1445 5388 Folcardo
1491 5316 1552 5388 in
1601 5315 1749 5388 libro
1782 5317 1969 5388 primo

317 5388 401 5443 De
430 5386 730 5459 miracl’itis
748 5387 930 5442 sancti
951 5386 1497 5459 Bertinieap.8,qui
1536 5387 1683 5443 liber
1722 5386 1971 5459 habetur

316 5460 378 5514 in
411 5457 605 5530 saeculi
639 5459 688 5513 ll
730 5464 891 5530 parte
923 5457 1443 5529 prima,ubi'plura
1477 5459 1546 5514 de
1581 5460 1638 5513 S.
1669 5458 1966 5514 Fnleuino.

317 5530 384 5588 In
418 5528 511 5587 his
539 5545 664 5603 cap.
688 5528 1004 5587 Trefertur
1024 5529 1149 5605 ejus
1183 5528 1549 5603 privilegium
1576 5530 1969 5588 Sithiensibus

2155 1765 2243 1822 11.
2278 1766 2359 1822 De
2390 1769 2773 1827 translatione
2805 1772 2959 1827 beati
3007 1773 3347 1841 Audomari,
3380 1775 3631 1848 qualiter
3672 1777 3746 1833 ab

2081 1853 2193 1909 hoc
2216 1855 2385 1913 beato
2412 1859 2687 1930 pontifice
2718 1863 2849 1915 acta
2880 1859 2974 1928 sit,
2998 1866 3055 1916 et
3084 1879 3211 1934 quze
3252 1879 3391 1937 erga
3436 1863 3743 1937 Hugonem

2082 1944 2491 2015 supradictum
2523 1949 2797 2004 abbatem
2831 1949 3068 2018 fuerint,
3103 1950 3262 2024 vulgi
3308 1968 3545 2009 rumore
3593 1953 3742 2011 cele-

2080 2031 2331 2089 brantur
2351 2034 2459 2105 (3);
2493 2036 2551 2092 in
2583 2037 2802 2109 quibus
2831 2038 2978 2094 satis
3006 2039 3281 2097 miranda
3309 2046 3401 2098 est
3429 2042 3618 2100 sancti
3635 2042 3743 2099 viri
3780 2028 3781 2033 “

2081 2125 2434 2180 constantia.
2466 2126 2679 2182 Abbati
2714 2125 2984 2183 resistere
3013 2128 3180 2185 facile
3211 2147 3328 2187 non
3359 2137 3501 2200 erat,
3527 2132 3746 2205 quippe

2082 2211 2175 2266 cui
2207 2212 2494 2269 natalium
2527 2214 2788 2288 dignitas
2811 2219 2974 2271 tanta
2994 2223 3139 2287 erat,
3157 2219 3431 2277 militaris
3452 2221 3631 2279 etiam
3655 2239 3746 2277 co-

2081 2299 2181 2371 pia
2208 2317 2325 2356 non
2358 2303 2586 2371 deerat;
2621 2305 2722 2360 sed
2752 2304 2842 2359 vir
2870 2304 2969 2361 Dei
3013 2306 3135 2363 haec
3180 2309 3382 2365 omnia
3410 2309 3746 2383 postposuit

2082 2387 2276 2443 timori
2298 2390 2531 2446 Domini
2559 2409 2571 2447 :
2598 2392 2849 2466 denique
2868 2411 2980 2449 non
3004 2396 3309 2468 requievit,
3326 2398 3510 2454 donec
3526 2415 3742 2472 corpus

2082 2482 2354 2534 sanctum
2388 2481 2791 2537 fraudulenter
2819 2483 3119 2539 sublatum
3152 2488 3386 2559 proprio
3409 2488 3745 2544 restitueret

2082 2564 2228 2634 loco,
2261 2566 2392 2622 vita:
2451 2587 2571 2625 suae
2623 2568 2760 2625 licet
2818 2587 3032 2644 magno
3081 2573 3230 2629 satis
3272 2591 3408 2630 cum
3460 2575 3740 2648 periculo,

2082 2653 2357 2727 diemque
2402 2658 2723 2714 solemnem
2765 2659 2980 2715 faceret
3033 2661 3093 2715 in
3141 2677 3345 2718 mense
3394 2665 3591 2732 Junio,
3625 2679 3743 2735 quo

2082 2742 2407 2801 aristantur
2436 2751 2661 2819 segetes
2692 2752 2986 2804 crescente
3007 2749 3222 2805 culmo.
3240 2752 3311 2806 Et
3327 2768 3659 2823 praecavens
3681 2751 3742 2807 in

2081 2833 2347 2889 futurum
2384 2852 2455 2891 ne
2487 2835 2653 2909 parili
2680 2838 2850 2892 modo
2880 2841 2983 2893 aut
3007 2838 3120 2894 alio
3142 2838 3349 2911 quovis
3366 2840 3600 2913 ingenio
3620 2856 3740 2895 cor-

2080 2939 2192 2995 pus
2222 2924 2552 2981 auferretur
2580 2929 2871 2994 sanctum,
2897 2931 3054 2983 terra
3099 2927 3245 2983 illud
3287 2928 3614 2995 abscondit,
3639 2930 3741 2986 ubi

2081 3028 2185 3084 per
2231 3011 2522 3084 plurimos
2578 3031 2763 3070 annos
2813 3015 3081 3072 homines
3139 3017 3379 3088 quidem
3439 3017 3639 3086 latuit;
3682 3022 3751 3075 at

2082 3099 2404 3158 revelatum
2430 3107 2523 3159 est
2554 3104 2651 3159 ubi
2685 3104 2972 3161 Dominus
2998 3105 3205 3161 voluit.
3246 3106 3435 3162 Simili
3468 3108 3642 3163 modo
3684 3112 3747 3164 et

2084 3188 2273 3263 sancti
2323 3191 2540 3248 Bertini
2591 3209 2804 3265 corpus
2851 3194 3157 3251 transtulit
3197 3193 3272 3266 (4)
3304 3198 3361 3251 et
3389 3194 3739 3264 recondidit,

2084 3278 2527 3353 solemnemque
2559 3281 2715 3337 hunc
2742 3282 2898 3337 diem
2930 3282 3102 3339 nobis
3131 3299 3261 3339 esse
3291 3282 3559 3351 sancivit,
3580 3285 3738 3357 quod

2082 3372 2172 3424 est
2199 3368 2452 3440 septimo
2482 3370 2708 3427 decimo
2743 3369 3032 3427 Kalendas
3061 3373 3332 3445 Augusti.

2155 3458 2241 3511 12.
2275 3457 2415 3514 Post
2445 3460 2568 3515 haec
2597 3464 2793 3515 autem
2816 3460 2905 3514 vir
2933 3460 3034 3516 Dei
3061 3459 3383 3532 Folquinus
3402 3465 3623 3533 quanto
3645 3478 3736 3519 se-

2080 3549 2315 3601 nectute
2347 3548 2608 3619 corporis
2640 3549 3131 3620 appropinquavit
3151 3548 3309 3604 novit
3329 3549 3482 3605 diem
3506 3567 3626 3605 sure
3643 3567 3740 3606 rev

2080 3632 2410 3701 solutionis,
2437 3640 2597 3690 tanto
2631 3652 2693 3691 se
2721 3635 3026 3691 assiduum
3062 3637 3317 3692 reddidit
3346 3638 3418 3693 ad
3469 3639 3734 3693 studium

2079 3724 2247 3776 recte
2279 3720 2862 3794 operationis,sciens
2894 3722 3179 3795 scriptum
3208 3740 3223 3779 :
3258 3726 3413 3781 Beati
3437 3727 3583 3780 servi
3624 3725 3735 3794 iiii,

2080 3826 2209 3881 quos
2238 3826 2363 3866 cum
2392 3812 2601 3867 venerit
2643 3812 2926 3879 Dominus,
2959 3814 3231 3868 invenerit
3264 3814 3553 3884 vigilantes
3582 3814 3734 3883 (Luc.

2077 3915 2177 3966 xn,
2210 3900 2325 3968 37).
2350 3900 2536 3971 Atque
2568 3900 2712 3956 adeo
2741 3899 3005 3971 quotidie
3037 3900 3108 3956 de
3137 3901 3350 3957 virtute
3372 3900 3434 3957 in
3455 3902 3735 3958 virtutem

2078 4003 2367 4055 crescens,
2402 3987 2644 4043 ardebat
2689 3987 2886 4044 videre
2934 3988 3120 4044 Deum
3170 3988 3415 4047 deorum
3459 3990 3519 4046 in
3570 3991 3728 4051 Sion.

2078 4077 2249 4133 Teste
2279 4093 2535 4149 namque
2567 4077 2780 4133 interni
2813 4076 2973 4134 illius
3005 4079 3224 4135 amoris
3247 4083 3416 4135 erant
3440 4079 3731 4154 lacrymaa,

2079 4166 2296 4238 quibus
2308 4165 2951 4239 prodebaturintimum
2966 4168 3501 4235 conscientiamcum
3517 4167 3737 4241 quibus

2078 4253 2481 4327 psalmodians
2501 4255 2733 4311 dicebat
2763 4255 3081 4328 saepisiime
3114 4273 3127 4312 :
3161 4257 3350 4314 Sitivit
3376 4260 3568 4317 anima
3611 4274 3737 4316 mea

2077 4343 2148 4398 ad
2178 4350 2243 4412 te,
2278 4345 2418 4399 Deus
2451 4361 2469 4397 :
2496 4344 2711 4415 quando
2758 4347 2975 4400 veniam
3024 4354 3076 4402 et
3117 4346 3319 4418 parebo
3364 4354 3490 4402 ante
3533 4358 3736 4420 meum

2079 4434 2177 4488 Dei
2204 4434 2313 4488 mei
2342 4432 2508 4504 (Ρδαι.
2544 4449 2655 4496 xu,
2688 4434 2766 4503 5).
2798 4430 2985 4507 Atque
3018 4434 3215 4490 minus
3246 4433 3481 4491 oculum
3514 4436 3730 4493 mentis

2079 4521 2151 4577 ad
2182 4537 2249 4577 ea
2279 4522 2564 4577 reducens
2586 4536 2714 4593 quae
2732 4522 2861 4592 jam
2884 4522 3113 4580 Christo
3135 4524 3380 4595 juvante
3410 4530 3731 4597 peregerat,

2078 4610 2405 4667 secundum
2429 4610 2728 4683 apostolici
2753 4611 2975 4667 dictum
2998 4630 3012 4679 ;
3036 4628 3164 4684 quaa
3186 4616 3327 4667 sunt
3341 4617 3495 4669 retro
3512 4613 3731 4671 oblitus

2077 4700 2150 4756 ad
2181 4716 2248 4755 ea
2278 4715 2405 4771 quae
2436 4702 2569 4755 ante
2587 4703 2746 4768 sunt,
2763 4700 3082 4756 extendens
3112 4717 3196 4769 se,
3215 4701 3404 4776 magis
3424 4702 3732 4776 magisque

2068 4788 2298 4863 jejunio
2328 4791 2387 4844 et
2415 4786 2625 4863 vigilia;
2656 4804 2892 4861 operam
2924 4789 3182 4858 dans,ad
3214 4807 3282 4847 ea
3311 4809 3438 4865 qua;
3472 4797 3613 4848 sunt
3643 4792 3731 4849 al-

2076 4880 2242 4944 tiors,
2275 4875 2504 4933 studuit
2549 4882 2805 4933 mentem
2847 4876 3077 4934 acutius
3130 4879 3471 4937 defricatam
3522 4879 3727 4954 ignire,

2076 4965 2520 5041 praeiuctisque
2537 4964 2759 5021 lumbis
2782 4982 2914 5021 cum
2938 4968 3227 5024 bonorum
3255 4986 3495 5042 operum
3513 4968 3733 5043 lampa-

2081 5056 2254 5111 dibus
2296 5052 2558 5108 acccnsis
2604 5058 2779 5127 atque
2829 5053 2952 5109 oleo
3003 5055 3239 5129 repletis
3286 5056 3733 5130 przestolabatur

2079 5168 2382 5226 monachis
2415 5172 2645 5241 petente
2678 5170 2917 5241 Hugone
2944 5170 3167 5226 Abbate
3211 5189 3553 5229 concessum
3585 5190 3731 5231 anno

2078 5241 2557 5365 839,dpntrsulatus
2594 5243 2696 5309 :22;
2747 5258 2873 5312 quae
2932 5241 3152 5313 epocha
3202 5245 3521 5316 praemissis
3580 5251 3732 5301 recte

2079 5331 2194 5365 una
2242 5328 2304 5365 Γῖι
2335 5351 2349 5364 .

2079 5331 2407 5453 ῳιᾶῗῗιέξςο
2430 5383 2558 5457 jam
2588 5383 2725 5441 dicti
2763 5382 2895 5440 libri
2937 5388 3114 5463 caput
3146 5404 3366 5447 nonum
3398 5392 3456 5444 et
3492 5387 3730 5444 undeci.

2081 5472 2266 5519 ιιιιιιιι.
