4060 6170
361 249 480 317 539

1423 245 1788 313 FOLCUINI
1831 244 2167 309 ABBATIS
2209 243 2696 312 LAUBIENSIS.

3649 245 3774 312 540

357 382 984 458 Dominisuianuptiis
1004 400 1503 459 regressum,cum
1522 401 1636 456 quo
1659 385 2006 454 regnaturus
2033 379 2086 448 Α
2119 381 2235 437 fere
2267 398 2370 454 per
2399 381 2512 438 duo
2552 381 2736 438 millia
2763 381 2845 439 ita
2883 381 3228 456 congelavit,
3259 387 3326 440 ut
3355 398 3526 440 mane
3555 399 3772 458 corpus

361 477 610 532 intraret
641 476 698 531 in
731 479 956 530 (eterna:
986 473 1281 530 felicitatis
1303 473 1584 545 gaudium
1617 489 1962 527 mansurum
1991 490 2004 538 ;

359 567 670 640 gregisque
700 565 810 620 sibi
835 563 1132 619 commissi
1167 581 1367 618 curam
1401 579 1608 635 gerens
1629 561 1714 616 eis
1735 559 1893 616 verbi
1913 562 2010 616 tri-

360 656 542 712 ticum
575 653 954 709 ﬁdelissimus
985 653 1354 725 dispensator
1381 655 1502 707 toto
1533 651 1744 706 adnisu
1785 650 2006 706 submi-

361 745 670 810 nistrabat,
703 742 989 798 hortando
1019 758 1139 810 eos,
1175 741 1356 796 donec
1385 744 1474 796 est
1515 739 1688 796 hodie
1727 741 2005 807 converti,

361 852 432 890 ne
461 835 808 908 improvisos
839 831 1109 904 coepisset
1141 829 1263 887 dies
1295 830 1505 885 ultima
1533 830 1803 901 reperire.

430 925 516 979 13.
554 925 751 997 Longa
797 939 932 994 ergo
993 925 1289 976 senectute
1346 921 1556 987 fessus,
1591 924 1655 974 ut
1709 923 1848 992 puta
1907 919 2008 992 qui

358 1012 876 1086 quadragesimum
899 1012 955 1066 in
969 1009 1305 1082 episcopatu
1323 1010 1438 1065 fere
1455 1013 2006 1082 peregeratannum,

359 1120 494 1158 cum
509 1103 634 1173 jam
664 1119 776 1156 non
801 1104 998 1172 posset
1019 1099 1252 1172 publice
1281 1097 1596 1154 missarum
1621 1099 1694 1170 (5)
1727 1097 2010 1154 solemnia

359 1191 670 1258 celebrare,
687 1190 918 1262 cognito
948 1189 1058 1244 hoc
1098 1187 1330 1244 rex.illo
1367 1189 1558 1244 adhuc
1596 1187 2010 1260 vivente,quod

359 1284 563 1336 contra
591 1295 843 1334 canones
875 1282 1016 1347 erat,
1035 1295 1436 1333 successorem
1454 1278 1502 1332 ei
1523 1279 1862 1350 episcopum
1885 1277 2011 1332 des-

359 1367 592 1436 tinavit;
626 1369 778 1440 quod
803 1367 1048 1423 audiens
1079 1371 1320 1422 sanctus
1350 1365 1560 1437 praesul
1584 1369 1769 1422 semet
1786 1365 2008 1438 episco-

358 1457 473 1532 pali
507 1474 667 1514 more
698 1456 1042 1528 praeparavit
1085 1456 1158 1510 ad
1207 1455 1658 1510 celebrationem
1703 1455 1918 1522 missae,
1954 1460 2011 1510 et

359 1563 530 1604 omne
561 1545 954 1601 ministerium
998 1543 1438 1616 supplantatore
1469 1548 1699 1599 astante
1749 1543 2010 1616 implevit

357 1633 788 1690 strenuissime.
807 1633 878 1687 At
903 1632 1003 1688 ubi
1025 1636 1262 1687 ventum
1295 1637 1384 1688 est
1412 1633 1484 1688 ad
1517 1633 1794 1700 dandam,
1811 1636 1876 1687 ut
1895 1631 2011 1704 cpi-

359 1723 551 1796 scopis
581 1739 710 1778 mos
740 1727 850 1788 est,
864 1721 1348 1789 benedictionem,
1371 1739 1535 1778 verso
1565 1721 1766 1778 ordine
1805 1725 2006 1794 protu-
2037 1754 2086 1820 B

355 1812 424 1868 lit
481 1811 966 1868 maledictionem.
1021 1812 1094 1866 At
1149 1809 1235 1864 illi
1295 1811 1504 1882 trepidi
1562 1828 1698 1866 cum
1749 1809 2006 1866 ascensis

357 1901 526 1973 cquis
550 1902 626 1970 (6(
656 1901 729 1955 ad
759 1900 997 1972 propria
1025 1904 1305 1972 cuperent
1335 1899 1570 1967 reverti;
1606 1899 1666 1954 in
1701 1899 1895 1954 media
1915 1899 2009 1954 via

359 1989 766 2062 supplantator
795 1987 1049 2060 episcopi
1071 1989 1144 2042 de
1178 2005 1326 2060 equo
1357 1988 1560 2059 lapsus
1589 1987 1764 2044 relisa
1791 1987 2008 2044 cervice

359 2078 630 2151 spiritum
659 2075 876 2133 efﬂavit
893 2076 1045 2144 vitm,
1079 2077 1534 2148 omnesque,qui
1559 2094 1691 2132 cum
1727 2076 1825 2132 illo
1847 2093 2010 2133 vene-

359 2171 510 2235 rant,
542 2166 697 2222 infra
727 2182 950 2221 annum
978 2165 1156 2222 variis
1181 2165 1448 2221 cladibus
1477 2165 1836 2238 expirarunt.

431 2257 518 2311 14.
553 2255 738 2328 Igitur
786 2253 1130 2310 adveniente
1175 2254 1495 2310 vocationis
1554 2272 1672 2311 sua:
1723 2259 2007 2327 tempore,

361 2345 628 2418 quamvis
675 2343 933 2416 longaevo
981 2346 1320 2415 gravaretur
1367 2343 1550 2410 senio,
1585 2343 1862 2416 episcopii
1914 2344 2004 2399 sui

360 2433 668 2508 parochias
699 2431 942 2488 circuire
971 2431 1244 2500 decrevit,
1259 2432 1371 2488 sibi
1403 2432 1622 2505 pariter
1651 2437 1710 2487 et
1756 2432 2008 2488 subditis

361 2521 674 2578 salubriter
701 2525 965 2593 oportere
1004 2519 1216 2590 sciens,
1238 2525 1302 2576 ut
1329 2520 1596 2576 Ecclesia:
1631 2519 1798 2590 filios,
1819 2521 1868 2578 si
1901 2521 2005 2577 all-

359 2611 492 2669 cubi
527 2629 562 2667 a
581 2610 788 2667 matris
808 2609 1030 2683 gremio
1051 2613 1345 2665 errassent
1363 2609 1666 2679 deviando,
1683 2611 2006 2666 secundum

359 2717 650 2757 canonum
684 2703 908 2755 statuta
935 2700 1220 2755 ﬂectendo
1251 2699 1323 2754 ad
1358 2699 1626 2755 eamdem
1680 2701 2002 2768 reduceret,

358 2789 873 2864 praedicationibus
901 2788 1280 2844 exhortando.
1305 2787 1431 2844 Tali
1463 2792 1660 2844 autem
1691 2789 1886 2844 studio
1919 2793 2004 2844 ta-

357 2879 516 2952 lique
545 2877 850 2936 devotione
897 2878 967 2933 ad
1017 2877 1324 2934 ecclesiam
1373 2876 1432 2932 in
1487 2877 1802 2949 Mempiseo
1833 2877 2004 2934 sitam

357 2967 690 3025 Hicclesbeke
719 2967 796 3039 (7)
816 2971 1239 3038 nuncupatam,
1257 2965 1353 3038 pia
1374 2966 1621 3021 accessit
1643 2966 2001 3022 curiositate.

359 3057 508 3114 Inibi
540 3060 736 3112 autem
766 3071 883 3110 non
905 3053 1158 3108 multum
1180 3069 1570 3120 commorans,
1591 3071 1725 3109 cum
1750 3055 1878 3125 jam
1909 3071 2003 3110 co-

359 3143 571 3218 gitaret
631 3141 859 3208 reverti,
901 3141 1075 3213 coepit
1141 3141 1301 3214 gravi
1358 3142 1702 3214 azgritudine
1751 3121 2001 3216 fatigari.
2033 3121 2077 3189 (ἶ

360 3233 525 3290 Tunc
546 3229 875 3287 convocatis
895 3229 1222 3301 discipulis,
1237 3247 1336 3285 eos
1353 3230 1737 3302 omnipotenti
1761 3229 2006 3288 Domino

361 3321 802 3388 commendans,
838 3319 978 3374 recti
1009 3319 1238 3375 itineris
1267 3319 1562 3375 tramitem
1612 3337 1727 3376 non
1758 3318 2006 3376 derelin-

361 3427 536 3484 quere
552 3407 889 3465 diutissima
904 3407 1300 3464 admonitione
1315 3407 1626 3479 persuasit;
1642 3409 1713 3464 ad
1732 3408 2007 3465 ultimum

360 3497 764 3555 benedictione
821 3497 1196 3564 conﬁrmans,
1239 3496 1494 3552 reddidit
1551 3497 1812 3570 gaudens
1866 3497 2008 3554 ccelo

361 3586 619 3643 animam
635 3588 714 3654 (8)
732 3588 1066 3641 sanctorum
1085 3584 1333 3640 coetibus
1345 3601 1448 3640 con
1457 3585 1816 3641 sociandam.
1832 3587 2011 3642 Tran-

361 3676 460 3732 siit
488 3679 684 3732 autem
717 3691 870 3752 anno
899 3673 1320 3730 incarnationis
1346 3673 1659 3730 Dominicae
1709 3675 2010 3748 octingen-

357 3765 567 3822 tesimo
581 3763 1070 3837 quinquagesimo
1083 3763 1309 3834 quinto,
1326 3763 1643 3820 indictione
1661 3763 1852 3828 tertia,
1866 3764 2010 3822 feria

357 3853 608 3928 septima
623 3856 1082 3924 vesperascente;
1108 3851 1208 3922 qui
1231 3855 1354 3907 erat
1385 3869 1576 3907 annus
1597 3851 1833 3924 gloriosi
1854 3853 2008 3924 regis

355 3943 543 4001 Caroli
567 3941 670 3996 filii
695 3940 968 3996 Ludovici
1000 3939 1242 4012 quintus
1264 3940 1615 4009 decimus,et
1633 3941 2007 4013 episcopatus

357 4033 546 4106 ipsius
581 4030 733 4086 beati
775 4029 1044 4102 przesulis
1075 4029 1824 4102 quadragesimus,deeimo
1855 4047 2006 4086 nono

357 4119 650 4177 Kalendas
682 4117 1308 4190 Januarii.Rogavcrat
1345 4122 1541 4174 autem
1571 4118 1763 4174 adhuc
1784 4118 2004 4188 vivens,

358 4211 426 4264 ut
451 4205 792 4278 ubicunque
822 4205 1012 4261 exitus
1033 4207 1159 4276 ejus
1190 4207 1500 4276 accideret,
1521 4224 1732 4279 corpus
1752 4207 1912 4264 illius
1932 4208 2006 4264 ad

357 4296 544 4354 Sithiu
571 4295 996 4352 monasterium
1028 4294 1089 4350 in
1121 4295 1363 4350 basilica
1412 4296 1602 4351 sancti
1651 4295 1868 4354 Bertini
1913 4301 2005 4352 tu-

358 4385 706 4442 mulandum
737 4383 1080 4440 deferretur.

2118 474 2387 527 sanctum
2421 471 2818 528 deferentibus
2850 472 3260 529 firmissimum
3292 490 3446 546 aqua
3495 490 3772 546 gressum

2119 579 2221 634 per
2249 561 2495 633 glaciem
2529 561 2810 634 praeberet
2851 562 3150 618 euntibus.
3185 563 3536 634 Deportatus
3575 568 3777 622 autem

2118 655 2388 724 receptus
2418 654 2508 707 est
2539 651 2674 706 cum
2705 651 2887 707 cereis
2935 655 2992 708 et
3039 651 3516 708 thimiamateriis
3563 654 3638 709 ab
3677 653 3780 710 illo

2121 741 2543 796 monachorum
2594 740 3062 796 reverentissimo
3111 740 3600 814 sanctissimeque
3636 760 3779 800 con-

2117 834 2314 899 ventu,
2332 831 2562 886 obviam
2587 831 2770 886 sacris
2793 831 3139 904 procedente
3174 831 3466 904 exsequiis
3495 849 3630 887 cum
3663 831 3778 888 im-

2121 919 2352 976 modica
2375 919 2753 975 multitudine
2775 919 2992 992 plebis;
3017 919 3234 992 quibus
3255 919 3448 976 officia
3463 937 3597 976 cum
3611 923 3776 978 omni

2120 1009 2513 1076 honestate,ut
2530 1025 2622 1064 res
2644 1007 2906 1064 funebris
2927 1007 3203 1080 postulat,
3219 1009 3776 1068 consummantibus

2120 1097 2386 1154 induitur
2414 1099 2500 1153 uti
2539 1097 2722 1154 sacris
2764 1097 3048 1152 altaribus
3079 1102 3282 1153 astans
3311 1102 3435 1154 erat
3460 1097 3696 1167 solitus,
3719 1103 3778 1155 et

2119 1187 2177 1242 in
2209 1188 2413 1242 eodem
2451 1186 2575 1241 loco
2605 1203 2720 1258 quo
2771 1187 2895 1258 ipse
2938 1185 3212 1259 elegerat,
3244 1186 3544 1242 inducitur
3573 1191 3778 1244 tumu-

2116 1276 2350 1332 landus.
2386 1275 2665 1348 Sepultus
2695 1279 2786 1330 est
2812 1279 3011 1331 autem
3042 1275 3115 1331 ad
3145 1275 3302 1331 latus
3332 1275 3522 1331 sancti
3553 1277 3777 1333 Bertini

2120 1366 2388 1421 dextrum
2419 1382 2533 1420 non
2566 1364 2692 1420 sine
2723 1363 2974 1420 astantis
2996 1363 3196 1436 populi
3227 1363 3484 1420 maximo
3514 1364 3703 1422 luctu.

2191 1457 2277 1510 16.
2313 1456 2516 1511 Fertur
2545 1471 2778 1527 quoque
2808 1471 2842 1509 a
2875 1454 3230 1521 senioribus,
3262 1455 3540 1510 eumdem
3581 1455 3778 1513 virum

2119 1544 2218 1600 Dei
2252 1561 2471 1616 equum
2504 1544 2817 1616 quemdam
2850 1543 3132 1599 habuisse
3152 1543 3314 1598 mirae
3337 1544 3618 1600 scientiae.
3638 1545 3776 1602 Pro-

2118 1635 2338 1689 fecturo
2369 1650 2623 1706 namque
2650 1633 2974 1688 secundum
2998 1633 3154 1705 quod
3189 1633 3510 1690 necessitas
3537 1639 3778 1707 expete-

2119 1723 2240 1793 bat,
2253 1723 2502 1794 genibus
2527 1721 2689 1778 ﬂexis
2711 1725 2912 1778 sancto
2943 1721 3106 1778 oneri
3125 1725 3332 1794 sponte
3363 1724 3528 1796 terga
3556 1723 3774 1780 subde-

2117 1811 2236 1867 bat.
2271 1812 2436 1868 Hunc
2467 1815 2663 1866 autem
2697 1814 2868 1866 tanta:
2912 1809 3170 1866 scientiae
3215 1827 3434 1882 equum
3466 1811 3773 1870 Fratribus

2117 1900 2681 1970 dandum,feretrum
2701 1901 3058 1972 prmeuntem
3077 1898 3274 1954 ferunt
3301 1897 3648 1972 laerymasse
3660 1899 3763 1972 (9),

2117 2005 2350 2044 omnem
2411 1987 2709 2044 hominem
2767 1988 2914 2042 ferre
2965 1986 3245 2060 deinceps
3303 2005 3618 2059 recusasse,
3654 2005 3765 2046 nec

2117 2093 2358 2148 passum
2389 2093 2516 2134 csse
2539 2081 2672 2150 post
2692 2077 2957 2132 membra
2975 2076 3122 2132 tanti
3165 2077 3416 2148 potificis
3457 2071 3776 2150 voluptati-

2117 2169 2229 2223 bus
2259 2165 2548 2221 deservire
2569 2165 2821 2236 alicujus
2852 2163 3133 2230 hominis,
3149 2164 3250 2236 qui
3284 2180 3400 2220 non
3431 2162 3606 2238 longo
3639 2170 3776 2237 post

2116 2258 2376 2327 tempore
2435 2256 2725 2320 mortuus,
2757 2269 2892 2308 cum
2951 2251 3199 2308 canibus
3245 2253 3414 2307 cibus
3462 2254 3776 2325 appositus

2117 2347 2289 2410 esset,
2309 2360 2343 2398 a
2359 2341 2520 2397 nullo
2542 2358 2745 2398 eorum
2768 2346 2859 2398 est
2889 2357 3090 2398 morsu
3127 2343 3430 2398 attractus.
3445 2341 3573 2398 Non
3613 2343 3775 2400 enim

2118 2432 2314 2488 decuit
2341 2432 2470 2504 ejus
2503 2432 2749 2487 cadaver
2778 2431 3108 2503 expositum
3129 2446 3302 2486 canes
3332 2447 3654 2504 cervosque
3685 2450 3775 2490 ωε

2117 2521 2364 2576 ﬁciendo
2394 2519 2995 2592 farcire,meatusque
3043 2519 3278 2576 illorum
3327 2519 3588 2577 faucium
3633 2539 3778 2594 pra).

2117 2609 2310 2677 terire,
2327 2626 2508 2681 supra
2527 2624 2703 2680 quem
2725 2608 3000 2680 frequens
3009 2607 3239 2691 phristi
3273 2609 3459 2666 oratio
3491 2610 3773 2667 mitteba-

2116 2703 2214 2754 tur
2243 2699 2313 2754 ab
2353 2695 2663 2752 insidentis
2694 2697 2934 2752 cordiali
2973 2697 3302 2768 devotione;
3336 2697 3424 2754 fas
3454 2697 3612 2754 enim
3653 2717 3771 2756 non

2115 2791 2205 2844 est
2231 2787 2464 2844 credere
2493 2790 2765 2841 sanctum
2798 2785 3013 2842 fabulis
3043 2785 3396 2842 delectatum
3427 2803 3578 2844 esse.
3602 2789 3768 2855 Quod

2112 2877 2375 2932 videntes
2391 2875 2543 2931 cives
2565 2875 2824 2931 humano
2846 2891 2980 2931 eum
3004 2889 3164 2930 more
3185 2875 3555 2948 sepelierunt.
3565 2894 3767 2950 quem,

2114 2970 2180 3021 ut
2208 2965 2348 3033 dixi,
2375 2965 2550 3020 bruta
2578 2964 2780 3021 feritas
2802 2981 3013 3020 canum
3039 2964 3398 3036 quadam,ut
3437 2965 3520 3022 ita
3547 2966 3768 3039 dicam,

2113 3053 2498 3110 admiratione
2518 3057 2788 3110 venerata
2816 3057 2924 3109 est.

2187 3145 2274 3198 17.
2307 3141 2640 3215 Contigerat
2691 3159 2808 3198 non
2856 3141 3028 3214 longe
3087 3146 3221 3216 post
3269 3143 3390 3199 hazc
3449 3145 3768 3216 quemdam

2115 3229 2374 3304 praedicti
2403 3230 2718 3287 Sithiensis
2749 3231 2996 3288 ccenobii
3020 3231 3592 3305 monachum,hujus
3613 3233 3773 3290 beati

2112 3319 2222 3375 viri
2243 3319 2600 3392 zequivocum
2616 3319 2961 3392 (Folquinus
2977 3321 3134 3376 enim
3151 3321 3773 3395 vocabatur),graviter

2114 3409 2479 3466 infirmatum
2507 3424 2610 3480 per
2633 3407 2810 3482 longa
2831 3409 2958 3482 jam
2973 3410 3186 3482 spatia,
3206 3413 3272 3466 ut
3298 3427 3414 3467 non
3433 3415 3635 3483 posset
3653 3411 3772 3469 nisi

2116 3514 2251 3554 cum
2283 3495 2624 3553 baculorum
2673 3495 2907 3569 gemina
2935 3497 3030 3552 vix
3059 3497 3486 3555 sustentatione
3515 3497 3624 3555 ire.
3663 3497 3771 3554 Hic

2115 3586 2210 3642 die
2265 3585 2519 3658 quadam
2569 3584 2785 3642 doloris
2844 3585 3148 3642 nimietate
3193 3591 3469 3659 gravatus
3517 3587 3774 3643 decrevit

2113 3661 2346 3744 virtute,
2379 3693 2498 3748 qua
2526 3678 2774 3748 poterat,
2791 3674 2863 3730 ad
2887 3673 3068 3730 altare
3091 3675 3280 3732 sancti
3297 3675 3516 3732 Bertini
3537 3676 3772 3748 patroni

2116 3765 2426 3838 procedere
2457 3781 2560 3836 pro
2596 3762 2804 3818 animae
2825 3761 3122 3836 simulque
3151 3764 3412 3837 corporis
3449 3764 3638 3821 salute
3669 3766 3772 3822 de-

2117 3857 2482 3926 precaturus,
2503 3853 2605 3906 sed
2635 3855 2724 3920 (ut
2745 3851 2925 3906 situm
2957 3851 3215 3908 ecclesiae
3246 3853 3645 3910 nescientibus
3677 3854 3772 3910 di-

2116 3943 2266 4014 cam)
2299 3941 2656 3996 intrantibus
2707 3957 2742 3996 a
2781 3939 3016 4012 regione
3065 3939 3390 3998 meridiana
3430 3941 3775 3999 intercludit

2117 4031 2303 4088 sancti
2335 4029 2521 4086 Patris
2553 4029 2814 4101 praedicti
2845 4030 3052 4085 tumba
3079 4033 3212 4086 ante
3242 4030 3452 4103 posita,
3481 4031 3636 4104 quod
3681 4035 3777 4088 est

2117 4119 2476 4193 praecipuum
2521 4119 2712 4174 sancti
2756 4117 2993 4174 Martini
3045 4118 3258 4188 altare;
3309 4123 3484 4193 atque
3530 4120 3660 4176 ideo
3709 4119 3774 4177 in

2117 4207 2552 4280 dexteraipsius
2563 4210 2727 4279 parte
2741 4207 2998 4280 primum
3027 4208 3282 4264 occurrit
3313 4208 3466 4264 beati
3499 4207 3774 4281 Folquini

2115 4295 2382 4354 tumulus
2395 4297 2468 4352 ad
2473 4297 2602 4370 jam
2615 4296 2831 4352 dictam
2845 4295 3011 4368 prius
3022 4297 3291 4354 tumbam
3313 4297 3396 4353 ire
3416 4297 3772 4356 volentibus.

2118 4386 2277 4444 Idem
2295 4385 2569 4459 praefatus
2585 4384 2912 4441 monachus
2921 4385 3050 4457 jam
3072 4385 3146 4441 ad
3174 4385 3328 4442 beati
3360 4385 3628 4460 Folquini
3649 4404 3776 4460 per-

431 4475 518 4531 15.
553 4471 848 4546 Gregatim
896 4471 1078 4546 igitur
1121 4471 1219 4528 illo
1267 4473 1541 4530 defuncto
1590 4475 1662 4530 ad
1701 4474 2008 4548 exsequias
2036 4491 2084 4558 D
2114 4478 2352 4532 venerat
2369 4473 2730 4548 sepulcrum,
2760 4489 2896 4530 cum
2929 4477 3166 4547 repente
3198 4475 3395 4531 nescio
3424 4491 3543 4548 qua
3581 4475 3772 4532 horri-

357 4565 513 4621 beati
545 4561 804 4636 corporis
835 4561 1097 4634 undique
1145 4562 1598 4632 conﬂuentibus,
1628 4579 1762 4618 cum
1813 4563 2006 4622 clerici

359 4652 518 4710 illius
539 4651 885 4708 difﬁcultate
911 4649 1138 4706 itineris
1163 4655 1584 4724 conquerentes
1607 4657 2006 4726 gravarentur,

359 4741 431 4798 ad
453 4740 716 4796 divinnm
740 4757 802 4797 se
821 4739 1104 4796 auxilium
1126 4740 1518 4796 contulerunt.
1533 4741 1698 4796 Tunc
1727 4741 1786 4796 in
1803 4743 2007 4800 eadem

359 4834 528 4886 nocte
559 4829 734 4886 ﬂante
755 4833 924 4885 vento
954 4827 1196 4885 australi
1215 4830 1408 4884 omnis
1429 4828 1532 4886 illa
1545 4847 1832 4901 aquarum
1864 4831 2009 4888 indi-

359 4918 640 4976 metibilis
672 4918 1061 4992 profunditas,
1095 4937 1212 4992 qua
1260 4918 1515 4992 cingitur
1559 4919 1744 4976 Sithiu
1787 4919 2003 4991 insula,

431 5082 510 5148 (5)
544 5080 755 5136 Eadem
806 5081 980 5135 verba
1024 5079 1199 5134 habet
1247 5097 1426 5148 supra
1465 5079 1776 5136 Foleuinus
1808 5099 2008 5138 mona-

361 5151 530 5224 chus,
546 5153 738 5224 aitque
759 5151 815 5224 i_d
847 5152 1222 5224 seaccepisse
1244 5168 1276 5204 a
1298 5151 1592 5207 Wicfredo
1614 5154 2008 5212 Tarvennensi

361 5221 661 5294 episcolio,
687 5221 788 5293 qui
820 5223 1017 5278 sedem
1050 5221 1181 5276 iniit
1210 5240 1363 5278 anno
1393 5223 1518 5277 948.
1791 5281 1806 5294 ,

433 5310 511 5388 (6)
543 5309 856 5388 Foleuinus
905 5309 1076 5388 levita
1120 5311 1338 5388 scribit
1369 5313 1642 5388 equitibus
1693 5330 1794 5385 pro
1834 5317 2006 5388 cquis,

362 5384 515 5454 quod
549 5381 769 5454 passim
801 5381 1034 5436 obvium
1069 5383 1223 5452 apud
1260 5381 1421 5437 illius
1447 5383 1544 5438 zevi
1578 5381 1864 5441 auctores.

430 5474 513 5545 (7_)_
538 5470 714 5545 Vicus
754 5473 844 5545 est
893 5487 1069 5545 prope
1115 5469 1608 5545 \Voromholtum,
1646 5473 1817 5545 paulo
1861 5474 2012 5530 ultra

363 5542 624 5598 medium
657 5541 766 5598 iter
796 5542 868 5598 ab
894 5541 1352 5615 Audomaropoli
1375 5541 1749 5602 tendentibus
1772 5547 2007 5621 Bergas,

2119 4564 2398 4638 pilatione
2429 4579 2772 4632 concussus,
2797 4561 3227 4620 dissilientibus
3257 4562 3396 4619 hinc
3424 4563 3560 4620 inde
3596 4563 3776 4621 fusti-

2118 4654 2248 4723 bus,
2269 4669 2526 4726 przeccps
2547 4667 2728 4726 supra
2757 4655 3027 4707 sanctum
3061 4651 3356 4708 tumulum
3388 4654 3777 4720 ruit,nactus~

2117 4759 2230 4814 que
2259 4742 2411 4798 hanc
2440 4739 3119 4810 occasionem,Deum,si
3151 4741 3324 4813 cujus
3347 4742 3500 4814 apud
3525 4757 3588 4796 se
3617 4746 3776 4798 esset

2115 4831 2309 4888 meriti
2327 4830 2525 4887 anima
2543 4827 2813 4903 praesulis
2833 4828 2976 4884 inibi
2995 4829 3234 4904 sepulti,
3247 4831 3489 4904 perejus
3500 4829 3775 4887 ﬂebiliter

2116 4919 2466 4994 supplicavit
2510 4919 3016 4988 intercessionem,
3053 4923 3117 4976 ut
3167 4919 3449 4978 amissam
3505 4919 3606 4976 diu
3657 4919 3774 4976 sibi

2118 5083 2402 5140 hactenus
2433 5083 2627 5137 dictus
2651 5081 2968 5138 Ilekelsbeke
2997 5082 3068 5137 ad
3110 5081 3328 5138 Iseram
3377 5096 3634 5148 amnem,
3668 5079 3773 5152 qui

2117 5155 2312 5210 inﬂuit
2343 5156 2400 5209 in
2431 5155 2665 5209 Penam.

2189 5247 2268 5312 (8)
2299 5245 2378 5299 De
2409 5245 2468 5299 S.
2489 5243 2794 5298 Humfrido
2824 5243 2953 5314 ejus
2986 5259 3322 5298 successore
3352 5242 3645 5315 agendum
3680 5241 3771 5295 in-

2118 5316 2300 5372 ferius
2330 5315 2400 5370 ad
2435 5332 2656 5371 annum
2687 5317 2812 5369 859.

2189 5406 2265 5476 (9)
2298 5403 2536 5460 Praeisse
2557 5408 2788 5460 tantum
2833 5401 3035 5460 scribit
3065 5402 3378 5460 Foleuinus
3423 5401 3616 5470 levita,
3652 5419 3771 5458 non

2119 5476 2492 5549 lacrymassc.
