4104 6172
201 230 324 305 541

1205 237 1311 298 DE
1355 235 1628 299 GESTIS
1671 235 2062 299 ABBATUM
2105 236 2670 303 LAUBIENSIUM.

3532 248 3648 311 542

204 373 540 450 aptabilem
573 373 843 431 redderet
871 370 1212 428 sanitatem.
1245 371 1361 427 Nec
1391 370 1641 426 multum
1678 370 1760 425 ibi
1784 371 1877 441 ja-
1906 371 1960 438 Α
1993 389 2112 444 qua
2141 377 2383 429 sanctus
2416 372 2559 429 civis
2588 372 2913 446 tegebatur,
2947 380 3307 446 exposcunt:
3339 380 3437 451 qui
3468 384 3654 442 consi-

206 484 354 523 cens
388 465 616 521 orando
646 464 930 525 moratus,
967 476 1106 515 mox
1150 460 1231 516 ita
1262 459 1514 515 surrexit
1546 458 1879 527 incolumis,

209 561 281 627 ut
309 553 695 627 stupentibus
740 548 976 604 cunctis
1022 550 1246 621 gratias
1294 549 1409 603 Deo
1459 548 1716 615 referret,
1751 565 1882 619 pro-

208 624 362 718 priis
418 624 550 699 sine
608 638 785 695 ullius
853 636 1226 693 adminiculo
1296 638 1570 692 incedens
1643 635 1879 708 plantis.

206 735 299 789 Ab
360 733 492 805 ipso
554 746 687 801 ergo
745 726 838 783 die
907 726 1072 780 beati
1134 725 1240 781 viri
1311 725 1575 781 tumulus
1640 724 1882 795 majoris

208 822 460 878 honoris
508 816 821 874 reverentia
878 818 974 870 est
1040 815 1311 883 habitus;
1358 814 1629 886 idemque
1679 831 1880 870 mona-

210 913 367 968 chus
393 912 652 974 sanatus,
676 902 953 977 quoniam
979 903 1367 975 grammatice
1388 907 1510 959 erat
1534 902 1878 973 instructus,

208 1000 299 1055 ita
335 1000 461 1055 haec
502 996 746 1069 elegiaco
788 995 980 1048 metro
1026 991 1489 1064 comprehendit,
1527 991 1788 1048 scribens
1820 993 1879 1047 in

209 1091 351 1161 ejus
383 1085 605 1143 tumulo
640 1100 654 1139 :

311 1184 551 1236 Folcuini
580 1179 891 1230 veneranda
925 1180 1104 1229 Patris
1131 1180 1219 1228 hic
1249 1180 1492 1228 membra
1522 1179 1783 1237 locantur,

378 1246 608 1313 Antistes
638 1244 843 1313 dudum
873 1243 971 1313 qui
998 1242 1184 1313 fuerat
1210 1242 1494 1313 Morinum.
1599 1303 1609 1313 _

314 1310 520 1371 Quique
547 1310 739 1369 quater
766 1303 924 1371 denis
958 1305 1084 1371 vitae
1116 1303 1223 1353 dux
1253 1305 1455 1371 exstitit
1479 1303 1659 1371 annis,

379 1366 579 1426 Mente,
602 1372 833 1430 actuque
864 1366 964 1430 pio,
984 1367 1142 1430 jussu
1172 1366 1447 1430 operando
1472 1367 1567 1430 Dei
1595 1380 1611 1430 _:

313 1434 485 1497 Atque
514 1432 598 1480 die
627 1428 824 1497 quarto
848 1428 1066 1497 decimo
1098 1429 1403 1497 Decembris
1436 1428 1663 1497 ab_orbe

379 1489 660 1558 Sumptus;
680 1491 1039 1556 apostolicqu
1070 1489 1265 1553 gaudet
1303 1490 1448 1539 adire
1480 1490 1722 1539 chorum.

289 1589 382 1642 18.
407 1582 691 1640 Omnibus
720 1580 906 1653 igitur
932 1582 1068 1650 post
1099 1578 1209 1633 hoc
1241 1578 1396 1633 beati
1419 1578 1525 1633 viri
1556 1579 1763 1634 merita
1786 1594 1881 1633 ve-

213 1673 584 1742 nerantibus,
617 1674 680 1726 ut
710 1686 815 1724 vox
845 1666 1173 1723 Salvatoris
1205 1668 1554 1740 probaretur
1582 1666 1829 1722 dicentis
1864 1683 1878 1722 :

1995 462 2140 517 lium
2176 463 2275 518 diu
2325 480 2797 534 quaquaversum
2850 469 3121 535 poterant
3170 468 3545 538 trutinantes,
3579 475 3649 528 ad

1993 536 2238 606 Adoloftl
2275 552 2549 607 Generosi
2583 555 2722 606 tunc
2763 554 3048 624 temporis
3086 553 3197 610 loci
3232 555 3391 613 illius
3421 536 3651 616 comitis

1995 645 2053 695 et
2076 641 2309 696 abbatis
2336 641 2606 696 notitiam
2624 641 2988 710 detulerunt,
3003 645 3388 717 consultoque
3407 649 3518 716 (l2)
3536 648 3656 703 Ste-

1994 729 2189 800 phano
2210 730 2476 800 ejusdem
2496 729 2775 801 temporis
2798 732 3271 787 reverentissimo
3290 737 3654 791 Tarvennen-

1994 819 2077 873 sis
2109 819 2368 874 ecclesia:
2400 819 2694 890 episcopo,
2728 821 3028 874 communi
3059 822 3327 878 omnium
3355 825 3654 881 voluntate

1993 924 2126 961 cum
2163 906 2344 962 cereis
2377 911 2432 961 et
2463 906 2641 962 choro
2674 906 3074 978 psallentium,
3101 914 3278 981 atque
3308 911 3465 965 omni
3495 912 3654 967 cleri-

1994 1010 2195 1050 corum
2222 997 2505 1065 apparatu
2528 995 2665 1048 ldus
2689 994 3032 1050 Novembris
3050 996 3143 1051 die
3168 997 3649 1069 illucescentc,ad

1992 1082 2179 1137 sancti
2211 1082 2319 1136 viri
2355 1081 2652 1137 tumulum
2676 1089 2915 1138 ventum
2949 1089 3055 1150 est,
3076 1085 3432 1160 elevatisque
3461 1089 3648 1144 sancti

1992 1171 2255 1241 corporis
2287 1172 2593 1238 membris,
2618 1176 2795 1244 atque
2827 1172 2945 1228 illic
2966 1173 3284 1242 collocatis,
3311 1177 3370 1230 in
3403 1177 3527 1233 loco
3560 1181 3651 1233 tu-

1993 1258 2136 1314 muli
2170 1259 2352 1314 altare
2383 1264 2741 1330 constructo,
2764 1260 2921 1317 diem
2952 1260 3112 1317 illam
3145 1265 3418 1321 cantibus
3439 1271 3495 1321 et
3514 1284 3655 1339 gau-

1991 1348 2109 1403 diis
2138 1348 2356 1403 duxere
2408 1348 2671 1404 festivam
2711 1367 2723 1404 ε
2762 1350 3153 1422 explieitoque
3202 1354 3394 1409 officio
3426 1356 3648 1422 refecti,

1992 1437 2214 1508 quique
2246 1439 2317 1491 ad
2350 1436 2586 1508 propria
2610 1443 2751 1493 sunt
2780 1440 3012 1496 reversi.

2068 1578 2161 1633 th.
2197 1578 2299 1633 His
2332 1578 2511 1653 igitur
2542 1580 2624 1635 sic
2658 1597 2720 1635 se
2750 1580 3128 1651 habentibus,
3165 1590 3465 1656 cmperunt
3494 1587 3649 1645 beati

1991 1667 2100 1721 viri
2133 1669 2399 1723 membra
2428 1667 2750 1724 virtutibus
2782 1668 3020 1726 enitere.
3043 1672 3328 1729 Fecerunt
3360 1679 3553 1731 autem
3579 1677 3653 1732 ci-

213 1765 375 1822 Νίνιίι
406 1768 647 1835 opertum
674 1757 812 1831 quod
840 1772 958 1812 non
994 1756 1285 1823 reveletur,
1306 1772 1484 1829 neque
1512 1756 1889 1813 absconditum
1915 1743 1966 1807 Β
1994 1771 2094 1810 ves
2125 1755 2526 1812 febricitantes
2557 1759 3067 1829 consuetudinem,
3104 1778 3237 1817 cum
3271 1764 3649 1822 candelarum

216 1854 359 1929 quod
416 1869 527 1908 non
576 1850 782 1906 sciatur
820 1845 1032 1918 (Matth.
1066 1863 1122 1915 x,
1171 1845 1285 1916 26).
1322 1845 1528 1902 Pastor
1576 1848 1885 1918 pastorum

217 1942 424 1999 vicarii
455 1942 567 2009 (10)
599 1939 690 1994 sui
720 1952 856 1993 ossa
887 1934 1079 1990 noluit
1105 1935 1216 1990 sub
1249 1939 1406 1990 terra
1436 1935 1629 2007 posita
1660 1934 1886 1991 diutius

220 2031 581 2097 delitescere,
607 2028 706 2084 sed
734 2023 1131 2080 venerandam
1155 2022 1440 2079 almitatis
1473 2025 1603 2095 ejus
1635 2023 1885 2097 gloriam

219 2120 408 2177 voluit
427 2118 702 2174 omnibus
720 2112 1067 2170 hominibus
1090 2111 1416 2183 propalare.
1437 2115 1607 2169 Anno
1630 2130 1887 2186 namque

226 2207 577 2266 felicissima:
598 2200 1025 2259 incarnationis
1045 2200 1276 2256 Domini
1300 2200 1487 2257 nostri
1507 2203 1536 2258 J
1544 2219 1649 2257 esu
1669 2202 1885 2258 Christi

225 2295 619 2370 nogenlisimo
635 2292 916 2349 vicesimo
939 2294 1159 2357 octavo,
1175 2288 1496 2346 indictione
1516 2292 1730 2363 prima,
1746 2296 1888 2346 tem-

227 2404 365 2461 pore
394 2383 581 2441 Caroli
633 2382 807 2456 regis,
841 2379 1078 2446 reclusi,
1111 2379 1341 2435 duobus
1384 2380 1493 2452 (11)
1545 2380 1888 2453 spectabilis

229 2492 488 2551 personae
520 2472 693 2545 longe
724 2468 967 2526 remotis
999 2470 1231 2524 crebras
1273 2486 1376 2541 per
1405 2469 1661 2542 quietem
1697 2468 1887 2524 noctis

232 2563 425 2638 prodit
451 2561 727 2628 visiones,
763 2562 1057 2632 quatenus
1088 2557 1281 2614 Sithiu
1331 2557 1890 2615 famosum‘adircnt

232 2652 596 2719 Cmnobium,
627 2666 693 2705 ac
723 2646 1075 2704 venerabilis
1101 2645 1285 2701 sancti
1317 2646 1585 2718 praesulis
1618 2645 1887 2719 Folquini

235 2741 501 2798 membra
520 2738 806 2804 levantes,
826 2737 899 2793 ad
923 2736 1129 2792 debita:
1149 2735 1539 2791 venerationis
1560 2753 1887 2809 praeparan-

234 2837 332 2888 tur
358 2827 731 2900 obsequium.
752 2826 859 2893 Qui
881 2823 1157 2897 gaudenti
1180 2823 1376 2879 animo
1398 2825 1572 2895 jussa
1595 2824 1889 2896 complen-

233 2924 341 2988 tes,
374 2920 663 2992 apparatu
695 2932 811 2988 quo
856 2916 1125 2986 poterant
1155 2913 1226 2967 ad
1257 2913 1450 2968 Sithiu
1488 2914 1616 2985 jam
1661 2914 1885 2969 dictum

233 3007 552 3066 adveniunt
582 3003 1030 3073 Monasterium,
1064 3002 1349 3057 adventus
1383 3002 1473 3057 sui
1507 3018 1747 3058 causam
1781 3003 1889 3058 fra-

231 3097 423 3156 tribus
444 3093 789 3153 monasterii
812 3093 1087 3165 produnt,
1102 3091 1276 3153 licere
1298 3090 1410 3147 sibi
1432 3091 1622 3165 detegi
1651 3108 1884 3160 urnam,
1917 3109 1960 3178 α

303 3224 414 3303 (lQ)
446 3222 533 3303 1:311
566 3219 891 3303 Fol‘quinus
929 3217 1423 3303 Cbristiﬂvicqrt‘tts
1462 3215 1695 3303 dicitur.
1720 3216 1884 3303 Quod

230 3286 584 3351 vocabulum
627 3286 805 3347 etiam
855 3293 1062 3362 praeter
1109 3288 1254 3362 alios
1275 3287 1580 3362 _Wibertus
1611 3286 1882 3362 Gembla-

232 3366 427 3423 consis
454 3365 638 3420 abbas
669 3358 936 3439 Ifhilip'po
959 3358 1289 3439 Coloniensi
1320 3358 1756 3439 archiepiscopo
1787 3358 1887 3439 tri-

234 3439 381 3502 buit,
418 3440 485 3508 ut
513 3433 787 3508 superius
821 3428 1087 3508 notatum
1119 3431 1191 3486 ad
1233 3430 1449 3485 librum
1482 3428 1550 3484 de
1583 3428 1885 3485 miraculis

234 3512 293 3566 S.
325 3504 645 3581 Adalhardi
679 3504 932 3561 abbatis.
1110 3572 1120 3581 .
1367 3572 1406 3581 κ
1446 3570 1460 3581 ε
1569 3571 1579 3581 ,
1710 3571 1724 3581 _
1806 3571 1815 3580 ,

302 3582 386 3647 (11
418 3578 633 3633 Confer
659 3593 727 3632 ea
758 3593 883 3648 quae
929 3572 1200 3648 superius
1248 3589 1316 3628 cx
1352 3570 1661 3648 _Folcwino
1710 3571 1886 3626 levita

232 3644 427 3706 notavi
462 3650 520 3704 in
554 3644 1214 3722 praevia—observatione,
1248 3662 1306 3699 n.
1480 3712 1511 3722 ,ι
1629 3711 1639 3721 ,

299 3722 417 3793 (12)
448 3723 537 3793 An
556 3715 880 3793 consultus
902 3734 1079 3793 super
1115 3716 1224 3793 bac
1256 3731 1315 3769 re
1345 3715 1521 3768 fuerit
1552 3715 1883 3784 episcopus,

231 3787 345 3849 non
377 3787 658 3865 exprimit
688 3787 1001 3865 Folcuinus
1034 3787 1314 3865 levitaLM
1348 3855 1357 3865 ,
1478 3854 1488 3865 ,
1547 3853 1559 3864 _

301 3865 413 3935 (l3)
433 3854 735 3919 Iohannes
764 3860 987 3938 lperius
1009 3859 1190 3914 abbas
1211 3854 1525 3938 Sitliiensis
1546 3854 1605 3908 in
1627 3869 1754 3924 cap.
1778 3854 1843 3909 13
1868 3870 1880 3908 :

230 3960 260 3984 «
290 3932 742 4000 Conservamus,
775 3932 985 4004 inquit,
1012 3946 1255 4004 cappam
1288 3932 1417 3999 ejus
1452 3941 1628 4004 unam
1648 3940 1887 4004 proces-

226 4006 541 4071 sionalem,
567 3997 824 4071 mitram,
849 3997 1234 4066 chirothecas,
1258 3997 1434 4077 atque
1460 3997 1749 4077 sandalia,
1772 4000 1887 4077 sto-

224 4079 315 4135 las
336 4068 577 4150 quoque
606 4082 788 4132 tres.»
811 4068 1071 4141 Quorum
1092 4068 1425 4129 contactum
1459 4068 1885 4143 parturientibs

1999 1862 2114 1917 quo
2143 1845 2395 1917 quisque
2424 1850 2651 1918 poterat
2677 1864 2918 1904 munere
2950 1850 3137 1905 sancti
3171 1854 3437 1923 praesulis
3467 1855 3652 1911 altare

1996 1934 2388 2005 frequentare,
2405 1941 2580 2008 atque
2603 1938 2927 1993 secundum
2953 1941 3273 2010 petentium
3304 1943 3477 1998 fidem
3503 1961 3655 2000 recc-

1997 2022 2154 2094 pisse
2186 2024 2407 2095 quique
2432 2025 2627 2080 mirati
2660 2030 2799 2081 sunt
2823 2027 3254 2084 sanitatem.De
3277 2032 3426 2087 stola
3452 2038 3652 2087 autem

1997 2111 2148 2183 ejus,
2173 2129 2299 2184 qua:
2331 2113 2526 2169 adhuc
2555 2118 2755 2182 restat,
2783 2114 3128 2172 mulieribus
3152 2118 3496 2177 difficultate
3528 2138 3655 2194 par-

1998 2205 2093 2255 tus
2127 2202 2240 2270 (13)
2274 2201 2683 2259 laborantibus
2706 2220 2810 2275 per
2829 2204 2957 2274 ejus
2982 2207 3191 2264 merita
3215 2209 3466 2266 salutem
3500 2228 3653 2282 saepe

1999 2289 2333 2360 provenisse
2365 2292 2646 2360 vidimus,
2681 2292 2763 2347 ita
2808 2297 2873 2347 ut
2912 2294 3107 2350 triduo
3138 2297 3225 2353 vel
3277 2316 3343 2354 eo
3395 2298 3653 2372 amplius

1999 2380 2262 2432 materno
2293 2394 2470 2434 onere
2502 2384 2775 2452 gravatae,
2798 2399 2930 2436 cum
2954 2400 3100 2454 pene
3119 2386 3457 2443 viderentur
3478 2388 3653 2444 morti

1998 2465 2306 2537 contigua},
2328 2467 2391 2522 in
2419 2469 2690 2542 ingressu
2723 2471 2986 2549 ejusdem
3011 2474 3193 2543 stolae,
3220 2482 3453 2547 partum
3477 2479 3652 2534 eden-

1998 2557 2086 2609 tes
2108 2555 2496 2613 redderentur
2517 2557 2752 2614 sanitati
2788 2560 3067 2631 pristinaz.
3095 2563 3295 2620 Multis
3316 2568 3493 2622 etiam
3518 2566 3651 2622 aliis

1997 2642 2234 2698 indiciis
2255 2644 2546 2701 Dominus
2578 2652 2848 2703 sanctum
2881 2666 3054 2705 suum
3085 2654 3343 2709 ostendit
3373 2655 3648 2711 mirifica-

1998 2735 2124 2786 tum
2160 2732 2217 2785 in
2250 2733 2439 2799 caelis,
2460 2741 2737 2807 operante
2768 2741 2824 2792 et
2854 2744 3125 2795 manente
3146 2758 3281 2797 cum
3303 2743 3504 2799 electis
3524 2746 3649 2801 suis

2000 2837 2184 2891 usque
2214 2820 2274 2875 in
2310 2822 2487 2878 linem
2510 2824 2703 2880 saeculi
2737 2826 2983 2881 Domino
3006 2833 3206 2884 nostro
3233 2831 3373 2886 Jesu
3397 2832 3645 2901 Christo,

1998 2910 2097 2982 qui
2129 2914 2459 2968 coaeternus
2488 2918 2546 2969 et
2587 2915 3105 2972 consubstantialis
3137 2918 3291 2973 Patri
3316 2924 3374 2975 et
3405 2919 3648 2992 Spiritui

1997 3003 2222 3067 sancto,
2254 3000 2399 3056 vivit
2429 3007 2485 3058 et
2516 3008 2719 3076 regnat
2763 3021 2868 3077 per
2906 3004 3137 3063 infinita
3167 3008 3379 3066 saecula
3408 3009 3646 3067 saeculo-

1998 3103 2149 3142 rum.
2182 3087 2391 3144 Amen.

1996 3212 2368 3292 salutifcrum
2422 3232 2554 3292 esse
2598 3221 2869 3292 testatur.
2902 3219 3165 3292 Denique
3224 3222 3539 3280 Folcardus
3586 3226 3646 3281 in

1994 3285 2269 3367 praedicto
2298 3285 2447 3341 libro
2470 3287 2745 3367 primo-d3
2769 3285 3154 3367 miraculis-8.
3177 3294 3419 3367 Bertini,
3454 3313 3581 3367 cap.
3613 3298 3649 3351 9

1994 3355 2218 3435 scribit,
2243 3355 2673 3435 corpus'sancti
2702 3360 2961 3435 Folcuini
2992 3366 3208 3435 magnis
3242 3355 3447 3423 celebre
3466 3355 3645 3424 virtu-

1993 3427 2137 3511 ξξὺίιδ
2168 3427 2578 3511 suqte‘mpore,
2605 3430 2713 3486 hoc
2735 3437 2825 3486 est
2850 3427 3160 3511 undecimo
3182 3438 3414 3505 smculo,
3440 3440 3642 3511 fuisse,

1994 3498 2123 3578 Haec
2154 3498 2876 3580 pretios'afqpéltaeoram
2919 3504 3144 3577 inspexi
3188 3498 3475 3580 nuper,'et
3506 3498 3645 3566 roli:

1995 3569 2164 3650 guias
2194 3569 2678 3650 saneti‘liolcuini
2710 3569 3203 3650 veneratussum,
3232 3569 3443 3650 majori
3473 3582 3643 3637 altari

1993 3639 2303 3717 impositas
2335 3641 2407 3695 ad
2450 3641 2615 3717 latus
2657 3644 2912 3717 australe
2961 3646 3020 3699 in
3074 3639 3354 3717 praeclara
3403 3652 3645 3709 basilica

1994 3710 2307 3765 Sithicnsis
2330 3728 2431 3765 seu
2467 3714 2783 3767 Bcrtiniani
2809 3710 3147 3770 monasterii
3177 3735 3187 3773 :
3215 3718 3644 3779 humanissime

1995 3786 2272 3861 acceptus
2303 3799 2336 3836 a
2366 3784 2850 3861 rev'ereiidissimo
2900 3786 3167 3861 domino/
3184 3790 3393 3861 abbate
3422 3795 3478 3845 et
3511 3793 3641 3847 reli-

2038 3852 2177 3937 iosis
2207 3853 2535 3937 emnobitis,
2569 3854 2735 3937 facile
2776 3855 3089 3937 impetravi
3144 3859 3479 3915 facultatem
3516 3880 3640 3937 per-

2019 3924 2281 4003 ustrandi
2317 3925 2549 4003 egregia
2579 3926 2749 4003 istius
2776 3924 2886 3981 loci
2911 3936 3312 3997 monumenta,
3337 3948 3463 4003 qua:
3498 3924 3641 3989 mihi

1995 3994 2248 4050 multum
2279 3966 2528 4051 subsidii
2561 3998 2890 4053 conferunt.

1530 4351 2344 4453 POLGUINI

1605 4539 1862 4585 ABBATIS
1905 4539 2257 4586 LAUBIENSIS
2536 4550 2551 4563 '

816 4666 976 4781 DE
1065 4663 1471 4779 GESTIS
1550 4660 2132 4776 ABBATUM
2213 4665 3054 4781 LAUBlliNSlUM

1508 4872 1697 4942 (Pertz
1728 4870 1965 4927 Monum.
2000 4870 2177 4928 Germ.
2213 4876 2358 4930 Hist.

1660 5106 2216 5195 MONITUM

298 5385 590 5458 Ansegisi,
610 5384 709 5457 qui
733 5382 944 5438 sazculo
966 5383 1323 5458 Ix_abl)atum
1346 5380 1880 5458 Fontanellcnsium
1914 5383 1958 5448 1)
1992 5382 2352 5458 monasterii,
2387 5382 3304 5458 cuiipseprzecrat,_Laubiensis
3334 5385 3643 5458 scribenda

221 5460 400 5531 gesta
446 5452 777 5534 scripserat,
811 5453 1142 5534 exemplum
1168 5455 1431 5534 fortasse
1481 5457 1720 5534 secutus
1753 5452 1880 5534 Fol-

220 5524 448 5586 Euinus
477 5524 585 5596 (14)
617 5530 862 5583 exeunte
905 5524 1116 5580 saeulo
1148 5525 1374 5579 decimo
1404 5529 1569 5596 gesta
1598 5525 1880 5579 abbatum

300 5623 782 5697 (11;)rFolcxvinAus
804 5621 1141 5697 Folcuinus,
1167 5621 1506 5697 Folquinus,
1540 5621 1876 5689 Fulcoinus,

225 5693 579 5767 Fulcuinus,
612 5694 937 5767 Volquinus
967 5693 1122 5750 idem
1153 5695 1262 5749 est.

1991 5454 2269 5524 suscepit.
2304 5454 2411 5519 Qui
2447 5453 2895 5510 illustri’edilus
2946 5455 3070 5510 loco
3100 5458 3233 5523 (15),
3268 5457 3490 5512 scilicet
3539 5462 3641 5513 Ca-

1992 5526 2095 5580 roli
2130 5524 2376 5580 Martelli
2410 5542 2479 5580 ex
2509 5526 2856 5599 llieronymo
2891 5526 3010 5582 tilio
3042 5527 3290 5598 posteris
3327 5545 3638 5585 accenscn-

2091 5624 2170 5703 15)
2194 5624 2370 5703 Gesta
2401 5624 2536 5703 abl).
2564 5624 2702 5703 Lob.
2727 5624 3346 5703 cap._28..——-F_o_lcuino
3380 5626 3439 5681 in
3471 5627 3639 5703 char-

2058 5624 2170 5749 (15)
2194 5624 2370 5679 Gesta
2401 5624 2536 5705 abl).
2564 5624 2702 5679 Lob.
2727 5640 2853 5695 cap.
2880 5624 3346 5680 28.—-Folcuino
3380 5626 3439 5681 in
3471 5627 3639 5710 char-

1990 5699 2053 5753 tu
2083 5711 2201 5751 ario
2228 5695 2289 5751 L.
2320 5696 2539 5753 Bertlni
2561 5699 2814 5766 auctore,
2839 5695 3085 5754 Karolus
3111 5696 3413 5756 Martellus
3434 5703 3639 5774 genuit
