4060 6170
251 371 367 436 549

1229 370 1331 434 DE
1375 370 1646 436 GESTIS
1690 338 2071 435 ABBATiJM
2117 373 2680 438 LAUBIENSIUM.

3542 377 3660 440 550

248 508 530 563 nantibus
561 511 754 579 aptus.
789 504 934 561 Nam
968 505 1119 561 sicut
1149 506 1370 562 dictum
1403 512 1510 574 est,
1541 507 1767 561 cinctus
1810 510 1897 560 est
1927 507 1983 572 Α
2015 507 2310 578 quinque;
2346 509 2441 581 qui
2476 526 2679 565 omnes
2704 514 3091 582 regnaverunt
3113 511 3221 565 sub
3244 510 3482 582 prtefato
3507 513 3662 583 prin-

250 595 413 653 silvis
443 599 501 651 et
529 599 908 667 exasperatus
939 594 1229 667 scopulis;
1265 598 1420 652 unde
1469 601 1525 651 et
1571 601 1901 669 perpetrato

251 683 466 741 scelere
516 700 632 740 non
685 684 1092 740 inveniebatur
1140 685 1349 740 hostis.
1392 687 1541 756 (657)
1590 684 1716 740 Tali
1766 701 1901 758 ergo

160 771 164 773 1
249 772 646 846 oportunitate
668 777 921 845 captata,
937 773 1204 830 Morosus
1227 774 1593 847 quidam,vir
1614 774 1793 844 hujus
1816 790 1904 828 ar-

249 862 325 917 tis
356 866 413 917 et
444 862 656 933 operis,
692 861 794 916 tali
826 862 885 916 in
908 861 1032 917 loco
1066 862 1388 919 latrociniis
1417 863 1901 927 insistebat,tem-

248 967 388 1023 pore
420 968 534 1022 quo
565 968 599 1005 a
629 947 912 1007 Clodoveo
943 951 1232 1024 septimus
1266 953 1576 1008 Lotharius
1604 953 1812 1025 agebat
1843 952 1900 1006 in

248 1040 520 1113 sceptris.
554 1039 661 1105 Qui
694 1056 829 1095 cum
862 1040 1126 1095 minimis
1159 1040 1479 1098 sceleribus
1518 1059 1631 1097 non
1682 1058 1901 1113 usque-

249 1144 485 1201 quaque
516 1133 847 1196 contentus,
882 1129 1195 1202 grandiora
1225 1148 1467 1203 quaeque
1513 1130 1818 1187 moliretur
1846 1136 1904 1186 ct

248 1220 472 1290 ageret,
504 1218 742 1273 tandem
776 1219 1092 1275 miserante
1141 1237 1319 1292 super
1368 1220 1459 1275 his
1506 1221 1771 1289 Domino,
1802 1238 1904 1292 per

248 1310 524 1362 sanctum
555 1306 880 1362 Autberum
912 1307 1394 1364 Camaracenscm
1439 1309 1801 1381 episcopum,
1836 1342 1904 1349 —

248 1411 391 1450 nam
422 1395 730 1466 parrochia
762 1399 848 1449 est
881 1396 1066 1467 ipsius
1118 1398 1375 1453 ecclesim
1428 1398 1734 1463 terminus,
1772 1398 1905 1463 licet

247 1484 561 1556 hucusque
593 1483 767 1539 etiam
798 1486 843 1519 ³⁸
874 1489 931 1539 et
964 1486 1299 1542 Leodiensis
1339 1487 1707 1558 protenditur
1737 1520 1801 1527 —
1834 1489 1905 1542 de

248 1574 484 1628 Moroso
502 1573 558 1627 in
575 1572 959 1630 Landelinum
982 1592 1316 1645 conversus,
1334 1577 1628 1632 secundus
1646 1578 1715 1631 de
1729 1577 1904 1632 Saulo

202 1658 205 1661 ’
247 1662 446 1717 factus
477 1666 567 1717 est
599 1661 833 1733 Paulus,
859 1667 915 1719 et
944 1665 1119 1718 tinem
1144 1664 1309 1720 viciis
1329 1666 1585 1734 dedit,et
1606 1665 1798 1720 locum
1821 1683 1907 1722 sa-

247 1750 371 1806 cris
430 1749 644 1806 studiis
702 1750 976 1820 initiavit,
1021 1756 1088 1808 ut
1144 1769 1319 1825 quem
1380 1753 1907 1810 commaculaverat

244 1840 443 1926 viciis,
474 1840 772 1896 dedicaret
800 1841 1140 1910 virtutibus,
1176 1846 1232 1913 et
1261 1844 1305 1877 ³⁷
1339 1844 1437 1899 ubi
1471 1844 1908 1917 superabunda—
1935 1876 1985 1943 B

246 1923 341 1985 rat
371 1934 705 2002 peccatum,
736 1932 1240 2003 superabundaret
1278 1937 1335 1987 et
1382 1934 1590 2006 gratia,
1625 1934 1779 1989 sicut
1827 1935 1909 1989 ait

245 2019 557 2093 apostolus
585 2021 758 2088 (Rom.
792 2038 848 2089 ν,
881 2023 993 2092 20).
1014 2022 1077 2077 In
1101 2039 1215 2094 quo
1237 2022 1361 2079 loco
1385 2028 1441 2078 et
1461 2022 1769 2079 ecclesiam
1794 2025 1905 2080 sibi

246 2126 356 2181 pro
372 2114 636 2181 tempore
651 2110 1036 2179 constituens,
1053 2111 1303 2167 deﬂebat
1325 2111 1539 2184 quibus
1563 2117 1733 2168 antea
1758 2113 1911 2169 oblc-

246 2200 546 2268 ctabatur,
561 2215 741 2255 manu
755 2204 813 2255 et
833 2199 1030 2256 labore
1050 2199 1268 2255 victum
1294 2202 1910 2273 quaerens,lasciviam-

245 2303 369 2360 que
388 2288 585 2344 carnis
598 2288 845 2360 jejuniis
864 2292 923 2344 et
943 2288 1158 2363 vigiliis
1180 2290 1514 2359 domans,et
1535 2292 1911 2347 exercebatur

245 2392 493 2433 summo
523 2377 738 2433 mentis
770 2378 1076 2434 conamine
1104 2379 1148 2414 ³³
1181 2380 1237 2434 in
1270 2379 1362 2435 his
1394 2397 1522 2452 qua:
1545 2385 1684 2436 sunt
1705 2381 1911 2449 Dci,ut

246 2480 463 2520 omnes
484 2464 860 2533 mirarentur,
884 2466 1149 2523 videntes
1171 2468 1693 2526 commutationem
1711 2470 1907 2525 dexte-

244 2571 327 2609 ra:
352 2553 602 2609 Excelsi.
635 2554 879 2611 Talibus
908 2556 1090 2629 igitur
1118 2558 1430 2625 exercitiis,
1456 2557 1726 2630 pluribus
1757 2559 1826 2614 ad
1851 2558 1908 2612 id

245 2643 439 2699 studii
471 2644 903 2700 confluentibus
951 2645 1258 2719 speculum
1313 2647 1501 2703 factus
1551 2654 1675 2717 est;
1709 2648 1910 2720 sicque

247 2730 608 2788 Lobbicnsis
656 2734 903 2789 cmnohii
954 2735 1230 2791 fundator
1274 2737 1467 2793 extitit
1515 2738 1762 2810 primus.
1798 2738 1910 2794 Sed

248 2821 693 2893 praeordinatio,
710 2823 780 2879 de
801 2840 916 2895 qua
935 2825 1383 2897 prmposuimus,
1400 2827 1523 2895 Dei,
1540 2828 1640 2900 qui
1656 2846 1771 2883 non
1794 2845 1914 2885 om-

250 2909 441 2965 nibus
463 2910 693 2982 judicia
720 2929 830 2967 sua
867 2913 1208 2970 manifestat
1238 2948 1307 2957 -
1334 2916 1553 2973 Iudicia
1599 2918 1747 2973 enim
1796 2925 1909 2986 tua,

249 2998 339 3054 ait
376 2997 710 3068 Psalmista,
741 3001 969 3074 abyssus
996 3003 1170 3059 multa
1203 3004 1314 3077 (Ps.
1347 3022 1516 3074 xxxv,
1544 3005 1600 3077 7)
1632 3038 1700 3046 ι-
1730 3005 1913 3060 voluit

246 3088 297 3123 3’
326 3088 574 3142 beatum
607 3088 995 3146 Landelinum
1028 3091 1227 3148 Lobiis
1265 3093 1613 3167 demigrare,
1650 3098 1714 3149 ut
1744 3093 1912 3149 alteri

248 3176 618 3249 quandoque
658 3178 1048 3234 subsecutum
1096 3178 1258 3236 locus
1307 3186 1557 3252 vacaret,
1590 3199 1662 3239 ne
1711 3183 1913 3255 utique

248 3281 443 3338 super
473 3264 715 3322 alterius
764 3268 1215 3325 fundamentum
1264 3270 1509 3327 aedificia
1557 3276 1810 3327 strueret
1856 3278 1914 3329 et

247 3353 681 3410 detrimentum
695 3359 1171 3427 pateretur,aut‘°
1184 3377 1253 3415 ne
1267 3360 1477 3416 merita
1490 3365 1652 3416 tanta
1664 3362 1915 3417 duorum

248 3443 442 3499 unius
472 3442 581 3499 loci
616 3446 890 3516 angustia
917 3452 1271 3504 artarentur.
1307 3450 1430 3504 Hiis
1464 3451 1608 3506 forte
1638 3452 1918 3523 przescius

250 3533 475 3588 beatus
508 3533 864 3590 Landelinus
897 3536 1093 3592 Lobiis
1124 3538 1480 3611 demigrans,
1516 3539 1917 3613 Chrispinium

250 3622 381 3693 (53)
411 3622 601 3693 petiit.

322 3713 368 3763 2
396 3709 462 3763 δι.
495 3709 611 3765 Nec
642 3710 954 3767 defuerunt
1000 3713 1300 3785 adjutores
1332 3719 1390 3770 et
1422 3720 1825 3789 cooperatores
1858 3717 1917 3772 in

247 3795 524 3870 praedicti
576 3796 686 3853 loci
748 3800 1225 3872 augmentatione
1286 3818 1463 3874 quam
1521 3801 1738 3874 plures,
1780 3801 1917 3858 licet

248 3884 504 3941 nomina
525 3901 730 3941 eorum
751 3887 1099 3957 exciderint;
1120 3890 1489 3961 temporibus
1507 3889 1786 3946 Clotbarii
1815 3891 1915 3946 lilii

248 3973 551 4043 Clodovei,
585 3976 687 4048 qui
717 3978 982 4050 regnavit
1011 3979 1183 4034 annis
1212 3981 1267 4048 4,
1292 3980 1390 4035 sed
1414 3985 1471 4036 et
1494 3981 1740 4036 fratrum
1763 3982 1912 4053 ejus,

249 4062 504 4120 Hildrici
527 4063 751 4121 scilicet
769 4067 815 4101 ⁴²
835 4067 990 4140 regis
1010 4068 1535 4139 Austrasiorum,et
1550 4069 1912 4140 Theoderici,

252 4168 441 4226 quem
488 4152 772 4226 Pippinus
800 4156 845 4191 ‘3
875 4155 1183 4213 debellavit
1230 4156 1289 4213 in
1340 4157 1651 4226 Textricio,
1686 4158 1916 4232 sibique

251 4242 605 4315 subjugavit
632 4244 741 4300 sub
774 4261 953 4318 seque
982 4262 1228 4319 regnum
1262 4247 1428 4304 {inire
1469 4248 1738 4320 permisit
1785 4254 1918 4321 post

253 4347 490 4386 annum
520 4332 683 4406 regni
707 4333 895 4405 ipsius
917 4334 1258 4392 Theoderici
1291 4335 1586 4393 decimum
1620 4342 1912 4406 actavum,

252 4419 535 4476 Clodovei
559 4437 792 4495 quoque
818 4422 923 4478 filii
954 4424 1319 4492 Theoderici,
1340 4425 1437 4497 qui
1462 4426 1724 4498 regnavit
1744 4427 1916 4483 annis

254 4508 520 4576 duobus,
550 4509 651 4564 sed
680 4515 736 4566 et
765 4511 965 4568 fratris
994 4513 1123 4584 ejus
1154 4512 1495 4581 Hildeberti,
1529 4521 1915 4586 cognomento

2014 595 2159 667 cipe,
2195 597 2355 669 regni
2390 602 2619 652 tantum
2651 598 2735 653 eis
2768 599 3003 653 nomine
3043 605 3314 654 manente
3345 601 3408 653 ⁸⁵.
3444 601 3566 666 Quo
3600 599 3659 654 in

2016 687 2275 757 tempore
2292 718 2359 725 —
2378 687 2702 741 secundum
2727 687 2950 759 quodin
2974 687 3214 742 Actibus
3237 687 3658 759 apostolorum,

2014 774 2073 828 in
2100 775 2298 829 Asiam
2331 775 2585 831 volentes
2619 777 2699 832 ire
2732 776 3319 848 discipuli,prohibiti
3343 777 3658 847 suntaspi-

2015 862 2129 917 ritu
2152 864 2384 919 Domini
2407 890 2421 931 ;
2445 866 2787 921 servabatur
2805 865 2960 921 enim
2985 867 3029 901 ‘3
3048 866 3301 920 Jobanni
3316 867 3437 905 ⁸⁵-
3458 867 3663 921 beatus

2015 952 2297 1007 Usmarus
2327 952 2608 1008 virtutum
2638 954 2925 1011 exercitiis
2948 957 2988 989 ⁴⁷
3021 955 3298 1010 omnibus
3330 954 3543 1023 clarus,
3568 955 3662 1010 cui

2017 1040 2268 1097 Lobbias
2300 1042 2667 1114 apostolatus
2692 1043 2885 1098 locum
2911 1044 3273 1116 delegaverat
3302 1043 3605 1111 Dominus,
3631 1062 3664 1099 a

2016 1129 2401 1203 Pippinojam
2421 1131 2576 1186 dicto
2598 1131 2862 1204 principe
2885 1137 3177 1199 evocatus,
3196 1132 3351 1187 idem
3376 1137 3665 1187 monaste-

2016 1219 2167 1274 rium
2200 1222 2521 1292 regendum
2553 1221 2780 1293 accepit
2809 1222 2852 1256 ‘3
2882 1239 2985 1293 per
3015 1221 3333 1294 Hyldulphi
3375 1221 3662 1276 interven-

2014 1312 2162 1375 tum,
2197 1310 2295 1381 qui
2329 1314 2452 1365 erat
2484 1328 2638 1365 unus
2669 1311 2740 1365 de
2773 1311 3111 1382 proceribus
3133 1309 3295 1382 regni
3317 1310 3661 1380 majoribus.

2014 1400 2163 1467 (689)
2195 1398 2376 1469 Cujus
2400 1399 2613 1454 indicia
2636 1400 2978 1454 meritorum
3011 1400 3245 1454 fuerunt
3268 1417 3412 1469 puer
3432 1398 3528 1453 ille
3550 1400 3665 1467 (54)

2014 1492 2071 1542 et
2104 1488 2271 1559 panis
2301 1489 2471 1541 matri
2501 1489 2553 1541 in
2578 1494 2835 1543 aromate
2858 1491 2902 1522 ‘9
2922 1493 3403 1559 przemonstratus
3426 1493 3481 1543 et
3504 1506 3666 1544 scan-

2017 1577 2103 1631 sio
2134 1575 2235 1631 illa
2266 1577 2444 1631 beatre
2478 1577 2646 1632 scalae
2672 1582 2878 1633 aterra
2908 1578 3286 1645 cmlri‘tenus;
3316 1594 3444 1649 qua:
3466 1578 3665 1632 omnia

2017 1670 2306 1737 quantum
2358 1666 2526 1721 beato
2573 1667 2696 1722 viro
2746 1671 3099 1738 congruunt,
3142 1684 3210 1721 ex
3258 1668 3488 1722 actibus
3536 1668 3665 1738 ejus

2017 1754 2446 1828 cognoscimus.
2483 1757 2648 1811 Forte
2679 1772 2783 1811 nec
2807 1756 2933 1811 sine
2965 1756 3221 1828 quodam
3249 1755 3530 1828 praesagio
3553 1754 3666 1810 tale

2017 1844 2261 1899 sortitus
2291 1847 2380 1899 est
2411 1861 2643 1900 nomen.
2667 1844 2982 1901 Ursmarus
3012 1844 3167 1900 enim
3201 1860 3269 1899 ex
3299 1844 3530 1900 duobus
3552 1841 3668 1898 usi-

2016 1932 2154 1987 tatis
2186 1931 2382 1988 Gallize
2412 1932 2774 1988 locutionum
2797 1932 3111 2005 generibus
3132 1931 3350 1987 dicitur
3369 1933 3433 1998 ⁵ο,
3458 1931 3668 1987 Latina

2014 2020 2299 2089 videlicet,
2336 2038 2512 2092 quam
2554 2027 2909 2093 usurpantes
2954 2022 3236 2083 vitiarunt
3264 2022 3331 2090 ⁵⁸,
3364 2025 3422 2076 et
3449 2021 3667 2076 Teuto-

2019 2110 2183 2179 nica;
2217 2127 2542 2183 congruum
2574 2111 2745 2183 plane
2777 2112 2943 2166 beato
2978 2111 3100 2165 viro
3146 2109 3518 2166 vocabulum.
3555 2109 3667 2165 Ur-

2017 2216 2149 2254 sum
2183 2200 2339 2254 enim
2371 2199 2537 2254 aiunt
2562 2204 2797 2271 partum
2820 2199 3131 2256 informem
3160 2199 3365 2272 lingua
3385 2199 3663 2267 lambere,

2017 2294 2073 2346 et
2102 2289 2258 2359 quod
2289 2294 2511 2344 natura:
2553 2289 2752 2345 minus
2801 2293 2911 2353 est,
2946 2288 3141 2344 officio
3189 2288 3402 2361 lingua:
3434 2289 3478 2323 ⁵³
3507 2304 3664 2343 com-

2016 2377 2190 2449 plere.
2229 2377 2322 2432 Sic
2354 2382 2411 2431 et
2449 2377 2545 2433 ille
2597 2377 2803 2433 beatus
2848 2377 2936 2432 vir
2982 2376 3243 2433 carnales
3291 2380 3668 2457 quosque,.et

2018 2466 2209 2522 solum
2267 2483 2335 2522 ea
2393 2484 2519 2538 qua:
2550 2468 2593 2501 ⁵³
2634 2466 2830 2522 carnis
2888 2471 3028 2522 sunt
3087 2466 3403 2537 sapientes,
3454 2466 3663 2538 prmdi-

2022 2558 2205 2612 cando
2255 2557 2328 2610 ad
2384 2558 2631 2611 formam
2680 2556 2772 2611 sui
2827 2555 3056 2613 reduxit
3104 2554 3486 2627 principii“;
3529 2571 3666 2633 [πλυτ

2021 2646 2246 2701 turiens
2276 2661 2506 2716 semper
2537 2645 2783 2699 Domino
2814 2646 2883 2701 de
2910 2644 3047 2699 filiis
3096 2644 3193 2699 irae
3243 2644 3525 2715 populum
3571 2661 3664 2700 ac-

2021 2734 2378 2808 quisitionis,
2412 2737 2477 2789 ut
2506 2750 2639 2788 cum
2679 2733 2953 2805 Apostolo
3004 2733 3221 2787 diceret
3254 2749 3267 2786 :
3301 2732 3489 2787 Filioli
3531 2734 3661 2801 mei,

2022 2840 2152 2896 quos
2184 2826 2380 2879 iterum
2403 2823 2675 2894 parturio.
2708 2821 2875 2877 donec
2899 2822 3168 2891 formetur
3216 2820 3462 2875 Christus
3494 2821 3553 2873 in
3584 2835 3667 2873 v0-

2023 2914 2105 2969 bis
2127 2913 2265 2986 (Gal.
2301 2930 2377 2979 ιν,
2412 2911 2519 2982 19).
2556 2909 2825 2975 Mentior,
2858 2909 2907 2964 si
2946 2908 3067 2964 haec
3116 2909 3244 2980 ejus
3292 2905 3563 2963 exercitia
3592 2907 3664 2962 ad

2027 3002 2211 3058 nostri
2244 2999 2523 3072 temporis
2554 2999 2751 3054 faecem
2782 2999 2825 3032 ⁵⁵
2858 3015 2972 3053 non
3022 3014 3210 3069 usque
3258 2997 3663 3052 decurrerunt.

2022 3093 2169 3148 Nam
2199 3095 2267 3146 ut
2294 3088 2733 3162 praetermittam
2766 3104 2885 3155 eos,
2920 3104 3069 3159 quos
3108 3090 3209 3141 aut
3262 3085 3381 3141 viva
3422 3102 3559 3140 voce
3584 3084 3669 3139 in-

2025 3180 2257 3245 struxit,
2290 3182 2393 3234 aut
2423 3175 2713 3233 vicinitate
2744 3176 3026 3247 temporis
3058 3191 3162 3247 per
3190 3190 3309 3239 eos,
3342 3173 3443 3246 qui
3468 3173 3665 3229 audie-

2026 3273 2165 3325 rant‘
2185 3284 2319 3323 eum
2351 3265 2440 3321 vel
2460 3266 2743 3332 viderant,
2769 3263 2877 3319 sibi
2904 3264 2961 3317 in
2984 3263 3259 3335 plurimis
3288 3262 3669 3318 immitabiles

2022 3357 2158 3413 fecit
2185 3388 2255 3397 --
2283 3373 2419 3411 nam
2453 3352 2743 3426 adazquari
2775 3353 2825 3408 ei
2858 3354 2917 3408 in
2948 3352 3223 3407 omnibus
3253 3351 3668 3407 difﬁcillimum

2026 3448 2138 3502 fuit
2170 3464 2183 3500 :
2214 3478 2282 3485 ——
2311 3462 2439 3511 nos,
2472 3444 2529 3497 in
2562 3460 2710 3514 quos
2740 3442 2887 3497 ﬁnes
2937 3441 3267 3496 seculorum
3317 3442 3596 3496 devenere
3626 3440 3669 3475 ⁸⁸

2025 3537 2160 3606 (55),
2193 3534 2330 3588 licet
2362 3533 2419 3586 in
2454 3531 2623 3587 nobis
2657 3529 2886 3585 nullum
2918 3530 3147 3601 patroni
3187 3528 3480 3600 specimen
3515 3528 3668 3583 relu-

2027 3628 2155 3679 ceat
2180 3621 2421 3695 ingenii,
2455 3620 2513 3674 id
2545 3619 2763 3691 ipsum,
2794 3618 3405 3690 quantulumcumque
3436 3634 3668 3683 sumus,

2026 3713 2155 3784 ejus
2201 3714 2541 3765 constamus
2571 3709 2613 3742 ⁵⁷
2644 3706 2987 3778 patrocinio.
3029 3706 3176 3760 Nam
3225 3704 3596 3777 signaculum
3626 3705 3670 3739 ⁸⁸

2026 3799 2388 3874 apostolatus
2418 3796 2548 3867 ejus
2577 3797 2621 3831 ‘9
2651 3812 2758 3851 nos
2789 3811 3022 3867 quoque
3066 3810 3276 3849 sumus
3306 3793 3365 3847 in
3398 3793 3667 3848 Domino.

2027 3891 2341 3947 Famosum
2372 3890 2567 3942 autem
2608 3901 2742 3940 eum
2792 3901 2939 3950 esse,
2974 3899 3089 3937 non
3138 3898 3490 3954 magnopere
3542 3897 3669 3935 nos-

2025 3985 2185 4036 trum
2215 3982 2305 4033 est
2324 3974 2735 4032 commendare
2758 3991 2770 4040 ;
2792 3971 2903 4027 scit
2922 3970 3031 4028 hoc
3054 3987 3268 4043 magna
3290 3986 3425 4043 pars
3447 3968 3667 4035 Galliaa,

2026 4070 2223 4126 sciunt
2253 4071 2310 4123 et
2341 4065 2423 4121 hii
2456 4080 2604 4136 quos
2630 4061 2805 4117 variis
2838 4059 3282 4115 infirmitatibus
3313 4063 3550 4116 vexatos
3582 4074 3670 4115 sa-

2027 4176 2134 4215 nos
2163 4154 2355 4213 reddit
2382 4151 2611 4209 cotidie.

2096 4250 2150 4303 3.
2184 4248 2370 4312 Quare
2401 4246 2596 4298 autem
2630 4257 2764 4297 eum
2798 4241 3138 4313 episcopum
3170 4238 3351 4296 luisse
3394 4239 3667 4305 dicimus,

2027 4352 2177 4408 saepe
2205 4352 2238 4389 a
2268 4333 2437 4389 nobis
2468 4330 2779 4403 quaesitum
2812 4334 2919 4385 est.
2947 4329 3092 4385 Nam
3116 4333 3307 4383 textus
3337 4326 3649 4398 descriptio

2026 4427 2119 4482 nis
2140 4424 2271 4480 vita:
2301 4421 2488 4494 ipsius
2521 4419 2861 4491 episcopum
2894 4435 3029 4473 eum
3078 4417 3260 4472 fuisse
3307 4417 3474 4471 docet
3522 4414 3668 4485 (56);

2026 4514 2219 4572 locum
2251 4516 2449 4567 autem
2478 4508 2565 4564 vel
2596 4512 2862 4579 tempora
2891 4504 3275 4562 ordinationis
3305 4501 3605 4576 ipsius,vel
3639 4519 3674 4556 a

251 4594 443 4663 Justi,
476 4597 576 4668 qui
610 4600 870 4671 regnavit
898 4600 1071 4656 annis
1106 4604 1352 4673 septem,
1387 4617 1612 4656 necnon
1644 4607 1702 4658 et
1732 4604 1918 4677 Dago-
1950 4611 1998 4675 Ι)
2030 4605 2247 4676 quibus
2277 4600 2582 4655 ordinatus
2604 4597 2701 4664 sit,
2729 4596 2966 4651 omnino
2989 4594 3342 4649 silet.Sedin
3365 4591 3540 4647 cartis
3563 4590 3672 4645 sub

254 4684 413 4740 berti
446 4684 550 4739 filii
594 4688 859 4757 ejusdem
910 4688 1251 4758 Hildeberti,
1286 4690 1384 4761 qui
1438 4691 1702 4763 regnavit
1749 4694 1922 4751 annis
2029 4695 2158 4766 ejus
2185 4697 2447 4763 tempore
2479 4687 2648 4743 factis
2677 4704 2743 4741 ac
2781 4683 3146 4756 perantiquis
3194 4682 3672 4736 membranarum

1622 4817 1865 4875 VARl/E
1904 4818 2320 4877 LECTIONES.

333 4909 379 4943 ³⁵
412 4909 572 4963 enim
625 4910 674 4965 1.
720 4910 881 4968 deest.
914 4916 969 4968 2.
1046 4914 1089 4947 ³⁷
1124 4916 1187 4968 ut
1218 4912 1289 4967 1?
1316 4917 1370 4968 2.
1448 4914 1491 4948 ³⁸
1521 4919 1731 4971 conatu
1768 4918 1817 4972 1.
1893 4919 1940 4954 3°
1970 4918 2156 4973 noluit
2197 4918 2245 4972 1.
2325 4914 2370 4947 ‘0
2399 4917 2457 4967 et
2483 4914 2537 4965 2.
2616 4911 2655 4944 ⁴¹
2692 4909 2942 4980 Capitula
2994 4907 3288 4980 Dacherius
3335 4921 3404 4960 ex
3427 4919 3677 4980 ⁸ιιροθνςι-

402 4980 529 5035 Lob.
548 4981 668 5061 ,(ιξ)
696 4987 912 5055 recepit.
989 4985 1037 5061 Ψ
1065 4985 1305 5061 secundi
1469 4985 1513 5018 ὀδ
1536 4987 1775 5061 pipinus
1808 4988 1880 5043 1?
1906 4994 1960 5044 2.
1982 4992 2207 5061 θερέω.
2284 4987 2329 5019 “
2350 4986 2726 5061 permanente
2755 4976 2808 5034 2.
2878 4980 2929 5061 “5
2950 4976 3599 5061 quoniamscrvabatur

256 5045 315 5133 λδ-
341 5045 739 5133 scripsi'ef
767 5045 1037 5133 constanti
1062 5056 1236 5133 medii
1262 5059 1372 5133 mei
1402 5045 1618 5133 us_u,fet.
1641 5060 1717 5112 ita
1735 5062 1900 5114 etiam
1929 5045 2254 5133 parrbchia.
2284 5045 2504 5133 cotidie,
2534 5052 2726 5133 curtis,
2759 5045 3081 5133 nugtor-itas,
3116 5051 3395 5133 conicere,
3419 5045 3675 5133 valitudq

258 5129 316 5205 et
345 5124 484 5188 alia,
521 5116 808 5205 inquietis
836 5127 1136 5205 scribendis
1164 5131 1218 5181 2.
1250 5128 1361 5182 sibi
1402 5116 1632 5205 minime
1678 5138 1902 5205 constat.
1930 5116 1999 5188 ile
2028 5134 2236 5205 Licere
2282 5127 2449 5205 nihit
2476 5116 2805 5205 compertum
2852 5121 3129 5205 hahemus:
3152 5122 3248 5205 ..ξπ
3280 5118 3571 5205 exercitus
3603 5116 3677 5205 1!?

257 5195 307 5227 ⁴⁸
345 5186 687 5266 suscepit'2.
763 5199 810 5233 “9
838 5204 1097 5254 oromate
1128 5215 1266 5253 corr.
1302 5203 1560 5252 aromate
1589 5202 1643 5253 2.
1721 5202 1765 5235 ⁵ο
1790 5202 1934 5257 deest
1960 5186 2013 5258 2.
2092 5204 2133 5237 ⁵⁸
2164 5201 2311 5256 deest
2342 5200 2390 5251 1.
2420 5200 2474 5250 2.
2508 5186 2604 5249 ubi
2657 5194 3013 5266 inﬁmargine
3058 5192 3282 5266 additur
3310 5209 3328 5244 :
3358 5191 3521 5245 deest
3569 5186 3674 5266 ali:

304 5264 434 5319 uid.
455 5259 764 5344 _D&c_lierius
793 5286 972 5344 pacem
996 5270 1218 5344 exgcod.
1244 5269 1369 5324 Lob.
1394 5271 1416 5323 Ρ
1442 5268 1613 5344 edidit
1662 5278 1723 5344 et,
1750 5280 1871 5344 post
1916 5273 2234 5344 Teutonica
2279 5266 2405 5324 add.
2439 5284 2452 5322 :
2485 5282 2658 5344 ursus
2710 5259 2942 5344 dicitur,
2978 5263 3118 5344 quod
3170 5279 3335 5344 sensu
3364 5267 3555 5344 mearet.
3632 5259 3678 5292 ⁵³

332 5337 512 5415 ταμίη
572 5339 617 5371 ⁸³
647 5356 701 5415 q.
738 5340 863 5396 sola
893 5358 1020 5414 quae
1050 5342 1102 5398 2.
1181 5342 1227 5376 δ”
1246 5339 1523 5414 prmpt..ii
1554 5343 1605 5395 1.
1683 5342 1727 5376 ⁵⁵
1750 5333 1963 5400 faciem
1996 5347 2045 5404 1.
2125 5345 2169 5379 ⁵⁸
2198 5342 2558 5398 devenerunt
2586 5335 2658 5391 1?
2731 5335 2775 5369 ⁵⁷
2808 5333 3204 5415 contestamur
3236 5336 3286 5389 1.
3363 5333 3406 5367 ⁵⁸
3438 5333 3674 5404 signum

260 5411 325 5463 2.
405 5407 452 5441 δ’
477 5407 622 5466 deest
647 5407 702 5466 2.

1857 5512 2089 5571 ΝΟΤίΕ.

346 5593 459 5742 (533
487 5595 751 5671 Crespin,
782 5600 933 5657 dioc.
967 5598 1421 5657 Cameracensis.

346 5667 437 5739 (54
490 5667 574 5725 Cf.
605 5672 760 5729 Anso
790 5671 922 5730 Vita
953 5672 1214 5732 Ursmari
1243 5690 1293 5730 c.
1328 5674 1355 5730 1

346 5667 459 5739 (54)
490 5667 574 5725 Cf.
605 5667 760 5729 Ᾱηεο
790 5671 922 5730 Vita
953 5672 1214 5732 Ursmari
1243 5690 1293 5730 c.
1328 5674 1355 5730 1

2106 5598 2519 5677 (55A)A1}n_u_sab
2542 5595 2942 5677 incarnatione
2963 5593 3312 5677 millesimus
3335 5593 3673 5650 timebatur.

2240 5674 2323 5732 Cf.
2355 5671 2486 5729 Vita
2518 5688 2570 5726 a.
2601 5671 2834 5726 Ausone
2864 5668 2923 5724 in
2954 5667 3100 5742 prol.
3135 5672 3192 5725 et
3220 5683 3351 5742 sqq.
