4056 6178
245 332 358 411 553

1226 329 1328 391 DE
1372 327 1647 392 GESTIS
1686 324 2067 393 ABBATUM
2112 325 2665 391 LAUBIENSIUM.

3529 321 3645 389 551

242 463 1250 540 glorimmagistri,decedensoctavo
1264 462 1552 519 Kalendas
1572 462 1706 518 Maii
1720 462 1885 534 (737).
1917 461 1974 527 Α
2006 459 2151 515 Nam
2186 460 2507 516 hereticum
2541 460 2708 516 illum
2731 461 2791 516 in
2812 460 2922 517 hoc
2942 478 3058 518 non
3090 467 3178 519 est
3206 462 3460 541 credere,
3495 463 3650 535 quod
3702 513 3706 517 .

269 612 278 631 ,
306 557 361 613 6.
400 555 536 631 Post
566 570 738 628 quem
761 554 949 610 extitit
974 553 1356 631 Theoduinus
1377 553 1596 619 abbas;
1623 551 1733 605 sub
1755 566 1891 622 quo,

243 630 636 700 Karlomanno
658 641 878 714 majore
899 630 1110 698 domus
1131 641 1502 709 concedente,
1524 638 1722 695 villam
1747 639 1893 694 Fon-

240 735 434 800 tanas,
468 746 647 804 quam
678 728 928 787 Sambra
955 729 1144 799 alluit,
1177 730 1423 787 ecclesia
1453 732 1655 785 nostra
1681 728 1897 783 habere

238 821 459 900 meruit
478 837 494 888 ;
516 819 577 877 in
598 821 771 894 cujus
789 820 1186 877 concessionis
1205 822 1368 876 carta
1383 817 1466 875 sic
1494 817 1895 890 subscriptum

236 914 368 967 est:
422 909 612 967 Actum
669 908 914 983 Liptinas
936 910 981 944 ⁷³
1009 909 1148 965 villa
1184 908 1432 982 publica,
1477 923 1581 981 quo
1624 908 1759 979 facit
1805 908 1898 963 Fe-

239 1000 506 1057 bruarius
543 998 658 1056 dies
685 1015 802 1069 sex,
834 992 981 1056 anno
1023 997 1255 1056 secundo
1299 1005 1557 1070 regnante
1597 995 1890 1053 Hitderico.

236 1092 309 1167 Et
342 1091 401 1145 in
434 1089 542 1145 hac
572 1087 950 1162 stipulatione
980 1105 996 1144 :
1028 1088 1279 1161 Signum,
1314 1086 1896 1160 inquit,Kariomanni

237 1180 469 1253 majori:
490 1177 706 1243 domus,
737 1178 835 1250 qui
868 1177 1009 1233 hanc
1053 1177 1398 1233 donationem
1451 1178 1581 1248 fecit
1622 1177 1890 1247 ﬁrmavit-

238 1285 365 1343 que.
394 1272 452 1323 Is
483 1283 621 1343 sane
641 1270 729 1322 est
748 1265 1179 1322 Karlomannus
1202 1266 1426 1338 Pippini
1460 1266 1655 1332 frater,
1677 1265 1777 1336 qui
1811 1280 1894 1319 re-

236 1356 518 1429 linquens
540 1356 649 1428 (66)
670 1371 976 1427 operosam
1000 1355 1161 1427 regni
1184 1352 1894 1424 administrationem,pri-

235 1456 407 1503 mum
429 1446 625 1525 Romae
655 1443 903 1499 clericus
926 1443 1203 1512 factus,in
1226 1444 1452 1516 Serapti
1477 1442 1672 1499 monte
1693 1459 1891 1498 mona-

232 1534 485 1592 sterium
506 1522 827 1599 aedificavit,
835 1536 1038 1604 postea
1049 1530 1203 1604 apud
1215 1533 1494 1589 Sanctum
1509 1531 1888 1587 Benedictum

231 1624 294 1683 in
328 1621 576 1679 Cassino
628 1622 825 1677 monte
873 1619 1199 1677 monachus
1230 1621 1469 1678 effectus
1500 1624 1608 1697 est.
1643 1618 1887 1675 Hilderi-

231 1702 503 1784 cum(67)
526 1709 684 1791 enim
706 1725 901 1782 regem
924 1726 1104 1784 supra
1123 1707 1491 1791 nominatum
1513 1709 1624 1766 sub
1646 1708 1889 1787 Pippino

2005 548 2277 605 hereticis
2306 566 2424 605 non
2454 550 2724 605 reeiStere
2762 551 2914 607 idem
2948 549 3093 624 pene
3122 549 3212 609 est
3238 543 3468 626 "quod
3501 552 3652 607 fave-

2004 652 2087 703 re,
2118 641 2177 693 et
2204 640 2290 694 tot
2318 638 2586 711 tantique
2616 636 2723 694 viri
2755 640 2896 695 tunc
2924 639 3203 713 temporis
3247 634 3363 698 non
3394 634 3657 698 sinerent

2006 724 2121 782 tale
2151 725 2289 798 quid
2318 743 2579 799 serpere;
2611 727 2754 800 quin
2773 725 2956 783 immo
2975 727 3247 785 “inditis
3276 728 3511 802 scriptis
3540 738 3657 802 pu-

2005 813 2323 883 blicis,sive
2354 816 2426 871 ad
2454 818 2891 889 praecavendam
2911 817 2957 853 ⁸⁸
2983 817 3104 874 sive
3135 818 3207 874 ad
3236 808 3657 876 confutandam

2003 902 2280 973 heresim,
2314 903 2499 961 libera
2528 904 2978 978 insequerentur
3004 907 3372 976 auctoritate,
3406 898 3655 964 Domino

2007 991 2348 1049 terribiliter
2402 992 2820 1050 interminante
2850 1008 2865 1049 :
2897 993 3227 1065 Natalicius,
3286 990 3499 1068 inquit,
3559 983 3658 1070 qui

1999 1082 2345 1156 prohibuerit
2369 1083 2617 1153 gladium
2643 1100 2806 1138 suum
2834 1101 2866 1139 a
2897 1078 3166 1155 sanguine
3192 1075 3650 1158 (Jer.x1.viu,iO).

2006 1170 2121 1228 Nec
2162 1171 2286 1227 fieri
2317 1171 2509 1243 potuit
2544 1172 2609 1240 ⁸⁸,
2649 1176 2714 1227 ut
2743 1188 2861 1241 eos,
2896 1188 3145 1243 quorum
3177 1176 3370 1230 mente
3400 1173 3460 1229 in
3491 1171 3653 1228 cmlis

2003 1265 2127 1316 erat
2181 1261 2562 1329 conversatio,
2624 1261 2967 1317 Ursmarum
3045 1262 3174 1317 dico
3228 1256 3286 1317 et
3343 1262 3652 1319 Erminum

2001 1348 2235 1404 nonnisi
2287 1349 2623 1405 imitaturus
2671 1355 2980 1423 expeteret,
3013 1366 3147 1406 cum
3180 1351 3253 1407 ab
3284 1351 3427 1424 ipsis
3472 1351 3651 1423 recipi

1999 1453 2116 1492 non
2146 1438 2353 1511 potuit,
2386 1438 2499 1495 nisi
2543 1440 2825 1511 probatus
2854 1444 2911 1496 et
2958 1439 3084 1513 ipse
3132 1445 3302 1497 antea
3344 1441 3403 1498 in
3443 1441 3654 1497 castris

2001 1525 2323 1583 Dominicis
2355 1527 2530 1583 fuerit
2558 1529 2932 1586 exercitatus.
2957 1530 3068 1586 Sed
3100 1534 3159 1586 et
3184 1530 3259 1586 de
3286 1533 3491 1587 sancto
3519 1528 3655 1585 Vul-

1999 1615 2126 1687 giso
2158 1616 2429 1691 episcopo
2454 1616 2535 1672 nil
2556 1618 2627 1673 ad
2645 1634 2752 1675 nos
2767 1621 2975 1691 praster
2994 1612 3203 1691 parum
3224 1614 3517 1692 perlatum
3538 1623 3649 1675 est.

2001 1702 2336 1760 Invenimus
2357 1709 2556 1762 tamen
2586 1705 2646 1761 in
2679 1706 2898 1765 nostris
2918 1707 3286 1780 perantiquis
3317 1694 3654 1782 martyrelo-

232 1788 787 1898 regnasse,tradunt
814 1796 1103 1887 historias;
1128 1814 1253 1885 quis
1285 1802 1341 1855 et
1371 1788 1565 1872 ipsum
1596 1800 1891 1854 testantur
1915 1830 1968 1898 Β
1998 1790 2321 1898 Ξίἰξςζρυὲᾶ
2361 1794 2405 1829 ⁸⁷
2436 1793 2563 1898 dies
2592 1792 2841 1896 natalitii
2866 1795 2911 1898 ξε
2940 1797 3070 1898 ej'us
3100 1796 3184 1853 eic
3215 1797 3535 1898 adnotatur
3556 1798 3603 1834 ⁸⁹
3633 1815 3648 1857 :

232 1894 450 1965 postea
454 1889 634 1961 jussu
649 1882 938 1945 Zachariaa
953 1882 1115 1960 papa:
1132 1882 1435 1944 attonsum
1451 1890 1507 1944 et
1523 1886 1582 1942 in
1600 1889 1891 1942 monaste-

233 1981 396 2038 rium
413 1984 651 2036 trusum
666 1977 740 2047 7‘;
761 1976 1011 2050 indeque
1033 1968 1434 2034 monarchiam
1458 1976 1640 2049 regni,
1661 1975 1888 2031 Bonifa-

238 2060 328 2123 cio
364 2063 804 2138 archiepiscopo
831 2068 1229 2133 consecrante,
1264 2063 1505 2137 Pippino
1534 2063 1800 2121 cessisse.
1850 2138 1857 2139 ί

276 2158 362 2212 ‘7.
391 2155 474 2212 De
491 2152 634 2210 Abel
652 2150 885 2225 quoque
916 2148 1095 2225 supra
1124 2152 1425 2209 nominato
1446 2151 1560 2210 tale
1581 2152 1722 2225 quid
1743 2169 1894 2210 com-

233 2238 525 2319 perimus.
548 2240 747 2298 Remis
769 2257 903 2298 cum
928 2232 1334 2309 fuissemus,et
1354 2258 1487 2297 cum
1509 2241 1629 2298 viro
1650 2257 1893 2297 venera-

232 2333 340 2390 bili
365 2337 426 2389 et
449 2330 684 2387 illarum
698 2329 954 2403 partium
968 2328 1369 2387 eruditissimo
1386 2329 1897 2386 confabularemur

230 2422 606 2480 A‘dalberone
626 2420 672 2454 ⁷⁸
700 2418 1160 2492 archiepiscopo,
1193 2408 1625 2492 requirentibus
1654 2420 1697 2454 ⁷⁸
1727 2419 1897 2475 nobis

234 2511 532 2585 originem
555 2509 827 2582 ejusdem
853 2500 1107 2593 civitatis
1128 2509 1192 2576 ⁷⁷,
1215 2513 1272 2563 et
1302 2508 1362 2564 in
1395 2524 1462 2564 ea
1491 2508 1898 2582 episcoporum

236 2594 676 2670 successiones,
699 2595 942 2671 prolatis
976 2595 1242 2669 ejusdem
1271 2596 1524 2653 ciVitatis
1548 2595 1897 2670 pontificali-

234 2690 353 2746 bus
371 2688 560 2763 gestis
574 2688 818 2760 (68),pro
831 2684 1222 2758 oportunitate
1234 2686 1513 2759 temporis
1525 2685 1823 2743 satisfecit.
1834 2685 1898 2741 In

232 2777 465 2850 quibus
490 2774 760 2831 videlicet
779 2770 960 2847 gestis
981 2772 1285 2831 inventum
1304 2779 1416 2841 est,
1439 2774 1592 2847 quod
1613 2774 1672 2830 in
1695 2774 1898 2831 eadem

233 2859 482 2924 civitate
516 2863 659 2920 Abel
699 2863 940 2937 quidam
970 2862 1014 2898 ⁷⁸
1045 2850 1220 2919 fuerit
1248 2863 1577 2936 episcopus,
1609 2864 1709 2937 qui
1743 2863 1802 2920 in
1833 2881 1903 2920 ea

235 2955 421 3029 plura
444 2951 541 3026 vel
572 2949 913 3024 acquisierit
935 2948 1023 3006 vel
1059 2946 1440 3019 ordinaverit;
1464 2949 1599 3005 ﬁnis
1618 2967 1751 3006 vero
1771 2952 1901 3027 ejus

235 3039 384 3118 quis
446 3042 646 3120 fuerit,
690 3040 939 3115 scriptor
991 3036 1290 3114 gestorum
1349 3044 1450 3097 aut
1503 3040 1768 3109 nescivit,
1800 3044 1903 3111 aut

236 3133 492 3191 omnin‘o
566 3135 757 3187 tacere
830 3129 1032 3186 voluit.
1092 3127 1208 3187 Nos
1273 3128 1567 3186 ventilatis
1620 3131 1665 3166 7°
1719 3130 1945 3186 unde--

1998 1880 2189 1938 Pridie
2232 1882 2418 1939 Nonas
2459 1883 2749 1940 Februarii
2777 1885 2835 1940 in
2864 1885 3110 1942 Laubaco
3142 1889 3471 1944 monasterio
3498 1887 3654 1960 depo-

1999 1972 2125 2027 sitio
2152 1972 2334 2027 sancti
2364 1972 2572 2043 Vulgisi
2596 1974 2853 2045 episcopi.
2883 1973 2996 2030 Sed
3018 1977 3085 2050 et
3113 1974 3487 2031 mausoleum
3501 1976 3569 2046 θοι
3589 1975 3652 2032 in

2003 2076 2117 2132 quo
2147 2060 2419 2117 conditus
2450 2061 2491 2095 οι
2516 2061 2695 2133 jacet,
2720 2059 2779 2116 in
2810 2067 3085 2136 promptu
3119 2067 3210 2121 est
3238 2064 3494 2121 cernere.
3568 2060 3573 2065 ’

2072 2152 2126 2203 8.
2161 2148 2503 2206 Theoduino
2550 2150 2732 2223 igitur
2781 2151 2977 2208 abbati
3025 2153 3378 2213 saccessit”
3408 2158 3651 2211 sanctus

2003 2237 2424 2312 Theodulphus
2449 2237 2759 2312 episcopus
2790 2239 2850 2294 in
2879 2240 3206 2312 provisione
3234 2243 3497 2315 praedicti
3517 2243 3649 2311 loci,

2010 2328 2226 2399 partim
2249 2327 2357 2382 sub
2381 2326 2623 2400 Pippino
2645 2329 2883 2406 praefato
2904 2330 3167 2404 principe
3183 2336 3315 2403 post
3332 2332 3483 2389 facto
3497 2338 3651 2407 rege,

2008 2432 2213 2473 novem
2250 2432 2384 2473 vero
2425 2416 2596 2472 annis
2626 2418 2735 2472 sub
2758 2418 2957 2474 Carolo
2979 2434 3112 2491 rege
3140 2426 3274 2492 post
3303 2438 3434 2478 vero
3464 2422 3509 2457 93
3536 2422 3655 2479 im-

2006 2508 2271 2577 peratore
2295 2523 2308 2575 ;
2343 2521 2552 2579 regens
2582 2505 2728 2562 illud
2760 2523 2874 2563 non
2904 2509 3161 2585 segniter
3178 2513 3237 2566 et
3264 2509 3658 2583 augmentan's

2007 2610 2124 2651 non
2157 2593 2544 2650 mediocriter.
2578 2595 2699 2652 Sub
2757 2596 2886 2667 ejus
2945 2595 3102 2652 enim
3159 2601 3423 2671 tempere
3469 2599 3660 2658 multa

2007 2681 2265 2738 ecclesiae
2291 2687 2503 2738 nostrae
2529 2683 2748 2755 praedia
2776 2682 2987 2741 collata
3017 2690 3178 2754 sunt,
3210 2701 3339 2758 qua
3371 2687 3659 2745 describe—

2008 2775 2230 2840 rentur,
2253 2769 2305 2826 si
2326 2787 2441 2826 non
2473 2771 2532 2826 in
2553 2775 2830 2845 promptu
2851 2778 3050 2829 essent
3069 2774 3497 2845 donationes,et
3525 2792 3658 2835 car-

2004 2863 2076 2914 tae
2107 2858 2418 2931 legatariae,
2451 2864 2508 2915 et
2535 2859 2659 2931 ipse
2696 2860 2966 2928 brevitati
2999 2879 3115 2918 non
3145 2862 3468 2920 studerem.
3501 2863 3658 2922 Obiit

2008 2952 2206 3004 autem
2248 2965 2402 3004 anno
2428 2949 2538 3002 776
2566 2948 2880 3006 Dominica:
2926 2951 3367 3024 incarnationis,
3399 2952 3494 3010 die
3522 2969 3658 3010 vero

2010 3036 2339 3093 festivitatis
2369 3037 2557 3093 sancti
2584 3037 2872 3096 Johannis
2901 3039 3192 3113 Baptista).

2080 3126 2137 3180 9.
2167 3129 2323 3183 Anso
2353 3126 2509 3182 hunc
2549 3125 2815 3199 sequitur
2844 3128 2902 3183 in
2936 3128 3239 3203 regimine,
3272 3131 3359 3187 vir
3386 3133 3577 3190 bonus
3605 3138 3666 3189 et

236 3218 509 3296 cu’mque
565 3225 897 3293 temporum
951 3219 1237 3288 numeris,
1269 3212 1427 3275 hunc
1468 3221 1720 3279 eundem
1761 3217 1904 3275 Abel
1931 3192 1978 3263 α
2016 3221 2277 3284 sanctus,
2312 3216 2495 3272 abbas
2550 3221 2780 3273 tantum
2830 3222 2887 3274 et
2933 3192 3050 3275 non
3089 3220 3423 3296 episcopus,
3456 3238 3664 3296 regens

234 3320 303 3371 et
330 3315 611 3370 nostrum
642 3308 822 3366 fuisse
865 3313 923 3365 et
972 3300 1212 3367 Scotum
1251 3313 1309 3364 et
1354 3296 1718 3384 episcopum,
1751 3308 1905 3365 facili

236 3398 478 3461 ratione
526 3398 923 3474 probavimus.
972 3397 1085 3454 Sed
1132 3398 1273 3471 quia
1321 3398 1591 3475 scripto-ri
1639 3400 1766 3473 ejus
1818 3400 1905 3453 in-

237 3498 450 3551 cert’us
482 3488 708 3547 exstitit
739 3487 894 3555 linis,
929 3484 1330 3561 longinquitas
1365 3488 1410 3524 ⁸⁰
1440 3488 1584 3546 forte
1631 3488 1769 3545 fecit
1820 3487 1910 3546 iti-

240 3562 436 3650 neris,
464 3580 526 3640 et
554 3577 660 3635 viri
694 3574 949 3652 religiosi
1006 3566 1339 3634 voluntaria
1368 3578 1636 3652 privatio,
1658 3562 1715 3634 et
1746 3594 1911 3635 amor

238 3669 458 3748 patria:
482 3666 756 3727 cmlestis.
781 3665 933 3724 Dixit
963 3666 1140 3724 etiam
1170 3658 1482 3740 episcopus
1513 3680 1694 3743 supra
1720 3666 1908 3724 nomi-

240 3754 454 3829 natus,
485 3755 977 3831 praedecessorum
1009 3770 1252 3812 suorum
1283 3753 1522 3812 ductam
1552 3772 1737 3830 usque
1754 3755 1826 3811 ad
1848 3770 1911 3812 se

240 3838 768 3921 consuetudinem,
798 3846 861 3900 ut
890 3840 1043 3900 inter
1070 3842 1386 3921 missarum
1417 3842 1725 3901 sollemnia
1755 3845 1815 3901 in
1847 3860 1914 3900 ea

239 3919 503 4013 speciali
528 3928 1086 4003 ‘commemoratione
1117 3919 1546 4015 defunctorum,
1581 3936 1707 4007 quae
1737 3936 1916 4008 super

242 4026 486 4102 diptica
514 4023 731 4080 dicitur
760 4027 817 4080 et
851 4020 912 4078 in
950 4022 1387 4105 consecratione
1410 4022 1691 4105 dominici
1719 4040 1917 4097 corpo-

242 4117 334 4174 ris
368 4111 739 4173 sollemniter
769 4107 979 4184 agitur,
1010 4102 1225 4166 cotidie
1256 4109 1314 4164 in
1346 4102 1547 4166 aurem
1594 4110 1917 4183 presbyteri

242 4190 549 4264 recitante
579 4197 820 4258 silentcr
848 4190 1229 4267 subdiacono,
1251 4188 1518 4256 Omnium
1549 4198 1735 4273 ipsius
1760 4201 1919 4258 sedis

244 4276 512 4358 nomina
541 4288 758 4363 scripto
794 4284 1014 4345 viritim
1064 4280 1381 4345 recitentur
1406 4276 1815 4371 episcoporum
1833 4290 1874 4367 εξ
1901 4308 1915 4361 ;

2016 3306 2170 3361 idem
2203 3305 2530 3362 coenobium
2577 3306 2691 3363 sub
2731 3308 2860 3380 jam
2899 3308 3055 3367 dicto
3084 3310 3436 3383 imperatore
3461 3312 3665 3371 Carolo

2014 3393 2222 3470 viginti
2255 3398 2507 3468 quatuor
2535 3394 2870 3454 annis.Erat
2890 3402 3086 3455 autem
3113 3398 3270 3459 idem
3289 3402 3446 3461 Anso
3475 3401 3534 3459 et
3560 3411 3666 3475 pr‘o

2017 3483 2339 3558 capacitate
2372 3484 2591 3560 ingenii
2613 3484 2705 3542 sui
2726 3484 2935 3544 litteris
2962 3488 3405 3550 studensExtat
3430 3488 3669 3552 libellus

2018 3574 2159 3632 Vitae
2191 3574 2378 3631 sancti
2406 3573 2664 3632 Ursmari
2695 3575 2768 3630 ad
2800 3576 3286 3648 praedecessorum
3316 3580 3446 3654 ejus
3475 3580 3667 3641 Theo-

2020 3662 2309 3736 dulphum
2339 3663 2680 3737 episcopum
2707 3663 2781 3719 ab
2810 3680 2876 3724 eo
2905 3666 3273 3740 conscriptus
3301 3667 3591 3739 (69),item
3612 3674 3669 3725 et

2020 3751 2208 3810 sancti
2227 3750 2452 3808 Ermini
2484 3750 2634 3810 alius
2654 3753 2786 3825 (70),
2820 3753 2880 3811 in
2910 3753 3127 3827 quibus
3176 3755 3415 3829 quidem
3454 3757 3670 3829 veritas

2020 3842 2298 3911 historiis,
2323 3838 2613 3914 quantum
2644 3859 2679 3900 a
2706 3840 2994 3916 simplicis
3042 3842 3384 3916 eloquentia
3421 3845 3548 3903 viro
3575 3846 3672 3903 de-

2022 3929 2197 3989 scribi
2219 3929 2428 4005 potuit,
2452 3930 2857 4004 amplectenda
2881 3935 2986 3990 est.
3006 3932 3087 3989 De
3107 3932 3448 3993 Confusione
3471 3940 3669 3993 autem

2024 4021 2313 4079 dictorum
2333 4036 2449 4077 non
2480 4024 2749 4077 nostrum
2779 4023 2872 4078 est
2892 4020 3176 4093 judicare;
3209 4038 3341 4097 qua}
3365 4022 3489 4081 illis
3509 4028 3680 4084 tanta.

2024 4110 2197 4181 inest,
2223 4114 2289 4166 ut
2308 4110 2597 4166 incertum
2629 4110 2726 4179 sit,
2751 4112 3027 4166 utrum/9‘
3055 4112 3129 4168 ad
3160 4112 3517 4170 insinuanda
3545 4122 3676 4188 quat

2027 4199 2490 4269 noverat,minus
2508 4198 2641 4256 licet
2671 4199 3210 4273 erudite,quantum
3240 4201 3315 4258 ad
3344 4196 3674 4274 seculares;

2030 4290 2206 4347 fuerit
2225 4286 2521 4362 proclivis,
2543 4305 2618 4345 an
2647 4305 2752 4362 pro
2784 4289 3127 4364 excellentia
3148 4295 3450 4365 gestorum
3469 4298 3679 4366 sponte

244 4376 533 4456 satisque
563 4378 827 4457 mirasse,
852 4376 1008 4452 quod
1032 4372 1096 4433 in
1131 4394 1199 4433 ea
1227 4368 1780 4457 commemoratione
1798 4376 1923 4457 iste
2032 4376 2463 4453 parvipenderit
2491 4376 2721 4452 regulas
2743 4378 2984 4437 artis.Et
3012 4378 3106 4436 hic
3136 4380 3247 4438 sub
3277 4380 3516 4456 prmfato
3534 4373 3682 4439 obiit

243 4466 382 4532 non
409 4469 756 4527 inveniatur.
776 4456 961 4538 Quod,
986 4462 1051 4524 ut
1080 4456 1447 4541 conjicimus,
1480 4466 1695 4526 idcirco
1726 4456 1922 4526 actum
2030 4467 2258 4537 Carolo,
2275 4484 2341 4525 eo
2364 4483 2479 4540 quo
2501 4467 2656 4524 idem
2678 4466 2997 4541 imperator
3015 4469 3206 4527 factus
3225 4474 3315 4527 est
3335 4466 3489 4535 anno
3508 4466 3681 4543 (800).

243 4556 376 4634 est,
402 4552 473 4617 ‘ut
490 4558 617 4632 ipse
640 4556 872 4637 vacanti
896 4554 1019 4613 sedi
1032 4554 1161 4628 jam
1182 4550 1356 4614 antea
1386 4555 1696 4637 episcopus
1718 4557 1929 4629 jussus
1960 4567 2007 4635 Ι)
2108 4558 2245 4615 Post
2264 4572 2400 4614 eum
2415 4557 2459 4593 ⁸⁵
2478 4550 2725 4614 eandem
2749 4556 3045 4615 abbatiam
3065 4558 3371 4632 ustxrpavit
3390 4557 3686 4616 Hildricus

246 4653 337 4709 sit
356 4632 797 4721 aliquantisper
816 4632 1070 4702 insidere
1090 4661 1105 4714 ;
1123 4640 1184 4702 at
1204 4660 1308 4718 pro
1329 4633 1527 4703 amore
1545 4645 1645 4702 Dei
1668 4646 1931 4708 volunta-

244 4732 353 4799 ria
385 4735 653 4798 cessione
682 4737 889 4810 sponte
926 4728 1259 4809 eatalogum
1289 4731 1458 4791 illum
1491 4736 1832 4809 repudiasse
1861 4739 1926 4797 ³⁸.

2038 4646 2356 4705 canonicus
2377 4646 2487 4703 sub
2507 4644 2634 4718 ipso
2655 4644 3025 4719 imperatore.
3044 4647 3115 4704 Et
3136 4651 3270 4720 post
3284 4650 3419 4706 eum
3444 4648 3688 4705 Ramne-

1628 4853 1870 4920 VARIIE
1908 4850 2306 4921 LECTIONES
2319 4903 2332 4922 .

331 4961 390 5003 ⁷³
423 4957 664 5046 liptipas
682 4956 1200 5046 “corr..l‘iptana‘s
1261 4957 1324 5046 "'1‘
1347 4957 1653 5046 .reclpsurn
1679 4962 1734 5016 2.
1775 4961 1821 4998 ⁷⁵
1850 4960 1922 5046 ab
1941 4960 2284 5046 alberoned
2366 4962 2421 5015 2.
2443 4958 2506 5046 .75
2538 4958 2976 5046 requirentibus
2997 4976 3136 5046 corr.
3164 4959 3607 5046 inquirentibus

252 5036 303 5109 77
342 5029 606 5109 qrbis2.
660 5032 726 5109 λθ
755 5029 993 5109 quidem
1022 5030 1048 5086 1
1073 5029 1102 5109 ⁶ζ
1129 5032 1185 5085 2.
1208 5030 1307 5109 μυ
1333 5029 1412 5086 ita
1465 5029 1751 5109 tegendum
1805 5032 2063 5101 videtur;
2111 5032 2380 5109 veritatis
2437 5032 2487 5086 1.
2521 5029 2737 5109 tantis
2769 5031 2822 5085 2.
2857 5031 3085 5109 collatis
3113 5033 3198 5091 ed.
3224 5029 3321 5109 7'30
3347 5030 3609 5109 longitas
3636 5037 3693 5109 2.

254 5108 303 5144 ³³
330 5104 501 5167 deest
530 5105 582 5159 1.
658 5103 705 5138 ⁸³
727 5100 1048 5175 repudians
1080 5102 1130 5156 1.
1208 5100 1253 5137 ⁸³
1281 5117 1432 5174 pena
1460 5100 1539 5158 sit
1565 5105 1622 5158 2.
1688 5103 1734 5138 ⁸⁸
1751 5120 1897 5230 gnto
1943 5100 2047 5161 aut
2081 5120 2280 5179 ymmo
2304 5106 2358 5157 2.
2389 5103 2618 5175 saepius.
2694 5102 2739 5136 ⁸³
2768 5102 3185 5175 prcdicandam
3213 5108 3269 5161 2.
3345 5106 3391 5144 ⁸ο
3419 5100 3610 5179 potest
3636 5107 3694 5162 2.

254 5180 308 5214 ⁸⁷
345 5176 507 5233 deest
563 5176 590 5231 1
613 5174 642 5230 ‘I
696 5178 752 5232 2.
827 5173 872 5210 ³⁸
905 5170 1120 5230 natalis
1172 5175 1227 5226 2.
1303 5173 1349 5207 ⁸⁸
1376 5171 1693 5229 adnotatus
1793 5216 1806 5229 .
1883 5176 1929 5212 9°
1957 5174 2326 5232 manseolum
2384 5172 2514 5235 ejus
2569 5175 2623 5227 2.
2701 5173 2741 5207 ⁹¹
2773 5173 3077 5230 conditum
3122 5178 3178 5231 2.
3255 5176 3301 5212 9’
3329 5178 3613 5235 successit
3639 5178 3694 5234 2.

254 5189 306 5214 ’τ
345 5189 507 5233 decu
563 5189 590 5231 ι
613 5189 642 5230 ‘r
696 5189 752 5232 κ.
827 5189 872 5210 ὀ
905 5189 1120 5230 natans
1172 5189 1227 5226 κ.
1303 5189 1349 5207 ον
1376 5189 1693 5229 annoratus
1751 5189 1806 5239 κ.
1884 5189 1929 5212 νυ
1957 5189 2326 5232 manseotum
2384 5189 2514 5244 ejus
2569 5189 2623 5227 κ.
2703 5189 2741 5207 ἰ
2773 5189 3077 5230 conditum
3122 5189 3178 5231 κ.
3255 5189 3300 5212 υτ
3329 5189 3613 5235 successit
3639 5189 3695 5234 2.

253 5249 311 5288 ’³
342 5248 511 5308 facto
539 5249 596 5303 2.
672 5246 717 5283 ’δ
742 5249 806 5303 nt
835 5261 953 5304 non
984 5245 1011 5300 1
1037 5243 1066 5299 ?
1093 5246 1148 5300 2.
1227 5243 1271 5278 ⁸⁵
1302 5259 1477 5316 quem
1504 5247 1558 5300 2.
1636 5246 1680 5281 κ
1708 5243 1955 5303 lodovici
1988 5249 2014 5308 1
2039 5247 2143 5306 ⁸12.

1882 5369 2116 5429 NOTAE.

2127 5495 2239 5571 ((59)
2270 5492 2475 5571 Editus
2499 5493 2764 5571 ActLSS.
2794 5495 2975 5571 April.
3009 5513 3071 5568 ιι,
3103 5498 3229 5555 560.

347 5496 475 5571 (Q6)
503 5493 786 5571 Einhardi
815 5493 950 5571 Vita
977 5492 1165 5571 Caroli
1194 5494 1334 5571 c.‘2_.

2127 5566 2242 5641 (70)
2275 5566 2422 5624 Ibid.
2455 5582 2538 5636 111,
2571 5567 2695 5624 375.

346 5563 479 5639 (67)
509 5566 593 5639 Ib.
626 5580 678 5639 ᾳ.
713 5567 855 5639 i._et
882 5563 1139 5639 Annales
1168 5582 1221 5639 a.
1253 5564 1380 5636 749,
1412 5564 1537 5639 750.

347 5635 481 5715 (68)
509 5636 815 5695 Flodoardi
841 5655 855 5708 ;
892 5636 992 5694 ubi
1022 5636 1153 5695 vide
1181 5635 1223 5693 l.
1250 5652 1314 5710 ιι,
1346 5635 1397 5694 c.
1432 5638 1517 5694 16.

614 5744 882 5831 13mm.
927 5762 1273 5829 CXXXVII.
3280 5769 3360 5832 18

2037 4737 2197 4794 ricus
2212 4738 2472 4809 tempore
2488 4733 2689 4794 domni
2708 4733 2981 4795 Ludovici
2993 4736 3037 4775 ⁸⁸
3060 4736 3451 4811 imperatoris.
3471 4736 3692 4795 Deinde
3790 4766 3801 4771 η
