4104 6172
355 339 472 408 555

1435 339 1798 405 FOLCUINI
1841 331 2176 403 ABBATIS
2216 331 2677 434 LAUBIENSIS

3649 330 3766 394 556

354 478 697 551 pervenitad
721 478 1004 534 domnum
1041 476 1426 542 Folradum‘”,
1462 475 1796 548 piissimum
1828 475 2000 532 abha-
2028 477 2084 542 Α
2186 476 2271 530 12.
2297 475 2365 530 Et
2399 473 2504 530 hoc
2537 473 2710 528 rebus
2751 470 3030 527 humanis
3059 472 3344 542 exempto,
3371 463 3670 524 llabertus
3699 467 3770 523 de

355 565 858 634 tem,avunculum
875 568 1002 638 jam
1023 565 1164 622 dicti
1187 563 1538 635 Ramnerici,
1563 564 1674 620 sub
1686 564 1888 619 eodem
1902 553 2007 619 im-

357 659 638 730 peratore.
673 654 936 710 Priorum
960 659 1186 710 tantum
1213 653 1470 721 nomina,
1495 670 1609 708 non
1627 657 1790 725 gesta
1811 653 2005 708 sciun-

356 749 472 812 tur;
486 744 658 800 credo
670 749 909 816 propter
919 761 1208 800 annorum
1223 744 1264 778 9⁸
1280 743 1632 814 paucitatem
1647 745 2010 798 autcmnme-

357 833 742 888 morationem
763 849 878 888 non
912 831 1096 888 multo
1130 832 1354 887 utilem.
1387 831 1621 886 Tertius
1647 831 1780 902 quis
1813 832 2004 899 fuerit,

355 924 520 991 gesta
547 921 796 989 docent;
833 921 941 976 fuit
971 922 1128 976 enim
1159 921 1360 976 multa:
1393 920 1718 975 nobilitatis
1750 925 1806 973 et
1839 921 2006 991 regia:

356 1009 682 1065 afﬁnitatis.
716 1011 855 1064 Erat
913 1011 1128 1082 quippe
1187 1009 1389 1064 Carolo
1439 1026 1507 1063 ex
1553 1012 1759 1080 patruo
1805 1025 2004 1080 nepos,

351 1097 512 1154 sicut
571 1100 760 1154 elucet
789 1100 834 1134 9°
885 1099 943 1153 in
1003 1099 1222 1170 pariete
1278 1098 1456 1153 turris
1507 1097 1761 1152 ecclesia:
1821 1096 2009 1152 sancti

357 1186 622 1253 Quintini
643 1187 703 1242 in
725 1189 986 1259 Augusta
1007 1187 1497 1242 Viromandorum
1528 1217 1592 1225 —-
1616 1202 1750 1240 nam
1784 1185 1840 1240 id
1875 1201 2013 1258 quo-

358 1291 474 1348 que
510 1276 935 1332 monasterium
977 1281 1200 1332 rexerat
1223 1309 1288 1316 -·
1321 1275 1582 1348 sculptis,
1619 1276 1676 1328 in
1709 1275 1862 1330 hunc
1896 1291 2011 1330 mo-

357 1363 500 1420 dum
531 1379 594 1418 se
625 1364 691 1400 ¹⁰⁰
720 1363 1073 1420 habentibus
1107 1381 1120 1419 :

417 1488 549 1536 Cum
581 1487 734 1537 denis
761 1487 944 1538 lustris
973 1494 1153 1538 ternos
1182 1489 1360 1538 minus
1391 1489 1606 1538 inclitus
1637 1501 1808 1537 annos

482 1551 595 1623 Dex
627 1556 812 1623 ageret
836 1551 1073 1623 Carolus.
1107 1557 1315 1623 sceptra
1349 1554 1410 1623 tot
1445 1551 1679 1622 tenendo
1699 1551 1812 1623 pia,

419 1612 598 1676 Rebus
629 1612 683 1662 et
709 1613 962 1663 humanis
990 1612 1266 1676 exemptus
1297 1614 1533 1662 culmina
1562 1614 1712 1676 regni

482 1675 772 1740 Linqueret
801 1674 1249 1740 ingentiswtirex
1281 1676 1563 1740 Ludoviee,
1597 1674 1690 1740 tibi

417 1737 658 1802 Condere
685 1740 847 1802 carpit
865 1737 1013 1802 opus
1042 1738 1204 1802 hujus
1238 1738 1556 1802 venerabilis
1587 1739 1721 1788 aula:
1758 1737 1841 1794 '03,

484 1753 658 1786 maere
685 1753 847 1848 erepit
875 1753 1013 1802 opus
1043 1753 1204 1849 nugus
1238 1753 1556 1787 veneramus
1587 1753 1721 1788 aula)
1760 1753 1841 1794 ιυο,

484 1799 664 1850 Abbas
687 1801 952 1868 _Fu_ra_diis
981 1802 1106 1849 nobi
1131 1801 1254 1850 itate
1274 1801 1483 1868 _clue_ns.
1608 1865 1615 1868 _

420 1862 657 1934 Namque
686 1863 813 1934 huic
843 1865 1218 1934 Hieronymus,
1267 1863 1485 1934 Carolps
1505 1865 1696 1934 “pater.
1709 1860 1888 1934 extitit
1917 1858 2010 1918 illi,

480 1924 580 1988 Qui
611 1926 840 1987 propriae
869 1924 1138 1988 specimen
1169 1927 1343 1986 gentis
1373 1924 1443 1988 ad,
1469 1925 1576 1988 alta
1605 1924 1743 1988 tulit,

423 1985 566 2050 Bella
593 1985 802 2050 gerens,
835 1985 1135 2050 pacemque
1155 1985 1332 2043 tuens,
1357 1987 1448 2049 qui
1479 1987 1713 2035 culmina
1743 1985 1892 2048 regni

482 2048 562 2097 Ad
590 2048 796 2111 prolem
825 2048 970 2098 misit
999 2048 1290 2099 auxiliante
1323 2048 1448 2100 Deo.

432 2181 518 2242 10.
554 2181 677 2238 Hiis
709 2183 918 2239 diebus
970 2183 1267 2240 lucernam
1300 2198 1468 2238 suam
1502 2182 1806 2247 Dominus,
1833 2197 2011 2253 quam

351 2270 734 2343 justiﬁcando
764 2271 1070 2344 igniverat,
1106 2271 1349 2344 ignitam
1381 2270 2014 2337 beatilicaverat,beati~

360 2360 595 2416 ficatam
618 2361 920 2417 miraculis
950 2361 1365 2428 declaraverat,
1387 2359 1590 2415 nolens
1621 2358 1844 2414 diutius
1878 2357 2015 2413 deli-

359 2449 708 2518 tescere,sed
737 2450 807 2506 ad
832 2450 1113 2521 majorem
1135 2448 1566 2504 venerationem
1588 2447 2014 2503 cunctishomi-

361 2538 537 2595 nibus
575 2538 878 2612 propalare
914 2540 1003 2607 ιω,
1034 2538 1294 2612 praedicti
1325 2537 1556 2594 abbatis
1587 2554 1686 2592 cor
1713 2536 1923 2608 tetigit,
1957 2541 2013 2592 et

359 2627 426 2662 ¹⁰⁸
453 2630 517 2682 ut
536 2627 724 2684 sancti
748 2632 805 2683 et
825 2628 1137 2683 venerandi
1171 2633 1228 2682 et
1259 2644 1393 2682 cum
1427 2625 1586 2680 omni
1615 2642 1809 2682 amore
1831 2625 2015 2680 nomi-

359 2715 537 2772 nandi
597 2715 859 2772 Ursmari
915 2733 1127 2788 corpus
1171 2717 1235 2750 ¹⁰⁶
1287 2717 1356 2771 de
1417 2715 1684 2788 sepulcro
1742 2713 2010 2781 elevaret,

357 2803 646 2861 accendit.
679 2806 814 2871 Quae
852 2804 1095 2862 elevatio
1129 2806 1280 2861 facta
1311 2811 1400 2861 est
1425 2806 1597 2878 jussu
1631 2809 1687 2859 et
1720 2803 2011 2875 permissu

357 2892 488 2964 ejus
535 2894 634 2967 qui
693 2899 833 2951 tunc
884 2902 1009 2952 erat
1057 2897 1490 2952 Cameracensis
1535 2895 1846 2968 episcopus
1874 2895 2006 2966 (71),

357 2982 670 3056 agentibus
699 2984 764 3018 ¹⁰⁷
795 2984 1023 3041 clericis
1071 2985 1378 3057 utriusque
1427 2985 1670 3052 ordinis,
1721 3000 1854 3040 cum
1898 2983 2009 3038 fre-

359 3071 598 3144 quentia
616 3073 817 3145 populi
842 3089 1076 3146 magna.
1101 3072 1457 3145 Expletaque
1491 3073 1829 3138 elevatione,
1855 3072 2008 3127 diem

358 3158 522 3215 illam
543 3159 809 3216 festivam
832 3161 1044 3217 duxere
1070 3163 1152 3229 '0“,
1189 3162 1472 3234 nobisque
1503 3166 1557 3216 et
1589 3160 1838 3233 posteris
1869 3159 2010 3216 cele-

358 3247 522 3303 brem
579 3263 709 3304 esse
761 3265 1021 3305 sanxere.
1058 3251 1233 3306 Facta
1265 3256 1354 3306 est
1385 3256 1580 3306 autem
1614 3250 1733 3305 haac
1764 3249 2006 3305 elevatio

357 3351 510 3392 anno
542 3335 772 3392 Domini
802 3339 926 3404 823,
961 3339 1034 3394 ab
1075 3338 1264 3410 ipsius
1293 3357 1433 3394 vero
1479 3339 1666 3394 sancti
1694 3340 1757 3373 ¹⁰⁹
1783 3356 1896 3394 non
1920 3339 2005 3393 di-

359 3441 489 3482 cam
540 3425 701 3481 obitu
740 3426 844 3482 sed
885 3426 1170 3492 natalitio,
1207 3444 1320 3499 quo
1364 3429 1550 3482 vivere
1576 3429 1640 3462 ¹ι⁰
1671 3427 1844 3500 ccepit
1873 3443 2006 3483 cum

360 3513 609 3582 Christo,
645 3513 869 3571 decimo
900 3521 1032 3587 post
1077 3521 1313 3572 centum
1364 3523 1581 3572 exacto.
1615 3516 1839 3572 Abhinc
1871 3533 2008 3590 ergo

359 3602 534 3675 coepit
564 3603 712 3659 beati
745 3603 853 3658 viri
886 3604 1128 3660 celebris
1179 3605 1332 3662 fama
1384 3606 1766 3671 crebrescere,
1789 3611 1844 3660 et
1872 3623 2007 3662 con-

358 3690 676 3748 ﬂuentibus
698 3690 1102 3765 languentium
1131 3696 1340 3750 turmis
1354 3695 1424 3750 ad
1443 3694 1671 3750 diversa
1687 3694 2008 3750 sanitatum

355 3795 567 3854 genera
597 3780 899 3839 miraculis
928 3787 1400 3850 coruscare.Quze
1426 3781 1609 3838 multa
1630 3783 2011 3856 praedecesso-

356 3886 488 3928 rum
511 3875 844 3928 nostrorum
869 3889 971 3928 seu
994 3873 1224 3945 ignavia
1245 3889 1346 3929 seu
1371 3872 1666 3944 imperitia
1687 3872 1759 3927 ad
1774 3878 2008 3944 tempus

347 3960 748 4031 jacuerunt,et
770 3963 830 3996 ¹¹¹
855 3962 1051 4018 studia
1072 3962 1400 4018 litterarum
1424 3966 1562 4016 sunt
1586 3961 2004 4033 praetermissa;

357 4065 464 4106 nos
480 4063 549 4105 ea
568 4065 696 4121 qua:
715 4049 970 4106 vidimus
993 4055 1094 4108 aut
1123 4051 1480 4118 audivimus,
1515 4049 1922 4106 excellentiora
1943 4051 2008 4085 ¹¹²

355 4139 590 4193 tantum
647 4141 936 4206 notantes,
969 4140 1093 4196 suis
1136 4139 1194 4193 in
1246 4139 1386 4196 locis
1439 4155 1745 4210 ponemus,
1793 4144 1849 4194 et
1899 4138 2007 4195 hoc

357 4223 641 4280 faciemus
681 4225 882 4281 ordine
925 4233 1170 4294 servato,
1205 4244 1340 4282 cum
1373 4227 1488 4282 Deo
1521 4229 1773 4282 donante
1809 4227 1878 4282 ad
1913 4245 2007 4282 no-

357 4311 464 4369 stri
493 4312 776 4386 temporis
803 4313 1002 4372 fzecem
1032 4316 1491 4388 pervenerimus.

427 4403 514 4458 11.
547 4401 808 4460 Decessit
827 4407 1022 4460 autem
1049 4404 1359 4477 praedictus
1390 4405 1572 4462 abbas
1605 4406 1854 4462 triennio
1877 4412 2008 4479 post

353 4491 654 4564 prmfatam
711 4491 1092 4549 elevationem
1140 4494 1308 4564 (826),
1357 4493 1694 4566 relinquens
1756 4501 1887 4568 post
1946 4513 2007 4551 se

2115 563 2358 619 Corbeia
2385 562 2567 617 abbas
2588 559 2896 617 asciscitur
2926 558 3094 632 (835),
3115 558 3204 612 vir
3222 558 3414 613 bonus
3434 563 3495 614 et
3515 555 3777 614 multum

2117 652 2411 721 laudatus,
2447 655 2504 706 et
2545 650 2617 705 ob
2649 649 2708 704 id
2740 649 2810 705 ad
2837 649 2946 704 hoc
2977 664 3010 702 a
3039 646 3376 721 supradicto
3419 647 3779 720 imperatore

2117 744 2442 814 promotus.
2479 740 2614 795 Erat
2663 738 2818 795 enim
2871 736 3132 810 religioni
3169 737 3434 806 studens,
3469 742 3529 793 et
3556 735 3616 792 in
3649 753 3784 793 con-

2119 829 2418 884 struendis
2449 829 2568 883 sive
2599 829 2664 863 ¹¹⁴
2695 827 3049 883 exornandis
3095 826 3269 883 rebus
3315 843 3558 898 operam
3608 827 3781 882 dans.

2119 920 2394 974 Testatur
2422 935 2709 991 campana
2729 915 3080 990 percelebris
3101 916 3228 986 ejus
3237 916 3411 987 jussu
3435 915 3595 970 facta
3621 920 3679 970 et
3695 931 3786 971 ec-

2120 1007 2308 1063 clesiae
2330 1013 2540 1063 nostrae
2565 1007 2866 1074 donata,in
2899 1022 3014 1078 qua
3041 1008 3179 1060 sunt
3205 1021 3430 1074 versus,
3455 1004 3558 1076 qui
3594 1005 3783 1061 abba-

2121 1098 2316 1153 tem“5
2345 1101 2400 1151 et
2442 1097 2741 1163 factorem,
2764 1093 2852 1150 vel
2876 1095 2947 1149 ad
2971 1093 3112 1166 quid
3135 1094 3290 1149 facta
3319 1093 3418 1161 sit,
3440 1092 3618 1165 quasi
3653 1093 3784 1167 ipsa

2121 1186 2191 1240 de
2223 1203 2282 1241 se
2315 1186 2604 1257 loquente,
2632 1185 2740 1240 hoc
2774 1185 2944 1240 modo
2969 1182 3344 1240 manifestant
3378 1201 3390 1239 :

2310 1355 2527 1405 Haberti
2558 1355 2780 1418 imperio
2809 1366 3102 1416 compouor
3130 1353 3195 1402 ah
3215 1355 3332 1418 arte
3354 1353 3590 1418 [fater-ni,

2309 1421 2414 1468 Nec
2445 1418 2608 1467 Musis
2631 1415 2812 1473 'docta,
2845 1429 2912 1466 en
2936 1415 3128 1466 cautus
3156 1415 3476 1466 modulabor
3510 1429 3790 1478 amoenos.

2309 1483 2469 1530 Nocte
2499 1480 2690 1544 dieque
2710 1479 2837 1543 vigil
2865 1479 3176 1542 depromam
3207 1479 3442 1528 carmina
3475 1478 3710 1532 Christo.

2193 1648 2526 1720 Temptavit
2556 1653 2611 1704 et
2645 1648 2799 1703 idem
2833 1647 3014 1704 abbas
3060 1649 3468 1720 aquarductum
3502 1666 3537 1705 a
3568 1650 3792 1707 forests

2123 1737 2353 1803 ducere,
2391 1737 2576 1792 ardua
2615 1735 2906 1791 montium
2950 1735 3206 1804 sulcans,
3241 1737 3311 1792 ad
3345 1742 3788 1810 competentem

2042 1848 2089 1914 B
2119 1830 2327 1881 nutum
2359 1827 2419 1880 in
2452 1842 2626 1881 usum
2677 1824 3170 1891 molendinorum,
3205 1825 3304 1880 sed
3347 1826 3621 1898 perficere
3656 1843 3784 1882 non

2123 1915 2313 1986 potuit
2342 1932 2488 1987 opus
2521 1919 2940 1988 praeposterum
2958 1920 3015 1970 et
3035 1931 3160 1970 scro
3185 1914 3522 1971 inchoatum
3547 1916 3610 1950 ¹¹⁶
3631 1917 3780 1986 (72).

2123 2004 2269 2058 Nam
2295 2019 2538 2076 pervasa
2576 2007 2667 2058 est
2707 2002 2942 2059 abbatia
2972 2001 3072 2058 illa
3102 2002 3393 2060 hostiliter
3420 2004 3492 2060 ab
3519 2005 3581 2039 “7
3613 2004 3783 2060 Huc-

2123 2091 2284 2147 bcrto
2307 2093 2370 2126 ¹¹⁸
2402 2092 2513 2163 (73)
2545 2090 2660 2146 Deo
2691 2095 2748 2146 et
2791 2091 3013 2146 sanctis
3055 2089 3278 2146 odibili.
3307 2091 3414 2158 Qui
3448 2092 3547 2148 ubi
3579 2108 3787 2149 rerum

2125 2178 2671 2252 summampotitus
2693 2185 2782 2235 est
2805 2180 2980 2249 (864),
2995 2177 3235 2252 expulso
3258 2178 3538 2236 Harberto
3560 2184 3616 2237 et
3637 2180 3790 2238 Cor-

2125 2267 2316 2323 beiam
2350 2285 2597 2335 reverso,
2631 2283 2866 2324 omnem
2904 2267 3196 2324 abbatiam
3247 2267 3406 2324 illico
3435 2271 3692 2342 partitur
3722 2271 3788 2326 in

2125 2372 2185 2412 re
2216 2355 2476 2423 militari,
2509 2356 2785 2429 delegans
2819 2358 2884 2391 ¹²⁰
2915 2357 3088 2412 victui
3151 2357 3396 2413 fratrum
3441 2357 3701 2429 villulas,
3729 2367 3792 2416 et

2125 2462 2223 2502 eas
2245 2447 2402 2518 parvi
2423 2447 2707 2515 redditus,
2723 2451 2788 2502 ut
2809 2445 3029 2520 placuit
3061 2445 3680 2519 delegatori.EtTicitur
3709 2450 3789 2506 ad

2125 2535 2244 2590 hzec
2277 2534 2536 2602 uxorius,
2571 2534 2788 2592 liberos
2829 2551 3160 2607 procreans,
3195 2540 3253 2590 et
3283 2535 3354 2592 ad
3387 2553 3503 2592 sua:
3535 2537 3788 2595 damna-

2123 2623 2299 2678 tionis
2331 2622 2638 2679 cumulum
2671 2622 2752 2678 nil
2785 2623 2896 2680 sibi
2929 2623 3191 2680 clericale
3232 2627 3439 2696 printer
3468 2631 3786 2684 tonsuram

2125 2712 2668 2783 prmterens"'.Fuit
2690 2711 2845 2768 enim
2868 2716 3040 2768 tanta:
3063 2713 3484 2786 perversitatis,
3504 2719 3571 2770 ut
3601 2715 3782 2789 vulgo

2123 2801 2326 2870 fertur,
2361 2804 2423 2856 ut
2455 2800 2645 2872 ipsam
2680 2803 2743 2836 ¹²²
2773 2800 2949 2857 etiam
2974 2800 3315 2874 evangelicae
3350 2802 3611 2861 veritatis
3642 2820 3782 2860 ma-

2113 2891 2390 2960 jestatem
2424 2895 2709 2962 quantum
2741 2889 2812 2946 ad
2846 2906 2907 2946 se
2947 2907 3079 2947 non-
3123 2891 3413 2948 horruerit
3461 2891 3780 2964 infamare,

2122 2979 2320 3034 dicens
2342 2977 2486 3034 illud
2523 2980 2676 3052 quod
2719 2979 3001 3052 scriptum
3027 2983 3116 3036 est
3136 2998 3169 3036 a
3192 2981 3257 3014 ¹²³
3277 2981 3545 3051 Domino,
3577 2982 3779 3040 dicen-

2121 3073 2212 3124 te:
2247 3068 2435 3124 Omm's
2465 3071 2560 3141 qui
2587 3084 2644 3124 se
2671 3069 2876 3126 exaltat
2903 3069 3310 3138 humiliabitur,
3330 3075 3439 3128 etc.
3476 3073 3626 3143 (Luc.
3649 3090 3773 3142 xxv,

2122 3156 2230 3230 11),
2278 3173 2392 3212 non
2437 3162 2724 3223 constare,
2757 3174 2860 3230 pro
2909 3175 2975 3213 eo
3008 3159 3074 3192 ¹²³
3103 3159 3259 3230 quod
3291 3159 3340 3216 si
3386 3159 3509 3233 ipse
3538 3178 3601 3218 se
3633 3165 3775 3219 tan-

2120 3249 2248 3301 tum
2271 3245 2907 3320 humiliaretquantum
2921 3247 3618 3323 exaltaverat,numquam
3630 3267 3774 3309 eum

2121 3334 2320 3401 fuisse,
2365 3341 2430 3392 ut
2477 3339 2616 3393 tunc
2663 3341 2807 3404 erat,
2842 3342 2960 3392 tam
3007 3337 3360 3410 prmducem,
3393 3339 3568 3396 immo
3597 3340 3772 3413 abje-

2119 3424 2452 3480 ctissimum
2473 3425 2750 3490 omnibus
2763 3425 3352 3500 etvilem.01inguam
3375 3427 3764 3500 particulatim

2119 3513 2540 3570 concidendam
2572 3519 2629 3570 et
2659 3514 2905 3572 canibus
2937 3521 3037 3571 aut
3063 3515 3267 3572 avibus
3306 3515 3722 3589 projiciendam
3748 3517 3769 3573 Σ

2121 3603 2411 3675 Ignoravit
2431 3604 2674 3660 forsitan
2698 3603 3003 3676 miser,aut
3025 3604 3216 3661 sciens
3247 3605 3459 3663 misere
3489 3605 3774 3680 desipuit,

2119 3693 2275 3763 quod
2307 3691 2442 3751 talis
2472 3698 2536 3748 ut
2568 3710 2694 3762 sua,
2727 3691 2863 3748 licet
2895 3695 2960 3728 ³³⁵
2981 3693 3356 3766 permittente
3387 3695 3522 3762 Deo,
3550 3695 3774 3754 exalta-

2120 3781 2517 3849 tio,:rternalis
2539 3782 2616 3838 sit
2636 3799 2807 3838 casus
2831 3787 2887 3837 et
2908 3782 3155 3854 abjectio
3182 3799 3195 3837 :
3230 3783 3383 3840 sicut
3411 3783 3778 3858 imprecetur

2119 3870 2206 3926 vel
2248 3871 2440 3944 potius
2481 3870 2790 3944 prophetat
2820 3871 3000 3927 David
3031 3871 3088 3926 in
3120 3871 3347 3942 psalmo
3379 3889 3391 3928 :
3425 3873 3564 3930 Deus
3593 3889 3774 3943 meus,

2119 3959 2412 4032 inquiens,
2461 3975 2602 4032 pone
2657 3960 2780 4016 illos
2819 3969 2880 4016 ut
2908 3969 3081 4016 rotam
3108 3969 3157 4015 et
3184 3964 3329 4017 sicut
3354 3963 3616 4035 stipulam
3645 3971 3779 4020 ante

2115 4050 2315 4120 [aciem
2337 4050 2479 4105 venti
2499 4049 2666 4119 (Psat.
2684 4065 2889 4114 mnu,
2918 4050 3024 4120 14).
3042 4049 3248 4106 [totam
3272 4050 3486 4124 quippe
3503 4050 3776 4109 videmus

2117 4138 2364 4194 inferius
2386 4138 2450 4173 ¹²⁶
2471 4136 2699 4205 elevari,
2724 4137 2824 4194 sed
2848 4137 3046 4195 inantc
3076 4155 3366 4208 corruere,
3399 4144 3457 4196 et
3486 4141 3643 4198 unde
3673 4143 3774 4198 in-

2118 4227 2290 4283 choat
2316 4225 2788 4295 asccnsum,inde
2819 4227 2900 4282 ibi
2931 4229 3154 4300 patitur
3183 4229 3650 4304 casum.Stipula
3672 4248 3781 4289 au-

2119 4323 2235 4372 tem
2259 4334 2374 4389 quo
2397 4315 2570 4372 altius
2591 4319 2760 4373 vento
2783 4321 3070 4390 raptatur,
3103 4332 3170 4374 eo
3195 4319 3258 4352 "7
3280 4318 3516 4392 gravius
3547 4321 3780 4394 mergi-

2116 4411 2231 4462 tur.
2266 4407 2550 4478 Expertus
2579 4409 2670 4461 est
2697 4409 2756 4461 et
2783 4404 2908 4478 ipse
2940 4406 2998 4462 in
3031 4423 3092 4462 se
3123 4405 3224 4462 Dei
3274 4423 3450 4480 super
3499 4407 3608 4465 hoc
3637 4409 3779 4466 vin-

2119 4494 2518 4552 dictam.‘.\*am
2552 4494 2680 4567 ipsa
2711 4493 2945 4566 die,qua
2974 4495 3094 4552 hare
3125 4497 3448 4552 nauseabat
3478 4496 3568 4554 vel
3596 4497 3779 4557 latra-

352 4579 682 4653 Ecgardum
707 4581 771 4616 “3
790 4581 1273 4653 abbatem.Cujus
1301 4587 1555 4655 tempore
1577 4583 1866 4640 ordinatio
1890 4585 2002 4656 pri-
2031 4595 2076 4658 ι)
2109 4586 2229 4651 bat,
2263 4582 2582 4653 conﬂigens
2612 4581 2672 4638 in
2703 4581 2827 4638 acie
2853 4598 2989 4637 cum
3020 4583 3280 4640 Conrado
3310 4584 3376 4619 ¹²⁸
3417 4582 3776 4642 Reticarum

353 4684 452 4725 ma
469 4668 624 4725 facta
644 4675 734 4726 est
769 4669 829 4724 in
864 4669 1218 4727 monasterio
1256 4675 1472 4738 nostro,
1510 4677 1715 4744 agente
1747 4673 2001 4728 Theode-

352 4755 472 4814 rico
501 4759 903 4816 Cameracensi
933 4759 1225 4833 pontiﬁce,
1260 4758 1449 4815 adhuc
1484 4761 1771 4817 Ludovico
1810 4761 2001 4834 impe-

352 4849 541 4904 ratore
563 4847 896 4920 superstite.

421 5015 462 5051 ³⁷
493 5015 790 5074 fulradum
819 5022 871 5074 2.
949 5021 992 5055 ³³
1023 5019 1168 5076 deest
1198 5021 1246 5074 1.

2109 4673 2195 4729 vel
2215 4671 2557 4729 Jurensium
2580 4670 2915 4742 umpartium
2949 4670 3381 4743 duce,primum
3403 4671 3778 4746 linguablas-

2111 4763 2324 4836 phema
2334 4760 2795 4827 transfossus,ad
2817 4759 3092 4816 ultimum
3112 4760 3456 4818 interfectus
3473 4765 3562 4818 est
3583 4762 3699 4835 (74)
3714 4766 3774 4820 et

2109 4852 2267 4908 hunc
2281 4849 2518 4922 quidem
2542 4848 2700 4906 necis
2725 4850 2899 4906 finem
2915 4849 3298 4923 blasphemus
3320 4849 3534 4907 habere
3553 4851 3776 4924 dignus

1716 4948 1956 5005 VARl/E
1997 4948 2411 5007 LECTIONES.

1324 5021 1367 5053 ’³³
1400 5018 1616 5092 relucet
1641 5022 1694 5074 2.
1774 5021 1838 5055 ¹⁰⁰
1867 5021 2012 5077 deest
2037 5025 2090 5076 2.
2170 5021 2230 5056 ¹⁰¹
2267 5025 2466 5092 septra
2494 5022 2548 5073 2.
2629 5019 2695 5053 ¹⁰²
2745 5018 3012 5091 ingentes
3069 5021 3145 5076 1?
3178 5023 3248 5076 -2.
3333 5021 3400 5056 ¹⁰³
3432 5019 3568 5077 aula
3606 5023 3628 5076 1
3656 5020 3686 5076 ?
3709 5023 3768 5076 2.

347 5086 415 5122 ‘0‘
439 5089 685 5164 probare
710 5093 764 5145 2.
825 5092 906 5164 _'°5
937 5091 1081 5148 deest
1116 5094 1162 5146 1.
1191 5095 1244 5145 2.
1290 5163 1294 5164 ί
1325 5091 1566 5164 τοῖχίθίνδι
1591 5095 1644 5145 2.
1681 5092 1787 5164 Ὴ¹οτ
1820 5092 2130 5164 agentis2.
2210 5092 2274 5126 10⁸
2307 5086 2364 5164 (1.
2398 5108 2456 5145 n.
2492 5095 2636 5164 etp.
2673 5107 2724 5146 ο.
2759 5086 2888 5164 esse
2914 5091 3112 5148 desunt
3138 5096 3193 5148 2.
3238 5093 3304 5130 ¹⁰⁰
3332 5091 3440 5164 viri
3469 5096 3524 5148 2.
3567 5093 3635 5128 ¹¹⁰
3663 5108 3772 5150 vo-

345 5173 406 5214 re
435 5167 560 5215 ante
587 5160 773 5217 vivere
802 5161 1035 5218 deletum
1065 5171 1123 5218 tn
1151 5169 1204 5218 '2.

341 5228 486 5286 Ann.
519 5231 687 5287 Laub.
767 5234 832 5266 “lt
859 5238 916 5287 et
943 5239 996 5290 2.

341 5299 702 5376 hucberto2.
782 5305 846 5338 “9
873 5304 1019 5362 deest
1047 5308 1098 5376 2.
1197 5307 1260 5338 ¹²⁰
1292 5303 1573 5376 delegatis
1609 5305 1632 5358 1
1658 5303 1683 5358 ?
1713 5309 1764 5359 2.

345 5372 412 5408 ³³³
440 5371 584 5430 deest
614 5375 661 5429 1.
741 5375 804 5410 ¹²⁶
834 5392 884 5432 v.
917 5377 976 5432 in
1008 5375 1195 5432 altum
1227 5380 1280 5431 2.
1361 5371 1600 5432 “ideas!
1632 5377 1681 5430 1.

1285 5163 1344 5195 ¹’¹
1374 5161 1519 5217 deest
1541 5166 1594 5216 2.
1675 5163 1740 5243 “f
1771 5161 2110 5220 excellentia
2138 5167 2193 5219 2.
2274 5163 2338 5196 “3
2368 5162 2688 5234 ergardum
2721 5162 2798 5219 l?
2854 5166 2908 5218 2.
2966 5164 3286 5291 eggardum
3346 5163 3431 5220 ed.
3477 5164 3770 5237 egardum

1285 5237 1454 5288 entur
1483 5234 1534 5288 1.
1614 5235 1680 5267 ¹¹⁶
1711 5238 2057 5291 mouentum
2107 5251 2248 5291 corr.
2305 5234 2647 5290 inchoatum
2695 5237 2750 5288 2.
2830 5235 2894 5268 “7
2932 5237 3016 5291 at
3097 5238 3151 5290 2.
3230 5236 3298 5269 “8
3331 5235 3586 5291 huberto
3615 5251 3770 5291 corr.

1078 5235 1141 5269 ³¹⁷ί
1165 5234 1454 5288 habentur
1483 5234 1534 5288 1.
1614 5235 1680 5267 ¹¹⁶
1711 5233 2057 5305 inquoatum
2107 5251 2248 5292 corr.
2305 5233 2647 5290 inchoatum
2695 5237 2750 5288 2.
2830 5235 2894 5268 “7
2932 5233 3016 5291 ai

1078 5321 1098 5358 μ.
1197 5307 1260 5338 ¹²υ
1292 5303 1573 5362 delegatis
1609 5305 1632 5358 1
1658 5303 1683 5358 ?
1713 5309 1764 5359 2.
1864 5306 1926 5339 ¹²¹
1959 5322 2260 5362 reservans
2291 5308 2345 5361 2.
2461 5306 2526 5340 ¹²²
2555 5303 2703 5361 deest
2728 5308 2782 5360 2.
2899 5306 2966 5340 “3
2998 5324 3016 5361 ι

1763 5376 1825 5410 “’3
1857 5381 2019 5434 cotra
2049 5379 2106 5436 1.
2147 5375 2384 5434 cotrado
2415 5378 2467 5430 2.
2549 5377 2613 5412 ¹²²
2642 5375 3040 5434 virehensiurn
3075 5379 3100 5432 1
3127 5377 3154 5433 ?
3186 5380 3238 5432 2.

3097 5238 3151 5290 2.
3230 5236 3298 5269 “8
3331 5235 3586 5291 huberto
3615 5251 3770 5292 corr.

2461 5306 2526 5340 ¹²²
2555 5303 2703 5361 deest
2728 5308 2782 5360 2.
2899 5306 2966 5340 “3
2998 5305 3098 5361 ubi
3127 5309 3182 5360 2.

3298 5308 3366 5342 ¹²⁴
3399 5323 3674 5380 superscr.
3707 5310 3766 5364 2.

1939 5474 2172 5533 NOTAE.

419 5568 531 5644 ea
562 5569 884 5644 satismi-

417 5641 534 5710 (72)
567 5641 844 5700 Einhardi
878 5646 1052 5701 verba
1081 5644 1140 5701 in
1169 5644 1290 5700 vita
1316 5643 1507 5700 Karoli
1539 5661 1588 5701 c.
1620 5646 1711 5702 25.

417 5710 532 5800 (73)
561 5712 758 5778 Fratre
789 5714 1136 5794 Thietbirgzs
1170 5714 1365 5779 uxoris
1396 5715 1682 5780 Hlotharii
1713 5717 1783 5778 ll.

2178 5575 2292 5645 (74)
2322 5574 2403 5649 Cf.
2453 5573 2882 5649 Regionemet
2938 5576 3088 5632 Ann.
3147 5573 3470 5636 Xantenses
3531 5592 3584 5637 θ..
3627 5576 3766 5649 866,

2110 5645 2405 5706 Hincmari
2437 5646 2586 5704 Ann.
2619 5661 2671 5704 a.
2703 5645 2827 5705 864.
