4104 6172
356 336 471 399 559

1441 326 1802 394 FOLCUINI
1846 324 2178 391 ABBA’I‘IS
2223 325 2671 391 LAUBIENSIS

3655 324 3771 385 560

357 472 531 529 statio
551 469 936 539 navium,sive
959 469 1029 526 ad
1049 467 1443 540 hyemandum
1463 466 1580 520 sive
1605 465 1676 520 ad
1699 463 2005 536 quodlibet
2033 464 2087 530 Α
2119 461 2588 528 Mediomatricze,
2641 477 2766 532 quae
2817 476 2974 514 nunc
3023 457 3221 516 Mettis
3251 457 3487 527 dicitur,
3522 474 3558 513 a
3590 473 3772 529 puero

355 559 493 618 belli
528 558 852 632 periculum
884 555 1319 621 declinandum,
1352 553 1469 609 illic
1501 569 1600 609 eos
1634 553 1849 608 fecerat
1878 567 2006 607 esse

358 646 689 704 continuos.
725 644 1033 718 Singulphi
1064 642 1203 698 villa
1232 657 1444 698 nomen
1477 644 1568 697 est
1598 640 1788 696 fundi.
1825 640 1879 696 Is
1909 656 2008 695 no-

359 741 490 810 stris
519 735 773 790 ecclesiae
805 733 1000 800 servit,
1033 736 1090 788 et
1119 732 1178 787 in
1209 749 1274 788 eo
1301 731 1586 786 memoria
1635 730 1822 786 sancti
1878 729 2010 784 Urs-

359 823 506 881 mari
539 827 597 879 et
625 823 811 880 sancti
848 821 1018 890 Petri,
1052 821 1113 876 in
1146 837 1260 894 qua
1302 825 1442 875 tunc
1492 819 1799 875 duodecim
1836 835 2008 873 cano-

358 913 624 970 nioorum
657 911 987 968 habebatur
1016 917 1356 966 conventus.
1393 907 1632 964 Memini
1667 923 1758 963 me
1790 912 1845 963 et
1875 924 2010 962 nos-

360 1009 585 1060 trorum
619 1001 929 1074 plerosque
959 999 1259 1055 hominem
1295 999 1359 1033 ¹⁵²
1388 997 1625 1053 illorum
1677 1002 2010 1070 temporum

359 1091 596 1158 vidisse,
652 1091 750 1162 qui
798 1094 998 1144 utrum
1049 1090 1112 1123 ‘53
1159 1088 1271 1143 alio
1325 1088 1563 1141 nomine
1611 1091 1936 1152 vocaretur,
1981 1103 2015 1140 a

363 1180 534 1236 nobis
563 1195 679 1234 non
708 1178 893 1232 multo
937 1177 1269 1248 qumsitum,
1305 1176 1514 1231 affectu
1547 1180 1764 1243 tamen,
1800 1179 1862 1229 ut
1916 1191 2016 1244 pu-

365 1271 543 1335 tatur,
577 1265 864 1340 patronali
898 1267 962 1300 ’δι
1013 1284 1046 1320 a
1093 1283 1270 1338 puero
1326 1288 1354 1314 ‹‹
1406 1264 1794 1319 bruoderchin
1840 1265 1949 1333 (83)
1983 1286 2009 1312 ι)

365 1356 702 1423 vocabatur,
738 1371 915 1426 quem
948 1372 1054 1409 nos
1087 1355 1195 1410 etsi
1228 1354 1425 1410 minus
1471 1353 1651 1408 latine
1698 1369 2014 1425 possumus

365 1443 671 1502 nominare
700 1443 1104 1511 fraterculum,
1153 1442 1250 1515 qui
1300 1444 1536 1499 eosdem
1587 1441 1805 1498 vidisse
1853 1458 1914 1497 se
1960 1443 2017 1496 et

364 1533 726 1608 cognovisse,
760 1536 818 1588 et
847 1533 1004 1606 quod
1036 1531 1382 1605 praepositus
1412 1547 1613 1588 eorum
1663 1529 2016 1603 Sparnarius

367 1625 434 1660 ³⁸⁵
461 1623 654 1678 dictus
685 1621 784 1688 sit,
817 1622 1164 1678 testabatur.
1200 1620 1307 1687 Qui
1335 1619 1500 1677 locus
1531 1637 1566 1675 a
1595 1618 2016 1676 Northmannis

367 1714 451 1770 ita
489 1712 826 1768 destructus
873 1714 981 1778 est,
1016 1714 1082 1765 ut
1119 1712 1490 1765 remanerent
1539 1708 1596 1763 in
1650 1724 1716 1764 eo
1763 1708 1858 1764 vix
1887 1724 2018 1764 ma-

367 1801 656 1859 ceriarum
688 1799 892 1856 ruinae.
928 1798 1212 1855 Similiter
1241 1801 1298 1854 et
1327 1802 1521 1853 cetera
1573 1797 1828 1852 ecclesia;
1882 1813 2017 1852 nos-

365 1895 470 1948 tra:
527 1888 748 1961 predia,
805 1904 935 1960 quae
988 1888 1144 1960 apud
1194 1888 1556 1942 Brabantum
1605 1890 1770 1942 erant
1825 1885 2019 1956 profu-

369 1979 544 2046 δίοιδε,
605 1977 714 2032 hoc
788 1982 1052 2048 tempore
1129 1975 1415 2030 exhausta
1494 1980 1632 2030 sunt
1691 1980 1748 2028 et
1819 1975 2022 2030 exina-

373 2067 517 2123 nita.

444 2157 532 2211 17.
585 2153 710 2212 Tali
762 2169 900 2227 ergo
953 2153 1124 2210 modo
1174 2153 1411 2208 turbata
1458 2151 1713 2208 ecclesias
1758 2168 1920 2222 pace,
1971 2155 2026 2206 et

372 2245 745 2300 ﬁrmamento
780 2243 846 2278 ¹⁵⁶
869 2242 1030 2314 regni
1073 2242 1261 2312 posito
1311 2241 1370 2295 in
1423 2241 1752 2308 formidine,
1806 2242 2024 2296 France

374 2333 688 2406 praedictus
721 2331 1058 2403 episcopus,
1091 2335 1327 2386 coaetus
1375 2331 1558 2400 justa,
1610 2334 1898 2402 quantum
1953 2329 2024 2384 ad

375 2421 703 2487 saeculares,
767 2425 825 2476 et
890 2436 1022 2477 vere
1093 2420 1424 2475 necessaria
1501 2418 1651 2474 bella
1709 2417 2022 2489 suscipere,

378 2509 561 2585 accito
621 2509 732 2566 sibi
793 2507 1100 2581 Reginerio
1157 2507 1436 2580 quodam,
1498 2523 1674 2579 quem
1742 2508 2030 2580 Longum-

375 2599 592 2656 collum
641 2601 874 2665 vocant,
919 2597 1039 2652 viro
1089 2602 1371 2653 strennuo
1403 2600 1460 2652 et
1502 2598 1560 2650 in
1595 2596 1822 2652 bellicis
1853 2597 2028 2652 rebus

377 2687 709 2754 exercitato,
769 2685 853 2740 hii
911 2686 1244 2758 frequenter
1298 2685 1358 2740 in
1431 2686 1553 2740 acie
1623 2684 2025 2757 eonﬂigentes,

378 2790 616 2848 perraro
686 2774 843 2843 victi,
905 2773 1206 2846 multoties
1278 2775 1517 2830 extitere
1586 2772 1852 2829 victores.
1914 2773 2028 2828 Nec

375 2867 670 2920 cessatum
720 2867 829 2931 est,
865 2863 1046 2919 donec
1098 2865 1162 2898 “‘7
1214 2868 1374 2935 peste
1425 2862 1624 2918 attrito
1658 2863 1720 2896 ¹⁵⁸
1754 2878 1885 2935 rege
1929 2878 2031 2917 eo-

377 2969 510 3009 rum
542 2952 854 3009 Godefrido
885 2953 958 3008 ad
989 2953 1167 3008 fidem
1199 2953 1415 3007 Christi
1449 2967 1726 3007 converso
1757 2955 1813 3006 et
1842 2950 2030 3022 bapti-

377 3045 526 3108 sato,
578 3057 683 3095 nec
733 3039 920 3095 multo
963 3044 1094 3110 post
1141 3039 1466 3107 interfecto,
1503 3055 1613 3111 pax
1660 3041 1726 3075 ¹⁵⁰
1775 3038 2030 3096 ecclesia:

379 3129 648 3184 redditur
674 3127 843 3200 (885).
881 3129 1016 3183 Post
1044 3127 1166 3183 haec
1199 3128 1418 3183 France
1467 3128 1799 3199 episcopus,
1839 3128 2032 3183 sciens

2116 551 2426 607 educatum
2488 551 2693 606 fuisse.
2745 549 2891 605 Nam
2952 548 3223 616 Roberto,
3281 546 3550 618 ejusdem
3616 549 3777 604 sedis

2118 641 2409 712 episcopo,
2461 639 2714 696 eundem
2787 636 3054 693 libellum
3122 635 3439 709 legendum
3493 635 3666 692 misit
3721 641 3782 692 et

2118 729 2641 802 comprobandum.
2677 727 2865 799 Hujus
2897 725 3155 799 episcopi
3205 725 3387 799 aliqui
3418 724 3602 782 etiam
3635 742 3781 782 nos-

2118 823 2208 874 tra
2265 822 2429 874 (etate
2487 818 2903 874 meminerunt.
2957 816 3143 889 Hujus
3204 832 3435 888 quoque
3506 819 3784 888 tempore

2121 906 2424 964 dedicatur
2474 906 2718 963 ecclesia
2765 910 2969 962 nostra
3017 906 3089 961 ab
3137 904 3268 977 ipso
3315 909 3550 961 evocato
3604 905 3682 960 ad
3723 903 3783 959 id

2122 1014 2290 1070 opus,
2352 1000 2408 1051 et
2466 996 2779 1066 conjuncto
2835 995 2947 1051 sibi
3018 993 3300 1051 Dodilone
3366 993 3783 1051 Cameracensi

2122 1085 2431 1156 episcopo;
2493 1084 2648 1156 quod
2713 1085 2770 1139 in
2831 1083 3074 1139 basibus
3145 1083 3581 1152 columnarum,
3648 1084 3784 1156 quis

2124 1190 2301 1244 quam
2352 1177 2576 1244 partem
2632 1172 3006 1242 dedicaverit,
3057 1173 3115 1227 in
3166 1179 3442 1245 promptu
3501 1178 3598 1228 est
3652 1189 3784 1228 cer-'-

2125 1279 2280 1317 nere.
2315 1263 2473 1318 Hanc
2520 1277 2655 1333 ergo
2701 1261 2989 1317 novellam
3039 1261 3489 1329 dedicationem,
3524 1278 3599 1317 ne
3635 1263 3785 1317 forte

2127 1352 2334 1407 iterata
2363 1355 2466 1406 aut
2496 1356 2666 1406 antea
2703 1351 2917 1406 infecta
2966 1350 3158 1418 fuerit,
3211 1349 3261 1405 si
3314 1351 3446 1422 quis
3500 1351 3782 1422 requirit,

2126 1440 2331 1512 paucis
2363 1437 2753 1495 absolvemus.
2775 1439 3092 1495 Ecclesium
3125 1438 3400 1512 priorem,
3425 1438 3475 1496 si
3507 1439 3788 1497 meminit

2126 1528 2307 1585 lector
2361 1528 2639 1601 prudens,
2697 1528 2809 1584 sub
2868 1527 3111 1601 Pippino
3169 1527 3432 1600 principe
3491 1544 3528 1583 a
3577 1533 3786 1584 sancto

2127 1617 2404 1674 Ursmaro
2436 1617 2650 1673 factam
2683 1619 2746 1653 ¹⁶⁷
2767 1617 2896 1689 jam
2927 1633 3106 1690 supra
3137 1616 3393 1672 diximus
3424 1615 3562 1688 (82),
3596 1617 3785 1673 diem-

2129 1723 2242 1778 que
2309 1705 2692 1762 dedicationis
2767 1705 2896 1778 ejus
2951 1723 2990 1762 v
3044 1705 3340 1762 Kalendas
3412 1706 3787 1778 Septembris

2131 1796 2562 1852 annotavimus.
2618 1797 2772 1863 Quae,
2834 1799 3130 1852 crescente
3194 1794 3363 1868 copia
3421 1811 3620 1852 rerum
3680 1811 3789 1869 per

2133 1883 2596 1940 munificentiam
2627 1900 2833 1957 regum
2855 1901 2957 1941 seu
2988 1889 3313 1940 ceterorum
3337 1884 3618 1952 ﬁdelium,
3643 1887 3788 1958 quia

2132 1973 2244 2029 loci
2311 1972 2601 2030 nobilitati
2651 1990 2827 2045 parva
2881 1980 2940 2032 et
2997 1973 3196 2030 minus
3257 1977 3395 2047 apta
3451 1974 3780 2041 videbatur,

2134 2063 2434 2119 destructa
2463 2067 2519 2118 et
2564 2063 2830 2119 funditus
2861 2079 3060 2121 eversa
3091 2067 3200 2130 est,
3235 2067 3292 2118 et
3323 2064 3436 2119 ista
3467 2080 3596 2136 qua:
3629 2079 3788 2119 nunc

2135 2157 2224 2207 est
2268 2150 2638 2224 elegantioris
2687 2151 2883 2207 formze
2938 2157 2993 2207 et
3040 2151 3251 2224 speciei
3312 2151 3618 2208 aedificata.
3652 2155 3791 2219 Quae

2137 2241 2208 2295 ad
2248 2241 2305 2296 id
2338 2258 2487 2312 opus
2535 2239 2828 2296 columnis
2878 2240 3289 2312 undecumque
3337 2241 3615 2308 corrasis,
3648 2257 3790 2297 cum

2138 2329 2379 2385 basibus
2423 2334 2481 2385 et
2538 2327 2809 2401 epistiliis
2858 2344 2960 2385 seu
3019 2330 3228 2385 ceteris
3283 2328 3644 2387 latomorum
3704 2329 3794 2388 vel

2138 2418 2628 2474 cementariorum
2673 2416 3004 2490 disciplinis
3036 2434 3139 2490 pro
3191 2417 3415 2474 moduli
3462 2419 3555 2474 sui
3601 2435 3792 2492 quan-

2139 2506 2304 2562 titate
2355 2507 2631 2563 omnibus
2679 2505 2899 2563 circum
2949 2522 3012 2564 se
3056 2507 3260 2579 positis
3309 2511 3398 2563 est
3429 2508 3798 2581 incompara-

2140 2595 2295 2663 bilis,
2357 2597 2512 2667 quod
2568 2594 2706 2668 quia
2781 2595 3068 2663 occulata,
3125 2600 3188 2652 ut
3255 2598 3443 2666 aiunt,
3507 2599 3799 2670 probatur

2140 2685 2273 2754 ﬁde,
2307 2684 2427 2740 haec
2457 2684 2553 2741 hic
2593 2685 2738 2740 satis
2786 2685 2863 2740 sit
2909 2685 3193 2758 tetigisse.
3247 2689 3561 2742 Auctorem
3594 2690 3796 2742 autem

2140 2774 2288 2844 ejus,
2322 2774 2442 2828 sive
2471 2789 2571 2829 rex
2602 2775 2776 2830 fuerit
2821 2774 2918 2829 ille
2948 2775 3068 2830 sive
3117 2773 3322 2846 abbas,
3356 2776 3414 2831 id
3465 2776 3794 2832 nescimus.

2141 2862 2199 2918 Si
2232 2863 2366 2934 quis
2395 2863 2771 2934 improperat,
2805 2863 3138 2935 antiquitati
3189 2879 3319 2935 qua
3351 2863 3421 2920 de
3471 2864 3567 2921 bis
3609 2865 3793 2932 siluit,

2143 2967 2258 3004 non
2291 2950 2481 3017 nobis,
2515 2956 2842 3007 succensat.

2213 3040 2300 3094 19.
2338 3039 2453 3095 Isto
2512 3057 2743 3112 quoque
2802 3046 3032 3098 mortuo
3091 3046 3148 3096 et
3193 3043 3252 3097 in
3306 3043 3553 3099 ecclesia
3604 3044 3792 3099 sancti

2145 3126 2436 3182 Lamberti
2461 3127 2688 3199 sepulto
2718 3128 3175 3199 (920),turbatur
3203 3149 3412 3187 rursus
3443 3131 3692 3187 ecclesia
3724 3132 3797 3187 de

377 3214 650 3271 illicitum
715 3231 866 3284 esse,
930 3231 1289 3287 quemquam
1345 3216 1684 3289 sanguineis
1755 3217 2031 3273 manibus
2061 3204 2106 3272 C
2144 3217 2406 3272 antistite
2435 3217 2863 3275 substituendo.
2898 3220 3046 3276 Nam
3075 3221 3188 3293 (86(
3220 3238 3358 3294 pars
3407 3239 3525 3278 una
3564 3221 3795 3276 Hildui-

380 3307 588 3362 sancta
631 3307 902 3373 tractare,
956 3304 1136 3360 mittit
1183 3306 1429 3362 Romam
1485 3305 1821 3362 Bericoncm
1883 3307 2028 3362 Leo-

383 3393 646 3451 diensem
678 3392 975 3461 clericum,
1001 3397 1058 3450 et
1087 3394 1448 3451 Theuterum
1483 3395 1869 3451 Lobbiensem
1904 3412 2027 3450 mo-

384 3480 662 3554 nachum,
721 3497 870 3554 quos
939 3481 1198 3539 ordinari
1271 3482 1595 3555 episcopos,
1669 3483 1769 3555 qui
1844 3483 2028 3542 vicem

378 3586 548 3626 suam
581 3571 894 3643 suppleant
927 3570 1010 3641 ‘60,
1045 3571 1229 3628 oravit
1259 3576 1319 3628 et
1345 3572 1619 3630 exoravit.
1654 3572 1877 3639 Quibus
1899 3573 2027 3644 jam

378 3659 549 3716 factis
602 3659 894 3732 episcopis
952 3660 1290 3731 parochiam
1347 3677 1514 3716 suam
1585 3661 2027 3734 gubernandum

372 3747 699 3817 commisit,
756 3748 882 3820 ipse
939 3748 1010 3805 de
1065 3748 1289 3822 reliquo
1343 3749 1402 3805 in
1462 3766 1603 3822 pace
1660 3755 1718 3806 et
1775 3750 1901 3808 ocio
1964 3753 2025 3788 ιδι

373 3837 706 3910 consenuit,
737 3837 856 3894 vita
885 3837 1217 3906 discedens,
1253 3842 1565 3911 postquam
1598 3839 1657 3894 in
1687 3839 2027 3913 episcopatu

375 3925 510 3998 plus
542 3942 722 3998 quam
752 3925 1185 4000 quinquaginta
1215 3934 1520 4001 perageret
1553 3929 1618 3964 ’5’
1649 3945 1856 3984 annos.

451 4016 540 4072 18.
569 4015 719 4086 (901)
749 4015 914 4072 Hunc
966 4016 1299 4088 Stephanus
1349 4017 1633 4088 sequitur,
1667 4017 1755 4073 vir
1801 4016 2028 4074 littera-

378 4119 512 4159 rum
544 4106 621 4172 et,
655 4107 944 4175 quantum
977 4105 1050 4160 ad
1083 4106 1416 4175 canonicos,
1452 4105 1719 4179 religioni
1762 4107 2024 4163 studens.

378 4190 485 4246 Hic
513 4191 626 4261 (84)
657 4191 993 4262 passionem
1044 4193 1196 4250 beati
1233 4193 1299 4229 ¹⁶³
1330 4194 1622 4250 Lambcrti
1666 4194 1930 4268 impolito
1964 4197 2029 4230 ¹⁶⁴

379 4277 668 4351 digestum
710 4277 846 4336 stilo
899 4280 1180 4337 urbanius
1232 4279 1566 4350 elucidavit,
1599 4287 1654 4338 et
1701 4285 2027 4340 armoniam

377 4382 449 4426 ex
475 4383 543 4425 ea
574 4366 980 4426 dulcissimam
1014 4368 1301 4436 melodize,
1326 4386 1452 4441 qua:
1481 4370 1725 4430 celebris
1757 4372 2023 4442 habetur,

376 4457 726 4530 composuit.
777 4457 936 4516 Fecit
982 4462 1041 4516 et
1089 4458 1357 4515 libellum
1408 4461 1702 4532 quendam
1753 4479 1820 4519 ex
1850 4462 2032 4535 pluri-

2140 3322 2306 3372 num,
2342 3305 2608 3378 ejusdem
2637 3307 2891 3364 ecclesia:
2924 3306 3203 3365 clericum
3235 3309 3349 3366 sibi
3384 3310 3655 3383 posscbat
3675 3309 3798 3380 epi-

2139 3409 2404 3465 scopum,
2458 3385 2683 3452 favente
2733 3395 2798 3433 ¹⁶⁸
2845 3395 2957 3452 sibi
3009 3396 3075 3433 ¹⁶⁹
3104 3397 3176 3453 ad
3209 3396 3318 3455 hoc
3369 3396 3685 3455 Gisleberto
3720 3397 3791 3431 ¹τ⁰

2142 3481 2508 3538 Lothariensi
2533 3483 2806 3555 duce,qui
2831 3483 3258 3557 ﬂoccipendens
3279 3487 3502 3559 regiam
3519 3485 3788 3557 majesta-

2139 3575 2279 3641 tem,
2314 3570 2474 3643 regni
2506 3570 2618 3627 sibi
2649 3578 3030 3645 usurpaverat
3061 3589 3392 3647 summam;
3425 3573 3541 3631 alia
3579 3573 3792 3631 Richa-

2138 3658 2293 3716 rium
2325 3661 2386 3697 ¹τ¹
2412 3659 2657 3716 Ρινιιωὶω
2688 3662 3170 3731 abbatem,donec
3200 3669 3258 3721 et
3287 3679 3580 3721 consensu
3603 3662 3796 3720 Caroli

2140 3749 2293 3822 regis
2324 3749 2789 3822 expetitum.Qui
2818 3750 3088 3808 videlicet
3117 3750 3378 3820 Carolus,
3404 3752 3578 3820 facto,
3603 3755 3670 3807 ut
3699 3751 3792 3806 di-

2139 3843 2301 3914 ctum
2331 3843 2439 3907 est,
2465 3839 2794 3913 interregno
2825 3856 3069 3913 regnum
3101 3842 3473 3913 quorundam
3495 3841 3791 3914 interreg-

2140 3910 2474 3995 nantium,a
2495 3910 2746 3985 Fulcone
2764 3910 3200 4002 archiepiscopo
3224 3931 3421 3986 Remis
3441 3910 3800 3987 evocatus'et

2141 4021 2515 4073 consecratus
2547 4021 2904 4089 paterneque
2931 4033 3109 4091 regno
3140 4023 3230 4074 est
3262 4019 3798 4085 restitutus.Quam

2139 4104 2569 4161 ordinationem
2600 4105 2886 4162 novellam
2911 4107 3040 4163 suis
3069 4106 3286 4179 quippe
3317 4108 3376 4162 in
3408 4109 3683 4180 partibus
3703 4110 3805 4165 de-

2139 4194 2472 4268 dignantes,
2501 4194 2739 4266 partim,
2774 4199 2838 4250 ut
2869 4201 2958 4251 est
2988 4195 3291 4270 ingenium
3324 4196 3657 4268 hominum,
3693 4212 3800 4270 spe

2140 4283 2480 4356 acquirendi
2511 4283 2761 4356 gratiam
2793 4285 2924 4340 novi
2958 4285 3110 4359 regis
3155 4285 3267 4342 sibi
3313 4285 3794 4355 reconciliabant,

2139 4373 2352 4446 partim
2375 4371 2682 4429 obﬁrmato
2700 4373 3012 4444 supercilio
3029 4390 3132 4448 per
3159 4389 3222 4431 se
3244 4375 3369 4430 suis
3388 4374 3802 4449 principaban-

2141 4469 2254 4518 tur.
2275 4463 2355 4518 Ex
2387 4461 2603 4534 quibus
2633 4461 2995 4520 Gislebcrtus
3027 4479 3180 4520 unus
3211 4467 3357 4531 erat,
3379 4463 3478 4536 qui
3512 4469 3652 4521 tunc
3687 4465 3798 4522 Lo-
3867 4508 3872 4515 .

380 4546 495 4604 mis
525 4546 856 4641 divinorum
906 4546 1193 4605 librorum
1226 4549 1289 4584 ¹⁶δ
1320 4549 1577 4605 flosculis
1626 4550 1937 4624 decerptis,
1969 4552 2028 4608 in
2066 4577 2112 4641 Β
2143 4551 2499 4607 thariensem
2528 4550 2807 4607 ducatum
2839 4551 3049 4625 agebat
3076 4554 3160 4605 '7'.
3186 4553 3310 4618 Quo
3333 4553 3799 4624 jubente,immo

381 4649 498 4705 quo
577 4634 944 4708 singularum
999 4637 1059 4692 in
1120 4653 1273 4692 anno
1332 4637 1716 4694 festivitatum
1780 4641 2036 4713 capitula
2066 4634 2104 4641 -
2144 4645 2522 4714 extorquente
2553 4640 2749 4712 potius
2779 4644 2836 4696 et
2865 4645 3130 4715 urgente,
3165 4646 3547 4699 consecratur
3575 4641 3802 4699 Hildui-

383 4739 520 4781 cum
571 4723 828 4781 collectis
860 4730 916 4781 et
945 4725 1211 4782 versibus
1259 4725 1387 4780 utili
1421 4733 1752 4783 commento
1795 4729 1859 4766 ¹⁸⁶
1891 4747 2035 4787 con-

385 4811 589 4885 gessit.
647 4813 710 4868 In
771 4813 939 4886 cujus
997 4813 1178 4870 libelli
1241 4813 1576 4885 praafatione
1634 4817 1907 4891 ostendit,
1971 4838 2034 4877 se

2144 4748 2256 4786 nus
2287 4729 2597 4802 episcopus
2626 4729 2700 4784 ab
2726 4728 3081 4787 Herimanno
3110 4731 3483 4805 Aggrippinaa
3515 4731 3674 4788 sedis
3703 4748 3798 4788 ar-

2142 4815 2661 4891 chiprazsulcmovo
2694 4821 2750 4874 et
2779 4817 3059 4875 inusitato
3081 4820 3544 4892 genere,absque
3561 4821 3719 4894 regis
3740 4827 3800 4878 et

1741 4941 1981 5000 VARIzE
2021 4943 2438 5003 LECTIONES.

449 5036 516 5073 ‘5’
544 5035 687 5116 deest
713 5039 781 5116 2_._
846 5037 912 5116 Ψ
936 5042 1258 5116 utrumque
1292 5038 1364 5094 1‘?
1392 5041 1441 5116 2.
1477 5111 1485 5116 _
1526 5040 1931 5116 ‘if‘Amatronali
1961 5046 2017 5116 2_.
2095 5044 2162 5080 ¹⁶³
2194 5040 2546 5116 sponnarius
2567 5045 2620 5096 2.
2701 5042 2766 5077 ¹⁵⁶
2796 5042 3149 5116 firmamenti
3178 5044 3225 5098 1.
3306 5043 3369 5078 ’⁵⁷
3401 5044 3624 5102 docncc
3645 5062 3795 5104 corr.

379 5107 640 5198 donep}.
719 5109 1099 5198 ίδξῇξιιῐνὶξειθὲζ
1164 5107 1567 5198 _'f3.p:‘cl'iri‘stni
1735 5114 2172 5198 ‘ffnsupplerent
2295 5115 2411 5198 “‘5‘.
2438 5116 2599 5186 ocyio
2629 5129 2769 5170 corr.
2794 5113 3000 5198 ocio

1749 5185 1815 5222 ¹⁶⁸
1846 5185 2008 5242 utilis
2040 5193 2170 5244 coto
2200 5190 2254 5242 2.
2285 5187 2360 5242 De
2393 5186 2441 5239 1.
2474 5185 2584 5242 non
2615 5193 2839 5242 constat.

375 5250 405 5306 1
428 5249 457 5306 ?
481 5253 536 5329 2_.
599 5249 854 5329 _‘°f'deest
879 5256 933 5309 2.
1013 5253 1080 5288 “0
1113 5254 1188 5307 ita
1217 5253 1356 5307 Ann.
1386 5252 1690 5311 Lobz'enses.
1724 5255 2028 5328 gillaberto
2056 5263 2111 5316 2.
2144 5260 2224 5316 sic
2252 5265 2304 5315 et
2331 5257 2510 5329 infra.

373 5181 451 5252 2._
511 5180 578 5215 ¹⁶⁴
601 5178 930 5252 impolitam
964 5183 986 5235 1
1012 5181 1039 5235 ?
1065 5184 1120 5236 2.
1198 5178 1458 5236 “Vlibris
1490 5183 1511 5235 1
1539 5182 1567 5236 ‘?
1595 5187 1650 5238 2.

376 5321 618 5394 gerebat
645 5323 700 5376 2.

3101 5116 3168 5150 ¹⁶²
3193 5120 3387 5186 ageret
3415 5118 3470 5169 2.
3572 5118 3641 5152 ¹⁶³
3674 5117 3798 5172 divi

2937 5186 3000 5220 ¹⁸⁷
3032 5185 3177 5242 deest
3208 5185 3256 5250 1,
3287 5189 3342 5241 2.
3438 5187 3505 5222 ³⁸⁸
3539 5187 3799 5244 faciente

2609 5257 2672 5292 ¹τ¹
2704 5255 3016 5313 riccarium
3047 5274 3188 5314 corr.
3224 5256 3544 5314 richarium
3573 5263 3628 5315 2.
3728 5260 3800 5295 ¹⁷²

1971 5444 2204 5505 NOTAE.

447 5534 558 5608 (83)
590 5535 957 5608 Βηιάετοὴθηο

448 5603 566 5679 (84)
604 5605 684 5667 Cf.
722 5603 869 5666 Hist.
906 5607 1016 5665 litt.
1048 5609 1119 5678 ν,
1156 5611 1402 5668 170-172.

2345 5541 2601 5624 9913:..1".
2733 5611 2772 5624 ..
2823 5615 2834 5624 .
3069 5604 3108 5624 ,ς

2207 5613 2319 5689 (86)
2349 5613 2445 5672 (κζ
2468 5613 2774 5673 Flodoardi
2805 5615 2955 5672 Ann.
2991 5632 3044 5672 a.
3066 5614 3190 5671 920.
