  <div class='ocr_page' id='page_1' title='image "/cluster/home/n/w/nwhite01/storage/ocr_20150623/137/hvd.32044054759972/296.png"; bbox 0 0 4056 6178; ppageno 0'>
   <div class='ocr_carea' id='block_1_1' title="bbox 252 310 384 398">
    <p class='ocr_par' dir='ltr' id='par_1_1' title="bbox 252 310 384 398">
     <span class='ocr_line' id='line_1_1' title="bbox 252 310 384 398; baseline 0.015 -25"><span class='ocrx_word' id='word_1_1' title='bbox 252 310 384 398; x_wconf 38' lang='grc' dir='ltr'>ὅτε,</span> 
     </span>
    </p>
   </div>
   <div class='ocr_carea' id='block_1_2' title="bbox 1231 312 2663 381">
    <p class='ocr_par' dir='ltr' id='par_1_2' title="bbox 1231 312 2663 381">
     <span class='ocr_line' id='line_1_2' title="bbox 1231 312 2663 381; baseline 0.002 -6"><span class='ocrx_word' id='word_1_2' title='bbox 1231 313 1334 375; x_wconf 88' lang='lat' dir='ltr'>DE</span> <span class='ocrx_word' id='word_1_3' title='bbox 1379 312 1648 377; x_wconf 85' lang='lat' dir='ltr'>GESTIS</span> <span class='ocrx_word' id='word_1_4' title='bbox 1690 312 2067 377; x_wconf 85' lang='lat' dir='ltr'>ABBATUM</span> <span class='ocrx_word' id='word_1_5' title='bbox 2108 315 2663 381; x_wconf 79' lang='lat' dir='ltr'>LAUBIENSIUM.</span> 
     </span>
    </p>
   </div>
   <div class='ocr_carea' id='block_1_3' title="bbox 3536 323 3655 386">
    <p class='ocr_par' dir='ltr' id='par_1_3' title="bbox 3536 323 3655 386">
     <span class='ocr_line' id='line_1_3' title="bbox 3536 323 3655 386; baseline 0.017 -2"><span class='ocrx_word' id='word_1_6' title='bbox 3536 323 3655 386; x_wconf 74' lang='lat'>574</span> 
     </span>
    </p>
   </div>
   <div class='ocr_carea' id='block_1_4' title="bbox 251 444 3667 528">
    <p class='ocr_par' dir='ltr' id='par_1_4' title="bbox 251 444 3667 528">
     <span class='ocr_line' id='line_1_4' title="bbox 251 444 3667 528; baseline 0.002 -23"><span class='ocrx_word' id='word_1_7' title='bbox 251 463 388 505; x_wconf 90' lang='lat' dir='ltr'>cum</span> <span class='ocrx_word' id='word_1_8' title='bbox 420 461 712 504; x_wconf 87' lang='lat' dir='ltr'>consensu</span> <span class='ocrx_word' id='word_1_9' title='bbox 744 444 991 503; x_wconf 77' lang='lat' dir='ltr'>fratrum</span> <span class='ocrx_word' id='word_1_10' title='bbox 1013 445 1181 504; x_wconf 86' lang='lat' dir='ltr'>villas</span> <span class='ocrx_word' id='word_1_11' title='bbox 1228 447 1481 505; x_wconf 80' lang='lat' dir='ltr'>Stratum</span> <span class='ocrx_word' id='word_1_12' title='bbox 1533 454 1588 504; x_wconf 88' lang='lat' dir='ltr'>et</span> <span class='ocrx_word' id='word_1_13' title='bbox 1637 447 1901 505; x_wconf 82' lang='lat' dir='ltr'>Gosinia-</span> <span class='ocrx_word' id='word_1_14' title='bbox 1933 450 1988 516; x_wconf 79' lang='grc' dir='ltr'><strong>Α</strong></span> <span class='ocrx_word' id='word_1_15' title='bbox 2018 453 2292 521; x_wconf 87' lang='lat' dir='ltr'>coeptum,</span> <span class='ocrx_word' id='word_1_16' title='bbox 2327 456 2381 506; x_wconf 89' lang='lat' dir='ltr'>et</span> <span class='ocrx_word' id='word_1_17' title='bbox 2412 451 2527 507; x_wconf 90' lang='lat' dir='ltr'>Deo</span> <span class='ocrx_word' id='word_1_18' title='bbox 2572 452 2923 509; x_wconf 91' lang='lat' dir='ltr'>concedente</span> <span class='ocrx_word' id='word_1_19' title='bbox 2974 452 3119 510; x_wconf 81' lang='lat' dir='ltr'>satis</span> <span class='ocrx_word' id='word_1_20' title='bbox 3171 451 3406 527; x_wconf 77' lang='lat' dir='ltr'>elegans</span> <span class='ocrx_word' id='word_1_21' title='bbox 3454 456 3667 528; x_wconf 57' lang='lat' dir='ltr'>per-fec.</span> 
     </span>
    </p>
   </div>
   <div class='ocr_carea' id='block_1_5' title="bbox 252 535 1902 609">
    <p class='ocr_par' dir='ltr' id='par_1_5' title="bbox 252 535 1902 609">
     <span class='ocr_line' id='line_1_5' title="bbox 252 535 1902 609; baseline -0.001 -16"><span class='ocrx_word' id='word_1_22' title='bbox 252 553 371 604; x_wconf 89' lang='lat' dir='ltr'>cas,</span> <span class='ocrx_word' id='word_1_23' title='bbox 404 540 466 592; x_wconf 90' lang='lat' dir='ltr'>et</span> <span class='ocrx_word' id='word_1_24' title='bbox 493 535 848 591; x_wconf 88' lang='lat' dir='ltr'>abbatiolam</span> <span class='ocrx_word' id='word_1_25' title='bbox 881 536 1066 591; x_wconf 79' lang='lat' dir='ltr'>sancti</span> <span class='ocrx_word' id='word_1_26' title='bbox 1098 537 1381 603; x_wconf 88' lang='lat' dir='ltr'>Ursmari,</span> <span class='ocrx_word' id='word_1_27' title='bbox 1416 542 1471 593; x_wconf 90' lang='lat' dir='ltr'>et</span> <span class='ocrx_word' id='word_1_28' title='bbox 1499 537 1674 593; x_wconf 90' lang='lat' dir='ltr'>aliam</span> <span class='ocrx_word' id='word_1_29' title='bbox 1727 554 1902 609; x_wconf 90' lang='lat' dir='ltr'>quam</span> 
     </span>
    </p>
   </div>
   <div class='ocr_carea' id='block_1_6' title="bbox 248 613 1914 697">
    <p class='ocr_par' dir='ltr' id='par_1_6' title="bbox 248 613 1914 697">
     <span class='ocr_line' id='line_1_6' title="bbox 248 613 1914 697; baseline 0 -18"><span class='ocrx_word' id='word_1_30' title='bbox 248 624 519 681; x_wconf 85' lang='lat' dir='ltr'>Waslare</span> <span class='ocrx_word' id='word_1_31' title='bbox 550 624 972 679; x_wconf 76' lang='lat' dir='ltr'>monasterium</span> <span class='ocrx_word' id='word_1_32' title='bbox 1016 630 1246 680; x_wconf 89' lang='lat' dir='ltr'>vocant.</span> <span class='ocrx_word' id='word_1_33' title='bbox 1280 627 1391 681; x_wconf 80' lang='lat' dir='ltr'>Sed</span> <span class='ocrx_word' id='word_1_34' title='bbox 1444 626 1569 697; x_wconf 87' lang='lat' dir='ltr'>ipse</span> <span class='ocrx_word' id='word_1_35' title='bbox 1621 625 1814 681; x_wconf 91' lang='lat' dir='ltr'>locum</span> <span class='ocrx_word' id='word_1_36' title='bbox 1846 613 1914 661; x_wconf 70' lang='lat'>393</span> 
     </span>
    </p>
   </div>
   <div class='ocr_carea' id='block_1_7' title="bbox 249 714 1908 785">
    <p class='ocr_par' dir='ltr' id='par_1_7' title="bbox 249 714 1908 785">
     <span class='ocr_line' id='line_1_7' title="bbox 249 714 1908 785; baseline -0.001 -16"><span class='ocrx_word' id='word_1_37' title='bbox 249 719 521 769; x_wconf 89' lang='lat' dir='ltr'>nostrum</span> <span class='ocrx_word' id='word_1_38' title='bbox 554 728 787 785; x_wconf 87' lang='lat' dir='ltr'>semper</span> <span class='ocrx_word' id='word_1_39' title='bbox 812 729 1109 780; x_wconf 81' lang='lat' dir='ltr'>execrans,</span> <span class='ocrx_word' id='word_1_40' title='bbox 1146 714 1341 769; x_wconf 73' lang='lat' dir='ltr'>abbati</span> <span class='ocrx_word' id='word_1_41' title='bbox 1382 714 1631 769; x_wconf 76' lang='lat' dir='ltr'>insidias</span> <span class='ocrx_word' id='word_1_42' title='bbox 1684 715 1908 769; x_wconf 88' lang='lat' dir='ltr'>machi-</span> 
     </span>
    </p>
   </div>
   <div class='ocr_carea' id='block_1_8' title="bbox 250 801 1907 874">
    <p class='ocr_par' dir='ltr' id='par_1_8' title="bbox 250 801 1907 874">
     <span class='ocr_line' id='line_1_8' title="bbox 250 801 1907 874; baseline -0.001 -16"><span class='ocrx_word' id='word_1_43' title='bbox 250 803 526 868; x_wconf 88' lang='lat' dir='ltr'>nabatur,</span> <span class='ocrx_word' id='word_1_44' title='bbox 562 801 985 874; x_wconf 77' lang='lat' dir='ltr'>instigantibus</span> <span class='ocrx_word' id='word_1_45' title='bbox 1014 820 1150 858; x_wconf 90' lang='lat' dir='ltr'>eum</span> <span class='ocrx_word' id='word_1_46' title='bbox 1177 803 1245 837; x_wconf 62' lang='lat'>39‘</span> <span class='ocrx_word' id='word_1_47' title='bbox 1266 803 1333 858; x_wconf 85' lang='lat' dir='ltr'>ad</span> <span class='ocrx_word' id='word_1_48' title='bbox 1363 803 1471 858; x_wconf 87' lang='lat' dir='ltr'>hoc</span> <span class='ocrx_word' id='word_1_49' title='bbox 1495 805 1562 837; x_wconf 69' lang='grc'><strong>³⁵⁵</strong></span> <span class='ocrx_word' id='word_1_50' title='bbox 1589 802 1907 858; x_wconf 85' lang='lat' dir='ltr'>nonnullis.</span> 
     </span>
    </p>
   </div>
   <div class='ocr_carea' id='block_1_9' title="bbox 247 889 1910 958">
    <p class='ocr_par' dir='ltr' id='par_1_9' title="bbox 247 889 1910 958">
     <span class='ocr_line' id='line_1_9' title="bbox 247 889 1910 958; baseline 0.001 -12"><span class='ocrx_word' id='word_1_51' title='bbox 247 890 401 958; x_wconf 90' lang='lat' dir='ltr'>Quid</span> <span class='ocrx_word' id='word_1_52' title='bbox 436 889 638 945; x_wconf 89' lang='lat' dir='ltr'>multis</span> <span class='ocrx_word' id='word_1_53' title='bbox 670 906 862 946; x_wconf 89' lang='lat' dir='ltr'>morer</span> <span class='ocrx_word' id='word_1_54' title='bbox 889 891 998 945; x_wconf 66' lang='lat'>395?</span> <span class='ocrx_word' id='word_1_55' title='bbox 1028 891 1112 946; x_wconf 84' lang='lat' dir='ltr'>Ad</span> <span class='ocrx_word' id='word_1_56' title='bbox 1146 892 1253 946; x_wconf 90' lang='lat' dir='ltr'>hoe</span> <span class='ocrx_word' id='word_1_57' title='bbox 1286 908 1379 946; x_wconf 90' lang='lat' dir='ltr'>res</span> <span class='ocrx_word' id='word_1_58' title='bbox 1424 891 1598 954; x_wconf 79' lang='lat' dir='ltr'>venit,</span> <span class='ocrx_word' id='word_1_59' title='bbox 1636 895 1699 946; x_wconf 84' lang='lat' dir='ltr'>ut</span> <span class='ocrx_word' id='word_1_60' title='bbox 1728 891 1910 948; x_wconf 80' lang='lat' dir='ltr'>abbas</span> 
     </span>
    </p>
   </div>
   <div class='ocr_carea' id='block_1_10' title="bbox 246 978 1906 1052">
    <p class='ocr_par' dir='ltr' id='par_1_10' title="bbox 246 978 1906 1052">
     <span class='ocr_line' id='line_1_10' title="bbox 246 978 1906 1052; baseline 0 -17"><span class='ocrx_word' id='word_1_61' title='bbox 246 980 484 1036; x_wconf 78' lang='lat' dir='ltr'>cederet</span> <span class='ocrx_word' id='word_1_62' title='bbox 520 978 667 1044; x_wconf 92' lang='lat' dir='ltr'>loco,</span> <span class='ocrx_word' id='word_1_63' title='bbox 702 979 894 1034; x_wconf 91' lang='lat' dir='ltr'>sciens</span> <span class='ocrx_word' id='word_1_64' title='bbox 944 980 1027 1034; x_wconf 90' lang='lat' dir='ltr'>sic</span> <span class='ocrx_word' id='word_1_65' title='bbox 1077 996 1310 1052; x_wconf 90' lang='lat' dir='ltr'>quoque</span> <span class='ocrx_word' id='word_1_66' title='bbox 1353 981 1695 1052; x_wconf 83' lang='lat' dir='ltr'>episcopum</span> <span class='ocrx_word' id='word_1_67' title='bbox 1743 978 1906 1035; x_wconf 90' lang='lat' dir='ltr'>velle.</span> 
     </span>
    </p>
   </div>
   <div class='ocr_carea' id='block_1_11' title="bbox 244 1066 1907 1124">
    <p class='ocr_par' dir='ltr' id='par_1_11' title="bbox 244 1066 1907 1124">
     <span class='ocr_line' id='line_1_11' title="bbox 244 1066 1907 1124; baseline 0 -1"><span class='ocrx_word' id='word_1_68' title='bbox 244 1068 401 1124; x_wconf 80' lang='lat' dir='ltr'>Nam</span> <span class='ocrx_word' id='word_1_69' title='bbox 443 1068 515 1123; x_wconf 89' lang='lat' dir='ltr'>de</span> <span class='ocrx_word' id='word_1_70' title='bbox 561 1084 627 1123; x_wconf 95' lang='lat' dir='ltr'>eo</span> <span class='ocrx_word' id='word_1_71' title='bbox 678 1066 823 1122; x_wconf 86' lang='lat' dir='ltr'>nihil</span> <span class='ocrx_word' id='word_1_72' title='bbox 883 1073 1150 1124; x_wconf 89' lang='lat' dir='ltr'>nostrum</span> <span class='ocrx_word' id='word_1_73' title='bbox 1200 1074 1289 1124; x_wconf 88' lang='lat' dir='ltr'>est</span> <span class='ocrx_word' id='word_1_74' title='bbox 1338 1068 1497 1124; x_wconf 90' lang='lat' dir='ltr'>aliud</span> <span class='ocrx_word' id='word_1_75' title='bbox 1549 1069 1761 1124; x_wconf 91' lang='lat' dir='ltr'>dicere.</span> <span class='ocrx_word' id='word_1_76' title='bbox 1796 1069 1907 1123; x_wconf 85' lang='lat' dir='ltr'>Ra-</span> 
     </span>
    </p>
   </div>
   <div class='ocr_carea' id='block_1_12' title="bbox 243 1156 1904 1229">
    <p class='ocr_par' dir='ltr' id='par_1_12' title="bbox 243 1156 1904 1229">
     <span class='ocr_line' id='line_1_12' title="bbox 243 1156 1904 1229; baseline 0 -16"><span class='ocrx_word' id='word_1_77' title='bbox 243 1157 501 1223; x_wconf 87' lang='lat' dir='ltr'>therius,</span> <span class='ocrx_word' id='word_1_78' title='bbox 555 1160 619 1212; x_wconf 87' lang='lat' dir='ltr'>ut</span> <span class='ocrx_word' id='word_1_79' title='bbox 664 1157 998 1213; x_wconf 79' lang='lat' dir='ltr'>ostenderet</span> <span class='ocrx_word' id='word_1_80' title='bbox 1048 1157 1260 1229; x_wconf 80' lang='lat' dir='ltr'>prioris</span> <span class='ocrx_word' id='word_1_81' title='bbox 1304 1156 1625 1213; x_wconf 70' lang='lat' dir='ltr'>inimicitia:</span> <span class='ocrx_word' id='word_1_82' title='bbox 1675 1174 1904 1226; x_wconf 77' lang='lat' dir='ltr'>causas,</span> 
     </span>
    </p>
   </div>
   <div class='ocr_carea' id='block_1_13' title="bbox 241 1245 1907 1311">
    <p class='ocr_par' dir='ltr' id='par_1_13' title="bbox 241 1245 1907 1311">
     <span class='ocr_line' id='line_1_13' title="bbox 241 1245 1907 1311; baseline -0.001 -9"><span class='ocrx_word' id='word_1_83' title='bbox 241 1245 451 1302; x_wconf 87' lang='lat' dir='ltr'>locum</span> <span class='ocrx_word' id='word_1_84' title='bbox 497 1246 827 1311; x_wconf 88' lang='lat' dir='ltr'>invadit,et</span> <span class='ocrx_word' id='word_1_85' title='bbox 874 1252 1145 1302; x_wconf 88' lang='lat' dir='ltr'>metuens</span> <span class='ocrx_word' id='word_1_86' title='bbox 1194 1246 1424 1302; x_wconf 85' lang='lat' dir='ltr'>abbatis</span> <span class='ocrx_word' id='word_1_87' title='bbox 1473 1246 1907 1303; x_wconf 86' lang='lat' dir='ltr'>animositatem</span> 
     </span>
    </p>
   </div>
   <div class='ocr_carea' id='block_1_14' title="bbox 242 1335 1905 1409">
    <p class='ocr_par' dir='ltr' id='par_1_14' title="bbox 242 1335 1905 1409">
     <span class='ocr_line' id='line_1_14' title="bbox 242 1335 1905 1409; baseline -0.001 -17"><span class='ocrx_word' id='word_1_88' title='bbox 242 1335 554 1408; x_wconf 84' lang='lat' dir='ltr'>simulque</span> <span class='ocrx_word' id='word_1_89' title='bbox 583 1336 990 1409; x_wconf 87' lang='lat' dir='ltr'>cognationem</span> <span class='ocrx_word' id='word_1_90' title='bbox 1023 1338 1172 1408; x_wconf 87' lang='lat' dir='ltr'>ejus,</span> <span class='ocrx_word' id='word_1_91' title='bbox 1207 1353 1334 1407; x_wconf 68' lang='lat' dir='ltr'>qua:</span> <span class='ocrx_word' id='word_1_92' title='bbox 1370 1353 1484 1391; x_wconf 91' lang='lat' dir='ltr'>non</span> <span class='ocrx_word' id='word_1_93' title='bbox 1518 1342 1639 1391; x_wconf 88' lang='lat' dir='ltr'>erat</span> <span class='ocrx_word' id='word_1_94' title='bbox 1680 1337 1905 1400; x_wconf 87' lang='lat' dir='ltr'>inﬁma,</span> 
     </span>
    </p>
   </div>
   <div class='ocr_carea' id='block_1_15' title="bbox 241 1422 1908 1497">
    <p class='ocr_par' dir='ltr' id='par_1_15' title="bbox 241 1422 1908 1497">
     <span class='ocr_line' id='line_1_15' title="bbox 241 1422 1908 1497; baseline 0 -18"><span class='ocrx_word' id='word_1_95' title='bbox 241 1423 584 1480; x_wconf 82' lang='lat' dir='ltr'>claustrum</span> <span class='ocrx_word' id='word_1_96' title='bbox 615 1422 674 1478; x_wconf 91' lang='lat' dir='ltr'>in</span> <span class='ocrx_word' id='word_1_97' title='bbox 726 1424 967 1479; x_wconf 90' lang='lat' dir='ltr'>modum</span> <span class='ocrx_word' id='word_1_98' title='bbox 1018 1424 1241 1480; x_wconf 87' lang='lat' dir='ltr'>castelli</span> <span class='ocrx_word' id='word_1_99' title='bbox 1292 1425 1493 1497; x_wconf 85' lang='lat' dir='ltr'>cingit,</span> <span class='ocrx_word' id='word_1_100' title='bbox 1528 1425 1599 1480; x_wconf 88' lang='lat' dir='ltr'>dc</span> <span class='ocrx_word' id='word_1_101' title='bbox 1628 1441 1908 1480; x_wconf 86' lang='lat' dir='ltr'>mammo-</span> 
     </span>
    </p>
   </div>
   <div class='ocr_carea' id='block_1_16' title="bbox 240 1512 1905 1588">
    <p class='ocr_par' dir='ltr' id='par_1_16' title="bbox 240 1512 1905 1588">
     <span class='ocr_line' id='line_1_16' title="bbox 240 1512 1905 1588; baseline 0.001 -21"><span class='ocrx_word' id='word_1_102' title='bbox 240 1530 325 1568; x_wconf 88' lang='lat' dir='ltr'>na</span> <span class='ocrx_word' id='word_1_103' title='bbox 357 1512 495 1580; x_wconf 88' lang='lat' dir='ltr'>sibi,</span> <span class='ocrx_word' id='word_1_104' title='bbox 527 1517 591 1568; x_wconf 92' lang='lat' dir='ltr'>ut</span> <span class='ocrx_word' id='word_1_105' title='bbox 621 1512 873 1581; x_wconf 89' lang='lat' dir='ltr'>dicebat,</span> <span class='ocrx_word' id='word_1_106' title='bbox 908 1513 1141 1569; x_wconf 84' lang='lat' dir='ltr'>residuo</span> <span class='ocrx_word' id='word_1_107' title='bbox 1174 1514 1543 1586; x_wconf 84' lang='lat' dir='ltr'>quorundam</span> <span class='ocrx_word' id='word_1_108' title='bbox 1574 1513 1905 1588; x_wconf 82' lang='lat' dir='ltr'>principum</span> 
     </span>
    </p>
   </div>
   <div class='ocr_carea' id='block_1_17' title="bbox 241 1601 1905 1674">
    <p class='ocr_par' dir='ltr' id='par_1_17' title="bbox 241 1601 1905 1674">
     <span class='ocr_line' id='line_1_17' title="bbox 241 1601 1905 1674; baseline -0.001 -17"><span class='ocrx_word' id='word_1_109' title='bbox 241 1602 322 1657; x_wconf 86' lang='lat' dir='ltr'>ad</span> <span class='ocrx_word' id='word_1_110' title='bbox 378 1601 491 1657; x_wconf 87' lang='lat' dir='ltr'>hoc</span> <span class='ocrx_word' id='word_1_111' title='bbox 537 1605 732 1673; x_wconf 91' lang='lat' dir='ltr'>empto</span> <span class='ocrx_word' id='word_1_112' title='bbox 783 1602 1113 1673; x_wconf 88' lang='lat' dir='ltr'>adjutorio;</span> <span class='ocrx_word' id='word_1_113' title='bbox 1148 1602 1394 1658; x_wconf 90' lang='lat' dir='ltr'>ecclesia</span> <span class='ocrx_word' id='word_1_114' title='bbox 1442 1620 1673 1674; x_wconf 85' lang='lat' dir='ltr'>quoque</span> <span class='ocrx_word' id='word_1_115' title='bbox 1718 1602 1905 1658; x_wconf 86' lang='lat' dir='ltr'>sancti</span> 
     </span>
    </p>
   </div>
   <div class='ocr_carea' id='block_1_18' title="bbox 240 1689 1904 1763">
    <p class='ocr_par' dir='ltr' id='par_1_18' title="bbox 240 1689 1904 1763">
     <span class='ocr_line' id='line_1_18' title="bbox 240 1689 1904 1763; baseline 0 -18"><span class='ocrx_word' id='word_1_116' title='bbox 240 1689 523 1753; x_wconf 88' lang='lat' dir='ltr'>Dionisii,</span> <span class='ocrx_word' id='word_1_117' title='bbox 553 1706 731 1762; x_wconf 89' lang='lat' dir='ltr'>quam</span> <span class='ocrx_word' id='word_1_118' title='bbox 764 1695 985 1746; x_wconf 88' lang='lat' dir='ltr'>emerat</span> <span class='ocrx_word' id='word_1_119' title='bbox 1014 1708 1048 1745; x_wconf 94' lang='lat' dir='ltr'>a</span> <span class='ocrx_word' id='word_1_120' title='bbox 1078 1690 1289 1746; x_wconf 89' lang='lat' dir='ltr'>comite</span> <span class='ocrx_word' id='word_1_121' title='bbox 1321 1691 1570 1747; x_wconf 83' lang='lat' dir='ltr'>Roberto</span> <span class='ocrx_word' id='word_1_122' title='bbox 1600 1690 1804 1763; x_wconf 82' lang='lat' dir='ltr'>viginti</span> <span class='ocrx_word' id='word_1_123' title='bbox 1836 1690 1904 1746; x_wconf 91' lang='lat' dir='ltr'>li-</span> 
     </span>
    </p>
   </div>
   <div class='ocr_carea' id='block_1_19' title="bbox 241 1779 1904 1852">
    <p class='ocr_par' dir='ltr' id='par_1_19' title="bbox 241 1779 1904 1852">
     <span class='ocr_line' id='line_1_19' title="bbox 241 1779 1904 1852; baseline 0.001 -19"><span class='ocrx_word' id='word_1_124' title='bbox 241 1779 498 1835; x_wconf 89' lang='lat' dir='ltr'>brarum</span> <span class='ocrx_word' id='word_1_125' title='bbox 528 1783 722 1834; x_wconf 81' lang='lat' dir='ltr'>taxato</span> <span class='ocrx_word' id='word_1_126' title='bbox 755 1779 966 1850; x_wconf 87' lang='lat' dir='ltr'>precio,</span> <span class='ocrx_word' id='word_1_127' title='bbox 1000 1779 1181 1850; x_wconf 90' lang='lat' dir='ltr'>hujus</span> <span class='ocrx_word' id='word_1_128' title='bbox 1221 1779 1302 1834; x_wconf 89' lang='lat' dir='ltr'>rei</span> <span class='ocrx_word' id='word_1_129' title='bbox 1353 1796 1532 1835; x_wconf 90' lang='lat' dir='ltr'>causa</span> <span class='ocrx_word' id='word_1_130' title='bbox 1577 1784 1781 1852; x_wconf 86' lang='lat' dir='ltr'>sponte</span> <span class='ocrx_word' id='word_1_131' title='bbox 1811 1797 1904 1835; x_wconf 88' lang='lat' dir='ltr'>ca-</span> 
     </span>
    </p>
   </div>
   <div class='ocr_carea' id='block_1_20' title="bbox 241 1867 1897 1940">
    <p class='ocr_par' dir='ltr' id='par_1_20' title="bbox 241 1867 1897 1940">
     <span class='ocr_line' id='line_1_20' title="bbox 241 1867 1897 1940; baseline 0 -16"><span class='ocrx_word' id='word_1_132' title='bbox 241 1868 394 1924; x_wconf 82' lang='lat' dir='ltr'>ruit.</span> <span class='ocrx_word' id='word_1_133' title='bbox 446 1868 561 1924; x_wconf 88' lang='lat' dir='ltr'>Nec</span> <span class='ocrx_word' id='word_1_134' title='bbox 610 1867 775 1940; x_wconf 89' lang='lat' dir='ltr'>quid,</span> <span class='ocrx_word' id='word_1_135' title='bbox 827 1872 1140 1939; x_wconf 90' lang='lat' dir='ltr'>quantum,</span> <span class='ocrx_word' id='word_1_136' title='bbox 1194 1867 1355 1923; x_wconf 89' lang='lat' dir='ltr'>cuive</span> <span class='ocrx_word' id='word_1_137' title='bbox 1405 1869 1477 1924; x_wconf 91' lang='lat' dir='ltr'>ob</span> <span class='ocrx_word' id='word_1_138' title='bbox 1508 1870 1574 1905; x_wconf 71' lang='lat'>39&quot;</span> <span class='ocrx_word' id='word_1_139' title='bbox 1607 1868 1663 1923; x_wconf 90' lang='lat' dir='ltr'>id</span> <span class='ocrx_word' id='word_1_140' title='bbox 1713 1869 1897 1937; x_wconf 89' lang='lat' dir='ltr'>daret,</span> 
     </span>
    </p>
   </div>
   <div class='ocr_carea' id='block_1_21' title="bbox 241 1954 1905 2029">
    <p class='ocr_par' dir='ltr' id='par_1_21' title="bbox 241 1954 1905 2029">
     <span class='ocr_line' id='line_1_21' title="bbox 241 1954 1905 2029; baseline 0 -18"><span class='ocrx_word' id='word_1_141' title='bbox 241 1957 574 2029; x_wconf 82' lang='lat' dir='ltr'>quicquam</span> <span class='ocrx_word' id='word_1_142' title='bbox 628 1954 793 2027; x_wconf 86' lang='lat' dir='ltr'>pensi</span> <span class='ocrx_word' id='word_1_143' title='bbox 842 1955 1068 2011; x_wconf 86' lang='lat' dir='ltr'>habuit.</span> <span class='ocrx_word' id='word_1_144' title='bbox 1121 1957 1269 2022; x_wconf 86' lang='lat' dir='ltr'>Quid</span> <span class='ocrx_word' id='word_1_145' title='bbox 1320 1955 1527 2029; x_wconf 81' lang='lat' dir='ltr'>plura?</span> <span class='ocrx_word' id='word_1_146' title='bbox 1556 1959 1759 2013; x_wconf 85' lang='lat' dir='ltr'>Annus</span> <span class='ocrx_word' id='word_1_147' title='bbox 1808 1955 1905 2012; x_wconf 85' lang='lat' dir='ltr'>ille</span> 
     </span>
    </p>
   </div>
   <div class='ocr_carea' id='block_1_22' title="bbox 241 2044 1908 2117">
    <p class='ocr_par' dir='ltr' id='par_1_22' title="bbox 241 2044 1908 2117">
     <span class='ocr_line' id='line_1_22' title="bbox 241 2044 1908 2117; baseline -0.001 -17"><span class='ocrx_word' id='word_1_148' title='bbox 241 2044 335 2101; x_wconf 83' lang='lat' dir='ltr'>sic</span> <span class='ocrx_word' id='word_1_149' title='bbox 368 2044 587 2100; x_wconf 89' lang='lat' dir='ltr'>ductus</span> <span class='ocrx_word' id='word_1_150' title='bbox 619 2048 727 2111; x_wconf 90' lang='lat' dir='ltr'>est,</span> <span class='ocrx_word' id='word_1_151' title='bbox 752 2045 935 2099; x_wconf 89' lang='lat' dir='ltr'>donec</span> <span class='ocrx_word' id='word_1_152' title='bbox 956 2044 1022 2079; x_wconf 71' lang='grc'>³9⁸</span> <span class='ocrx_word' id='word_1_153' title='bbox 1044 2045 1355 2100; x_wconf 87' lang='lat' dir='ltr'>defunctus</span> <span class='ocrx_word' id='word_1_154' title='bbox 1378 2047 1467 2099; x_wconf 86' lang='lat' dir='ltr'>est</span> <span class='ocrx_word' id='word_1_155' title='bbox 1488 2044 1771 2101; x_wconf 88' lang='lat' dir='ltr'>Evracrus</span> <span class='ocrx_word' id='word_1_156' title='bbox 1793 2044 1908 2117; x_wconf 81' lang='lat' dir='ltr'>epi-</span> 
     </span>
    </p>
   </div>
   <div class='ocr_carea' id='block_1_23' title="bbox 243 2131 1905 2205">
    <p class='ocr_par' dir='ltr' id='par_1_23' title="bbox 243 2131 1905 2205">
     <span class='ocr_line' id='line_1_23' title="bbox 243 2131 1905 2205; baseline -0.001 -17"><span class='ocrx_word' id='word_1_157' title='bbox 243 2148 471 2204; x_wconf 86' lang='lat' dir='ltr'>scopus</span> <span class='ocrx_word' id='word_1_158' title='bbox 501 2136 558 2188; x_wconf 90' lang='lat' dir='ltr'>et</span> <span class='ocrx_word' id='word_1_159' title='bbox 586 2131 647 2187; x_wconf 92' lang='lat' dir='ltr'>iu</span> <span class='ocrx_word' id='word_1_160' title='bbox 674 2132 799 2188; x_wconf 93' lang='lat' dir='ltr'>loco</span> <span class='ocrx_word' id='word_1_161' title='bbox 820 2132 889 2168; x_wconf 67' lang='lat'>39°</span> <span class='ocrx_word' id='word_1_162' title='bbox 909 2132 1038 2203; x_wconf 91' lang='lat' dir='ltr'>ejus</span> <span class='ocrx_word' id='word_1_163' title='bbox 1059 2132 1389 2205; x_wconf 88' lang='lat' dir='ltr'>Nothgerus</span> <span class='ocrx_word' id='word_1_164' title='bbox 1412 2133 1905 2205; x_wconf 87' lang='lat' dir='ltr'>successit.Cujus</span> 
     </span>
    </p>
   </div>
   <div class='ocr_carea' id='block_1_24' title="bbox 245 2220 1905 2295">
    <p class='ocr_par' dir='ltr' id='par_1_24' title="bbox 245 2220 1905 2295">
     <span class='ocr_line' id='line_1_24' title="bbox 245 2220 1905 2295; baseline 0 -18"><span class='ocrx_word' id='word_1_165' title='bbox 245 2222 403 2293; x_wconf 85' lang='lat'>(125)</span> <span class='ocrx_word' id='word_1_166' title='bbox 436 2220 618 2276; x_wconf 90' lang='lat' dir='ltr'>animi</span> <span class='ocrx_word' id='word_1_167' title='bbox 651 2222 814 2277; x_wconf 88' lang='lat' dir='ltr'>dotes</span> <span class='ocrx_word' id='word_1_168' title='bbox 844 2226 900 2277; x_wconf 89' lang='lat' dir='ltr'>et</span> <span class='ocrx_word' id='word_1_169' title='bbox 927 2221 1211 2277; x_wconf 89' lang='lat' dir='ltr'>virtutum</span> <span class='ocrx_word' id='word_1_170' title='bbox 1254 2238 1551 2277; x_wconf 88' lang='lat' dir='ltr'>summam</span> <span class='ocrx_word' id='word_1_171' title='bbox 1585 2222 1632 2277; x_wconf 90' lang='lat' dir='ltr'>si</span> <span class='ocrx_word' id='word_1_172' title='bbox 1666 2238 1905 2295; x_wconf 82' lang='lat' dir='ltr'>pergam</span> 
     </span>
    </p>
   </div>
   <div class='ocr_carea' id='block_1_25' title="bbox 249 2310 1906 2383">
    <p class='ocr_par' dir='ltr' id='par_1_25' title="bbox 249 2310 1906 2383">
     <span class='ocr_line' id='line_1_25' title="bbox 249 2310 1906 2383; baseline -0.001 -17"><span class='ocrx_word' id='word_1_173' title='bbox 249 2311 470 2378; x_wconf 87' lang='lat' dir='ltr'>dicere,</span> <span class='ocrx_word' id='word_1_174' title='bbox 506 2310 784 2382; x_wconf 89' lang='lat' dir='ltr'>quoniam</span> <span class='ocrx_word' id='word_1_175' title='bbox 814 2311 1006 2366; x_wconf 87' lang='lat' dir='ltr'>adhuc</span> <span class='ocrx_word' id='word_1_176' title='bbox 1044 2316 1313 2383; x_wconf 88' lang='lat' dir='ltr'>superest</span> <span class='ocrx_word' id='word_1_177' title='bbox 1362 2313 1531 2379; x_wconf 82' lang='lat'>(126),</span> <span class='ocrx_word' id='word_1_178' title='bbox 1567 2311 1793 2366; x_wconf 90' lang='lat' dir='ltr'>adulari</span> <span class='ocrx_word' id='word_1_179' title='bbox 1822 2311 1906 2366; x_wconf 84' lang='lat' dir='ltr'>vi-</span> 
     </span>
    </p>
   </div>
   <div class='ocr_carea' id='block_1_26' title="bbox 255 2398 1909 2473">
    <p class='ocr_par' dir='ltr' id='par_1_26' title="bbox 255 2398 1909 2473">
     <span class='ocr_line' id='line_1_26' title="bbox 255 2398 1909 2473; baseline 0 -19"><span class='ocrx_word' id='word_1_180' title='bbox 255 2399 465 2454; x_wconf 88' lang='lat' dir='ltr'>debor.</span> <span class='ocrx_word' id='word_1_181' title='bbox 500 2398 691 2454; x_wconf 89' lang='lat' dir='ltr'>Unum</span> <span class='ocrx_word' id='word_1_182' title='bbox 743 2417 847 2473; x_wconf 84' lang='lat' dir='ltr'>pro</span> <span class='ocrx_word' id='word_1_183' title='bbox 896 2404 1052 2455; x_wconf 90' lang='lat' dir='ltr'>certo</span> <span class='ocrx_word' id='word_1_184' title='bbox 1103 2400 1418 2455; x_wconf 88' lang='lat' dir='ltr'>dicendum</span> <span class='ocrx_word' id='word_1_185' title='bbox 1476 2405 1583 2465; x_wconf 89' lang='lat' dir='ltr'>est,</span> <span class='ocrx_word' id='word_1_186' title='bbox 1619 2400 1772 2471; x_wconf 84' lang='lat' dir='ltr'>quod</span> <span class='ocrx_word' id='word_1_187' title='bbox 1820 2400 1909 2454; x_wconf 90' lang='lat' dir='ltr'>vir</span> 
     </span>
    </p>
   </div>
   <div class='ocr_carea' id='block_1_27' title="bbox 250 2486 1911 2561">
    <p class='ocr_par' dir='ltr' id='par_1_27' title="bbox 250 2486 1911 2561">
     <span class='ocr_line' id='line_1_27' title="bbox 250 2486 1911 2561; baseline 0 -18"><span class='ocrx_word' id='word_1_188' title='bbox 250 2489 352 2556; x_wconf 86' lang='lat' dir='ltr'>sit,</span> <span class='ocrx_word' id='word_1_189' title='bbox 385 2488 446 2541; x_wconf 93' lang='lat' dir='ltr'>in</span> <span class='ocrx_word' id='word_1_190' title='bbox 470 2504 644 2559; x_wconf 89' lang='lat' dir='ltr'>quem</span> <span class='ocrx_word' id='word_1_191' title='bbox 676 2489 921 2560; x_wconf 89' lang='lat' dir='ltr'>spiritus</span> <span class='ocrx_word' id='word_1_192' title='bbox 950 2488 1052 2543; x_wconf 93' lang='lat' dir='ltr'>Dei</span> <span class='ocrx_word' id='word_1_193' title='bbox 1084 2489 1305 2544; x_wconf 90' lang='lat' dir='ltr'>donum</span> <span class='ocrx_word' id='word_1_194' title='bbox 1336 2486 1632 2561; x_wconf 86' lang='lat' dir='ltr'>singulare</span> <span class='ocrx_word' id='word_1_195' title='bbox 1661 2486 1911 2543; x_wconf 85' lang='lat' dir='ltr'>contulit</span> 
     </span>
    </p>
   </div>
   <div class='ocr_carea' id='block_1_28' title="bbox 253 2576 1908 2649">
    <p class='ocr_par' dir='ltr' id='par_1_28' title="bbox 253 2576 1908 2649">
     <span class='ocr_line' id='line_1_28' title="bbox 253 2576 1908 2649; baseline 0.001 -19"><span class='ocrx_word' id='word_1_196' title='bbox 253 2576 520 2633; x_wconf 84' lang='lat' dir='ltr'>veritatis</span> <span class='ocrx_word' id='word_1_197' title='bbox 545 2581 605 2632; x_wconf 90' lang='lat' dir='ltr'>et</span> <span class='ocrx_word' id='word_1_198' title='bbox 643 2576 798 2632; x_wconf 92' lang='lat' dir='ltr'>ﬁdei.</span> <span class='ocrx_word' id='word_1_199' title='bbox 832 2577 937 2643; x_wconf 87' lang='lat' dir='ltr'>Qui</span> <span class='ocrx_word' id='word_1_200' title='bbox 984 2576 1189 2632; x_wconf 87' lang='lat' dir='ltr'>nolens</span> <span class='ocrx_word' id='word_1_201' title='bbox 1238 2577 1560 2649; x_wconf 90' lang='lat' dir='ltr'>primordia</span> <span class='ocrx_word' id='word_1_202' title='bbox 1607 2594 1715 2632; x_wconf 88' lang='lat' dir='ltr'>sua</span> <span class='ocrx_word' id='word_1_203' title='bbox 1762 2577 1908 2632; x_wconf 88' lang='lat' dir='ltr'>levia</span> 
     </span>
    </p>
   </div>
   <div class='ocr_carea' id='block_1_29' title="bbox 260 2664 1906 2738">
    <p class='ocr_par' dir='ltr' id='par_1_29' title="bbox 260 2664 1906 2738">
     <span class='ocr_line' id='line_1_29' title="bbox 260 2664 1906 2738; baseline -0.001 -15"><span class='ocrx_word' id='word_1_204' title='bbox 260 2670 365 2723; x_wconf 80' lang='lat' dir='ltr'>aut</span> <span class='ocrx_word' id='word_1_205' title='bbox 393 2664 755 2738; x_wconf 67' lang='lat' dir='ltr'>praecipitata</span> <span class='ocrx_word' id='word_1_206' title='bbox 782 2664 1005 2733; x_wconf 88' lang='lat' dir='ltr'>haberi,</span> <span class='ocrx_word' id='word_1_207' title='bbox 1039 2665 1291 2721; x_wconf 86' lang='lat' dir='ltr'>evocatis</span> <span class='ocrx_word' id='word_1_208' title='bbox 1322 2666 1657 2735; x_wconf 90' lang='lat' dir='ltr'>abbatibus,</span> <span class='ocrx_word' id='word_1_209' title='bbox 1678 2666 1906 2721; x_wconf 88' lang='lat' dir='ltr'>Werin-</span> 
     </span>
    </p>
   </div>
   <div class='ocr_carea' id='block_1_30' title="bbox 255 2752 1905 2811">
    <p class='ocr_par' dir='ltr' id='par_1_30' title="bbox 255 2752 1905 2811">
     <span class='ocr_line' id='line_1_30' title="bbox 255 2752 1905 2811; baseline 0.001 -3"><span class='ocrx_word' id='word_1_210' title='bbox 255 2754 422 2810; x_wconf 79' lang='lat' dir='ltr'>fredo</span> <span class='ocrx_word' id='word_1_211' title='bbox 451 2752 719 2809; x_wconf 82' lang='lat' dir='ltr'>videlicet</span> <span class='ocrx_word' id='word_1_212' title='bbox 752 2770 786 2809; x_wconf 87' lang='lat' dir='ltr'>a</span> <span class='ocrx_word' id='word_1_213' title='bbox 813 2752 1132 2810; x_wconf 89' lang='lat' dir='ltr'>Stabulaus</span> <span class='ocrx_word' id='word_1_214' title='bbox 1158 2758 1212 2810; x_wconf 91' lang='lat' dir='ltr'>et</span> <span class='ocrx_word' id='word_1_215' title='bbox 1244 2754 1543 2811; x_wconf 86' lang='lat' dir='ltr'>Heriberto</span> <span class='ocrx_word' id='word_1_216' title='bbox 1593 2754 1666 2811; x_wconf 88' lang='lat' dir='ltr'>ab</span> <span class='ocrx_word' id='word_1_217' title='bbox 1716 2756 1905 2810; x_wconf 87' lang='lat' dir='ltr'>Anda-</span> 
     </span>
    </p>
   </div>
   <div class='ocr_carea' id='block_1_31' title="bbox 250 2841 1910 2917">
    <p class='ocr_par' dir='ltr' id='par_1_31' title="bbox 250 2841 1910 2917">
     <span class='ocr_line' id='line_1_31' title="bbox 250 2841 1910 2917; baseline 0.001 -20"><span class='ocrx_word' id='word_1_218' title='bbox 250 2842 415 2915; x_wconf 87' lang='lat' dir='ltr'>gino,</span> <span class='ocrx_word' id='word_1_219' title='bbox 450 2858 586 2899; x_wconf 91' lang='lat' dir='ltr'>cum</span> <span class='ocrx_word' id='word_1_220' title='bbox 618 2841 915 2915; x_wconf 87' lang='lat' dir='ltr'>aliquibus</span> <span class='ocrx_word' id='word_1_221' title='bbox 936 2843 1507 2915; x_wconf 83' lang='lat' dir='ltr'>fratribus,primum</span> <span class='ocrx_word' id='word_1_222' title='bbox 1534 2843 1910 2917; x_wconf 85' lang='lat' dir='ltr'>conspiratio-</span> 
     </span>
    </p>
   </div>
   <div class='ocr_carea' id='block_1_32' title="bbox 251 2929 1903 3003">
    <p class='ocr_par' dir='ltr' id='par_1_32' title="bbox 251 2929 1903 3003">
     <span class='ocr_line' id='line_1_32' title="bbox 251 2929 1903 3003; baseline 0 -16"><span class='ocrx_word' id='word_1_223' title='bbox 251 2929 349 2987; x_wconf 86' lang='lat' dir='ltr'>nis</span> <span class='ocrx_word' id='word_1_224' title='bbox 397 2930 636 2987; x_wconf 81' lang='lat' dir='ltr'>exordia</span> <span class='ocrx_word' id='word_1_225' title='bbox 682 2930 910 3003; x_wconf 65' lang='lat' dir='ltr'>quaerit,</span> <span class='ocrx_word' id='word_1_226' title='bbox 960 2931 1194 2987; x_wconf 91' lang='lat' dir='ltr'>inventa</span> <span class='ocrx_word' id='word_1_227' title='bbox 1250 2931 1500 2988; x_wconf 91' lang='lat' dir='ltr'>trutinat</span> <span class='ocrx_word' id='word_1_228' title='bbox 1546 2935 1603 2988; x_wconf 91' lang='lat' dir='ltr'>et</span> <span class='ocrx_word' id='word_1_229' title='bbox 1645 2932 1903 2999; x_wconf 89' lang='lat' dir='ltr'>discutit,</span> 
     </span>
    </p>
   </div>
   <div class='ocr_carea' id='block_1_33' title="bbox 250 3018 1905 3093">
    <p class='ocr_par' dir='ltr' id='par_1_33' title="bbox 250 3018 1905 3093">
     <span class='ocr_line' id='line_1_33' title="bbox 250 3018 1905 3093; baseline 0.001 -17"><span class='ocrx_word' id='word_1_230' title='bbox 250 3018 531 3076; x_wconf 86' lang='lat' dir='ltr'>discussa</span> <span class='ocrx_word' id='word_1_231' title='bbox 559 3020 795 3076; x_wconf 84' lang='lat' dir='ltr'>domum</span> <span class='ocrx_word' id='word_1_232' title='bbox 820 3020 1049 3092; x_wconf 89' lang='lat' dir='ltr'>judicio</span> <span class='ocrx_word' id='word_1_233' title='bbox 1081 3021 1286 3076; x_wconf 89' lang='lat' dir='ltr'>utitur.</span> <span class='ocrx_word' id='word_1_234' title='bbox 1326 3019 1433 3077; x_wconf 89' lang='lat' dir='ltr'>Ubi</span> <span class='ocrx_word' id='word_1_235' title='bbox 1463 3019 1754 3093; x_wconf 79' lang='lat' dir='ltr'>perspexit</span> <span class='ocrx_word' id='word_1_236' title='bbox 1782 3037 1905 3077; x_wconf 91' lang='lat' dir='ltr'>om-</span> 
     </span>
    </p>
   </div>
   <div class='ocr_carea' id='block_1_34' title="bbox 253 3107 1910 3182">
    <p class='ocr_par' dir='ltr' id='par_1_34' title="bbox 253 3107 1910 3182">
     <span class='ocr_line' id='line_1_34' title="bbox 253 3107 1910 3182; baseline 0 -19"><span class='ocrx_word' id='word_1_237' title='bbox 253 3107 357 3163; x_wconf 90' lang='lat' dir='ltr'>nia</span> <span class='ocrx_word' id='word_1_238' title='bbox 400 3124 529 3165; x_wconf 88' lang='lat' dir='ltr'>esse</span> <span class='ocrx_word' id='word_1_239' title='bbox 577 3108 799 3176; x_wconf 89' lang='lat' dir='ltr'>frivola,</span> <span class='ocrx_word' id='word_1_240' title='bbox 843 3109 1051 3165; x_wconf 82' lang='lat' dir='ltr'>fratres</span> <span class='ocrx_word' id='word_1_241' title='bbox 1102 3109 1297 3165; x_wconf 89' lang='lat' dir='ltr'>abbati</span> <span class='ocrx_word' id='word_1_242' title='bbox 1344 3108 1680 3165; x_wconf 89' lang='lat' dir='ltr'>reconciliat</span> <span class='ocrx_word' id='word_1_243' title='bbox 1708 3109 1793 3180; x_wconf 69' lang='lat'><strong>‘00,</strong></span> <span class='ocrx_word' id='word_1_244' title='bbox 1827 3109 1910 3182; x_wconf 82' lang='lat' dir='ltr'>ip-</span> 
     </span>
    </p>
   </div>
   <div class='ocr_carea' id='block_1_35' title="bbox 2022 539 3671 618">
    <p class='ocr_par' dir='ltr' id='par_1_35' title="bbox 2022 539 3671 618">
     <span class='ocr_line' id='line_1_35' title="bbox 2022 539 3671 618; baseline 0.006 -27"><span class='ocrx_word' id='word_1_245' title='bbox 2022 543 2170 593; x_wconf 86' lang='lat' dir='ltr'>tum.</span> <span class='ocrx_word' id='word_1_246' title='bbox 2206 539 2268 595; x_wconf 89' lang='lat' dir='ltr'>In</span> <span class='ocrx_word' id='word_1_247' title='bbox 2299 542 2468 612; x_wconf 87' lang='lat' dir='ltr'>cujus</span> <span class='ocrx_word' id='word_1_248' title='bbox 2504 541 2742 596; x_wconf 86' lang='lat' dir='ltr'>introitu</span> <span class='ocrx_word' id='word_1_249' title='bbox 2776 542 2908 597; x_wconf 81' lang='lat' dir='ltr'>fecit</span> <span class='ocrx_word' id='word_1_250' title='bbox 2935 544 3315 611; x_wconf 86' lang='lat' dir='ltr'>vestibulum,</span> <span class='ocrx_word' id='word_1_251' title='bbox 3337 544 3397 600; x_wconf 89' lang='lat' dir='ltr'>in</span> <span class='ocrx_word' id='word_1_252' title='bbox 3430 562 3544 617; x_wconf 90' lang='lat' dir='ltr'>quo</span> <span class='ocrx_word' id='word_1_253' title='bbox 3569 563 3671 618; x_wconf 90' lang='lat' dir='ltr'>per</span> 
     </span>
    </p>
   </div>
   <div class='ocr_carea' id='block_1_36' title="bbox 2022 628 3671 705">
    <p class='ocr_par' dir='ltr' id='par_1_36' title="bbox 2022 628 3671 705">
     <span class='ocr_line' id='line_1_36' title="bbox 2022 628 3671 705; baseline 0.005 -24"><span class='ocrx_word' id='word_1_254' title='bbox 2022 628 2435 684; x_wconf 84' lang='lat' dir='ltr'>subterraneos</span> <span class='ocrx_word' id='word_1_255' title='bbox 2463 634 2689 685; x_wconf 84' lang='lat' dir='ltr'>meatus</span> <span class='ocrx_word' id='word_1_256' title='bbox 2723 647 2886 702; x_wconf 69' lang='lat' dir='ltr'>aqua:</span> <span class='ocrx_word' id='word_1_257' title='bbox 2918 632 3160 687; x_wconf 89' lang='lat' dir='ltr'>ductum</span> <span class='ocrx_word' id='word_1_258' title='bbox 3192 632 3344 700; x_wconf 84' lang='lat' dir='ltr'>fecit,</span> <span class='ocrx_word' id='word_1_259' title='bbox 3378 651 3502 705; x_wconf 71' lang='lat' dir='ltr'>quae</span> <span class='ocrx_word' id='word_1_260' title='bbox 3535 652 3671 691; x_wconf 88' lang='lat' dir='ltr'>sur-</span> 
     </span>
    </p>
   </div>
   <div class='ocr_carea' id='block_1_37' title="bbox 2022 716 3670 788">
    <p class='ocr_par' dir='ltr' id='par_1_37' title="bbox 2022 716 3670 788">
     <span class='ocr_line' id='line_1_37' title="bbox 2022 716 3670 788; baseline 0.005 -19"><span class='ocrx_word' id='word_1_261' title='bbox 2022 733 2152 770; x_wconf 87' lang='lat' dir='ltr'>sum</span> <span class='ocrx_word' id='word_1_262' title='bbox 2185 716 2469 772; x_wconf 82' lang='lat' dir='ltr'>ebulliens</span> <span class='ocrx_word' id='word_1_263' title='bbox 2500 718 2711 773; x_wconf 83' lang='lat' dir='ltr'>ibidem</span> <span class='ocrx_word' id='word_1_264' title='bbox 2747 720 3030 775; x_wconf 83' lang='lat' dir='ltr'>scaturire</span> <span class='ocrx_word' id='word_1_265' title='bbox 3056 722 3303 788; x_wconf 79' lang='lat' dir='ltr'>videtur,</span> <span class='ocrx_word' id='word_1_266' title='bbox 3329 723 3670 777; x_wconf 83' lang='lat' dir='ltr'>concavaria</span> 
     </span>
    </p>
   </div>
   <div class='ocr_carea' id='block_1_38' title="bbox 2021 802 3668 881">
    <p class='ocr_par' dir='ltr' id='par_1_38' title="bbox 2021 802 3668 881">
     <span class='ocr_line' id='line_1_38' title="bbox 2021 802 3668 881; baseline 0.005 -24"><span class='ocrx_word' id='word_1_267' title='bbox 2021 802 2155 859; x_wconf 88' lang='lat' dir='ltr'>huic</span> <span class='ocrx_word' id='word_1_268' title='bbox 2187 805 2468 875; x_wconf 82' lang='lat' dir='ltr'>superiori</span> <span class='ocrx_word' id='word_1_269' title='bbox 2497 806 2854 877; x_wconf 79' lang='lat' dir='ltr'>receptaculo</span> <span class='ocrx_word' id='word_1_270' title='bbox 2880 813 3220 878; x_wconf 73' lang='lat' dir='ltr'>prmparata,</span> <span class='ocrx_word' id='word_1_271' title='bbox 3253 826 3379 880; x_wconf 66' lang='lat' dir='ltr'>quae</span> <span class='ocrx_word' id='word_1_272' title='bbox 3404 826 3504 881; x_wconf 89' lang='lat' dir='ltr'>per</span> <span class='ocrx_word' id='word_1_273' title='bbox 3524 828 3668 881; x_wconf 87' lang='lat' dir='ltr'>qua-</span> 
     </span>
    </p>
   </div>
   <div class='ocr_carea' id='block_1_39' title="bbox 2019 892 3666 967">
    <p class='ocr_par' dir='ltr' id='par_1_39' title="bbox 2019 892 3666 967">
     <span class='ocr_line' id='line_1_39' title="bbox 2019 892 3666 967; baseline 0.004 -21"><span class='ocrx_word' id='word_1_274' title='bbox 2019 895 2153 946; x_wconf 84' lang='lat' dir='ltr'>tuor</span> <span class='ocrx_word' id='word_1_275' title='bbox 2184 892 2469 947; x_wconf 83' lang='lat' dir='ltr'>foramina</span> <span class='ocrx_word' id='word_1_276' title='bbox 2511 893 2566 947; x_wconf 92' lang='lat' dir='ltr'>in</span> <span class='ocrx_word' id='word_1_277' title='bbox 2617 894 2925 965; x_wconf 82' lang='lat' dir='ltr'>supposita</span> <span class='ocrx_word' id='word_1_278' title='bbox 2973 895 3088 950; x_wconf 90' lang='lat' dir='ltr'>alia</span> <span class='ocrx_word' id='word_1_279' title='bbox 3145 914 3357 967; x_wconf 86' lang='lat' dir='ltr'>aquam</span> <span class='ocrx_word' id='word_1_280' title='bbox 3411 898 3666 966; x_wconf 87' lang='lat' dir='ltr'>cribans,</span> 
     </span>
    </p>
   </div>
   <div class='ocr_carea' id='block_1_40' title="bbox 2018 981 3668 1059">
    <p class='ocr_par' dir='ltr' id='par_1_40' title="bbox 2018 981 3668 1059">
     <span class='ocr_line' id='line_1_40' title="bbox 2018 981 3668 1059; baseline 0.005 -24"><span class='ocrx_word' id='word_1_281' title='bbox 2018 981 2408 1036; x_wconf 72' lang='lat' dir='ltr'>sufficientem</span> <span class='ocrx_word' id='word_1_282' title='bbox 2443 981 2721 1037; x_wconf 75' lang='lat' dir='ltr'>fratribus</span> <span class='ocrx_word' id='word_1_283' title='bbox 2753 984 3327 1040; x_wconf 84' lang='lat' dir='ltr'>administrationem</span> <span class='ocrx_word' id='word_1_284' title='bbox 3361 1003 3522 1059; x_wconf 74' lang='lat' dir='ltr'>aqua:</span> <span class='ocrx_word' id='word_1_285' title='bbox 3547 989 3668 1044; x_wconf 89' lang='lat' dir='ltr'>dis-</span> 
     </span>
    </p>
   </div>
   <div class='ocr_carea' id='block_1_41' title="bbox 2016 1067 3668 1148">
    <p class='ocr_par' dir='ltr' id='par_1_41' title="bbox 2016 1067 3668 1148">
     <span class='ocr_line' id='line_1_41' title="bbox 2016 1067 3668 1148; baseline 0.004 -25"><span class='ocrx_word' id='word_1_286' title='bbox 2016 1067 2186 1125; x_wconf 88' lang='lat' dir='ltr'>tillat.</span> <span class='ocrx_word' id='word_1_287' title='bbox 2230 1071 2390 1135; x_wconf 86' lang='lat' dir='ltr'>Quod</span> <span class='ocrx_word' id='word_1_288' title='bbox 2443 1071 2812 1126; x_wconf 85' lang='lat' dir='ltr'>rel&#39;ectorium</span> <span class='ocrx_word' id='word_1_289' title='bbox 2847 1088 2881 1127; x_wconf 92' lang='lat' dir='ltr'>a</span> <span class='ocrx_word' id='word_1_290' title='bbox 2910 1074 3125 1128; x_wconf 90' lang='lat' dir='ltr'>domno</span> <span class='ocrx_word' id='word_1_291' title='bbox 3169 1073 3425 1129; x_wconf 89' lang='lat' dir='ltr'>Tiedono</span> <span class='ocrx_word' id='word_1_292' title='bbox 3450 1078 3518 1111; x_wconf 72' lang='lat'>‘0’</span> <span class='ocrx_word' id='word_1_293' title='bbox 3547 1077 3668 1148; x_wconf 87' lang='lat' dir='ltr'>epi-</span> 
     </span>
    </p>
   </div>
   <div class='ocr_carea' id='block_1_42' title="bbox 2017 1160 3669 1230">
    <p class='ocr_par' dir='ltr' id='par_1_42' title="bbox 2017 1160 3669 1230">
     <span class='ocr_line' id='line_1_42' title="bbox 2017 1160 3669 1230; baseline 0.005 -18"><span class='ocrx_word' id='word_1_294' title='bbox 2017 1174 2191 1230; x_wconf 91' lang='lat' dir='ltr'>seopo</span> <span class='ocrx_word' id='word_1_295' title='bbox 2220 1163 2624 1214; x_wconf 87' lang='lat' dir='ltr'>consecratum</span> <span class='ocrx_word' id='word_1_296' title='bbox 2656 1162 2743 1214; x_wconf 90' lang='lat' dir='ltr'>est</span> <span class='ocrx_word' id='word_1_297' title='bbox 2775 1176 2910 1215; x_wconf 90' lang='lat' dir='ltr'>cum</span> <span class='ocrx_word' id='word_1_298' title='bbox 2941 1160 3122 1218; x_wconf 90' lang='lat' dir='ltr'>cereis</span> <span class='ocrx_word' id='word_1_299' title='bbox 3152 1166 3209 1217; x_wconf 82' lang='lat' dir='ltr'>et</span> <span class='ocrx_word' id='word_1_300' title='bbox 3238 1162 3669 1221; x_wconf 87' lang='lat' dir='ltr'>timiamateriis</span> 
     </span>
    </p>
   </div>
   <div class='ocr_carea' id='block_1_43' title="bbox 2016 1247 3667 1323">
    <p class='ocr_par' dir='ltr' id='par_1_43' title="bbox 2016 1247 3667 1323">
     <span class='ocr_line' id='line_1_43' title="bbox 2016 1247 3667 1323; baseline 0.004 -21"><span class='ocrx_word' id='word_1_301' title='bbox 2016 1250 2074 1302; x_wconf 93' lang='lat' dir='ltr'>et</span> <span class='ocrx_word' id='word_1_302' title='bbox 2105 1247 2261 1303; x_wconf 91' lang='lat' dir='ltr'>omni</span> <span class='ocrx_word' id='word_1_303' title='bbox 2295 1264 2409 1319; x_wconf 86' lang='lat' dir='ltr'>quo</span> <span class='ocrx_word' id='word_1_304' title='bbox 2433 1249 2646 1303; x_wconf 91' lang='lat' dir='ltr'>domus</span> <span class='ocrx_word' id='word_1_305' title='bbox 2676 1250 3074 1306; x_wconf 90' lang='lat' dir='ltr'>consecranda</span> <span class='ocrx_word' id='word_1_306' title='bbox 3104 1255 3193 1305; x_wconf 89' lang='lat' dir='ltr'>est</span> <span class='ocrx_word' id='word_1_307' title='bbox 3223 1256 3530 1323; x_wconf 88' lang='lat' dir='ltr'>apparatu.</span> <span class='ocrx_word' id='word_1_308' title='bbox 3563 1254 3667 1308; x_wconf 84' lang='lat' dir='ltr'>Ec-</span> 
     </span>
    </p>
   </div>
   <div class='ocr_carea' id='block_1_44' title="bbox 2015 1335 3665 1411">
    <p class='ocr_par' dir='ltr' id='par_1_44' title="bbox 2015 1335 3665 1411">
     <span class='ocr_line' id='line_1_44' title="bbox 2015 1335 3665 1411; baseline 0.004 -21"><span class='ocrx_word' id='word_1_309' title='bbox 2015 1335 2254 1391; x_wconf 76' lang='lat' dir='ltr'>clesium</span> <span class='ocrx_word' id='word_1_310' title='bbox 2287 1336 2471 1391; x_wconf 86' lang='lat' dir='ltr'>sancti</span> <span class='ocrx_word' id='word_1_311' title='bbox 2507 1336 2692 1404; x_wconf 89' lang='lat' dir='ltr'>Pauli,</span> <span class='ocrx_word' id='word_1_312' title='bbox 2726 1354 2901 1408; x_wconf 88' lang='lat' dir='ltr'>quam</span> <span class='ocrx_word' id='word_1_313' title='bbox 2954 1339 3214 1411; x_wconf 76' lang='lat' dir='ltr'>liungari</span> <span class='ocrx_word' id='word_1_314' title='bbox 3263 1340 3665 1410; x_wconf 87' lang='lat' dir='ltr'>incenderant,</span> 
     </span>
    </p>
   </div>
   <div class='ocr_carea' id='block_1_45' title="bbox 2014 1422 3669 1494">
    <p class='ocr_par' dir='ltr' id='par_1_45' title="bbox 2014 1422 3669 1494">
     <span class='ocr_line' id='line_1_45' title="bbox 2014 1422 3669 1494; baseline 0.004 -17"><span class='ocrx_word' id='word_1_315' title='bbox 2014 1422 2241 1491; x_wconf 79' lang='lat' dir='ltr'>retexit,</span> <span class='ocrx_word' id='word_1_316' title='bbox 2274 1424 2364 1479; x_wconf 92' lang='lat' dir='ltr'>cui</span> <span class='ocrx_word' id='word_1_317' title='bbox 2393 1425 2634 1479; x_wconf 92' lang='lat' dir='ltr'>domum</span> <span class='ocrx_word' id='word_1_318' title='bbox 2668 1424 3037 1480; x_wconf 89' lang='lat' dir='ltr'>inﬁrmorum</span> <span class='ocrx_word' id='word_1_319' title='bbox 3083 1426 3352 1494; x_wconf 79' lang='lat' dir='ltr'>annexit;</span> <span class='ocrx_word' id='word_1_320' title='bbox 3388 1427 3669 1484; x_wconf 92' lang='lat' dir='ltr'>obambu-</span> 
     </span>
    </p>
   </div>
   <div class='ocr_carea' id='block_1_46' title="bbox 2014 1509 3666 1586">
    <p class='ocr_par' dir='ltr' id='par_1_46' title="bbox 2014 1509 3666 1586">
     <span class='ocr_line' id='line_1_46' title="bbox 2014 1509 3666 1586; baseline 0.005 -23"><span class='ocrx_word' id='word_1_321' title='bbox 2014 1509 2288 1567; x_wconf 86' lang='lat' dir='ltr'>latorium</span> <span class='ocrx_word' id='word_1_322' title='bbox 2319 1511 2583 1578; x_wconf 88' lang='lat' dir='ltr'>claustri,</span> <span class='ocrx_word' id='word_1_323' title='bbox 2617 1511 2666 1567; x_wconf 91' lang='lat' dir='ltr'>si</span> <span class='ocrx_word' id='word_1_324' title='bbox 2698 1511 2782 1567; x_wconf 90' lang='lat' dir='ltr'>ita</span> <span class='ocrx_word' id='word_1_325' title='bbox 2810 1512 3124 1568; x_wconf 90' lang='lat' dir='ltr'>dicendum</span> <span class='ocrx_word' id='word_1_326' title='bbox 3167 1517 3257 1568; x_wconf 87' lang='lat' dir='ltr'>est</span> <span class='ocrx_word' id='word_1_327' title='bbox 3286 1543 3355 1555; x_wconf 89' lang='lat'>—</span> <span class='ocrx_word' id='word_1_328' title='bbox 3386 1514 3666 1586; x_wconf 90' lang='lat' dir='ltr'>quoniam</span> 
     </span>
    </p>
   </div>
   <div class='ocr_carea' id='block_1_47' title="bbox 2016 1598 3668 1671">
    <p class='ocr_par' dir='ltr' id='par_1_47' title="bbox 2016 1598 3668 1671">
     <span class='ocr_line' id='line_1_47' title="bbox 2016 1598 3668 1671; baseline 0.004 -18"><span class='ocrx_word' id='word_1_329' title='bbox 2016 1614 2169 1654; x_wconf 89' lang='lat' dir='ltr'>nunc</span> <span class='ocrx_word' id='word_1_330' title='bbox 2201 1615 2316 1654; x_wconf 91' lang='lat' dir='ltr'>non</span> <span class='ocrx_word' id='word_1_331' title='bbox 2364 1598 2522 1655; x_wconf 89' lang='lat' dir='ltr'>aliud</span> <span class='ocrx_word' id='word_1_332' title='bbox 2572 1600 2866 1671; x_wconf 89' lang='lat' dir='ltr'>quomodo</span> <span class='ocrx_word' id='word_1_333' title='bbox 2914 1600 3340 1658; x_wconf 89' lang='lat' dir='ltr'>nominandum</span> <span class='ocrx_word' id='word_1_334' title='bbox 3370 1602 3439 1637; x_wconf 69' lang='lat'>‘0&#39;</span> <span class='ocrx_word' id='word_1_335' title='bbox 3468 1602 3547 1658; x_wconf 91' lang='lat' dir='ltr'>sit</span> <span class='ocrx_word' id='word_1_336' title='bbox 3577 1619 3668 1659; x_wconf 84' lang='lat' dir='ltr'>oc-</span> 
     </span>
    </p>
   </div>
   <div class='ocr_carea' id='block_1_48' title="bbox 2015 1686 3665 1763">
    <p class='ocr_par' dir='ltr' id='par_1_48' title="bbox 2015 1686 3665 1763">
     <span class='ocr_line' id='line_1_48' title="bbox 2015 1686 3665 1763; baseline 0.004 -22"><span class='ocrx_word' id='word_1_337' title='bbox 2015 1687 2199 1742; x_wconf 91' lang='lat' dir='ltr'>currit</span> <span class='ocrx_word' id='word_1_338' title='bbox 2226 1686 2573 1742; x_wconf 89' lang='lat' dir='ltr'>vocabulum</span> <span class='ocrx_word' id='word_1_339' title='bbox 2604 1718 2693 1753; x_wconf 91' lang='lat'>—,</span> <span class='ocrx_word' id='word_1_340' title='bbox 2722 1686 2948 1743; x_wconf 87' lang='lat' dir='ltr'>nullum</span> <span class='ocrx_word' id='word_1_341' title='bbox 2996 1693 3119 1745; x_wconf 89' lang='lat' dir='ltr'>erat</span> <span class='ocrx_word' id='word_1_342' title='bbox 3166 1694 3375 1763; x_wconf 59' lang='lat' dir='ltr'>prater</span> <span class='ocrx_word' id='word_1_343' title='bbox 3422 1689 3665 1763; x_wconf 88' lang='lat' dir='ltr'>capituli</span> 
     </span>
    </p>
   </div>
   <div class='ocr_carea' id='block_1_49' title="bbox 2014 1774 3666 1850">
    <p class='ocr_par' dir='ltr' id='par_1_49' title="bbox 2014 1774 3666 1850">
     <span class='ocr_line' id='line_1_49' title="bbox 2014 1774 3666 1850; baseline 0.004 -21"><span class='ocrx_word' id='word_1_344' title='bbox 2014 1774 2257 1830; x_wconf 89' lang='lat' dir='ltr'>domum</span> <span class='ocrx_word' id='word_1_345' title='bbox 2287 1780 2344 1831; x_wconf 91' lang='lat' dir='ltr'>et</span> <span class='ocrx_word' id='word_1_346' title='bbox 2367 1775 2618 1848; x_wconf 89' lang='lat' dir='ltr'>ligneam</span> <span class='ocrx_word' id='word_1_347' title='bbox 2642 1776 2968 1845; x_wconf 65' lang='lat' dir='ltr'>mdiculam,</span> <span class='ocrx_word' id='word_1_348' title='bbox 2990 1794 3118 1849; x_wconf 72' lang='lat' dir='ltr'>qua:</span> <span class='ocrx_word' id='word_1_349' title='bbox 3140 1777 3351 1850; x_wconf 88' lang='lat' dir='ltr'>prioris</span> <span class='ocrx_word' id='word_1_350' title='bbox 3378 1780 3666 1835; x_wconf 86' lang='lat' dir='ltr'>refectorii</span> 
     </span>
    </p>
   </div>
   <div class='ocr_carea' id='block_1_50' title="bbox 2006 1864 3669 1942">
    <p class='ocr_par' dir='ltr' id='par_1_50' title="bbox 2006 1864 3669 1942">
     <span class='ocr_line' id='line_1_50' title="bbox 2006 1864 3669 1942; baseline 0.004 -23"><span class='ocrx_word' id='word_1_351' title='bbox 2006 1864 2254 1935; x_wconf 78' lang='lat' dir='ltr'>januam</span> <span class='ocrx_word' id='word_1_352' title='bbox 2286 1864 2564 1919; x_wconf 77' lang='lat' dir='ltr'>vestiebat</span> <span class='ocrx_word' id='word_1_353' title='bbox 2577 1866 2784 1937; x_wconf 50' lang='lat' dir='ltr'>“quae</span> <span class='ocrx_word' id='word_1_354' title='bbox 2807 1866 3114 1921; x_wconf 89' lang='lat' dir='ltr'>annuatim</span> <span class='ocrx_word' id='word_1_355' title='bbox 3146 1866 3436 1924; x_wconf 86' lang='lat' dir='ltr'>scindulis</span> <span class='ocrx_word' id='word_1_356' title='bbox 3452 1868 3518 1904; x_wconf 63' lang='lat'>“’3</span> <span class='ocrx_word' id='word_1_357' title='bbox 3540 1885 3669 1942; x_wconf 86' lang='lat' dir='ltr'>ope-</span> 
     </span>
    </p>
   </div>
   <div class='ocr_carea' id='block_1_51' title="bbox 2014 1953 3666 2022">
    <p class='ocr_par' dir='ltr' id='par_1_51' title="bbox 2014 1953 3666 2022">
     <span class='ocr_line' id='line_1_51' title="bbox 2014 1953 3666 2022; baseline 0.004 -16"><span class='ocrx_word' id='word_1_358' title='bbox 2014 1953 2272 2009; x_wconf 89' lang='lat' dir='ltr'>riebatur</span> <span class='ocrx_word' id='word_1_359' title='bbox 2300 1953 2399 2020; x_wconf 67' lang='lat'>“’5;</span> <span class='ocrx_word' id='word_1_360' title='bbox 2432 1953 2531 2008; x_wconf 84' lang='lat' dir='ltr'>sed</span> <span class='ocrx_word' id='word_1_361' title='bbox 2574 1954 2672 2007; x_wconf 90' lang='lat' dir='ltr'>ubi</span> <span class='ocrx_word' id='word_1_362' title='bbox 2723 1954 3022 2009; x_wconf 65' lang='lat' dir='ltr'>exsiccatae</span> <span class='ocrx_word' id='word_1_363' title='bbox 3072 1959 3257 2022; x_wconf 87' lang='lat' dir='ltr'>erant,</span> <span class='ocrx_word' id='word_1_364' title='bbox 3295 1955 3416 2011; x_wconf 75' lang='lat' dir='ltr'>foco</span> <span class='ocrx_word' id='word_1_365' title='bbox 3463 1958 3666 2012; x_wconf 88' lang='lat' dir='ltr'>obser-</span> 
     </span>
    </p>
   </div>
   <div class='ocr_carea' id='block_1_52' title="bbox 2012 2040 3668 2119">
    <p class='ocr_par' dir='ltr' id='par_1_52' title="bbox 2012 2040 3668 2119">
     <span class='ocr_line' id='line_1_52' title="bbox 2012 2040 3668 2119; baseline 0.003 -24"><span class='ocrx_word' id='word_1_366' title='bbox 2012 2041 2247 2097; x_wconf 88' lang='lat' dir='ltr'>viebant</span> <span class='ocrx_word' id='word_1_367' title='bbox 2277 2043 2362 2095; x_wconf 72' lang='lat'>‘07.</span> <span class='ocrx_word' id='word_1_368' title='bbox 2398 2041 2513 2097; x_wconf 88' lang='lat' dir='ltr'>Hoc</span> <span class='ocrx_word' id='word_1_369' title='bbox 2546 2040 2644 2097; x_wconf 89' lang='lat' dir='ltr'>illo</span> <span class='ocrx_word' id='word_1_370' title='bbox 2674 2041 2867 2113; x_wconf 90' lang='lat' dir='ltr'>lapide</span> <span class='ocrx_word' id='word_1_371' title='bbox 2898 2042 3097 2109; x_wconf 90' lang='lat' dir='ltr'>cinxit,</span> <span class='ocrx_word' id='word_1_372' title='bbox 3122 2049 3177 2099; x_wconf 92' lang='lat' dir='ltr'>ct</span> <span class='ocrx_word' id='word_1_373' title='bbox 3200 2044 3352 2099; x_wconf 86' lang='lat' dir='ltr'>facta</span> <span class='ocrx_word' id='word_1_374' title='bbox 3371 2045 3668 2119; x_wconf 85' lang='lat' dir='ltr'>contigua:</span> 
     </span>
    </p>
   </div>
   <div class='ocr_carea' id='block_1_53' title="bbox 2014 2129 3668 2198">
    <p class='ocr_par' dir='ltr' id='par_1_53' title="bbox 2014 2129 3668 2198">
     <span class='ocr_line' id='line_1_53' title="bbox 2014 2129 3668 2198; baseline 0.005 -14"><span class='ocrx_word' id='word_1_375' title='bbox 2014 2129 2195 2198; x_wconf 91' lang='lat' dir='ltr'>tione,</span> <span class='ocrx_word' id='word_1_376' title='bbox 2226 2131 2523 2187; x_wconf 86' lang='lat' dir='ltr'>asseribus</span> <span class='ocrx_word' id='word_1_377' title='bbox 2554 2132 2620 2165; x_wconf 66' lang='grc'>’⁸³³⁸</span> <span class='ocrx_word' id='word_1_378' title='bbox 2652 2147 2786 2186; x_wconf 93' lang='lat' dir='ltr'>cum</span> <span class='ocrx_word' id='word_1_379' title='bbox 2820 2131 3019 2187; x_wconf 84' lang='lat' dir='ltr'>ferreis</span> <span class='ocrx_word' id='word_1_380' title='bbox 3052 2132 3231 2190; x_wconf 88' lang='lat' dir='ltr'>clavis</span> <span class='ocrx_word' id='word_1_381' title='bbox 3278 2134 3440 2189; x_wconf 77' lang='lat' dir='ltr'>texit.</span> <span class='ocrx_word' id='word_1_382' title='bbox 3476 2134 3668 2192; x_wconf 87' lang='lat' dir='ltr'>Eccle-</span> 
     </span>
    </p>
   </div>
   <div class='ocr_carea' id='block_1_54' title="bbox 2015 2218 3665 2292">
    <p class='ocr_par' dir='ltr' id='par_1_54' title="bbox 2015 2218 3665 2292">
     <span class='ocr_line' id='line_1_54' title="bbox 2015 2218 3665 2292; baseline 0.003 -18"><span class='ocrx_word' id='word_1_383' title='bbox 2015 2219 2104 2275; x_wconf 89' lang='lat' dir='ltr'>sia</span> <span class='ocrx_word' id='word_1_384' title='bbox 2134 2218 2272 2290; x_wconf 89' lang='lat' dir='ltr'>quia</span> <span class='ocrx_word' id='word_1_385' title='bbox 2302 2236 2405 2292; x_wconf 82' lang='lat' dir='ltr'>per</span> <span class='ocrx_word' id='word_1_386' title='bbox 2432 2236 2493 2274; x_wconf 89' lang='lat' dir='ltr'>se</span> <span class='ocrx_word' id='word_1_387' title='bbox 2525 2218 2669 2275; x_wconf 88' lang='lat' dir='ltr'>satis</span> <span class='ocrx_word' id='word_1_388' title='bbox 2701 2219 2936 2292; x_wconf 86' lang='lat' dir='ltr'>elegans</span> <span class='ocrx_word' id='word_1_389' title='bbox 2966 2224 3107 2289; x_wconf 89' lang='lat' dir='ltr'>erat,</span> <span class='ocrx_word' id='word_1_390' title='bbox 3133 2226 3199 2277; x_wconf 91' lang='lat' dir='ltr'>ut</span> <span class='ocrx_word' id='word_1_391' title='bbox 3220 2222 3279 2277; x_wconf 90' lang='lat' dir='ltr'>iu</span> <span class='ocrx_word' id='word_1_392' title='bbox 3303 2223 3665 2281; x_wconf 87' lang='lat' dir='ltr'>ornamentis</span> 
     </span>
    </p>
   </div>
   <div class='ocr_carea' id='block_1_55' title="bbox 2015 2308 3671 2385">
    <p class='ocr_par' dir='ltr' id='par_1_55' title="bbox 2015 2308 3671 2385">
     <span class='ocr_line' id='line_1_55' title="bbox 2015 2308 3671 2385; baseline 0.004 -22"><span class='ocrx_word' id='word_1_393' title='bbox 2015 2308 2336 2379; x_wconf 88' lang='lat' dir='ltr'>elegantior</span> <span class='ocrx_word' id='word_1_394' title='bbox 2364 2310 2705 2365; x_wconf 89' lang='lat' dir='ltr'>redderetur</span> <span class='ocrx_word' id='word_1_395' title='bbox 2733 2325 2969 2381; x_wconf 90' lang='lat' dir='ltr'>operam</span> <span class='ocrx_word' id='word_1_396' title='bbox 3002 2309 3192 2378; x_wconf 90' lang='lat' dir='ltr'>dedit;</span> <span class='ocrx_word' id='word_1_397' title='bbox 3227 2328 3407 2383; x_wconf 89' lang='lat' dir='ltr'>quam</span> <span class='ocrx_word' id='word_1_398' title='bbox 3440 2314 3511 2368; x_wconf 92' lang='lat' dir='ltr'>de</span> <span class='ocrx_word' id='word_1_399' title='bbox 3542 2313 3671 2385; x_wconf 83' lang='lat' dir='ltr'>pul-</span> 
     </span>
    </p>
   </div>
   <div class='ocr_carea' id='block_1_56' title="bbox 2015 2397 3663 2472">
    <p class='ocr_par' dir='ltr' id='par_1_56' title="bbox 2015 2397 3663 2472">
     <span class='ocr_line' id='line_1_56' title="bbox 2015 2397 3663 2472; baseline 0.005 -21"><span class='ocrx_word' id='word_1_400' title='bbox 2015 2397 2157 2451; x_wconf 91' lang='lat' dir='ltr'>chra</span> <span class='ocrx_word' id='word_1_401' title='bbox 2205 2397 2335 2452; x_wconf 78' lang='lat' dir='ltr'>fecit</span> <span class='ocrx_word' id='word_1_402' title='bbox 2384 2397 2859 2469; x_wconf 90' lang='lat' dir='ltr'>pulcherrimam.</span> <span class='ocrx_word' id='word_1_403' title='bbox 2889 2399 3071 2471; x_wconf 87' lang='lat' dir='ltr'>Cujus</span> <span class='ocrx_word' id='word_1_404' title='bbox 3120 2399 3321 2456; x_wconf 89' lang='lat' dir='ltr'>altaris</span> <span class='ocrx_word' id='word_1_405' title='bbox 3374 2402 3663 2472; x_wconf 91' lang='lat' dir='ltr'>tabulam,</span> 
     </span>
    </p>
   </div>
   <div class='ocr_carea' id='block_1_57' title="bbox 2016 2484 3667 2562">
    <p class='ocr_par' dir='ltr' id='par_1_57' title="bbox 2016 2484 3667 2562">
     <span class='ocr_line' id='line_1_57' title="bbox 2016 2484 3667 2562; baseline 0.003 -22"><span class='ocrx_word' id='word_1_406' title='bbox 2016 2485 2154 2557; x_wconf 89' lang='lat' dir='ltr'>quia</span> <span class='ocrx_word' id='word_1_407' title='bbox 2185 2484 2345 2540; x_wconf 90' lang='lat' dir='ltr'>nulla</span> <span class='ocrx_word' id='word_1_408' title='bbox 2374 2490 2515 2553; x_wconf 88' lang='lat' dir='ltr'>erat,</span> <span class='ocrx_word' id='word_1_409' title='bbox 2550 2486 2685 2540; x_wconf 84' lang='lat' dir='ltr'>fecit</span> <span class='ocrx_word' id='word_1_410' title='bbox 2716 2490 3083 2557; x_wconf 87' lang='lat' dir='ltr'>argenteam;</span> <span class='ocrx_word' id='word_1_411' title='bbox 3108 2487 3351 2543; x_wconf 90' lang='lat' dir='ltr'>domum</span> <span class='ocrx_word' id='word_1_412' title='bbox 3375 2488 3565 2562; x_wconf 89' lang='lat' dir='ltr'>ipsam</span> <span class='ocrx_word' id='word_1_413' title='bbox 3590 2489 3667 2545; x_wconf 85' lang='lat' dir='ltr'>al-</span> 
     </span>
    </p>
   </div>
   <div class='ocr_carea' id='block_1_58' title="bbox 2014 2572 3664 2651">
    <p class='ocr_par' dir='ltr' id='par_1_58' title="bbox 2014 2572 3664 2651">
     <span class='ocr_line' id='line_1_58' title="bbox 2014 2572 3664 2651; baseline 0.004 -22"><span class='ocrx_word' id='word_1_414' title='bbox 2014 2573 2160 2629; x_wconf 87' lang='lat' dir='ltr'>taris</span> <span class='ocrx_word' id='word_1_415' title='bbox 2190 2577 2245 2628; x_wconf 90' lang='lat' dir='ltr'>et</span> <span class='ocrx_word' id='word_1_416' title='bbox 2266 2572 2505 2645; x_wconf 87' lang='lat' dir='ltr'>laquear</span> <span class='ocrx_word' id='word_1_417' title='bbox 2524 2572 2710 2645; x_wconf 89' lang='lat' dir='ltr'>ipsius</span> <span class='ocrx_word' id='word_1_418' title='bbox 2731 2575 2993 2646; x_wconf 90' lang='lat' dir='ltr'>apprime</span> <span class='ocrx_word' id='word_1_419' title='bbox 3014 2576 3083 2610; x_wconf 72' lang='lat'>“’9</span> <span class='ocrx_word' id='word_1_420' title='bbox 3100 2575 3317 2648; x_wconf 87' lang='lat' dir='ltr'>pinxit;</span> <span class='ocrx_word' id='word_1_421' title='bbox 3343 2578 3664 2651; x_wconf 90' lang='lat' dir='ltr'>pulpitum-</span> 
     </span>
    </p>
   </div>
   <div class='ocr_carea' id='block_1_59' title="bbox 2017 2661 3668 2738">
    <p class='ocr_par' dir='ltr' id='par_1_59' title="bbox 2017 2661 3668 2738">
     <span class='ocr_line' id='line_1_59' title="bbox 2017 2661 3668 2738; baseline 0.004 -21"><span class='ocrx_word' id='word_1_422' title='bbox 2017 2678 2129 2734; x_wconf 90' lang='lat' dir='ltr'>que</span> <span class='ocrx_word' id='word_1_423' title='bbox 2159 2662 2441 2735; x_wconf 88' lang='lat' dir='ltr'>evangelii</span> <span class='ocrx_word' id='word_1_424' title='bbox 2471 2661 2573 2717; x_wconf 91' lang='lat' dir='ltr'>tali</span> <span class='ocrx_word' id='word_1_425' title='bbox 2604 2662 2777 2717; x_wconf 91' lang='lat' dir='ltr'>modo</span> <span class='ocrx_word' id='word_1_426' title='bbox 2808 2661 2946 2717; x_wconf 78' lang='lat' dir='ltr'>fecit</span> <span class='ocrx_word' id='word_1_427' title='bbox 2975 2664 3062 2730; x_wconf 73' lang='lat'>“0,</span> <span class='ocrx_word' id='word_1_428' title='bbox 3096 2667 3161 2719; x_wconf 89' lang='lat' dir='ltr'>ut</span> <span class='ocrx_word' id='word_1_429' title='bbox 3190 2669 3387 2721; x_wconf 81' lang='lat' dir='ltr'>essent</span> <span class='ocrx_word' id='word_1_430' title='bbox 3416 2671 3668 2738; x_wconf 91' lang='lat' dir='ltr'>quatuor</span> 
     </span>
    </p>
   </div>
   <div class='ocr_carea' id='block_1_60' title="bbox 2016 2747 3668 2827">
    <p class='ocr_par' dir='ltr' id='par_1_60' title="bbox 2016 2747 3668 2827">
     <span class='ocr_line' id='line_1_60' title="bbox 2016 2747 3668 2827; baseline 0.004 -23"><span class='ocrx_word' id='word_1_431' title='bbox 2016 2748 2297 2804; x_wconf 89' lang='lat' dir='ltr'>emicedia</span> <span class='ocrx_word' id='word_1_432' title='bbox 2328 2747 2673 2804; x_wconf 91' lang='lat' dir='ltr'>altrinsecus</span> <span class='ocrx_word' id='word_1_433' title='bbox 2703 2764 2733 2803; x_wconf 88' lang='lat' dir='ltr'>e</span> <span class='ocrx_word' id='word_1_434' title='bbox 2756 2748 2989 2822; x_wconf 88' lang='lat' dir='ltr'>regione</span> <span class='ocrx_word' id='word_1_435' title='bbox 3012 2750 3071 2805; x_wconf 91' lang='lat' dir='ltr'>in</span> <span class='ocrx_word' id='word_1_436' title='bbox 3095 2753 3335 2807; x_wconf 92' lang='lat' dir='ltr'>modum</span> <span class='ocrx_word' id='word_1_437' title='bbox 3360 2754 3549 2810; x_wconf 88' lang='lat' dir='ltr'>crucis</span> <span class='ocrx_word' id='word_1_438' title='bbox 3570 2772 3668 2827; x_wconf 82' lang='lat' dir='ltr'>po-</span> 
     </span>
    </p>
   </div>
   <div class='ocr_carea' id='block_1_61' title="bbox 2017 2835 3668 2915">
    <p class='ocr_par' dir='ltr' id='par_1_61' title="bbox 2017 2835 3668 2915">
     <span class='ocr_line' id='line_1_61' title="bbox 2017 2835 3668 2915; baseline 0.004 -23"><span class='ocrx_word' id='word_1_439' title='bbox 2017 2837 2148 2906; x_wconf 89' lang='lat' dir='ltr'>sita,</span> <span class='ocrx_word' id='word_1_440' title='bbox 2183 2854 2310 2909; x_wconf 71' lang='lat' dir='ltr'>quae</span> <span class='ocrx_word' id='word_1_441' title='bbox 2341 2853 2408 2893; x_wconf 78' lang='lat' dir='ltr'>ex</span> <span class='ocrx_word' id='word_1_442' title='bbox 2434 2853 2543 2892; x_wconf 72' lang='lat' dir='ltr'>tere</span> <span class='ocrx_word' id='word_1_443' title='bbox 2572 2835 2835 2906; x_wconf 89' lang='lat' dir='ltr'>ductilia,</span> <span class='ocrx_word' id='word_1_444' title='bbox 2861 2841 2918 2893; x_wconf 89' lang='lat' dir='ltr'>et</span> <span class='ocrx_word' id='word_1_445' title='bbox 2946 2839 3018 2893; x_wconf 90' lang='lat' dir='ltr'>ad</span> <span class='ocrx_word' id='word_1_446' title='bbox 3042 2837 3269 2894; x_wconf 90' lang='lat' dir='ltr'>libitum</span> <span class='ocrx_word' id='word_1_447' title='bbox 3300 2840 3541 2899; x_wconf 88' lang='lat' dir='ltr'>artiﬁcis</span> <span class='ocrx_word' id='word_1_448' title='bbox 3564 2859 3668 2915; x_wconf 88' lang='lat' dir='ltr'>per</span> 
     </span>
    </p>
   </div>
   <div class='ocr_carea' id='block_1_62' title="bbox 2016 2927 3664 3002">
    <p class='ocr_par' dir='ltr' id='par_1_62' title="bbox 2016 2927 3664 3002">
     <span class='ocr_line' id='line_1_62' title="bbox 2016 2927 3664 3002; baseline 0.003 -19"><span class='ocrx_word' id='word_1_449' title='bbox 2016 2927 2143 2984; x_wconf 89' lang='lat' dir='ltr'>loca</span> <span class='ocrx_word' id='word_1_450' title='bbox 2171 2927 2461 3000; x_wconf 89' lang='lat' dir='ltr'>scalprata</span> <span class='ocrx_word' id='word_1_451' title='bbox 2484 2928 2547 2961; x_wconf 78' lang='lat'>‘“</span> <span class='ocrx_word' id='word_1_452' title='bbox 2582 2930 2639 2983; x_wconf 83' lang='lat' dir='ltr'>et</span> <span class='ocrx_word' id='word_1_453' title='bbox 2671 2927 2971 2996; x_wconf 90' lang='lat' dir='ltr'>deaurata,</span> <span class='ocrx_word' id='word_1_454' title='bbox 2997 2928 3264 2999; x_wconf 90' lang='lat' dir='ltr'>postibus</span> <span class='ocrx_word' id='word_1_455' title='bbox 3286 2929 3664 3002; x_wconf 87' lang='lat' dir='ltr'>undiquesse—</span> 
     </span>
    </p>
   </div>
   <div class='ocr_carea' id='block_1_63' title="bbox 2016 3016 3662 3092">
    <p class='ocr_par' dir='ltr' id='par_1_63' title="bbox 2016 3016 3662 3092">
     <span class='ocr_line' id='line_1_63' title="bbox 2016 3016 3662 3092; baseline 0.003 -20"><span class='ocrx_word' id='word_1_456' title='bbox 2016 3033 2120 3073; x_wconf 90' lang='lat' dir='ltr'>cus</span> <span class='ocrx_word' id='word_1_457' title='bbox 2149 3018 2216 3051; x_wconf 80' lang='grc'>⁴¹²</span> <span class='ocrx_word' id='word_1_458' title='bbox 2265 3016 2682 3089; x_wconf 85' lang='lat' dir='ltr'>deargentatis,</span> <span class='ocrx_word' id='word_1_459' title='bbox 2735 3016 2793 3071; x_wconf 90' lang='lat' dir='ltr'>in</span> <span class='ocrx_word' id='word_1_460' title='bbox 2852 3017 3293 3089; x_wconf 89' lang='lat' dir='ltr'>septentrionali</span> <span class='ocrx_word' id='word_1_461' title='bbox 3352 3025 3517 3092; x_wconf 88' lang='lat' dir='ltr'>parte</span> <span class='ocrx_word' id='word_1_462' title='bbox 3574 3022 3662 3077; x_wconf 83' lang='lat' dir='ltr'>fu-</span> 
     </span>
    </p>
   </div>
   <div class='ocr_carea' id='block_1_64' title="bbox 2016 3104 3668 3182">
    <p class='ocr_par' dir='ltr' id='par_1_64' title="bbox 2016 3104 3668 3182">
     <span class='ocr_line' id='line_1_64' title="bbox 2016 3104 3668 3182; baseline 0.004 -22"><span class='ocrx_word' id='word_1_463' title='bbox 2016 3105 2182 3161; x_wconf 89' lang='lat' dir='ltr'>silem</span> <span class='ocrx_word' id='word_1_464' title='bbox 2216 3106 2435 3161; x_wconf 87' lang='lat' dir='ltr'>habent</span> <span class='ocrx_word' id='word_1_465' title='bbox 2454 3105 2712 3177; x_wconf 87' lang='lat' dir='ltr'>aquilam</span> <span class='ocrx_word' id='word_1_466' title='bbox 2736 3104 2954 3177; x_wconf 84' lang='lat' dir='ltr'>Optime</span> <span class='ocrx_word' id='word_1_467' title='bbox 2980 3107 3320 3163; x_wconf 90' lang='lat' dir='ltr'>deauratam</span> <span class='ocrx_word' id='word_1_468' title='bbox 3344 3110 3411 3144; x_wconf 70' lang='lat'>“3</span> <span class='ocrx_word' id='word_1_469' title='bbox 3432 3126 3559 3182; x_wconf 70' lang='lat' dir='ltr'>qua:</span> <span class='ocrx_word' id='word_1_470' title='bbox 3582 3110 3668 3166; x_wconf 88' lang='lat' dir='ltr'>in-</span> 
     </span>
    </p>
   </div>
   <div class='ocr_carea' id='block_1_65' title="bbox 250 3186 3665 3271">
    <p class='ocr_par' dir='ltr' id='par_1_65' title="bbox 250 3186 3665 3271">
     <span class='ocr_line' id='line_1_65' title="bbox 250 3186 3665 3271; baseline 0.001 -18"><span class='ocrx_word' id='word_1_471' title='bbox 250 3213 393 3253; x_wconf 85' lang='lat' dir='ltr'>sum</span> <span class='ocrx_word' id='word_1_472' title='bbox 452 3197 725 3254; x_wconf 88' lang='lat' dir='ltr'>restituit.</span> <span class='ocrx_word' id='word_1_473' title='bbox 784 3197 1096 3253; x_wconf 84' lang='lat' dir='ltr'>Ratherius</span> <span class='ocrx_word' id='word_1_474' title='bbox 1151 3196 1361 3254; x_wconf 86' lang='lat' dir='ltr'>Alnam</span> <span class='ocrx_word' id='word_1_475' title='bbox 1423 3198 1750 3269; x_wconf 89' lang='lat' dir='ltr'>revertitur,</span> <span class='ocrx_word' id='word_1_476' title='bbox 1806 3198 1905 3253; x_wconf 92' lang='lat' dir='ltr'>ubi</span> <span class='ocrx_word' id='word_1_477' title='bbox 1936 3186 1980 3254; x_wconf 88' lang='lat' dir='ltr'><strong><em>C</em></strong></span> <span class='ocrx_word' id='word_1_478' title='bbox 2018 3192 2969 3268; x_wconf 85' lang='lat' dir='ltr'>terdumalasstringit,interdum</span> <span class='ocrx_word' id='word_1_479' title='bbox 2992 3194 3102 3251; x_wconf 87' lang='lat' dir='ltr'>alis</span> <span class='ocrx_word' id='word_1_480' title='bbox 3121 3198 3665 3271; x_wconf 79' lang='lat' dir='ltr'>extensiscapacem</span> 
     </span>
    </p>
   </div>
   <div class='ocr_carea' id='block_1_66' title="bbox 254 3284 1901 3358">
    <p class='ocr_par' dir='ltr' id='par_1_66' title="bbox 254 3284 1901 3358">
     <span class='ocr_line' id='line_1_66' title="bbox 254 3284 1901 3358; baseline 0.001 -17"><span class='ocrx_word' id='word_1_481' title='bbox 254 3290 526 3358; x_wconf 84' lang='lat' dir='ltr'>uterque,</span> <span class='ocrx_word' id='word_1_482' title='bbox 563 3285 687 3358; x_wconf 90' lang='lat' dir='ltr'>ipse</span> <span class='ocrx_word' id='word_1_483' title='bbox 714 3285 983 3341; x_wconf 87' lang='lat' dir='ltr'>videlicet</span> <span class='ocrx_word' id='word_1_484' title='bbox 1013 3290 1070 3342; x_wconf 91' lang='lat' dir='ltr'>et</span> <span class='ocrx_word' id='word_1_485' title='bbox 1102 3286 1305 3354; x_wconf 90' lang='lat' dir='ltr'>abbas,</span> <span class='ocrx_word' id='word_1_486' title='bbox 1329 3284 1441 3341; x_wconf 91' lang='lat' dir='ltr'>sibi</span> <span class='ocrx_word' id='word_1_487' title='bbox 1473 3285 1901 3355; x_wconf 89' lang='lat' dir='ltr'>reconciliatus,</span> 
     </span>
    </p>
   </div>
   <div class='ocr_carea' id='block_1_67' title="bbox 256 3373 1901 3447">
    <p class='ocr_par' dir='ltr' id='par_1_67' title="bbox 256 3373 1901 3447">
     <span class='ocr_line' id='line_1_67' title="bbox 256 3373 1901 3447; baseline 0 -17"><span class='ocrx_word' id='word_1_488' title='bbox 256 3375 333 3431; x_wconf 88' lang='lat' dir='ltr'>de</span> <span class='ocrx_word' id='word_1_489' title='bbox 380 3374 604 3447; x_wconf 91' lang='lat' dir='ltr'>reliquo</span> <span class='ocrx_word' id='word_1_490' title='bbox 650 3373 869 3447; x_wconf 87' lang='lat' dir='ltr'>deguit.</span> <span class='ocrx_word' id='word_1_491' title='bbox 904 3376 1012 3441; x_wconf 87' lang='lat' dir='ltr'>Qui</span> <span class='ocrx_word' id='word_1_492' title='bbox 1063 3379 1267 3447; x_wconf 90' lang='lat' dir='ltr'>postea</span> <span class='ocrx_word' id='word_1_493' title='bbox 1315 3375 1469 3447; x_wconf 90' lang='lat' dir='ltr'>apud</span> <span class='ocrx_word' id='word_1_494' title='bbox 1519 3375 1901 3444; x_wconf 90' lang='lat' dir='ltr'>Namureum,</span> 
     </span>
    </p>
   </div>
   <div class='ocr_carea' id='block_1_68' title="bbox 255 3464 1900 3536">
    <p class='ocr_par' dir='ltr' id='par_1_68' title="bbox 255 3464 1900 3536">
     <span class='ocr_line' id='line_1_68' title="bbox 255 3464 1900 3536; baseline -0.001 -16"><span class='ocrx_word' id='word_1_495' title='bbox 255 3480 397 3521; x_wconf 90' lang='lat' dir='ltr'>cum</span> <span class='ocrx_word' id='word_1_496' title='bbox 427 3464 508 3519; x_wconf 91' lang='lat' dir='ltr'>ibi</span> <span class='ocrx_word' id='word_1_497' title='bbox 536 3465 682 3519; x_wconf 84' lang='lat' dir='ltr'>forte</span> <span class='ocrx_word' id='word_1_498' title='bbox 702 3480 839 3519; x_wconf 89' lang='lat' dir='ltr'>cum</span> <span class='ocrx_word' id='word_1_499' title='bbox 862 3464 1073 3519; x_wconf 91' lang='lat' dir='ltr'>comite</span> <span class='ocrx_word' id='word_1_500' title='bbox 1093 3464 1525 3536; x_wconf 89' lang='lat' dir='ltr'>aliquantulum</span> <span class='ocrx_word' id='word_1_501' title='bbox 1556 3470 1900 3531; x_wconf 90' lang='lat' dir='ltr'>moraretur,</span> 
     </span>
    </p>
   </div>
   <div class='ocr_carea' id='block_1_69' title="bbox 249 3552 1906 3626">
    <p class='ocr_par' dir='ltr' id='par_1_69' title="bbox 249 3552 1906 3626">
     <span class='ocr_line' id='line_1_69' title="bbox 249 3552 1906 3626; baseline 0.001 -19"><span class='ocrx_word' id='word_1_502' title='bbox 249 3552 375 3608; x_wconf 82' lang='lat' dir='ltr'>vita</span> <span class='ocrx_word' id='word_1_503' title='bbox 405 3552 672 3609; x_wconf 86' lang='lat' dir='ltr'>decessit.</span> <span class='ocrx_word' id='word_1_504' title='bbox 706 3553 888 3625; x_wconf 89' lang='lat' dir='ltr'>Cujus</span> <span class='ocrx_word' id='word_1_505' title='bbox 919 3569 1131 3626; x_wconf 90' lang='lat' dir='ltr'>corpus</span> <span class='ocrx_word' id='word_1_506' title='bbox 1160 3554 1234 3608; x_wconf 90' lang='lat' dir='ltr'>ad</span> <span class='ocrx_word' id='word_1_507' title='bbox 1267 3570 1374 3609; x_wconf 90' lang='lat' dir='ltr'>nos</span> <span class='ocrx_word' id='word_1_508' title='bbox 1404 3552 1682 3620; x_wconf 91' lang='lat' dir='ltr'>delatum,</span> <span class='ocrx_word' id='word_1_509' title='bbox 1718 3554 1906 3625; x_wconf 89' lang='lat' dir='ltr'>ponti-</span> 
     </span>
    </p>
   </div>
   <div class='ocr_carea' id='block_1_70' title="bbox 250 3641 1903 3714">
    <p class='ocr_par' dir='ltr' id='par_1_70' title="bbox 250 3641 1903 3714">
     <span class='ocr_line' id='line_1_70' title="bbox 250 3641 1903 3714; baseline 0 -17"><span class='ocrx_word' id='word_1_510' title='bbox 250 3641 526 3697; x_wconf 82' lang='lat' dir='ltr'>ﬁcalibus</span> <span class='ocrx_word' id='word_1_511' title='bbox 555 3642 814 3714; x_wconf 85' lang='lat' dir='ltr'>cxequiis</span> <span class='ocrx_word' id='word_1_512' title='bbox 846 3641 1188 3698; x_wconf 90' lang='lat' dir='ltr'>solemniter</span> <span class='ocrx_word' id='word_1_513' title='bbox 1225 3641 1555 3705; x_wconf 88' lang='lat' dir='ltr'>celebratis,</span> <span class='ocrx_word' id='word_1_514' title='bbox 1589 3642 1903 3697; x_wconf 88' lang='lat' dir='ltr'>honoriﬁce</span> 
     </span>
    </p>
   </div>
   <div class='ocr_carea' id='block_1_71' title="bbox 249 3728 1901 3786">
    <p class='ocr_par' dir='ltr' id='par_1_71' title="bbox 249 3728 1901 3786">
     <span class='ocr_line' id='line_1_71' title="bbox 249 3728 1901 3786; baseline -0.001 0"><span class='ocrx_word' id='word_1_515' title='bbox 249 3735 345 3786; x_wconf 86' lang='lat' dir='ltr'>est</span> <span class='ocrx_word' id='word_1_516' title='bbox 392 3729 751 3785; x_wconf 87' lang='lat' dir='ltr'>tumulatum</span> <span class='ocrx_word' id='word_1_517' title='bbox 781 3731 845 3764; x_wconf 76' lang='grc'>⁸⁰¹</span> <span class='ocrx_word' id='word_1_518' title='bbox 885 3730 946 3785; x_wconf 90' lang='lat' dir='ltr'>in</span> <span class='ocrx_word' id='word_1_519' title='bbox 996 3730 1241 3786; x_wconf 90' lang='lat' dir='ltr'>ecclesia</span> <span class='ocrx_word' id='word_1_520' title='bbox 1285 3728 1472 3785; x_wconf 90' lang='lat' dir='ltr'>sancti</span> <span class='ocrx_word' id='word_1_521' title='bbox 1521 3729 1779 3785; x_wconf 91' lang='lat' dir='ltr'>Ursmari</span> <span class='ocrx_word' id='word_1_522' title='bbox 1828 3730 1901 3785; x_wconf 91' lang='lat' dir='ltr'>ad</span> 
     </span>
    </p>
   </div>
   <div class='ocr_carea' id='block_1_72' title="bbox 249 3818 933 3892">
    <p class='ocr_par' dir='ltr' id='par_1_72' title="bbox 249 3818 933 3892">
     <span class='ocr_line' id='line_1_72' title="bbox 249 3818 933 3892; baseline 0 -17"><span class='ocrx_word' id='word_1_523' title='bbox 249 3822 481 3892; x_wconf 87' lang='lat' dir='ltr'>partem</span> <span class='ocrx_word' id='word_1_524' title='bbox 512 3818 933 3891; x_wconf 88' lang='lat' dir='ltr'>aquilonarem.</span> 
     </span>
    </p>
   </div>
   <div class='ocr_carea' id='block_1_73' title="bbox 319 3907 1902 3981">
    <p class='ocr_par' dir='ltr' id='par_1_73' title="bbox 319 3907 1902 3981">
     <span class='ocr_line' id='line_1_73' title="bbox 319 3907 1902 3981; baseline 0.002 -18"><span class='ocrx_word' id='word_1_525' title='bbox 319 3909 412 3963; x_wconf 88' lang='lat'>29.</span> <span class='ocrx_word' id='word_1_526' title='bbox 447 3908 592 3964; x_wconf 91' lang='lat' dir='ltr'>Pace</span> <span class='ocrx_word' id='word_1_527' title='bbox 620 3908 791 3964; x_wconf 91' lang='lat' dir='ltr'>nobis</span> <span class='ocrx_word' id='word_1_528' title='bbox 816 3924 919 3980; x_wconf 90' lang='lat' dir='ltr'>per</span> <span class='ocrx_word' id='word_1_529' title='bbox 948 3908 1048 3963; x_wconf 91' lang='lat' dir='ltr'>Dei</span> <span class='ocrx_word' id='word_1_530' title='bbox 1078 3908 1326 3980; x_wconf 87' lang='lat' dir='ltr'>gratiam</span> <span class='ocrx_word' id='word_1_531' title='bbox 1369 3907 1662 3980; x_wconf 88' lang='lat' dir='ltr'>Nothgero</span> <span class='ocrx_word' id='word_1_532' title='bbox 1694 3913 1902 3981; x_wconf 89' lang='lat' dir='ltr'>agente</span> 
     </span>
    </p>
   </div>
   <div class='ocr_carea' id='block_1_74' title="bbox 246 3995 1903 4068">
    <p class='ocr_par' dir='ltr' id='par_1_74' title="bbox 246 3995 1903 4068">
     <span class='ocr_line' id='line_1_74' title="bbox 246 3995 1903 4068; baseline 0.001 -16"><span class='ocrx_word' id='word_1_533' title='bbox 246 3995 596 4052; x_wconf 89' lang='lat' dir='ltr'>ﬁrmissima</span> <span class='ocrx_word' id='word_1_534' title='bbox 620 3995 851 4061; x_wconf 90' lang='lat' dir='ltr'>collata,</span> <span class='ocrx_word' id='word_1_535' title='bbox 880 3996 1133 4052; x_wconf 90' lang='lat' dir='ltr'>domnus</span> <span class='ocrx_word' id='word_1_536' title='bbox 1162 3997 1474 4068; x_wconf 90' lang='lat' dir='ltr'>episcopus</span> <span class='ocrx_word' id='word_1_537' title='bbox 1506 3996 1786 4051; x_wconf 88' lang='lat' dir='ltr'>Leodium</span> <span class='ocrx_word' id='word_1_538' title='bbox 1819 4015 1903 4053; x_wconf 90' lang='lat' dir='ltr'>re-</span> 
     </span>
    </p>
   </div>
   <div class='ocr_carea' id='block_1_75' title="bbox 244 4084 1899 4157">
    <p class='ocr_par' dir='ltr' id='par_1_75' title="bbox 244 4084 1899 4157">
     <span class='ocr_line' id='line_1_75' title="bbox 244 4084 1899 4157; baseline 0.002 -18"><span class='ocrx_word' id='word_1_539' title='bbox 244 4084 513 4153; x_wconf 85' lang='lat' dir='ltr'>vertitur,</span> <span class='ocrx_word' id='word_1_540' title='bbox 547 4084 842 4157; x_wconf 90' lang='lat' dir='ltr'>reliquum</span> <span class='ocrx_word' id='word_1_541' title='bbox 873 4089 1109 4157; x_wconf 89' lang='lat' dir='ltr'>tempus</span> <span class='ocrx_word' id='word_1_542' title='bbox 1139 4084 1199 4140; x_wconf 89' lang='lat' dir='ltr'>in</span> <span class='ocrx_word' id='word_1_543' title='bbox 1229 4085 1575 4140; x_wconf 90' lang='lat' dir='ltr'>innovandis</span> <span class='ocrx_word' id='word_1_544' title='bbox 1598 4084 1715 4141; x_wconf 88' lang='lat' dir='ltr'>sive</span> <span class='ocrx_word' id='word_1_545' title='bbox 1737 4087 1899 4143; x_wconf 85' lang='lat' dir='ltr'>deco-</span> 
     </span>
    </p>
   </div>
   <div class='ocr_carea' id='block_1_76' title="bbox 245 4172 1898 4245">
    <p class='ocr_par' dir='ltr' id='par_1_76' title="bbox 245 4172 1898 4245">
     <span class='ocr_line' id='line_1_76' title="bbox 245 4172 1898 4245; baseline 0.001 -15"><span class='ocrx_word' id='word_1_546' title='bbox 245 4174 454 4230; x_wconf 88' lang='lat' dir='ltr'>randis</span> <span class='ocrx_word' id='word_1_547' title='bbox 483 4174 709 4229; x_wconf 68' lang='lat' dir='ltr'>aedibus</span> <span class='ocrx_word' id='word_1_548' title='bbox 728 4178 786 4229; x_wconf 90' lang='lat' dir='ltr'>et</span> <span class='ocrx_word' id='word_1_549' title='bbox 805 4172 1218 4229; x_wconf 89' lang='lat' dir='ltr'>ecclesiasticis</span> <span class='ocrx_word' id='word_1_550' title='bbox 1240 4174 1414 4229; x_wconf 90' lang='lat' dir='ltr'>rebus</span> <span class='ocrx_word' id='word_1_551' title='bbox 1436 4173 1898 4245; x_wconf 90' lang='lat' dir='ltr'>multiplicandis</span> 
     </span>
    </p>
   </div>
   <div class='ocr_carea' id='block_1_77' title="bbox 244 4262 1900 4336">
    <p class='ocr_par' dir='ltr' id='par_1_77' title="bbox 244 4262 1900 4336">
     <span class='ocr_line' id='line_1_77' title="bbox 244 4262 1900 4336; baseline 0.001 -17"><span class='ocrx_word' id='word_1_552' title='bbox 244 4262 803 4330; x_wconf 85' lang='lat' dir='ltr'>consumens.Nam,</span> <span class='ocrx_word' id='word_1_553' title='bbox 831 4268 897 4318; x_wconf 91' lang='lat' dir='ltr'>ut</span> <span class='ocrx_word' id='word_1_554' title='bbox 916 4279 1118 4319; x_wconf 89' lang='lat' dir='ltr'>verum</span> <span class='ocrx_word' id='word_1_555' title='bbox 1142 4263 1449 4330; x_wconf 79' lang='lat' dir='ltr'>fateamur,</span> <span class='ocrx_word' id='word_1_556' title='bbox 1466 4263 1664 4319; x_wconf 91' lang='lat' dir='ltr'>nullus</span> <span class='ocrx_word' id='word_1_557' title='bbox 1686 4266 1900 4336; x_wconf 69' lang='lat' dir='ltr'>praade-</span> 
     </span>
    </p>
   </div>
   <div class='ocr_carea' id='block_1_78' title="bbox 244 4352 1896 4430">
    <p class='ocr_par' dir='ltr' id='par_1_78' title="bbox 244 4352 1896 4430">
     <span class='ocr_line' id='line_1_78' title="bbox 244 4352 1896 4430; baseline 0.001 -23"><span class='ocrx_word' id='word_1_558' title='bbox 244 4367 551 4407; x_wconf 87' lang='lat' dir='ltr'>cessorum</span> <span class='ocrx_word' id='word_1_559' title='bbox 581 4368 847 4430; x_wconf 68' lang='lat' dir='ltr'>suorum,</span> <span class='ocrx_word' id='word_1_560' title='bbox 880 4357 1170 4424; x_wconf 90' lang='lat' dir='ltr'>quantum</span> <span class='ocrx_word' id='word_1_561' title='bbox 1199 4352 1537 4407; x_wconf 89' lang='lat' dir='ltr'>recordatur</span> <span class='ocrx_word' id='word_1_562' title='bbox 1565 4352 1896 4425; x_wconf 89' lang='lat' dir='ltr'>opinio,illo</span> 
     </span>
    </p>
   </div>
   <div class='ocr_carea' id='block_1_79' title="bbox 242 4438 1895 4511">
    <p class='ocr_par' dir='ltr' id='par_1_79' title="bbox 242 4438 1895 4511">
     <span class='ocr_line' id='line_1_79' title="bbox 242 4438 1895 4511; baseline 0.001 -16"><span class='ocrx_word' id='word_1_563' title='bbox 242 4438 507 4511; x_wconf 83' lang='lat' dir='ltr'>amplius</span> <span class='ocrx_word' id='word_1_564' title='bbox 538 4438 918 4496; x_wconf 88' lang='lat' dir='ltr'>Leodlensem</span> <span class='ocrx_word' id='word_1_565' title='bbox 947 4439 1254 4495; x_wconf 90' lang='lat' dir='ltr'>ecclesiam</span> <span class='ocrx_word' id='word_1_566' title='bbox 1294 4440 1468 4495; x_wconf 90' lang='lat' dir='ltr'>rebus</span> <span class='ocrx_word' id='word_1_567' title='bbox 1500 4440 1678 4507; x_wconf 79' lang='lat' dir='ltr'>auxit,</span> <span class='ocrx_word' id='word_1_568' title='bbox 1713 4441 1895 4497; x_wconf 66' lang='lat' dir='ltr'>aediﬁ-</span> 
     </span>
    </p>
   </div>
   <div class='ocr_carea' id='block_1_80' title="bbox 2012 3282 3664 3357">
    <p class='ocr_par' dir='ltr' id='par_1_80' title="bbox 2012 3282 3664 3357">
     <span class='ocr_line' id='line_1_80' title="bbox 2012 3282 3664 3357; baseline 0.003 -18"><span class='ocrx_word' id='word_1_569' title='bbox 2012 3284 2458 3357; x_wconf 85' lang='lat' dir='ltr'>Evangeliorum</span> <span class='ocrx_word' id='word_1_570' title='bbox 2517 3284 2700 3339; x_wconf 91' lang='lat' dir='ltr'>codici</span> <span class='ocrx_word' id='word_1_571' title='bbox 2761 3282 2953 3338; x_wconf 90' lang='lat' dir='ltr'>locum</span> <span class='ocrx_word' id='word_1_572' title='bbox 3012 3285 3217 3355; x_wconf 91' lang='lat' dir='ltr'>pandit</span> <span class='ocrx_word' id='word_1_573' title='bbox 3266 3288 3436 3357; x_wconf 87' lang='lat'>(127),</span> <span class='ocrx_word' id='word_1_574' title='bbox 3488 3287 3664 3343; x_wconf 91' lang='lat' dir='ltr'>collo-</span> 
     </span>
    </p>
   </div>
   <div class='ocr_carea' id='block_1_81' title="bbox 2012 3370 3661 3445">
    <p class='ocr_par' dir='ltr' id='par_1_81' title="bbox 2012 3370 3661 3445">
     <span class='ocr_line' id='line_1_81' title="bbox 2012 3370 3661 3445; baseline 0.003 -18"><span class='ocrx_word' id='word_1_575' title='bbox 2012 3389 2127 3445; x_wconf 89' lang='lat' dir='ltr'>que</span> <span class='ocrx_word' id='word_1_576' title='bbox 2166 3372 2335 3444; x_wconf 88' lang='lat' dir='ltr'>quasi</span> <span class='ocrx_word' id='word_1_577' title='bbox 2386 3389 2488 3443; x_wconf 90' lang='lat' dir='ltr'>pro</span> <span class='ocrx_word' id='word_1_578' title='bbox 2521 3370 2689 3426; x_wconf 75' lang='lat' dir='ltr'>llbitu</span> <span class='ocrx_word' id='word_1_579' title='bbox 2721 3372 2789 3406; x_wconf 72' lang='grc'>⁴¹³</span> <span class='ocrx_word' id='word_1_580' title='bbox 2818 3371 3129 3429; x_wconf 88' lang='lat' dir='ltr'>artiﬁciose</span> <span class='ocrx_word' id='word_1_581' title='bbox 3177 3375 3248 3429; x_wconf 91' lang='lat' dir='ltr'>ad</span> <span class='ocrx_word' id='word_1_582' title='bbox 3301 3376 3661 3432; x_wconf 66' lang='lat' dir='ltr'>audiendum</span> 
     </span>
    </p>
   </div>
   <div class='ocr_carea' id='block_1_82' title="bbox 2013 3460 3655 3537">
    <p class='ocr_par' dir='ltr' id='par_1_82' title="bbox 2013 3460 3655 3537">
     <span class='ocr_line' id='line_1_82' title="bbox 2013 3460 3655 3537; baseline 0.002 -22"><span class='ocrx_word' id='word_1_583' title='bbox 2013 3466 2227 3516; x_wconf 91' lang='lat' dir='ltr'>retorto</span> <span class='ocrx_word' id='word_1_584' title='bbox 2253 3462 2339 3528; x_wconf 73' lang='lat'>“5,</span> <span class='ocrx_word' id='word_1_585' title='bbox 2373 3460 2660 3516; x_wconf 90' lang='lat' dir='ltr'>immissis</span> <span class='ocrx_word' id='word_1_586' title='bbox 2690 3462 2758 3496; x_wconf 81' lang='grc'>⁴¹⁶</span> <span class='ocrx_word' id='word_1_587' title='bbox 2786 3461 2994 3532; x_wconf 82' lang='lat' dir='ltr'>prunis</span> <span class='ocrx_word' id='word_1_588' title='bbox 3028 3462 3408 3535; x_wconf 82' lang='lat' dir='ltr'>fragrantiam</span> <span class='ocrx_word' id='word_1_589' title='bbox 3457 3482 3655 3537; x_wconf 90' lang='lat' dir='ltr'>super-</span> 
     </span>
    </p>
   </div>
   <div class='ocr_carea' id='block_1_83' title="bbox 2010 3548 3663 3625">
    <p class='ocr_par' dir='ltr' id='par_1_83' title="bbox 2010 3548 3663 3625">
     <span class='ocr_line' id='line_1_83' title="bbox 2010 3548 3663 3625; baseline 0.004 -21"><span class='ocrx_word' id='word_1_590' title='bbox 2010 3549 2270 3622; x_wconf 88' lang='lat' dir='ltr'>impositi</span> <span class='ocrx_word' id='word_1_591' title='bbox 2304 3549 2494 3604; x_wconf 87' lang='lat' dir='ltr'>thuris</span> <span class='ocrx_word' id='word_1_592' title='bbox 2527 3548 2760 3605; x_wconf 89' lang='lat' dir='ltr'>emittit.</span> <span class='ocrx_word' id='word_1_593' title='bbox 2796 3549 2859 3604; x_wconf 87' lang='lat' dir='ltr'>In</span> <span class='ocrx_word' id='word_1_594' title='bbox 2892 3549 3237 3606; x_wconf 90' lang='lat' dir='ltr'>occidentali</span> <span class='ocrx_word' id='word_1_595' title='bbox 3270 3556 3465 3609; x_wconf 89' lang='lat' dir='ltr'>autem</span> <span class='ocrx_word' id='word_1_596' title='bbox 3500 3559 3663 3625; x_wconf 89' lang='lat' dir='ltr'>parte</span> 
     </span>
    </p>
   </div>
   <div class='ocr_carea' id='block_1_84' title="bbox 2010 3637 3661 3709">
    <p class='ocr_par' dir='ltr' id='par_1_84' title="bbox 2010 3637 3661 3709">
     <span class='ocr_line' id='line_1_84' title="bbox 2010 3637 3661 3709; baseline 0.002 -16"><span class='ocrx_word' id='word_1_597' title='bbox 2010 3639 2275 3709; x_wconf 88' lang='lat' dir='ltr'>ejusdem</span> <span class='ocrx_word' id='word_1_598' title='bbox 2308 3637 2577 3692; x_wconf 90' lang='lat' dir='ltr'>ambonis</span> <span class='ocrx_word' id='word_1_599' title='bbox 2614 3654 2819 3691; x_wconf 90' lang='lat' dir='ltr'>versus</span> <span class='ocrx_word' id='word_1_600' title='bbox 2870 3638 3153 3709; x_wconf 91' lang='lat' dir='ltr'>populum</span> <span class='ocrx_word' id='word_1_601' title='bbox 3204 3639 3338 3695; x_wconf 85' lang='lat' dir='ltr'>fecit</span> <span class='ocrx_word' id='word_1_602' title='bbox 3387 3640 3570 3697; x_wconf 89' lang='lat' dir='ltr'>altare</span> <span class='ocrx_word' id='word_1_603' title='bbox 3602 3643 3661 3698; x_wconf 91' lang='lat' dir='ltr'>in</span> 
     </span>
    </p>
   </div>
   <div class='ocr_carea' id='block_1_85' title="bbox 2009 3726 3661 3796">
    <p class='ocr_par' dir='ltr' id='par_1_85' title="bbox 2009 3726 3661 3796">
     <span class='ocr_line' id='line_1_85' title="bbox 2009 3726 3661 3796; baseline 0.002 -14"><span class='ocrx_word' id='word_1_604' title='bbox 2009 3726 2291 3782; x_wconf 89' lang='lat' dir='ltr'>honorem</span> <span class='ocrx_word' id='word_1_605' title='bbox 2320 3730 2535 3781; x_wconf 68' lang='lat' dir='ltr'>sanctae</span> <span class='ocrx_word' id='word_1_606' title='bbox 2568 3726 2759 3781; x_wconf 91' lang='lat' dir='ltr'>crucis</span> <span class='ocrx_word' id='word_1_607' title='bbox 2788 3730 2846 3780; x_wconf 92' lang='lat' dir='ltr'>et</span> <span class='ocrx_word' id='word_1_608' title='bbox 2871 3726 3137 3781; x_wconf 91' lang='lat' dir='ltr'>omnium</span> <span class='ocrx_word' id='word_1_609' title='bbox 3171 3733 3533 3796; x_wconf 88' lang='lat' dir='ltr'>sanctorum,</span> <span class='ocrx_word' id='word_1_610' title='bbox 3565 3731 3661 3786; x_wconf 90' lang='lat' dir='ltr'>cui</span> 
     </span>
    </p>
   </div>
   <div class='ocr_carea' id='block_1_86' title="bbox 2009 3815 3663 3888">
    <p class='ocr_par' dir='ltr' id='par_1_86' title="bbox 2009 3815 3663 3888">
     <span class='ocr_line' id='line_1_86' title="bbox 2009 3815 3663 3888; baseline 0.001 -17"><span class='ocrx_word' id='word_1_611' title='bbox 2009 3820 2068 3871; x_wconf 91' lang='lat' dir='ltr'>et</span> <span class='ocrx_word' id='word_1_612' title='bbox 2095 3815 2354 3871; x_wconf 86' lang='lat' dir='ltr'>tabulam</span> <span class='ocrx_word' id='word_1_613' title='bbox 2389 3818 2727 3886; x_wconf 88' lang='lat' dir='ltr'>argenteam</span> <span class='ocrx_word' id='word_1_614' title='bbox 2757 3815 3185 3885; x_wconf 89' lang='lat' dir='ltr'>anteposuit,et</span> <span class='ocrx_word' id='word_1_615' title='bbox 3207 3817 3457 3888; x_wconf 89' lang='lat' dir='ltr'>desuper</span> <span class='ocrx_word' id='word_1_616' title='bbox 3483 3817 3663 3873; x_wconf 87' lang='lat' dir='ltr'>viviﬁ-</span> 
     </span>
    </p>
   </div>
   <div class='ocr_carea' id='block_1_87' title="bbox 2010 3902 3653 3975">
    <p class='ocr_par' dir='ltr' id='par_1_87' title="bbox 2010 3902 3653 3975">
     <span class='ocr_line' id='line_1_87' title="bbox 2010 3902 3653 3975; baseline 0.001 -14"><span class='ocrx_word' id='word_1_617' title='bbox 2010 3922 2139 3961; x_wconf 88' lang='lat' dir='ltr'>cam</span> <span class='ocrx_word' id='word_1_618' title='bbox 2171 3904 2332 3959; x_wconf 86' lang='lat' dir='ltr'>illam</span> <span class='ocrx_word' id='word_1_619' title='bbox 2365 3903 2596 3958; x_wconf 87' lang='lat' dir='ltr'>Domini</span> <span class='ocrx_word' id='word_1_620' title='bbox 2631 3902 2974 3975; x_wconf 90' lang='lat' dir='ltr'>imaginem,</span> <span class='ocrx_word' id='word_1_621' title='bbox 3006 3920 3183 3975; x_wconf 91' lang='lat' dir='ltr'>quam</span> <span class='ocrx_word' id='word_1_622' title='bbox 3216 3905 3432 3962; x_wconf 90' lang='lat' dir='ltr'>nostris</span> <span class='ocrx_word' id='word_1_623' title='bbox 3460 3907 3653 3964; x_wconf 91' lang='lat' dir='ltr'>adhuc</span> 
     </span>
    </p>
   </div>
   <div class='ocr_carea' id='block_1_88' title="bbox 2008 3990 3661 4063">
    <p class='ocr_par' dir='ltr' id='par_1_88' title="bbox 2008 3990 3661 4063">
     <span class='ocr_line' id='line_1_88' title="bbox 2008 3990 3661 4063; baseline 0.002 -15"><span class='ocrx_word' id='word_1_624' title='bbox 2008 3994 2179 4049; x_wconf 87' lang='lat' dir='ltr'>terris</span> <span class='ocrx_word' id='word_1_625' title='bbox 2210 3990 2727 4063; x_wconf 87' lang='lat' dir='ltr'>incomparabilem</span> <span class='ocrx_word' id='word_1_626' title='bbox 2759 3991 2883 4063; x_wconf 86' lang='lat' dir='ltr'>ipse</span> <span class='ocrx_word' id='word_1_627' title='bbox 2905 3992 3198 4062; x_wconf 90' lang='lat' dir='ltr'>quendam</span> <span class='ocrx_word' id='word_1_628' title='bbox 3222 3998 3287 4048; x_wconf 89' lang='lat' dir='ltr'>ut</span> <span class='ocrx_word' id='word_1_629' title='bbox 3307 3995 3520 4051; x_wconf 85' lang='lat' dir='ltr'>faceret</span> <span class='ocrx_word' id='word_1_630' title='bbox 3541 4012 3661 4051; x_wconf 87' lang='lat' dir='ltr'>ma-</span> 
     </span>
    </p>
   </div>
   <div class='ocr_carea' id='block_1_89' title="bbox 2007 4080 3661 4155">
    <p class='ocr_par' dir='ltr' id='par_1_89' title="bbox 2007 4080 3661 4155">
     <span class='ocr_line' id='line_1_89' title="bbox 2007 4080 3661 4155; baseline 0.003 -18"><span class='ocrx_word' id='word_1_631' title='bbox 2007 4098 2123 4155; x_wconf 85' lang='lat' dir='ltr'>gno</span> <span class='ocrx_word' id='word_1_632' title='bbox 2154 4082 2346 4154; x_wconf 88' lang='lat' dir='ltr'>precio</span> <span class='ocrx_word' id='word_1_633' title='bbox 2372 4080 2757 4146; x_wconf 74' lang='lat' dir='ltr'>locaverat‘”,</span> <span class='ocrx_word' id='word_1_634' title='bbox 2775 4080 2975 4135; x_wconf 83' lang='lat' dir='ltr'>erexit.</span> <span class='ocrx_word' id='word_1_635' title='bbox 2994 4081 3072 4136; x_wconf 91' lang='lat' dir='ltr'>De</span> <span class='ocrx_word' id='word_1_636' title='bbox 3097 4081 3320 4153; x_wconf 89' lang='lat' dir='ltr'>reliquo</span> <span class='ocrx_word' id='word_1_637' title='bbox 3345 4088 3553 4140; x_wconf 90' lang='lat' dir='ltr'>ornatu</span> <span class='ocrx_word' id='word_1_638' title='bbox 3575 4102 3661 4142; x_wconf 90' lang='lat' dir='ltr'>ec-</span> 
     </span>
    </p>
   </div>
   <div class='ocr_carea' id='block_1_90' title="bbox 2008 4167 3659 4240">
    <p class='ocr_par' dir='ltr' id='par_1_90' title="bbox 2008 4167 3659 4240">
     <span class='ocr_line' id='line_1_90' title="bbox 2008 4167 3659 4240; baseline 0.001 -13"><span class='ocrx_word' id='word_1_639' title='bbox 2008 4170 2332 4227; x_wconf 89' lang='lat' dir='ltr'>clesiastico</span> <span class='ocrx_word' id='word_1_640' title='bbox 2344 4170 2481 4225; x_wconf 92' lang='lat' dir='ltr'>etde</span> <span class='ocrx_word' id='word_1_641' title='bbox 2494 4167 2984 4240; x_wconf 91' lang='lat' dir='ltr'>multiplicatione</span> <span class='ocrx_word' id='word_1_642' title='bbox 3015 4167 3301 4226; x_wconf 91' lang='lat' dir='ltr'>librorum</span> <span class='ocrx_word' id='word_1_643' title='bbox 3325 4171 3385 4226; x_wconf 91' lang='lat' dir='ltr'>in</span> <span class='ocrx_word' id='word_1_644' title='bbox 3406 4174 3659 4229; x_wconf 89' lang='lat' dir='ltr'>armario</span> 
     </span>
    </p>
   </div>
   <div class='ocr_carea' id='block_1_91' title="bbox 2007 4256 3658 4329">
    <p class='ocr_par' dir='ltr' id='par_1_91' title="bbox 2007 4256 3658 4329">
     <span class='ocr_line' id='line_1_91' title="bbox 2007 4256 3658 4329; baseline 0.002 -14"><span class='ocrx_word' id='word_1_645' title='bbox 2007 4277 2122 4316; x_wconf 91' lang='lat' dir='ltr'>non</span> <span class='ocrx_word' id='word_1_646' title='bbox 2153 4263 2318 4315; x_wconf 90' lang='lat' dir='ltr'>vacat</span> <span class='ocrx_word' id='word_1_647' title='bbox 2349 4256 2572 4324; x_wconf 83' lang='lat' dir='ltr'>dicere;</span> <span class='ocrx_word' id='word_1_648' title='bbox 2606 4256 2824 4312; x_wconf 83' lang='lat' dir='ltr'>sufﬁcit</span> <span class='ocrx_word' id='word_1_649' title='bbox 2853 4275 2921 4312; x_wconf 85' lang='lat' dir='ltr'>ex</span> <span class='ocrx_word' id='word_1_650' title='bbox 2963 4259 3259 4329; x_wconf 86' lang='lat' dir='ltr'>superﬂuo</span> <span class='ocrx_word' id='word_1_651' title='bbox 3291 4260 3399 4316; x_wconf 92' lang='lat' dir='ltr'>hoc</span> <span class='ocrx_word' id='word_1_652' title='bbox 3430 4262 3498 4296; x_wconf 65' lang='lat'><strong>&quot;3</strong></span> <span class='ocrx_word' id='word_1_653' title='bbox 3527 4263 3658 4318; x_wconf 87' lang='lat' dir='ltr'>teti-</span> 
     </span>
    </p>
   </div>
   <div class='ocr_carea' id='block_1_92' title="bbox 2004 4350 3656 4423">
    <p class='ocr_par' dir='ltr' id='par_1_92' title="bbox 2004 4350 3656 4423">
     <span class='ocr_line' id='line_1_92' title="bbox 2004 4350 3656 4423; baseline 0.001 -18"><span class='ocrx_word' id='word_1_654' title='bbox 2004 4352 2179 4423; x_wconf 89' lang='lat' dir='ltr'>gisse.</span> <span class='ocrx_word' id='word_1_655' title='bbox 2234 4350 2389 4405; x_wconf 82' lang='lat' dir='ltr'>Fecit</span> <span class='ocrx_word' id='word_1_656' title='bbox 2435 4354 2491 4403; x_wconf 88' lang='lat' dir='ltr'>et</span> <span class='ocrx_word' id='word_1_657' title='bbox 2520 4363 2793 4403; x_wconf 90' lang='lat' dir='ltr'>coronam</span> <span class='ocrx_word' id='word_1_658' title='bbox 2825 4353 3181 4421; x_wconf 89' lang='lat' dir='ltr'>argenteam,</span> <span class='ocrx_word' id='word_1_659' title='bbox 3217 4350 3275 4404; x_wconf 89' lang='lat' dir='ltr'>in</span> <span class='ocrx_word' id='word_1_660' title='bbox 3307 4366 3424 4421; x_wconf 89' lang='lat' dir='ltr'>qua</span> <span class='ocrx_word' id='word_1_661' title='bbox 3452 4367 3656 4407; x_wconf 88' lang='lat' dir='ltr'>versus</span> 
     </span>
    </p>
   </div>
   <div class='ocr_carea' id='block_1_93' title="bbox 2006 4438 3655 4512">
    <p class='ocr_par' dir='ltr' id='par_1_93' title="bbox 2006 4438 3655 4512">
     <span class='ocr_line' id='line_1_93' title="bbox 2006 4438 3655 4512; baseline 0 -17"><span class='ocrx_word' id='word_1_662' title='bbox 2006 4438 2259 4512; x_wconf 89' lang='lat' dir='ltr'>scripsit.</span> <span class='ocrx_word' id='word_1_663' title='bbox 2297 4438 2453 4493; x_wconf 82' lang='lat' dir='ltr'>Fecit</span> <span class='ocrx_word' id='word_1_664' title='bbox 2482 4443 2536 4492; x_wconf 90' lang='lat' dir='ltr'>et</span> <span class='ocrx_word' id='word_1_665' title='bbox 2565 4452 2882 4508; x_wconf 86' lang='lat' dir='ltr'>campanas</span> <span class='ocrx_word' id='word_1_666' title='bbox 2915 4438 3062 4493; x_wconf 91' lang='lat' dir='ltr'>duas</span> <span class='ocrx_word' id='word_1_667' title='bbox 3093 4440 3368 4510; x_wconf 84' lang='lat' dir='ltr'>majores,</span> <span class='ocrx_word' id='word_1_668' title='bbox 3403 4456 3655 4511; x_wconf 90' lang='lat' dir='ltr'>quarum</span> 
     </span>
    </p>
   </div>
   <div class='ocr_carea' id='block_1_94' title="bbox 239 4526 3654 4619">
    <p class='ocr_par' dir='ltr' id='par_1_94' title="bbox 239 4526 3654 4619">
     <span class='ocr_line' id='line_1_94' title="bbox 239 4526 3654 4619; baseline 0.001 -36"><span class='ocrx_word' id='word_1_669' title='bbox 239 4526 354 4583; x_wconf 86' lang='lat' dir='ltr'>ciis</span> <span class='ocrx_word' id='word_1_670' title='bbox 390 4526 733 4583; x_wconf 88' lang='lat' dir='ltr'>nobilitavit.</span> <span class='ocrx_word' id='word_1_671' title='bbox 756 4527 1074 4583; x_wconf 88' lang='lat' dir='ltr'>Creverunt</span> <span class='ocrx_word' id='word_1_672' title='bbox 1101 4527 1201 4584; x_wconf 91' lang='lat' dir='ltr'>illo</span> <span class='ocrx_word' id='word_1_673' title='bbox 1232 4534 1493 4600; x_wconf 88' lang='lat' dir='ltr'>tempore</span> <span class='ocrx_word' id='word_1_674' title='bbox 1524 4530 1660 4584; x_wconf 90' lang='lat' dir='ltr'>etin</span> <span class='ocrx_word' id='word_1_675' title='bbox 1693 4546 1894 4586; x_wconf 86' lang='lat' dir='ltr'>mona-</span> <span class='ocrx_word' id='word_1_676' title='bbox 1926 4554 1973 4619; x_wconf 73' lang='grc' dir='ltr'>Ι)</span> <span class='ocrx_word' id='word_1_677' title='bbox 2004 4545 2205 4597; x_wconf 92' lang='lat' dir='ltr'>unam,</span> <span class='ocrx_word' id='word_1_678' title='bbox 2238 4545 2365 4599; x_wconf 68' lang='lat' dir='ltr'>quae</span> <span class='ocrx_word' id='word_1_679' title='bbox 2416 4526 2674 4581; x_wconf 77' lang='lat' dir='ltr'>maxima</span> <span class='ocrx_word' id='word_1_680' title='bbox 2719 4530 2861 4593; x_wconf 90' lang='lat' dir='ltr'>erat,</span> <span class='ocrx_word' id='word_1_681' title='bbox 2898 4531 3098 4581; x_wconf 90' lang='lat' dir='ltr'>sancto</span> <span class='ocrx_word' id='word_1_682' title='bbox 3151 4528 3336 4593; x_wconf 89' lang='lat' dir='ltr'>Petro,</span> <span class='ocrx_word' id='word_1_683' title='bbox 3370 4533 3428 4583; x_wconf 93' lang='lat' dir='ltr'>et</span> <span class='ocrx_word' id='word_1_684' title='bbox 3477 4528 3654 4585; x_wconf 89' lang='lat' dir='ltr'>aliam</span> 
     </span>
    </p>
   </div>
   <div class='ocr_carea' id='block_1_95' title="bbox 238 4615 1892 4691">
    <p class='ocr_par' dir='ltr' id='par_1_95' title="bbox 238 4615 1892 4691">
     <span class='ocr_line' id='line_1_95' title="bbox 238 4615 1892 4691; baseline 0.001 -19"><span class='ocrx_word' id='word_1_685' title='bbox 238 4615 425 4672; x_wconf 77' lang='lat' dir='ltr'>sterio</span> <span class='ocrx_word' id='word_1_686' title='bbox 456 4620 656 4671; x_wconf 90' lang='lat' dir='ltr'>nostro</span> <span class='ocrx_word' id='word_1_687' title='bbox 685 4616 934 4671; x_wconf 68' lang='lat' dir='ltr'>aediﬁcia</span> <span class='ocrx_word' id='word_1_688' title='bbox 962 4616 1269 4686; x_wconf 91' lang='lat' dir='ltr'>nonnulla,</span> <span class='ocrx_word' id='word_1_689' title='bbox 1301 4616 1582 4673; x_wconf 89' lang='lat' dir='ltr'>instinctu</span> <span class='ocrx_word' id='word_1_690' title='bbox 1615 4618 1892 4691; x_wconf 91' lang='lat' dir='ltr'>episcopi,</span> 
     </span>
    </p>
   </div>
   <div class='ocr_carea' id='block_1_96' title="bbox 235 4704 1895 4777">
    <p class='ocr_par' dir='ltr' id='par_1_96' title="bbox 235 4704 1895 4777">
     <span class='ocr_line' id='line_1_96' title="bbox 235 4704 1895 4777; baseline 0.002 -16"><span class='ocrx_word' id='word_1_691' title='bbox 235 4719 423 4777; x_wconf 88' lang='lat' dir='ltr'>opera</span> <span class='ocrx_word' id='word_1_692' title='bbox 479 4704 707 4761; x_wconf 84' lang='lat' dir='ltr'>abbatis</span> <span class='ocrx_word' id='word_1_693' title='bbox 768 4705 940 4762; x_wconf 84' lang='lat' dir='ltr'>facta.</span> <span class='ocrx_word' id='word_1_694' title='bbox 1002 4705 1393 4762; x_wconf 84' lang='lat' dir='ltr'>Refectorium</span> <span class='ocrx_word' id='word_1_695' title='bbox 1444 4723 1476 4761; x_wconf 93' lang='lat' dir='ltr'>a</span> <span class='ocrx_word' id='word_1_696' title='bbox 1513 4706 1895 4764; x_wconf 83' lang='lat' dir='ltr'>fundamento</span> 
     </span>
    </p>
   </div>
   <div class='ocr_carea' id='block_1_97' title="bbox 2004 4613 3651 4689">
    <p class='ocr_par' dir='ltr' id='par_1_97' title="bbox 2004 4613 3651 4689">
     <span class='ocr_line' id='line_1_97' title="bbox 2004 4613 3651 4689; baseline 0.001 -18"><span class='ocrx_word' id='word_1_697' title='bbox 2004 4621 2205 4671; x_wconf 86' lang='lat' dir='ltr'>sancto</span> <span class='ocrx_word' id='word_1_698' title='bbox 2237 4615 2512 4671; x_wconf 90' lang='lat' dir='ltr'>Ursmaro</span> <span class='ocrx_word' id='word_1_699' title='bbox 2544 4613 2705 4669; x_wconf 91' lang='lat' dir='ltr'>dedit</span> <span class='ocrx_word' id='word_1_700' title='bbox 2724 4614 2811 4667; x_wconf 70' lang='lat'>“9.</span> <span class='ocrx_word' id='word_1_701' title='bbox 2833 4615 2893 4669; x_wconf 94' lang='lat' dir='ltr'>In</span> <span class='ocrx_word' id='word_1_702' title='bbox 2921 4615 3031 4670; x_wconf 89' lang='lat' dir='ltr'>ista</span> <span class='ocrx_word' id='word_1_703' title='bbox 3054 4632 3256 4671; x_wconf 91' lang='lat' dir='ltr'>versus</span> <span class='ocrx_word' id='word_1_704' title='bbox 3277 4615 3357 4671; x_wconf 88' lang='lat' dir='ltr'>hii</span> <span class='ocrx_word' id='word_1_705' title='bbox 3383 4615 3651 4689; x_wconf 89' lang='lat' dir='ltr'>inscripti</span> 
     </span>
    </p>
   </div>
   <div class='ocr_carea' id='block_1_98' title="bbox 2005 4703 3655 4777">
    <p class='ocr_par' dir='ltr' id='par_1_98' title="bbox 2005 4703 3655 4777">
     <span class='ocr_line' id='line_1_98' title="bbox 2005 4703 3655 4777; baseline 0.001 -15"><span class='ocrx_word' id='word_1_706' title='bbox 2005 4711 2146 4762; x_wconf 88' lang='lat' dir='ltr'>sunt</span> <span class='ocrx_word' id='word_1_707' title='bbox 2187 4722 2198 4759; x_wconf 96' lang='lat'>:</span> <span class='ocrx_word' id='word_1_708' title='bbox 2250 4705 2413 4760; x_wconf 75' lang='lat' dir='ltr'>Iussu</span> <span class='ocrx_word' id='word_1_709' title='bbox 2444 4703 2702 4759; x_wconf 80' lang='lat' dir='ltr'>Futcuini</span> <span class='ocrx_word' id='word_1_710' title='bbox 2758 4720 2844 4759; x_wconf 83' lang='lat' dir='ltr'>me</span> <span class='ocrx_word' id='word_1_711' title='bbox 2899 4703 3141 4760; x_wconf 77' lang='lat' dir='ltr'>condidit</span> <span class='ocrx_word' id='word_1_712' title='bbox 3196 4706 3429 4777; x_wconf 75' lang='lat' dir='ltr'>artiﬁcis</span> <span class='ocrx_word' id='word_1_713' title='bbox 3458 4723 3655 4764; x_wconf 76' lang='lat' dir='ltr'>manus</span> 
     </span>
    </p>
   </div>
   <div class='ocr_carea' id='block_1_99' title="bbox 1611 4848 2288 4909">
    <p class='ocr_par' dir='ltr' id='par_1_99' title="bbox 1611 4848 2288 4909">
     <span class='ocr_line' id='line_1_99' title="bbox 1611 4848 2288 4909; baseline 0 -7"><span class='ocrx_word' id='word_1_714' title='bbox 1611 4849 1851 4907; x_wconf 69' lang='lat' dir='ltr'>VARUS</span> <span class='ocrx_word' id='word_1_715' title='bbox 1891 4848 2288 4909; x_wconf 83' lang='lat' dir='ltr'>LECTIONES</span> 
     </span>
    </p>
   </div>
   <div class='ocr_carea' id='block_1_100' title="bbox 310 4988 3650 5051">
    <p class='ocr_par' dir='ltr' id='par_1_100' title="bbox 310 4988 3650 5051">
     <span class='ocr_line' id='line_1_100' title="bbox 310 4988 3650 5051; baseline 0.001 -7"><span class='ocrx_word' id='word_1_716' title='bbox 310 4990 387 5025; x_wconf 77' lang='grc'>³³³</span> <span class='ocrx_word' id='word_1_717' title='bbox 416 4991 839 5047; x_wconf 88' lang='lat' dir='ltr'>monasterium</span> <span class='ocrx_word' id='word_1_718' title='bbox 867 4994 922 5046; x_wconf 89' lang='lat'>2.</span> <span class='ocrx_word' id='word_1_719' title='bbox 999 4992 1069 5027; x_wconf 73' lang='lat'><strong>3“</strong></span> <span class='ocrx_word' id='word_1_720' title='bbox 1097 4990 1242 5047; x_wconf 80' lang='lat' dir='ltr'>deest</span> <span class='ocrx_word' id='word_1_721' title='bbox 1291 4993 1341 5047; x_wconf 91' lang='lat'>1.</span> <span class='ocrx_word' id='word_1_722' title='bbox 1419 4992 1486 5027; x_wconf 71' lang='grc'>³³⁵</span> <span class='ocrx_word' id='word_1_723' title='bbox 1519 4991 1640 5048; x_wconf 85' lang='lat' dir='ltr'>haec</span> <span class='ocrx_word' id='word_1_724' title='bbox 1669 4996 1723 5048; x_wconf 90' lang='lat'>2.</span> <span class='ocrx_word' id='word_1_725' title='bbox 1799 4994 1867 5031; x_wconf 68' lang='lat'>39°</span> <span class='ocrx_word' id='word_1_726' title='bbox 1899 5012 2095 5051; x_wconf 90' lang='lat' dir='ltr'>moror</span> <span class='ocrx_word' id='word_1_727' title='bbox 2121 4996 2174 5048; x_wconf 87' lang='grc'>2.</span> <span class='ocrx_word' id='word_1_728' title='bbox 2252 4992 2318 5025; x_wconf 69' lang='lat'>39&quot;</span> <span class='ocrx_word' id='word_1_729' title='bbox 2346 4989 2418 5045; x_wconf 93' lang='lat' dir='ltr'>ob</span> <span class='ocrx_word' id='word_1_730' title='bbox 2464 4988 2520 5045; x_wconf 93' lang='lat' dir='ltr'>id</span> <span class='ocrx_word' id='word_1_731' title='bbox 2570 4988 2763 5045; x_wconf 68' lang='lat' dir='ltr'>desunt</span> <span class='ocrx_word' id='word_1_732' title='bbox 2790 4993 2843 5043; x_wconf 87' lang='lat'>2.</span> <span class='ocrx_word' id='word_1_733' title='bbox 2922 4990 2988 5024; x_wconf 68' lang='lat'>3”</span> <span class='ocrx_word' id='word_1_734' title='bbox 3019 4990 3077 5045; x_wconf 93' lang='lat' dir='ltr'>d.</span> <span class='ocrx_word' id='word_1_735' title='bbox 3112 4991 3165 5047; x_wconf 91' lang='lat' dir='ltr'>d.</span> <span class='ocrx_word' id='word_1_736' title='bbox 3203 5008 3252 5047; x_wconf 90' lang='lat' dir='ltr'>e.</span> <span class='ocrx_word' id='word_1_737' title='bbox 3290 5007 3339 5048; x_wconf 92' lang='lat' dir='ltr'>e.</span> <span class='ocrx_word' id='word_1_738' title='bbox 3376 4991 3570 5048; x_wconf 77' lang='lat' dir='ltr'>desunt</span> <span class='ocrx_word' id='word_1_739' title='bbox 3601 4994 3650 5048; x_wconf 89' lang='lat'>1.</span> 
     </span>
    </p>
   </div>
   <div class='ocr_carea' id='block_1_101' title="bbox 235 5061 3651 5136">
    <p class='ocr_par' dir='ltr' id='par_1_101' title="bbox 235 5061 3651 5136">
     <span class='ocr_line' id='line_1_101' title="bbox 235 5061 3651 5136; baseline 0.001 -19"><span class='ocrx_word' id='word_1_740' title='bbox 235 5062 310 5136; x_wconf 56' lang='grc' dir='ltr'>ξπ</span> <span class='ocrx_word' id='word_1_741' title='bbox 338 5061 620 5136; x_wconf 73' lang='lat' dir='ltr'>locum_2.</span> <span class='ocrx_word' id='word_1_742' title='bbox 698 5062 765 5136; x_wconf 52' lang='lat' dir='ltr'>“f0</span> <span class='ocrx_word' id='word_1_743' title='bbox 795 5062 1269 5136; x_wconf 77' lang='lat' dir='ltr'>reconciliavitl.</span> <span class='ocrx_word' id='word_1_744' title='bbox 1305 5135 1311 5136; x_wconf 14' lang='grc' dir='ltr'>ί</span> <span class='ocrx_word' id='word_1_745' title='bbox 1348 5063 1659 5136; x_wconf 63' lang='grc' dir='ltr'>ιοιτβιίᾳιια</span> <span class='ocrx_word' id='word_1_746' title='bbox 1690 5067 1883 5136; x_wconf 77' lang='lat' dir='ltr'>capitis</span> <span class='ocrx_word' id='word_1_747' title='bbox 1923 5066 2120 5122; x_wconf 78' lang='lat' dir='ltr'>desunt</span> <span class='ocrx_word' id='word_1_748' title='bbox 2148 5066 2197 5136; x_wconf 86' lang='lat'>1.</span> <span class='ocrx_word' id='word_1_749' title='bbox 2275 5061 2598 5136; x_wconf 62' lang='lat' dir='ltr'>‘0’_n_edone</span> <span class='ocrx_word' id='word_1_750' title='bbox 2630 5062 2679 5115; x_wconf 91' lang='lat'>1.</span> <span class='ocrx_word' id='word_1_751' title='bbox 2714 5061 2824 5136; x_wconf 68' lang='lat'>__‘°3</span> <span class='ocrx_word' id='word_1_752' title='bbox 2856 5061 3167 5136; x_wconf 74' lang='lat' dir='ltr'>dicendum</span> <span class='ocrx_word' id='word_1_753' title='bbox 3196 5065 3261 5136; x_wconf 81' lang='lat'>2.</span> <span class='ocrx_word' id='word_1_754' title='bbox 3305 5064 3397 5136; x_wconf 14' lang='grc' dir='ltr'>ί⁴⁰⁴</span> <span class='ocrx_word' id='word_1_755' title='bbox 3428 5064 3651 5136; x_wconf 90' lang='lat' dir='ltr'>nescie-</span> 
     </span>
    </p>
   </div>
   <div class='ocr_carea' id='block_1_102' title="bbox 236 5131 3649 5208">
    <p class='ocr_par' dir='ltr' id='par_1_102' title="bbox 236 5131 3649 5208">
     <span class='ocr_line' id='line_1_102' title="bbox 236 5131 3649 5208; baseline 0.001 -20"><span class='ocrx_word' id='word_1_756' title='bbox 236 5134 433 5208; x_wconf 55' lang='lat' dir='ltr'>bat}.</span> <span class='ocrx_word' id='word_1_757' title='bbox 473 5133 579 5208; x_wconf 54' lang='lat'>_‘°§</span> <span class='ocrx_word' id='word_1_758' title='bbox 608 5133 963 5208; x_wconf 13' lang='lat' dir='ltr'>scedulisg2.</span> <span class='ocrx_word' id='word_1_759' title='bbox 998 5133 1241 5208; x_wconf 14' lang='lat' dir='ltr'>scidu‘lis</span> <span class='ocrx_word' id='word_1_760' title='bbox 1293 5135 1394 5208; x_wconf 87' lang='lat'>1.__</span> <span class='ocrx_word' id='word_1_761' title='bbox 1420 5134 1487 5167; x_wconf 79' lang='grc'>⁴⁰⁶</span> <span class='ocrx_word' id='word_1_762' title='bbox 1517 5131 1873 5191; x_wconf 77' lang='lat' dir='ltr'>vestiebatur</span> <span class='ocrx_word' id='word_1_763' title='bbox 1918 5140 1972 5191; x_wconf 89' lang='lat'>2.</span> <span class='ocrx_word' id='word_1_764' title='bbox 2050 5136 2120 5208; x_wconf 12' lang='grc'>⁸0⁷7</span> <span class='ocrx_word' id='word_1_765' title='bbox 2146 5131 2549 5208; x_wconf 79' lang='lat' dir='ltr'>deserviebant</span> <span class='ocrx_word' id='word_1_766' title='bbox 2577 5135 2629 5185; x_wconf 88' lang='lat'>2.</span> <span class='ocrx_word' id='word_1_767' title='bbox 2679 5132 2773 5208; x_wconf 22' lang='lat'>4‘93</span> <span class='ocrx_word' id='word_1_768' title='bbox 2806 5132 3084 5208; x_wconf 74' lang='lat' dir='ltr'>assilibus</span> <span class='ocrx_word' id='word_1_769' title='bbox 3120 5135 3165 5188; x_wconf 94' lang='lat'>1.</span> <span class='ocrx_word' id='word_1_770' title='bbox 3248 5135 3317 5208; x_wconf 53' lang='grc' dir='ltr'>ξφ</span> <span class='ocrx_word' id='word_1_771' title='bbox 3346 5135 3565 5208; x_wconf 83' lang='lat' dir='ltr'>optime</span> <span class='ocrx_word' id='word_1_772' title='bbox 3595 5140 3649 5190; x_wconf 88' lang='lat'>2.</span> 
     </span>
    </p>
   </div>
   <div class='ocr_carea' id='block_1_103' title="bbox 235 5202 3650 5310">
    <p class='ocr_par' dir='ltr' id='par_1_103' title="bbox 235 5202 3650 5310">
     <span class='ocr_line' id='line_1_103' title="bbox 235 5202 3650 5310; baseline 0.001 -51"><span class='ocrx_word' id='word_1_773' title='bbox 235 5205 311 5239; x_wconf 79' lang='lat'>&quot;°</span> <span class='ocrx_word' id='word_1_774' title='bbox 343 5203 517 5259; x_wconf 78' lang='lat' dir='ltr'>ﬁnxit</span> <span class='ocrx_word' id='word_1_775' title='bbox 543 5206 598 5259; x_wconf 91' lang='lat'>2.</span> <span class='ocrx_word' id='word_1_776' title='bbox 675 5206 739 5239; x_wconf 74' lang='grc' dir='ltr'>⁸η</span> <span class='ocrx_word' id='word_1_777' title='bbox 772 5204 1001 5277; x_wconf 90' lang='lat' dir='ltr'>sculpta</span> <span class='ocrx_word' id='word_1_778' title='bbox 1023 5208 1075 5261; x_wconf 87' lang='lat'>2.</span> <span class='ocrx_word' id='word_1_779' title='bbox 1157 5205 1225 5240; x_wconf 79' lang='grc'>⁴¹²</span> <span class='ocrx_word' id='word_1_780' title='bbox 1255 5204 1516 5310; x_wconf 68' lang='lat' dir='ltr'>undique</span> <span class='ocrx_word' id='word_1_781' title='bbox 1564 5222 1625 5261; x_wconf 92' lang='lat' dir='ltr'>se</span> <span class='ocrx_word' id='word_1_782' title='bbox 1674 5223 1844 5263; x_wconf 89' lang='lat' dir='ltr'>secus</span> <span class='ocrx_word' id='word_1_783' title='bbox 1878 5208 1949 5263; x_wconf 79' lang='lat'>1?</span> <span class='ocrx_word' id='word_1_784' title='bbox 1976 5210 2029 5265; x_wconf 88' lang='lat'>2.</span> <span class='ocrx_word' id='word_1_785' title='bbox 2107 5207 2174 5240; x_wconf 71' lang='lat'><strong>“3</strong></span> <span class='ocrx_word' id='word_1_786' title='bbox 2204 5206 2643 5274; x_wconf 82' lang='lat' dir='ltr'>dcargentatam</span> <span class='ocrx_word' id='word_1_787' title='bbox 2671 5205 2727 5256; x_wconf 91' lang='lat'>2.</span> <span class='ocrx_word' id='word_1_788' title='bbox 2805 5202 2873 5236; x_wconf 73' lang='grc'>⁴¹⁸</span> <span class='ocrx_word' id='word_1_789' title='bbox 2901 5202 3066 5259; x_wconf 90' lang='lat' dir='ltr'>libito</span> <span class='ocrx_word' id='word_1_790' title='bbox 3108 5208 3163 5259; x_wconf 91' lang='lat'>2.</span> <span class='ocrx_word' id='word_1_791' title='bbox 3240 5207 3308 5241; x_wconf 63' lang='grc' dir='ltr'>ιη</span> <span class='ocrx_word' id='word_1_792' title='bbox 3339 5202 3401 5261; x_wconf 76' lang='lat' dir='ltr'>et</span> <span class='ocrx_word' id='word_1_793' title='bbox 3436 5207 3650 5262; x_wconf 89' lang='lat' dir='ltr'>iterum</span> 
     </span>
     <span class='ocr_line' id='line_1_104' title="bbox 235 5272 2916 5310; baseline 0 0"><span class='ocrx_word' id='word_1_794' title='bbox 235 5276 490 5310; x_wconf 64' lang='lat' dir='ltr'>mannon</span> <span class='ocrx_word' id='word_1_795' title='bbox 519 5275 626 5310; x_wconf 73' lang='lat' dir='ltr'>mm</span> <span class='ocrx_word' id='word_1_796' title='bbox 681 5277 819 5310; x_wconf 68' lang='grc' dir='ltr'>ηηηι.</span> <span class='ocrx_word' id='word_1_797' title='bbox 920 5278 988 5310; x_wconf 73' lang='lat' dir='ltr'>uo</span> <span class='ocrx_word' id='word_1_798' title='bbox 1013 5276 1213 5310; x_wconf 68' lang='grc' dir='ltr'>ςηυςαςα</span> <span class='ocrx_word' id='word_1_799' title='bbox 1248 5277 1267 5310; x_wconf 82' lang='grc'><strong>4</strong></span> <span class='ocrx_word' id='word_1_800' title='bbox 1376 5277 1417 5310; x_wconf 71' lang='grc' dir='ltr'>ιι</span> <span class='ocrx_word' id='word_1_801' title='bbox 1473 5275 1614 5310; x_wconf 54' lang='lat' dir='ltr'>dam:</span> <span class='ocrx_word' id='word_1_802' title='bbox 1645 5278 1665 5310; x_wconf 79' lang='grc'><strong>4</strong></span> <span class='ocrx_word' id='word_1_803' title='bbox 1726 5282 1761 5310; x_wconf 73' lang='grc' dir='ltr'>ι)</span> <span class='ocrx_word' id='word_1_804' title='bbox 1859 5278 1925 5310; x_wconf 76' lang='lat' dir='ltr'>us</span> <span class='ocrx_word' id='word_1_805' title='bbox 1953 5277 2061 5310; x_wconf 65' lang='lat' dir='ltr'><strong>&#39;nnn</strong></span> <span class='ocrx_word' id='word_1_806' title='bbox 2097 5280 2324 5310; x_wconf 56' lang='lat' dir='ltr'>tantum</span> <span class='ocrx_word' id='word_1_807' title='bbox 2357 5278 2391 5310; x_wconf 80' lang='grc' dir='ltr'>ι)</span> <span class='ocrx_word' id='word_1_808' title='bbox 2490 5275 2558 5310; x_wconf 63' lang='lat' dir='ltr'>uti</span> <span class='ocrx_word' id='word_1_809' title='bbox 2587 5272 2916 5310; x_wconf 64' lang='grc' dir='ltr'>ιιριιίρηυίμ)</span> 
     </span>
    </p>
   </div>
   <div class='ocr_carea' id='block_1_104' title="bbox 234 5275 1398 5332">
    <p class='ocr_par' dir='ltr' id='par_1_104' title="bbox 234 5275 1398 5332">
     <span class='ocr_line' id='line_1_105' title="bbox 234 5275 1398 5332; baseline -0.001 0"><span class='ocrx_word' id='word_1_810' title='bbox 234 5276 491 5332; x_wconf 86' lang='lat' dir='ltr'>reducto</span> <span class='ocrx_word' id='word_1_811' title='bbox 517 5275 643 5331; x_wconf 85' lang='lat' dir='ltr'>add.</span> <span class='ocrx_word' id='word_1_812' title='bbox 676 5277 843 5332; x_wconf 79' lang='lat' dir='ltr'>Dach.</span> <span class='ocrx_word' id='word_1_813' title='bbox 904 5275 988 5312; x_wconf 56' lang='lat'>“‘5</span> <span class='ocrx_word' id='word_1_814' title='bbox 1011 5276 1215 5332; x_wconf 90' lang='lat' dir='ltr'>invisis</span> <span class='ocrx_word' id='word_1_815' title='bbox 1248 5277 1299 5331; x_wconf 95' lang='lat'>1.</span> <span class='ocrx_word' id='word_1_816' title='bbox 1376 5277 1398 5310; x_wconf 81' lang='lat'><strong>‘</strong></span> 
     </span>
    </p>
   </div>
   <div class='ocr_carea' id='block_1_105' title="bbox 1471 5272 2916 5333">
    <p class='ocr_par' dir='ltr' id='par_1_105' title="bbox 1471 5272 2916 5333">
     <span class='ocr_line' id='line_1_106' title="bbox 1471 5272 2916 5333; baseline -0.003 0"><span class='ocrx_word' id='word_1_817' title='bbox 1471 5275 1614 5332; x_wconf 73' lang='lat' dir='ltr'>deest</span> <span class='ocrx_word' id='word_1_818' title='bbox 1645 5278 1696 5332; x_wconf 92' lang='lat'>1.</span> <span class='ocrx_word' id='word_1_819' title='bbox 1726 5282 1781 5333; x_wconf 89' lang='lat'>2.</span> <span class='ocrx_word' id='word_1_820' title='bbox 1859 5278 1925 5312; x_wconf 77' lang='grc'>⁴¹⁸</span> <span class='ocrx_word' id='word_1_821' title='bbox 1953 5277 2063 5333; x_wconf 92' lang='lat' dir='ltr'>hoc</span> <span class='ocrx_word' id='word_1_822' title='bbox 2097 5280 2327 5331; x_wconf 89' lang='lat' dir='ltr'>tantum</span> <span class='ocrx_word' id='word_1_823' title='bbox 2351 5272 2410 5330; x_wconf 83' lang='lat'>2.</span> <span class='ocrx_word' id='word_1_824' title='bbox 2490 5275 2558 5311; x_wconf 64' lang='lat'>“9</span> <span class='ocrx_word' id='word_1_825' title='bbox 2587 5272 2916 5329; x_wconf 83' lang='lat' dir='ltr'>dedicavit?</span> 
     </span>
    </p>
   </div>
   <div class='ocr_carea' id='block_1_106' title="bbox 1835 5420 2068 5476">
    <p class='ocr_par' dir='ltr' id='par_1_106' title="bbox 1835 5420 2068 5476">
     <span class='ocr_line' id='line_1_107' title="bbox 1835 5420 2068 5476; baseline -0.009 -1"><span class='ocrx_word' id='word_1_826' title='bbox 1835 5420 2068 5476; x_wconf 69' lang='lat' dir='ltr'>NOT/E.</span> 
     </span>
    </p>
   </div>
   <div class='ocr_carea' id='block_1_107' title="bbox 307 5542 1544 5611">
    <p class='ocr_par' dir='ltr' id='par_1_107' title="bbox 307 5542 1544 5611">
     <span class='ocr_line' id='line_1_108' title="bbox 307 5542 1544 5611; baseline 0 -13"><span class='ocrx_word' id='word_1_827' title='bbox 307 5544 468 5611; x_wconf 88' lang='lat'>(125)</span> <span class='ocrx_word' id='word_1_828' title='bbox 499 5542 585 5598; x_wconf 83' lang='lat' dir='ltr'>Ct.</span> <span class='ocrx_word' id='word_1_829' title='bbox 619 5543 895 5599; x_wconf 85' lang='lat' dir='ltr'>Einhardi</span> <span class='ocrx_word' id='word_1_830' title='bbox 930 5542 1121 5600; x_wconf 90' lang='lat' dir='ltr'>Vitam</span> <span class='ocrx_word' id='word_1_831' title='bbox 1154 5543 1346 5601; x_wconf 87' lang='lat' dir='ltr'>Karoli</span> <span class='ocrx_word' id='word_1_832' title='bbox 1375 5560 1423 5600; x_wconf 93' lang='lat' dir='ltr'>c.</span> <span class='ocrx_word' id='word_1_833' title='bbox 1460 5546 1544 5599; x_wconf 90' lang='lat'>18.</span> 
     </span>
    </p>
   </div>
   <div class='ocr_carea' id='block_1_108' title="bbox 310 5614 930 5684">
    <p class='ocr_par' dir='ltr' id='par_1_108' title="bbox 310 5614 930 5684">
     <span class='ocr_line' id='line_1_109' title="bbox 310 5614 930 5684; baseline 0.002 -15"><span class='ocrx_word' id='word_1_834' title='bbox 310 5614 466 5684; x_wconf 81' lang='lat'>(126)</span> <span class='ocrx_word' id='word_1_835' title='bbox 495 5614 649 5671; x_wconf 88' lang='lat' dir='ltr'>Fbiit</span> <span class='ocrx_word' id='word_1_836' title='bbox 680 5634 732 5671; x_wconf 87' lang='lat' dir='ltr'>a.</span> <span class='ocrx_word' id='word_1_837' title='bbox 773 5616 930 5671; x_wconf 88' lang='lat'>1008.</span> 
     </span>
    </p>
   </div>
   <div class='ocr_carea' id='block_1_109' title="bbox 2074 5540 3646 5671">
    <p class='ocr_par' dir='ltr' id='par_1_109' title="bbox 2074 5540 3646 5671">
     <span class='ocr_line' id='line_1_110' title="bbox 2074 5540 3646 5671; baseline 0.004 -76"><span class='ocrx_word' id='word_1_838' title='bbox 2074 5540 2453 5671; x_wconf 38' lang='lat' dir='ltr'>utipsasquila</span> <span class='ocrx_word' id='word_1_839' title='bbox 2481 5558 2625 5597; x_wconf 70' lang='lat' dir='ltr'>aerea</span> <span class='ocrx_word' id='word_1_840' title='bbox 2655 5542 2942 5613; x_wconf 88' lang='lat' dir='ltr'>ejusmodi</span> <span class='ocrx_word' id='word_1_841' title='bbox 2990 5542 3048 5599; x_wconf 91' lang='lat' dir='ltr'>in</span> <span class='ocrx_word' id='word_1_842' title='bbox 3100 5542 3342 5600; x_wconf 90' lang='lat' dir='ltr'>basilica</span> <span class='ocrx_word' id='word_1_843' title='bbox 3386 5545 3646 5617; x_wconf 88' lang='lat' dir='ltr'>Aquensi</span> 
     </span>
     <span class='ocr_line' id='line_1_111' title="bbox 2074 5632 3501 5671; baseline -0.013 -1"><span class='ocrx_word' id='word_1_844' title='bbox 2074 5632 2100 5671; x_wconf 89' lang='lat' dir='ltr'>s</span> <span class='ocrx_word' id='word_1_845' title='bbox 2196 5655 2208 5668; x_wconf 95' lang='lat'>.</span> <span class='ocrx_word' id='word_1_846' title='bbox 2318 5653 2330 5667; x_wconf 94' lang='lat'>.</span> <span class='ocrx_word' id='word_1_847' title='bbox 3492 5642 3501 5652; x_wconf 89' lang='lat'>.</span> 
     </span>
    </p>
   </div>
   <div class='ocr_carea' id='block_1_110' title="bbox 2001 5632 3501 5671">
    <p class='ocr_par' dir='ltr' id='par_1_110' title="bbox 2001 5632 3501 5671">
     <span class='ocr_line' id='line_1_112' title="bbox 2001 5632 3501 5671; baseline -0.013 1"><span class='ocrx_word' id='word_1_848' title='bbox 2001 5632 2208 5671; x_wconf 74' lang='lat' dir='ltr'>exsmt.</span> <span class='ocrx_word' id='word_1_849' title='bbox 2241 5632 2330 5669; x_wconf 75' lang='lat' dir='ltr'>DD.</span> <span class='ocrx_word' id='word_1_850' title='bbox 3492 5642 3501 5652; x_wconf 87' lang='lat'>.</span> 
     </span>
    </p>
   </div>
  </div>
