  <div class='ocr_page' id='page_1' title='image "/cluster/home/n/w/nwhite01/storage/ocr_20150623/137/hvd.32044054759972/301.png"; bbox 0 0 4104 6172; ppageno 0'>
   <div class='ocr_carea' id='block_1_1' title="bbox 1280 262 2903 338">
    <p class='ocr_par' dir='ltr' id='par_1_1' title="bbox 1280 262 2903 338">
     <span class='ocr_line' id='line_1_1' title="bbox 1280 262 2903 338; baseline 0 -1"><span class='ocrx_word' id='word_1_1' title='bbox 1280 262 1802 337; x_wconf 53' lang='grc' dir='ltr'>ΕΒΚΕΜΒΑΙΑΒῙ</span> <span class='ocrx_word' id='word_1_2' title='bbox 1846 268 2202 334; x_wconf 68' lang='lat' dir='ltr'>EPISCOPI</span> <span class='ocrx_word' id='word_1_3' title='bbox 2246 268 2903 338; x_wconf 75' lang='lat' dir='ltr'>ARGENTINENSIS.</span> 
     </span>
    </p>
   </div>
   <div class='ocr_carea' id='block_1_2' title="bbox 1405 500 2907 660">
    <p class='ocr_par' dir='ltr' id='par_1_2' title="bbox 1405 500 2907 660">
     <span class='ocr_line' id='line_1_2' title="bbox 1405 500 2907 660; baseline -0.001 -21"><span class='ocrx_word' id='word_1_4' title='bbox 1405 549 2023 639; x_wconf 83' lang='lat' dir='ltr'>SUSPIBIUM</span> <span class='ocrx_word' id='word_1_5' title='bbox 2066 522 2794 660; x_wconf 13' lang='lat' dir='ltr'>‘ERKEMBALDI</span> <span class='ocrx_word' id='word_1_6' title='bbox 2888 500 2907 507; x_wconf 64' lang='grc'><em>’</em></span> 
     </span>
    </p>
   </div>
   <div class='ocr_carea' id='block_1_3' title="bbox 673 671 3523 759">
    <p class='ocr_par' dir='ltr' id='par_1_3' title="bbox 673 671 3523 759">
     <span class='ocr_line' id='line_1_3' title="bbox 673 671 3523 759; baseline -0.001 -17"><span class='ocrx_word' id='word_1_7' title='bbox 673 680 798 743; x_wconf 85' lang='lat' dir='ltr'>Seu</span> <span class='ocrx_word' id='word_1_8' title='bbox 822 677 1201 759; x_wconf 77' lang='lat' dir='ltr'>soliloquium</span> <span class='ocrx_word' id='word_1_9' title='bbox 1227 685 1282 737; x_wconf 86' lang='lat' dir='ltr'>et</span> <span class='ocrx_word' id='word_1_10' title='bbox 1310 676 1501 738; x_wconf 81' lang='lat' dir='ltr'>oratio</span> <span class='ocrx_word' id='word_1_11' title='bbox 1529 673 1614 737; x_wconf 83' lang='lat' dir='ltr'>ad</span> <span class='ocrx_word' id='word_1_12' title='bbox 1640 674 1829 736; x_wconf 82' lang='lat' dir='ltr'>Deum</span> <span class='ocrx_word' id='word_1_13' title='bbox 1859 692 1980 756; x_wconf 83' lang='lat' dir='ltr'>qua</span> <span class='ocrx_word' id='word_1_14' title='bbox 2009 671 2283 735; x_wconf 78' lang='lat' dir='ltr'>utebatur</span> <span class='ocrx_word' id='word_1_15' title='bbox 2313 675 2537 756; x_wconf 78' lang='lat' dir='ltr'>quoties</span> <span class='ocrx_word' id='word_1_16' title='bbox 2565 683 2868 737; x_wconf 74' lang='lat' dir='ltr'>cantantes</span> <span class='ocrx_word' id='word_1_17' title='bbox 2897 676 2960 737; x_wconf 78' lang='lat' dir='ltr'>in</span> <span class='ocrx_word' id='word_1_18' title='bbox 2986 675 3240 739; x_wconf 75' lang='lat' dir='ltr'>ecclesiis</span> <span class='ocrx_word' id='word_1_19' title='bbox 3266 677 3523 741; x_wconf 82' lang='lat' dir='ltr'>audivit.</span> 
     </span>
    </p>
   </div>
   <div class='ocr_carea' id='block_1_4' title="bbox 460 870 3814 949">
    <p class='ocr_par' dir='ltr' id='par_1_4' title="bbox 460 870 3814 949">
     <span class='ocr_line' id='line_1_4' title="bbox 460 870 3814 949; baseline -0.001 -14"><span class='ocrx_word' id='word_1_20' title='bbox 460 876 729 945; x_wconf 87' lang='lat' dir='ltr'>Domine,</span> <span class='ocrx_word' id='word_1_21' title='bbox 752 875 853 949; x_wconf 85' lang='lat' dir='ltr'>qui</span> <span class='ocrx_word' id='word_1_22' title='bbox 885 889 949 932; x_wconf 89' lang='lat' dir='ltr'>es</span> <span class='ocrx_word' id='word_1_23' title='bbox 978 872 1245 930; x_wconf 87' lang='lat' dir='ltr'>omnium</span> <span class='ocrx_word' id='word_1_24' title='bbox 1267 872 1368 946; x_wconf 90' lang='lat' dir='ltr'>qui</span> <span class='ocrx_word' id='word_1_25' title='bbox 1396 871 1482 928; x_wconf 88' lang='lat' dir='ltr'>tui</span> <span class='ocrx_word' id='word_1_26' title='bbox 1503 888 1632 929; x_wconf 90' lang='lat' dir='ltr'>esse</span> <span class='ocrx_word' id='word_1_27' title='bbox 1652 872 2041 939; x_wconf 89' lang='lat' dir='ltr'>contendunt,</span> <span class='ocrx_word' id='word_1_28' title='bbox 2067 873 2122 941; x_wconf 82' lang='grc' dir='ltr'>Α</span> <span class='ocrx_word' id='word_1_29' title='bbox 2150 870 2300 938; x_wconf 89' lang='lat' dir='ltr'>Quid</span> <span class='ocrx_word' id='word_1_30' title='bbox 2321 870 2476 928; x_wconf 81' lang='lat' dir='ltr'>scis?</span> <span class='ocrx_word' id='word_1_31' title='bbox 2495 872 2740 939; x_wconf 80' lang='lat' dir='ltr'>Quando</span> <span class='ocrx_word' id='word_1_32' title='bbox 2757 888 2845 929; x_wconf 81' lang='lat' dir='ltr'>me</span> <span class='ocrx_word' id='word_1_33' title='bbox 2862 878 3138 947; x_wconf 80' lang='lat' dir='ltr'>agnosco,</span> <span class='ocrx_word' id='word_1_34' title='bbox 3159 872 3505 948; x_wconf 76' lang='lat' dir='ltr'>ingemisco,</span> <span class='ocrx_word' id='word_1_35' title='bbox 3530 877 3639 931; x_wconf 89' lang='lat' dir='ltr'>aut</span> <span class='ocrx_word' id='word_1_36' title='bbox 3658 873 3774 933; x_wconf 79' lang='lat' dir='ltr'>ﬂeo</span> <span class='ocrx_word' id='word_1_37' title='bbox 3798 893 3814 932; x_wconf 88' lang='lat'><strong>:</strong></span> 
     </span>
    </p>
   </div>
   <div class='ocr_carea' id='block_1_5' title="bbox 392 962 2043 1043">
    <p class='ocr_par' dir='ltr' id='par_1_5' title="bbox 392 962 2043 1043">
     <span class='ocr_line' id='line_1_5' title="bbox 392 962 2043 1043; baseline -0.004 -18"><span class='ocrx_word' id='word_1_38' title='bbox 392 984 568 1043; x_wconf 88' lang='lat' dir='ltr'>quem</span> <span class='ocrx_word' id='word_1_39' title='bbox 590 965 786 1024; x_wconf 88' lang='lat' dir='ltr'>omnis</span> <span class='ocrx_word' id='word_1_40' title='bbox 813 968 991 1032; x_wconf 87' lang='lat' dir='ltr'>amat,</span> <span class='ocrx_word' id='word_1_41' title='bbox 1016 964 1116 1037; x_wconf 88' lang='lat' dir='ltr'>qui</span> <span class='ocrx_word' id='word_1_42' title='bbox 1139 962 1278 1031; x_wconf 87' lang='lat' dir='ltr'>scit;</span> <span class='ocrx_word' id='word_1_43' title='bbox 1307 966 1365 1019; x_wconf 90' lang='lat' dir='ltr'>et</span> <span class='ocrx_word' id='word_1_44' title='bbox 1385 979 1500 1018; x_wconf 91' lang='lat' dir='ltr'>non</span> <span class='ocrx_word' id='word_1_45' title='bbox 1522 966 1682 1018; x_wconf 88' lang='lat' dir='ltr'>amat</span> <span class='ocrx_word' id='word_1_46' title='bbox 1703 962 1803 1035; x_wconf 87' lang='lat' dir='ltr'>qui</span> <span class='ocrx_word' id='word_1_47' title='bbox 1830 962 2043 1031; x_wconf 84' lang='lat' dir='ltr'>nescit;</span> 
     </span>
    </p>
   </div>
   <div class='ocr_carea' id='block_1_6' title="bbox 392 1051 2041 1128">
    <p class='ocr_par' dir='ltr' id='par_1_6' title="bbox 392 1051 2041 1128">
     <span class='ocr_line' id='line_1_6' title="bbox 392 1051 2041 1128; baseline -0.005 -13"><span class='ocrx_word' id='word_1_48' title='bbox 392 1062 449 1114; x_wconf 86' lang='lat' dir='ltr'>et</span> <span class='ocrx_word' id='word_1_49' title='bbox 477 1056 682 1123; x_wconf 84' lang='lat' dir='ltr'>nescit,</span> <span class='ocrx_word' id='word_1_50' title='bbox 708 1055 808 1128; x_wconf 88' lang='lat' dir='ltr'>qui</span> <span class='ocrx_word' id='word_1_51' title='bbox 839 1071 954 1110; x_wconf 89' lang='lat' dir='ltr'>non</span> <span class='ocrx_word' id='word_1_52' title='bbox 993 1057 1173 1109; x_wconf 88' lang='lat' dir='ltr'>amat.</span> <span class='ocrx_word' id='word_1_53' title='bbox 1207 1052 1291 1108; x_wconf 89' lang='lat' dir='ltr'>Da</span> <span class='ocrx_word' id='word_1_54' title='bbox 1322 1051 1488 1121; x_wconf 90' lang='lat' dir='ltr'>mihi,</span> <span class='ocrx_word' id='word_1_55' title='bbox 1522 1055 1587 1107; x_wconf 87' lang='lat' dir='ltr'>ut</span> <span class='ocrx_word' id='word_1_56' title='bbox 1626 1052 1881 1109; x_wconf 87' lang='lat' dir='ltr'>nesciam</span> <span class='ocrx_word' id='word_1_57' title='bbox 1914 1068 2041 1121; x_wconf 91' lang='lat' dir='ltr'>me;</span> 
     </span>
    </p>
   </div>
   <div class='ocr_carea' id='block_1_7' title="bbox 393 1139 2045 1209">
    <p class='ocr_par' dir='ltr' id='par_1_7' title="bbox 393 1139 2045 1209">
     <span class='ocr_line' id='line_1_7' title="bbox 393 1139 2045 1209; baseline -0.004 -8"><span class='ocrx_word' id='word_1_58' title='bbox 393 1152 450 1201; x_wconf 88' lang='lat' dir='ltr'>te</span> <span class='ocrx_word' id='word_1_59' title='bbox 488 1148 686 1202; x_wconf 86' lang='lat' dir='ltr'>autem</span> <span class='ocrx_word' id='word_1_60' title='bbox 736 1143 920 1199; x_wconf 82' lang='lat' dir='ltr'>sciam</span> <span class='ocrx_word' id='word_1_61' title='bbox 964 1147 1021 1198; x_wconf 87' lang='lat' dir='ltr'>et</span> <span class='ocrx_word' id='word_1_62' title='bbox 1070 1158 1261 1197; x_wconf 90' lang='lat' dir='ltr'>amen.</span> <span class='ocrx_word' id='word_1_63' title='bbox 1294 1139 1501 1207; x_wconf 84' lang='lat' dir='ltr'>Velim,</span> <span class='ocrx_word' id='word_1_64' title='bbox 1554 1139 1817 1208; x_wconf 86' lang='lat' dir='ltr'>Domino,</span> <span class='ocrx_word' id='word_1_65' title='bbox 1874 1140 2045 1209; x_wconf 86' lang='lat' dir='ltr'>scire,</span> 
     </span>
    </p>
   </div>
   <div class='ocr_carea' id='block_1_8' title="bbox 394 1230 2043 1307">
    <p class='ocr_par' dir='ltr' id='par_1_8' title="bbox 394 1230 2043 1307">
     <span class='ocr_line' id='line_1_8' title="bbox 394 1230 2043 1307; baseline -0.004 -17"><span class='ocrx_word' id='word_1_66' title='bbox 394 1234 534 1307; x_wconf 90' lang='lat' dir='ltr'>quid</span> <span class='ocrx_word' id='word_1_67' title='bbox 565 1234 664 1298; x_wconf 86' lang='lat' dir='ltr'>sit,</span> <span class='ocrx_word' id='word_1_68' title='bbox 697 1233 970 1289; x_wconf 52' lang='lat' dir='ltr'>Latentur</span> <span class='ocrx_word' id='word_1_69' title='bbox 996 1231 1135 1296; x_wconf 74' lang='lat' dir='ltr'>cwli,</span> <span class='ocrx_word' id='word_1_70' title='bbox 1169 1237 1221 1285; x_wconf 85' lang='lat' dir='ltr'>et</span> <span class='ocrx_word' id='word_1_71' title='bbox 1246 1230 1479 1285; x_wconf 73' lang='lat' dir='ltr'>exsultet</span> <span class='ocrx_word' id='word_1_72' title='bbox 1506 1236 1670 1295; x_wconf 84' lang='lat' dir='ltr'>terra,</span> <span class='ocrx_word' id='word_1_73' title='bbox 1700 1240 1767 1284; x_wconf 89' lang='lat' dir='ltr'>ac</span> <span class='ocrx_word' id='word_1_74' title='bbox 1799 1245 2043 1299; x_wconf 84' lang='lat' dir='ltr'>sequen-</span> 
     </span>
    </p>
   </div>
   <div class='ocr_carea' id='block_1_9' title="bbox 392 1316 2045 1390">
    <p class='ocr_par' dir='ltr' id='par_1_9' title="bbox 392 1316 2045 1390">
     <span class='ocr_line' id='line_1_9' title="bbox 392 1316 2045 1390; baseline -0.004 -11"><span class='ocrx_word' id='word_1_75' title='bbox 392 1324 493 1379; x_wconf 92' lang='lat' dir='ltr'>tia.</span> <span class='ocrx_word' id='word_1_76' title='bbox 519 1322 668 1390; x_wconf 83' lang='lat' dir='ltr'>Quid</span> <span class='ocrx_word' id='word_1_77' title='bbox 721 1320 903 1388; x_wconf 84' lang='lat' dir='ltr'>aliud,</span> <span class='ocrx_word' id='word_1_78' title='bbox 930 1319 1200 1374; x_wconf 66' lang='lat' dir='ltr'>lmtentur</span> <span class='ocrx_word' id='word_1_79' title='bbox 1227 1317 1374 1385; x_wconf 74' lang='lat' dir='ltr'>cmli,</span> <span class='ocrx_word' id='word_1_80' title='bbox 1401 1317 1513 1373; x_wconf 85' lang='lat' dir='ltr'>nisi</span> <span class='ocrx_word' id='word_1_81' title='bbox 1544 1316 1834 1373; x_wconf 82' lang='lat' dir='ltr'>exsultent</span> <span class='ocrx_word' id='word_1_82' title='bbox 1856 1316 2045 1388; x_wconf 78' lang='lat' dir='ltr'>justi?</span> 
     </span>
    </p>
   </div>
   <div class='ocr_carea' id='block_1_10' title="bbox 392 1407 2042 1484">
    <p class='ocr_par' dir='ltr' id='par_1_10' title="bbox 392 1407 2042 1484">
     <span class='ocr_line' id='line_1_10' title="bbox 392 1407 2042 1484; baseline -0.004 -16"><span class='ocrx_word' id='word_1_83' title='bbox 392 1412 689 1484; x_wconf 82' lang='lat' dir='ltr'>Scriptum</span> <span class='ocrx_word' id='word_1_84' title='bbox 738 1414 828 1466; x_wconf 87' lang='lat' dir='ltr'>est</span> <span class='ocrx_word' id='word_1_85' title='bbox 866 1426 879 1463; x_wconf 90' lang='lat'>:</span> <span class='ocrx_word' id='word_1_86' title='bbox 928 1409 1214 1463; x_wconf 72' lang='lat' dir='ltr'>Lwtamim’</span> <span class='ocrx_word' id='word_1_87' title='bbox 1260 1409 1319 1461; x_wconf 84' lang='lat' dir='ltr'>in</span> <span class='ocrx_word' id='word_1_88' title='bbox 1364 1407 1613 1472; x_wconf 82' lang='lat' dir='ltr'>Domino,</span> <span class='ocrx_word' id='word_1_89' title='bbox 1663 1413 1714 1462; x_wconf 88' lang='lat' dir='ltr'>et</span> <span class='ocrx_word' id='word_1_90' title='bbox 1755 1407 2042 1473; x_wconf 76' lang='lat' dir='ltr'>exsultate,</span> 
     </span>
    </p>
   </div>
   <div class='ocr_carea' id='block_1_11' title="bbox 378 1493 2044 1575">
    <p class='ocr_par' dir='ltr' id='par_1_11' title="bbox 378 1493 2044 1575">
     <span class='ocr_line' id='line_1_11' title="bbox 378 1493 2044 1575; baseline -0.005 -15"><span class='ocrx_word' id='word_1_91' title='bbox 378 1503 541 1575; x_wconf 72' lang='lat' dir='ltr'>justi.</span> <span class='ocrx_word' id='word_1_92' title='bbox 592 1499 900 1557; x_wconf 85' lang='lat' dir='ltr'>Gaudeant</span> <span class='ocrx_word' id='word_1_93' title='bbox 950 1496 1120 1571; x_wconf 82' lang='lat' dir='ltr'>justi,</span> <span class='ocrx_word' id='word_1_94' title='bbox 1183 1495 1362 1552; x_wconf 83' lang='lat' dir='ltr'>ﬂeant</span> <span class='ocrx_word' id='word_1_95' title='bbox 1414 1493 1643 1566; x_wconf 70' lang='lat' dir='ltr'>injusti.</span> <span class='ocrx_word' id='word_1_96' title='bbox 1697 1494 1845 1560; x_wconf 87' lang='lat' dir='ltr'>Quid</span> <span class='ocrx_word' id='word_1_97' title='bbox 1893 1494 2044 1567; x_wconf 81' lang='lat' dir='ltr'>ego?</span> 
     </span>
    </p>
   </div>
   <div class='ocr_carea' id='block_1_12' title="bbox 390 1581 2042 1660">
    <p class='ocr_par' dir='ltr' id='par_1_12' title="bbox 390 1581 2042 1660">
     <span class='ocr_line' id='line_1_12' title="bbox 390 1581 2042 1660; baseline -0.005 -13"><span class='ocrx_word' id='word_1_98' title='bbox 390 1591 596 1660; x_wconf 70' lang='lat' dir='ltr'>Laetor,</span> <span class='ocrx_word' id='word_1_99' title='bbox 630 1604 705 1645; x_wconf 89' lang='lat' dir='ltr'>an</span> <span class='ocrx_word' id='word_1_100' title='bbox 751 1585 903 1643; x_wconf 81' lang='lat' dir='ltr'><strong>ﬂeo?</strong></span> <span class='ocrx_word' id='word_1_101' title='bbox 946 1586 1073 1641; x_wconf 87' lang='lat' dir='ltr'>Non</span> <span class='ocrx_word' id='word_1_102' title='bbox 1122 1583 1304 1652; x_wconf 71' lang='lat' dir='ltr'>laetor,</span> <span class='ocrx_word' id='word_1_103' title='bbox 1356 1583 1497 1656; x_wconf 72' lang='lat' dir='ltr'>Quia</span> <span class='ocrx_word' id='word_1_104' title='bbox 1546 1599 1663 1638; x_wconf 91' lang='lat' dir='ltr'>non</span> <span class='ocrx_word' id='word_1_105' title='bbox 1714 1581 1946 1638; x_wconf 78' lang='lat' dir='ltr'>ccel&#39;um.</span> <span class='ocrx_word' id='word_1_106' title='bbox 1980 1581 2042 1640; x_wconf 88' lang='lat' dir='ltr'>Si</span> 
     </span>
    </p>
   </div>
   <div class='ocr_carea' id='block_1_13' title="bbox 387 1669 2038 1748">
    <p class='ocr_par' dir='ltr' id='par_1_13' title="bbox 387 1669 2038 1748">
     <span class='ocr_line' id='line_1_13' title="bbox 387 1669 2038 1748; baseline -0.005 -14"><span class='ocrx_word' id='word_1_107' title='bbox 387 1676 601 1735; x_wconf 74' lang='lat' dir='ltr'>coelum</span> <span class='ocrx_word' id='word_1_108' title='bbox 631 1690 844 1743; x_wconf 87' lang='lat' dir='ltr'>essem,</span> <span class='ocrx_word' id='word_1_109' title='bbox 866 1672 1203 1748; x_wconf 78' lang='lat' dir='ltr'>gauderem.</span> <span class='ocrx_word' id='word_1_110' title='bbox 1223 1671 1370 1727; x_wconf 83' lang='lat' dir='ltr'>Cum</span> <span class='ocrx_word' id='word_1_111' title='bbox 1392 1673 1589 1727; x_wconf 89' lang='lat' dir='ltr'>autem</span> <span class='ocrx_word' id='word_1_112' title='bbox 1619 1686 1714 1727; x_wconf 89' lang='lat' dir='ltr'>me</span> <span class='ocrx_word' id='word_1_113' title='bbox 1743 1669 2038 1743; x_wconf 88' lang='lat' dir='ltr'>dejiciam,</span> 
     </span>
    </p>
   </div>
   <div class='ocr_carea' id='block_1_14' title="bbox 386 1759 2042 1833">
    <p class='ocr_par' dir='ltr' id='par_1_14' title="bbox 386 1759 2042 1833">
     <span class='ocr_line' id='line_1_14' title="bbox 386 1759 2042 1833; baseline -0.003 -11"><span class='ocrx_word' id='word_1_114' title='bbox 386 1765 720 1833; x_wconf 79' lang='lat' dir='ltr'>dilacerem,</span> <span class='ocrx_word' id='word_1_115' title='bbox 748 1766 806 1820; x_wconf 85' lang='lat' dir='ltr'>et</span> <span class='ocrx_word' id='word_1_116' title='bbox 836 1763 895 1818; x_wconf 90' lang='lat' dir='ltr'>in</span> <span class='ocrx_word' id='word_1_117' title='bbox 928 1761 1180 1818; x_wconf 87' lang='lat' dir='ltr'>nihilum</span> <span class='ocrx_word' id='word_1_118' title='bbox 1210 1759 1494 1833; x_wconf 79' lang='lat' dir='ltr'>redigam,</span> <span class='ocrx_word' id='word_1_119' title='bbox 1521 1761 1800 1832; x_wconf 77' lang='lat' dir='ltr'>Quoniam</span> <span class='ocrx_word' id='word_1_120' title='bbox 1825 1761 2042 1831; x_wconf 71' lang='lat' dir='ltr'>sagittae</span> 
     </span>
    </p>
   </div>
   <div class='ocr_carea' id='block_1_15' title="bbox 386 1847 2043 1926">
    <p class='ocr_par' dir='ltr' id='par_1_15' title="bbox 386 1847 2043 1926">
     <span class='ocr_line' id='line_1_15' title="bbox 386 1847 2043 1926; baseline -0.005 -14"><span class='ocrx_word' id='word_1_121' title='bbox 386 1864 493 1912; x_wconf 75' lang='lat' dir='ltr'>tuae</span> <span class='ocrx_word' id='word_1_122' title='bbox 520 1854 710 1926; x_wconf 61' lang='lat' dir='ltr'>inﬁxa</span> <span class='ocrx_word' id='word_1_123' title='bbox 734 1859 867 1909; x_wconf 74' lang='lat' dir='ltr'>sunt</span> <span class='ocrx_word' id='word_1_124' title='bbox 892 1851 1053 1919; x_wconf 81' lang='lat' dir='ltr'>mihi,</span> <span class='ocrx_word' id='word_1_125' title='bbox 1086 1853 1151 1906; x_wconf 91' lang='lat' dir='ltr'>tu</span> <span class='ocrx_word' id='word_1_126' title='bbox 1182 1847 1395 1916; x_wconf 88' lang='lat' dir='ltr'>elevas,</span> <span class='ocrx_word' id='word_1_127' title='bbox 1419 1852 1476 1905; x_wconf 89' lang='lat' dir='ltr'>et</span> <span class='ocrx_word' id='word_1_128' title='bbox 1504 1847 1848 1917; x_wconf 82' lang='lat' dir='ltr'>consolaris,</span> <span class='ocrx_word' id='word_1_129' title='bbox 1872 1852 1931 1905; x_wconf 91' lang='lat' dir='ltr'>et</span> <span class='ocrx_word' id='word_1_130' title='bbox 1959 1848 2043 1905; x_wconf 90' lang='lat' dir='ltr'>di-</span> 
     </span>
    </p>
   </div>
   <div class='ocr_carea' id='block_1_16' title="bbox 387 1935 2037 2011">
    <p class='ocr_par' dir='ltr' id='par_1_16' title="bbox 387 1935 2037 2011">
     <span class='ocr_line' id='line_1_16' title="bbox 387 1935 2037 2011; baseline -0.004 -11"><span class='ocrx_word' id='word_1_131' title='bbox 387 1943 471 2002; x_wconf 90' lang='lat' dir='ltr'>cis</span> <span class='ocrx_word' id='word_1_132' title='bbox 503 1960 518 1999; x_wconf 89' lang='lat'><strong>:</strong></span> <span class='ocrx_word' id='word_1_133' title='bbox 551 1942 798 1999; x_wconf 71' lang='lat' dir='ltr'>Exsultat</span> <span class='ocrx_word' id='word_1_134' title='bbox 845 1949 1013 1998; x_wconf 78' lang='lat' dir='ltr'>terra.</span> <span class='ocrx_word' id='word_1_135' title='bbox 1046 1938 1277 1996; x_wconf 86' lang='lat' dir='ltr'>Gratias</span> <span class='ocrx_word' id='word_1_136' title='bbox 1317 1952 1445 2011; x_wconf 88' lang='lat' dir='ltr'>ago.</span> <span class='ocrx_word' id='word_1_137' title='bbox 1479 1935 1634 2003; x_wconf 86' lang='lat' dir='ltr'>Scio,</span> <span class='ocrx_word' id='word_1_138' title='bbox 1663 1940 1820 1992; x_wconf 89' lang='lat' dir='ltr'>terra</span> <span class='ocrx_word' id='word_1_139' title='bbox 1868 1954 2037 2007; x_wconf 87' lang='lat' dir='ltr'>sum;</span> 
     </span>
    </p>
   </div>
   <div class='ocr_carea' id='block_1_17' title="bbox 385 2025 2038 2104">
    <p class='ocr_par' dir='ltr' id='par_1_17' title="bbox 385 2025 2038 2104">
     <span class='ocr_line' id='line_1_17' title="bbox 385 2025 2038 2104; baseline -0.005 -13"><span class='ocrx_word' id='word_1_140' title='bbox 385 2033 489 2091; x_wconf 83' lang='lat' dir='ltr'>sed</span> <span class='ocrx_word' id='word_1_141' title='bbox 518 2040 582 2089; x_wconf 84' lang='lat' dir='ltr'>tu</span> <span class='ocrx_word' id='word_1_142' title='bbox 613 2035 777 2104; x_wconf 83' lang='lat' dir='ltr'><strong>potes</strong></span> <span class='ocrx_word' id='word_1_143' title='bbox 809 2030 995 2086; x_wconf 81' lang='lat' dir='ltr'>facere</span> <span class='ocrx_word' id='word_1_144' title='bbox 1026 2028 1238 2085; x_wconf 64' lang='lat' dir='ltr'>emtum.</span> <span class='ocrx_word' id='word_1_145' title='bbox 1271 2027 1375 2084; x_wconf 87' lang='lat' dir='ltr'>Sat</span> <span class='ocrx_word' id='word_1_146' title='bbox 1402 2025 1570 2097; x_wconf 86' lang='lat' dir='ltr'>mihi,</span> <span class='ocrx_word' id='word_1_147' title='bbox 1600 2026 1846 2083; x_wconf 69' lang='lat' dir='ltr'>Exsultat</span> <span class='ocrx_word' id='word_1_148' title='bbox 1871 2034 2038 2096; x_wconf 74' lang='lat' dir='ltr'>terra,</span> 
     </span>
    </p>
   </div>
   <div class='ocr_carea' id='block_1_18' title="bbox 386 2115 2036 2189">
    <p class='ocr_par' dir='ltr' id='par_1_18' title="bbox 386 2115 2036 2189">
     <span class='ocr_line' id='line_1_18' title="bbox 386 2115 2036 2189; baseline -0.005 -11"><span class='ocrx_word' id='word_1_149' title='bbox 386 2121 605 2189; x_wconf 76' lang='lat' dir='ltr'>dixisti,</span> <span class='ocrx_word' id='word_1_150' title='bbox 638 2122 891 2180; x_wconf 74' lang='lat' dir='ltr'>la’tentur</span> <span class='ocrx_word' id='word_1_151' title='bbox 935 2118 1077 2174; x_wconf 72' lang='lat' dir='ltr'>cazli.</span> <span class='ocrx_word' id='word_1_152' title='bbox 1110 2115 1465 2187; x_wconf 84' lang='lat' dir='ltr'>Adjunxisti,</span> <span class='ocrx_word' id='word_1_153' title='bbox 1499 2123 1551 2172; x_wconf 80' lang='lat' dir='ltr'>et</span> <span class='ocrx_word' id='word_1_154' title='bbox 1593 2115 1825 2171; x_wconf 74' lang='lat' dir='ltr'>exsultet</span> <span class='ocrx_word' id='word_1_155' title='bbox 1870 2122 2036 2188; x_wconf 85' lang='lat' dir='ltr'>terra,</span> 
     </span>
    </p>
   </div>
   <div class='ocr_carea' id='block_1_19' title="bbox 386 2204 2116 2310">
    <p class='ocr_par' dir='ltr' id='par_1_19' title="bbox 386 2204 2116 2310">
     <span class='ocr_line' id='line_1_19' title="bbox 386 2204 2116 2310; baseline -0.003 -45"><span class='ocrx_word' id='word_1_156' title='bbox 386 2209 694 2270; x_wconf 76' lang='lat' dir='ltr'>laatiilcasti</span> <span class='ocrx_word' id='word_1_157' title='bbox 736 2206 933 2273; x_wconf 62' lang='lat' dir='ltr'>oculos,</span> <span class='ocrx_word' id='word_1_158' title='bbox 966 2204 1304 2263; x_wconf 80' lang='lat' dir='ltr'>consolatus</span> <span class='ocrx_word' id='word_1_159' title='bbox 1353 2221 1417 2260; x_wconf 88' lang='lat' dir='ltr'>es</span> <span class='ocrx_word' id='word_1_160' title='bbox 1464 2207 1701 2260; x_wconf 84' lang='lat' dir='ltr'>terram.</span> <span class='ocrx_word' id='word_1_161' title='bbox 1737 2204 1887 2273; x_wconf 85' lang='lat' dir='ltr'>Dixi,</span> <span class='ocrx_word' id='word_1_162' title='bbox 1920 2222 2036 2261; x_wconf 92' lang='lat' dir='ltr'>non</span> <span class='ocrx_word' id='word_1_163' title='bbox 2066 2244 2116 2310; x_wconf 70' lang='grc' dir='ltr'>Β</span> 
     </span>
    </p>
   </div>
   <div class='ocr_carea' id='block_1_20' title="bbox 383 2292 2039 2364">
    <p class='ocr_par' dir='ltr' id='par_1_20' title="bbox 383 2292 2039 2364">
     <span class='ocr_line' id='line_1_20' title="bbox 383 2292 2039 2364; baseline -0.002 -10"><span class='ocrx_word' id='word_1_164' title='bbox 383 2299 566 2356; x_wconf 63' lang='lat' dir='ltr'>laetor.</span> <span class='ocrx_word' id='word_1_165' title='bbox 603 2298 875 2354; x_wconf 87' lang='lat' dir='ltr'>Peccator</span> <span class='ocrx_word' id='word_1_166' title='bbox 917 2296 1026 2352; x_wconf 90' lang='lat' dir='ltr'>hoc</span> <span class='ocrx_word' id='word_1_167' title='bbox 1064 2295 1204 2364; x_wconf 85' lang='lat' dir='ltr'>dixi,</span> <span class='ocrx_word' id='word_1_168' title='bbox 1237 2294 1309 2349; x_wconf 92' lang='lat' dir='ltr'>de</span> <span class='ocrx_word' id='word_1_169' title='bbox 1349 2309 1467 2349; x_wconf 74' lang='lat' dir='ltr'>meo</span> <span class='ocrx_word' id='word_1_170' title='bbox 1497 2292 1646 2361; x_wconf 86' lang='lat' dir='ltr'>dixi;</span> <span class='ocrx_word' id='word_1_171' title='bbox 1680 2294 1780 2350; x_wconf 89' lang='lat' dir='ltr'>sed</span> <span class='ocrx_word' id='word_1_172' title='bbox 1832 2294 1902 2349; x_wconf 89' lang='lat' dir='ltr'>de</span> <span class='ocrx_word' id='word_1_173' title='bbox 1948 2302 2039 2351; x_wconf 88' lang='lat' dir='ltr'>tuo</span> 
     </span>
    </p>
   </div>
   <div class='ocr_carea' id='block_1_21' title="bbox 384 2380 2038 2455">
    <p class='ocr_par' dir='ltr' id='par_1_21' title="bbox 384 2380 2038 2455">
     <span class='ocr_line' id='line_1_21' title="bbox 384 2380 2038 2455; baseline -0.004 -11"><span class='ocrx_word' id='word_1_174' title='bbox 384 2388 532 2444; x_wconf 88' lang='lat' dir='ltr'>dicis</span> <span class='ocrx_word' id='word_1_175' title='bbox 572 2386 820 2442; x_wconf 71' lang='lat' dir='ltr'>Exsultat</span> <span class='ocrx_word' id='word_1_176' title='bbox 863 2389 1036 2453; x_wconf 89' lang='lat' dir='ltr'>terra,</span> <span class='ocrx_word' id='word_1_177' title='bbox 1070 2386 1128 2441; x_wconf 90' lang='lat' dir='ltr'>et</span> <span class='ocrx_word' id='word_1_178' title='bbox 1174 2382 1455 2455; x_wconf 88' lang='lat' dir='ltr'>quoniam</span> <span class='ocrx_word' id='word_1_179' title='bbox 1502 2390 1658 2437; x_wconf 89' lang='lat' dir='ltr'>tuum</span> <span class='ocrx_word' id='word_1_180' title='bbox 1704 2380 2038 2453; x_wconf 73' lang='lat' dir='ltr'>laetiﬁcasti,</span> 
     </span>
    </p>
   </div>
   <div class='ocr_carea' id='block_1_22' title="bbox 380 2470 2040 2549">
    <p class='ocr_par' dir='ltr' id='par_1_22' title="bbox 380 2470 2040 2549">
     <span class='ocr_line' id='line_1_22' title="bbox 380 2470 2040 2549; baseline -0.004 -16"><span class='ocrx_word' id='word_1_181' title='bbox 380 2493 567 2533; x_wconf 77' lang='lat' dir='ltr'>meum</span> <span class='ocrx_word' id='word_1_182' title='bbox 587 2473 857 2549; x_wconf 75' lang='lat' dir='ltr'>mentiar,</span> <span class='ocrx_word' id='word_1_183' title='bbox 881 2475 938 2529; x_wconf 91' lang='lat' dir='ltr'>et</span> <span class='ocrx_word' id='word_1_184' title='bbox 957 2471 1265 2529; x_wconf 84' lang='lat' dir='ltr'>exsultem.</span> <span class='ocrx_word' id='word_1_185' title='bbox 1288 2470 1589 2527; x_wconf 86' lang='lat' dir='ltr'>Exsultem</span> <span class='ocrx_word' id='word_1_186' title='bbox 1613 2475 1809 2526; x_wconf 88' lang='lat' dir='ltr'>autem</span> <span class='ocrx_word' id='word_1_187' title='bbox 1832 2477 1882 2526; x_wconf 78' lang='lat' dir='ltr'>te</span> <span class='ocrx_word' id='word_1_188' title='bbox 1901 2470 2040 2543; x_wconf 89' lang='lat' dir='ltr'>quia</span> 
     </span>
    </p>
   </div>
   <div class='ocr_carea' id='block_1_23' title="bbox 385 2553 2034 2640">
    <p class='ocr_par' dir='ltr' id='par_1_23' title="bbox 385 2553 2034 2640">
     <span class='ocr_line' id='line_1_23' title="bbox 385 2553 2034 2640; baseline -0.005 -17"><span class='ocrx_word' id='word_1_189' title='bbox 385 2560 624 2640; x_wconf 73' lang='lat' dir='ltr'>propter</span> <span class='ocrx_word' id='word_1_190' title='bbox 651 2572 721 2630; x_wconf 83' lang='lat' dir='ltr'>te,</span> <span class='ocrx_word' id='word_1_191' title='bbox 743 2567 802 2619; x_wconf 86' lang='lat' dir='ltr'>et</span> <span class='ocrx_word' id='word_1_192' title='bbox 829 2561 890 2617; x_wconf 90' lang='lat' dir='ltr'>in</span> <span class='ocrx_word' id='word_1_193' title='bbox 922 2569 971 2618; x_wconf 79' lang='lat' dir='ltr'>te</span> <span class='ocrx_word' id='word_1_194' title='bbox 998 2561 1309 2635; x_wconf 88' lang='lat' dir='ltr'>gaudeam.</span> <span class='ocrx_word' id='word_1_195' title='bbox 1333 2553 1422 2615; x_wconf 89' lang='lat' dir='ltr'>Tu</span> <span class='ocrx_word' id='word_1_196' title='bbox 1450 2558 1574 2632; x_wconf 87' lang='lat' dir='ltr'>ipse</span> <span class='ocrx_word' id='word_1_197' title='bbox 1606 2559 1722 2615; x_wconf 88' lang='lat' dir='ltr'>scis</span> <span class='ocrx_word' id='word_1_198' title='bbox 1752 2558 1803 2614; x_wconf 88' lang='lat' dir='ltr'>si</span> <span class='ocrx_word' id='word_1_199' title='bbox 1830 2576 2034 2630; x_wconf 86' lang='lat' dir='ltr'>meum,</span> 
     </span>
    </p>
   </div>
   <div class='ocr_carea' id='block_1_24' title="bbox 2155 961 3819 1037">
    <p class='ocr_par' dir='ltr' id='par_1_24' title="bbox 2155 961 3819 1037">
     <span class='ocr_line' id='line_1_24' title="bbox 2155 961 3819 1037; baseline 0.003 -21"><span class='ocrx_word' id='word_1_200' title='bbox 2155 961 2391 1033; x_wconf 86' lang='lat' dir='ltr'>quando</span> <span class='ocrx_word' id='word_1_201' title='bbox 2424 968 2473 1017; x_wconf 82' lang='lat' dir='ltr'>te</span> <span class='ocrx_word' id='word_1_202' title='bbox 2500 978 2774 1034; x_wconf 87' lang='lat' dir='ltr'>agnosco,</span> <span class='ocrx_word' id='word_1_203' title='bbox 2809 962 3089 1035; x_wconf 87' lang='lat' dir='ltr'>resipisco</span> <span class='ocrx_word' id='word_1_204' title='bbox 3129 966 3187 1019; x_wconf 86' lang='lat' dir='ltr'>et</span> <span class='ocrx_word' id='word_1_205' title='bbox 3225 964 3471 1037; x_wconf 83' lang='lat' dir='ltr'>respiro.</span> <span class='ocrx_word' id='word_1_206' title='bbox 3504 963 3599 1020; x_wconf 87' lang='lat' dir='ltr'>Me</span> <span class='ocrx_word' id='word_1_207' title='bbox 3630 966 3819 1021; x_wconf 61' lang='lat' dir='ltr'>&quot;idem</span> 
     </span>
    </p>
   </div>
   <div class='ocr_carea' id='block_1_25' title="bbox 2154 1050 3817 1123">
    <p class='ocr_par' dir='ltr' id='par_1_25' title="bbox 2154 1050 3817 1123">
     <span class='ocr_line' id='line_1_25' title="bbox 2154 1050 3817 1123; baseline 0.002 -17"><span class='ocrx_word' id='word_1_208' title='bbox 2154 1050 2483 1117; x_wconf 72' lang='lat' dir='ltr'>contristat,</span> <span class='ocrx_word' id='word_1_209' title='bbox 2518 1054 2711 1106; x_wconf 83' lang='lat' dir='ltr'>movet</span> <span class='ocrx_word' id='word_1_210' title='bbox 2748 1066 2814 1106; x_wconf 88' lang='lat' dir='ltr'>ac</span> <span class='ocrx_word' id='word_1_211' title='bbox 2856 1051 3160 1122; x_wconf 83' lang='lat' dir='ltr'>perturbat</span> <span class='ocrx_word' id='word_1_212' title='bbox 3193 1068 3207 1107; x_wconf 89' lang='lat'><strong>:</strong></span> <span class='ocrx_word' id='word_1_213' title='bbox 3239 1060 3395 1108; x_wconf 86' lang='lat' dir='ltr'>tuum</span> <span class='ocrx_word' id='word_1_214' title='bbox 3443 1050 3817 1123; x_wconf 75' lang='lat' dir='ltr'>consolatur,</span> 
     </span>
    </p>
   </div>
   <div class='ocr_carea' id='block_1_26' title="bbox 2155 1137 3815 1213">
    <p class='ocr_par' dir='ltr' id='par_1_26' title="bbox 2155 1137 3815 1213">
     <span class='ocr_line' id='line_1_26' title="bbox 2155 1137 3815 1213; baseline 0.004 -21"><span class='ocrx_word' id='word_1_215' title='bbox 2155 1137 2399 1206; x_wconf 86' lang='lat' dir='ltr'>stabilit,</span> <span class='ocrx_word' id='word_1_216' title='bbox 2432 1138 2709 1194; x_wconf 73' lang='lat' dir='ltr'>lmtiﬁcat.</span> <span class='ocrx_word' id='word_1_217' title='bbox 2744 1138 2849 1194; x_wconf 90' lang='lat' dir='ltr'>Per</span> <span class='ocrx_word' id='word_1_218' title='bbox 2875 1156 2963 1195; x_wconf 84' lang='lat' dir='ltr'>me</span> <span class='ocrx_word' id='word_1_219' title='bbox 2987 1140 3162 1208; x_wconf 89' lang='lat' dir='ltr'>cado;</span> <span class='ocrx_word' id='word_1_220' title='bbox 3193 1157 3296 1213; x_wconf 88' lang='lat' dir='ltr'>per</span> <span class='ocrx_word' id='word_1_221' title='bbox 3323 1145 3379 1197; x_wconf 86' lang='lat' dir='ltr'>te</span> <span class='ocrx_word' id='word_1_222' title='bbox 3418 1159 3515 1198; x_wconf 86' lang='lat' dir='ltr'>me</span> <span class='ocrx_word' id='word_1_223' title='bbox 3545 1158 3815 1198; x_wconf 78' lang='lat' dir='ltr'>resurre-</span> 
     </span>
    </p>
   </div>
   <div class='ocr_carea' id='block_1_27' title="bbox 2155 1227 3820 1298">
    <p class='ocr_par' dir='ltr' id='par_1_27' title="bbox 2155 1227 3820 1298">
     <span class='ocr_line' id='line_1_27' title="bbox 2155 1227 3820 1298; baseline 0.004 -16"><span class='ocrx_word' id='word_1_224' title='bbox 2155 1230 2386 1283; x_wconf 88' lang='lat' dir='ltr'>cturum</span> <span class='ocrx_word' id='word_1_225' title='bbox 2419 1227 2561 1282; x_wconf 89' lang='lat' dir='ltr'>scio.</span> <span class='ocrx_word' id='word_1_226' title='bbox 2586 1228 2734 1293; x_wconf 84' lang='lat' dir='ltr'>Quia</span> <span class='ocrx_word' id='word_1_227' title='bbox 2757 1245 2849 1284; x_wconf 90' lang='lat' dir='ltr'>me</span> <span class='ocrx_word' id='word_1_228' title='bbox 2873 1234 3150 1285; x_wconf 88' lang='lat' dir='ltr'>casurum</span> <span class='ocrx_word' id='word_1_229' title='bbox 3182 1228 3320 1298; x_wconf 86' lang='lat' dir='ltr'>scio,</span> <span class='ocrx_word' id='word_1_230' title='bbox 3354 1247 3473 1285; x_wconf 89' lang='lat' dir='ltr'>non</span> <span class='ocrx_word' id='word_1_231' title='bbox 3502 1229 3674 1287; x_wconf 65' lang='lat' dir='ltr'>letor</span> <span class='ocrx_word' id='word_1_232' title='bbox 3702 1248 3820 1288; x_wconf 70' lang='lat' dir='ltr'>caa-</span> 
     </span>
    </p>
   </div>
   <div class='ocr_carea' id='block_1_28' title="bbox 2153 1313 3815 1390">
    <p class='ocr_par' dir='ltr' id='par_1_28' title="bbox 2153 1313 3815 1390">
     <span class='ocr_line' id='line_1_28' title="bbox 2153 1313 3815 1390; baseline 0.005 -21"><span class='ocrx_word' id='word_1_233' title='bbox 2153 1313 2300 1383; x_wconf 90' lang='lat' dir='ltr'>lum,</span> <span class='ocrx_word' id='word_1_234' title='bbox 2324 1316 2479 1387; x_wconf 86' lang='lat' dir='ltr'>quod</span> <span class='ocrx_word' id='word_1_235' title='bbox 2511 1320 2603 1370; x_wconf 85' lang='lat' dir='ltr'>est</span> <span class='ocrx_word' id='word_1_236' title='bbox 2632 1316 3098 1385; x_wconf 81' lang='lat' dir='ltr'>ﬁrmamentum,</span> <span class='ocrx_word' id='word_1_237' title='bbox 3129 1317 3269 1390; x_wconf 90' lang='lat' dir='ltr'>quia</span> <span class='ocrx_word' id='word_1_238' title='bbox 3309 1334 3404 1374; x_wconf 89' lang='lat' dir='ltr'>me</span> <span class='ocrx_word' id='word_1_239' title='bbox 3441 1323 3815 1376; x_wconf 82' lang='lat' dir='ltr'>resurrectu-</span> 
     </span>
    </p>
   </div>
   <div class='ocr_carea' id='block_1_29' title="bbox 2153 1405 3818 1479">
    <p class='ocr_par' dir='ltr' id='par_1_29' title="bbox 2153 1405 3818 1479">
     <span class='ocr_line' id='line_1_29' title="bbox 2153 1405 3818 1479; baseline 0.005 -20"><span class='ocrx_word' id='word_1_240' title='bbox 2153 1421 2285 1461; x_wconf 88' lang='lat' dir='ltr'>rum</span> <span class='ocrx_word' id='word_1_241' title='bbox 2317 1412 2508 1478; x_wconf 89' lang='lat' dir='ltr'>spero.</span> <span class='ocrx_word' id='word_1_242' title='bbox 2541 1405 2790 1462; x_wconf 71' lang='lat' dir='ltr'>Exsultat</span> <span class='ocrx_word' id='word_1_243' title='bbox 2832 1413 3000 1472; x_wconf 79' lang='lat' dir='ltr'>terra,</span> <span class='ocrx_word' id='word_1_244' title='bbox 3032 1423 3162 1479; x_wconf 64' lang='lat' dir='ltr'>quae</span> <span class='ocrx_word' id='word_1_245' title='bbox 3206 1411 3296 1464; x_wconf 85' lang='lat' dir='ltr'>est</span> <span class='ocrx_word' id='word_1_246' title='bbox 3339 1406 3620 1477; x_wconf 83' lang='lat' dir='ltr'>lutilatio,</span> <span class='ocrx_word' id='word_1_247' title='bbox 3655 1410 3818 1467; x_wconf 79' lang='lat' dir='ltr'>dicat</span> 
     </span>
    </p>
   </div>
   <div class='ocr_carea' id='block_1_30' title="bbox 2152 1493 3821 1568">
    <p class='ocr_par' dir='ltr' id='par_1_30' title="bbox 2152 1493 3821 1568">
     <span class='ocr_line' id='line_1_30' title="bbox 2152 1493 3821 1568; baseline 0.004 -19"><span class='ocrx_word' id='word_1_248' title='bbox 2152 1493 2454 1566; x_wconf 85' lang='lat' dir='ltr'>propheta,</span> <span class='ocrx_word' id='word_1_249' title='bbox 2486 1493 2646 1551; x_wconf 84' lang='lat' dir='ltr'>dicat</span> <span class='ocrx_word' id='word_1_250' title='bbox 2673 1493 3001 1568; x_wconf 83' lang='lat' dir='ltr'>ps&#39;almista,</span> <span class='ocrx_word' id='word_1_251' title='bbox 3034 1499 3094 1552; x_wconf 92' lang='lat' dir='ltr'>et</span> <span class='ocrx_word' id='word_1_252' title='bbox 3120 1508 3230 1553; x_wconf 87' lang='lat' dir='ltr'>nos</span> <span class='ocrx_word' id='word_1_253' title='bbox 3258 1496 3534 1553; x_wconf 84' lang='lat' dir='ltr'>dicamus</span> <span class='ocrx_word' id='word_1_254' title='bbox 3561 1514 3577 1553; x_wconf 94' lang='lat'>:</span> <span class='ocrx_word' id='word_1_255' title='bbox 3612 1498 3821 1556; x_wconf 57' lang='lat' dir='ltr'>Laten-</span> 
     </span>
    </p>
   </div>
   <div class='ocr_carea' id='block_1_31' title="bbox 2150 1574 3816 1655">
    <p class='ocr_par' dir='ltr' id='par_1_31' title="bbox 2150 1574 3816 1655">
     <span class='ocr_line' id='line_1_31' title="bbox 2150 1574 3816 1655; baseline 0.005 -18"><span class='ocrx_word' id='word_1_256' title='bbox 2150 1588 2243 1637; x_wconf 88' lang='lat' dir='ltr'>tur</span> <span class='ocrx_word' id='word_1_257' title='bbox 2270 1574 2415 1650; x_wconf 62' lang='lat' dir='ltr'>caeli,</span> <span class='ocrx_word' id='word_1_258' title='bbox 2441 1582 2676 1639; x_wconf 72' lang='lat' dir='ltr'>exsultet</span> <span class='ocrx_word' id='word_1_259' title='bbox 2701 1591 2868 1639; x_wconf 80' lang='lat' dir='ltr'>terra.</span> <span class='ocrx_word' id='word_1_260' title='bbox 2896 1583 2958 1640; x_wconf 92' lang='lat' dir='ltr'>Si</span> <span class='ocrx_word' id='word_1_261' title='bbox 2987 1584 3209 1641; x_wconf 87' lang='lat' dir='ltr'>arbiter</span> <span class='ocrx_word' id='word_1_262' title='bbox 3234 1584 3365 1641; x_wconf 65' lang='lat' dir='ltr'>caeli</span> <span class='ocrx_word' id='word_1_263' title='bbox 3394 1584 3543 1655; x_wconf 83' lang='lat' dir='ltr'>vult,</span> <span class='ocrx_word' id='word_1_264' title='bbox 3567 1603 3679 1642; x_wconf 89' lang='lat' dir='ltr'>cur</span> <span class='ocrx_word' id='word_1_265' title='bbox 3694 1604 3816 1645; x_wconf 88' lang='lat' dir='ltr'>non</span> 
     </span>
    </p>
   </div>
   <div class='ocr_carea' id='block_1_32' title="bbox 2148 1671 3815 1746">
    <p class='ocr_par' dir='ltr' id='par_1_32' title="bbox 2148 1671 3815 1746">
     <span class='ocr_line' id='line_1_32' title="bbox 2148 1671 3815 1746; baseline 0.005 -19"><span class='ocrx_word' id='word_1_266' title='bbox 2148 1671 2382 1728; x_wconf 70' lang='lat' dir='ltr'>exsultet</span> <span class='ocrx_word' id='word_1_267' title='bbox 2407 1675 2592 1729; x_wconf 71' lang='lat' dir='ltr'>terra?</span> <span class='ocrx_word' id='word_1_268' title='bbox 2627 1672 2878 1730; x_wconf 59' lang='lat' dir='ltr'>Exsultat</span> <span class='ocrx_word' id='word_1_269' title='bbox 2910 1680 3076 1742; x_wconf 75' lang='lat' dir='ltr'>terra,</span> <span class='ocrx_word' id='word_1_270' title='bbox 3110 1673 3263 1746; x_wconf 87' lang='lat' dir='ltr'>quod</span> <span class='ocrx_word' id='word_1_271' title='bbox 3294 1673 3411 1732; x_wconf 83' lang='lat' dir='ltr'>sibi</span> <span class='ocrx_word' id='word_1_272' title='bbox 3440 1673 3605 1731; x_wconf 81' lang='lat' dir='ltr'>vult?</span> <span class='ocrx_word' id='word_1_273' title='bbox 3653 1676 3815 1734; x_wconf 79' lang='lat' dir='ltr'>lubi-</span> 
     </span>
    </p>
   </div>
   <div class='ocr_carea' id='block_1_33' title="bbox 2151 1758 3816 1834">
    <p class='ocr_par' dir='ltr' id='par_1_33' title="bbox 2151 1758 3816 1834">
     <span class='ocr_line' id='line_1_33' title="bbox 2151 1758 3816 1834; baseline 0.004 -18"><span class='ocrx_word' id='word_1_274' title='bbox 2151 1758 2278 1829; x_wconf 78' lang='lat' dir='ltr'>late,</span> <span class='ocrx_word' id='word_1_275' title='bbox 2307 1768 2513 1817; x_wconf 75' lang='lat' dir='ltr'>montes</span> <span class='ocrx_word' id='word_1_276' title='bbox 2555 1761 2793 1818; x_wconf 78' lang='lat' dir='ltr'>laudem.</span> <span class='ocrx_word' id='word_1_277' title='bbox 2827 1761 2955 1819; x_wconf 89' lang='lat' dir='ltr'>Non</span> <span class='ocrx_word' id='word_1_278' title='bbox 2998 1760 3213 1834; x_wconf 87' lang='lat' dir='ltr'>jubilo,</span> <span class='ocrx_word' id='word_1_279' title='bbox 3247 1778 3365 1819; x_wconf 91' lang='lat' dir='ltr'>non</span> <span class='ocrx_word' id='word_1_280' title='bbox 3410 1760 3611 1820; x_wconf 89' lang='lat' dir='ltr'>laudo.</span> <span class='ocrx_word' id='word_1_281' title='bbox 3645 1764 3816 1822; x_wconf 76' lang='lat' dir='ltr'>Cur?</span> 
     </span>
    </p>
   </div>
   <div class='ocr_carea' id='block_1_34' title="bbox 2150 1849 3809 1925">
    <p class='ocr_par' dir='ltr' id='par_1_34' title="bbox 2150 1849 3809 1925">
     <span class='ocr_line' id='line_1_34' title="bbox 2150 1849 3809 1925; baseline 0.004 -20"><span class='ocrx_word' id='word_1_282' title='bbox 2150 1849 2296 1915; x_wconf 89' lang='lat' dir='ltr'>Quia</span> <span class='ocrx_word' id='word_1_283' title='bbox 2323 1866 2438 1906; x_wconf 90' lang='lat' dir='ltr'>non</span> <span class='ocrx_word' id='word_1_284' title='bbox 2490 1866 2625 1907; x_wconf 86' lang='lat' dir='ltr'>sum</span> <span class='ocrx_word' id='word_1_285' title='bbox 2673 1866 2852 1917; x_wconf 74' lang='lat' dir='ltr'>mam,</span> <span class='ocrx_word' id='word_1_286' title='bbox 2883 1850 3053 1909; x_wconf 83' lang='lat' dir='ltr'>vallis</span> <span class='ocrx_word' id='word_1_287' title='bbox 3110 1868 3266 1922; x_wconf 88' lang='lat' dir='ltr'>sum,</span> <span class='ocrx_word' id='word_1_288' title='bbox 3314 1854 3593 1925; x_wconf 71' lang='lat' dir='ltr'>peccatur</span> <span class='ocrx_word' id='word_1_289' title='bbox 3646 1871 3809 1912; x_wconf 85' lang='lat' dir='ltr'>sum.</span> 
     </span>
    </p>
   </div>
   <div class='ocr_carea' id='block_1_35' title="bbox 2147 1936 3816 2016">
    <p class='ocr_par' dir='ltr' id='par_1_35' title="bbox 2147 1936 3816 2016">
     <span class='ocr_line' id='line_1_35' title="bbox 2147 1936 3816 2016; baseline 0.005 -22"><span class='ocrx_word' id='word_1_290' title='bbox 2147 1936 2303 1994; x_wconf 86' lang='lat' dir='ltr'>Dixit</span> <span class='ocrx_word' id='word_1_291' title='bbox 2352 1938 2497 1995; x_wconf 89' lang='lat' dir='ltr'>mihi</span> <span class='ocrx_word' id='word_1_292' title='bbox 2555 1939 2733 2007; x_wconf 88' lang='lat' dir='ltr'>Deus,</span> <span class='ocrx_word' id='word_1_293' title='bbox 2768 1939 2948 2009; x_wconf 79' lang='lat' dir='ltr'>Quare</span> <span class='ocrx_word' id='word_1_294' title='bbox 2992 1957 3222 1998; x_wconf 69' lang='lat' dir='ltr'>enarra:</span> <span class='ocrx_word' id='word_1_295' title='bbox 3257 1943 3512 2016; x_wconf 72' lang='lat' dir='ltr'>justitias</span> <span class='ocrx_word' id='word_1_296' title='bbox 3560 1960 3717 2001; x_wconf 75' lang='lat' dir='ltr'>mea:</span> <span class='ocrx_word' id='word_1_297' title='bbox 3758 1955 3816 2003; x_wconf 73' lang='lat' dir='ltr'>et</span> 
     </span>
    </p>
   </div>
   <div class='ocr_carea' id='block_1_36' title="bbox 2146 2030 3812 2105">
    <p class='ocr_par' dir='ltr' id='par_1_36' title="bbox 2146 2030 3812 2105">
     <span class='ocr_line' id='line_1_36' title="bbox 2146 2030 3812 2105; baseline 0.006 -24"><span class='ocrx_word' id='word_1_298' title='bbox 2146 2030 2384 2084; x_wconf 73' lang='lat' dir='ltr'>assumis</span> <span class='ocrx_word' id='word_1_299' title='bbox 2407 2035 2784 2085; x_wconf 72' lang='lat' dir='ltr'>testamentum</span> <span class='ocrx_word' id='word_1_300' title='bbox 2810 2045 2993 2087; x_wconf 80' lang='lat' dir='ltr'>meum</span> <span class='ocrx_word' id='word_1_301' title='bbox 3018 2046 3119 2103; x_wconf 84' lang='lat' dir='ltr'>per</span> <span class='ocrx_word' id='word_1_302' title='bbox 3136 2046 3195 2089; x_wconf 82' lang='grc' dir='ltr'>ω</span> <span class='ocrx_word' id='word_1_303' title='bbox 3214 2035 3412 2090; x_wconf 77' lang='lat' dir='ltr'>tuum?</span> <span class='ocrx_word' id='word_1_304' title='bbox 3429 2034 3505 2088; x_wconf 86' lang='lat' dir='ltr'>At</span> <span class='ocrx_word' id='word_1_305' title='bbox 3523 2034 3812 2105; x_wconf 85' lang='lat' dir='ltr'>quoniam</span> 
     </span>
    </p>
   </div>
   <div class='ocr_carea' id='block_1_37' title="bbox 2147 2112 3815 2197">
    <p class='ocr_par' dir='ltr' id='par_1_37' title="bbox 2147 2112 3815 2197">
     <span class='ocr_line' id='line_1_37' title="bbox 2147 2112 3815 2197; baseline 0.007 -27"><span class='ocrx_word' id='word_1_306' title='bbox 2147 2115 2502 2189; x_wconf 70' lang='lat' dir='ltr'>praecipitur,</span> <span class='ocrx_word' id='word_1_307' title='bbox 2536 2120 2715 2175; x_wconf 73' lang='lat' dir='ltr'>omnis</span> <span class='ocrx_word' id='word_1_308' title='bbox 2750 2121 2979 2191; x_wconf 74' lang='lat' dir='ltr'>spiritus</span> <span class='ocrx_word' id='word_1_309' title='bbox 3018 2118 3202 2177; x_wconf 78' lang='lat' dir='ltr'>laudet</span> <span class='ocrx_word' id='word_1_310' title='bbox 3236 2120 3571 2191; x_wconf 64' lang='lat' dir='ltr'>Demittunt;</span> <span class='ocrx_word' id='word_1_311' title='bbox 3599 2131 3655 2180; x_wconf 74' lang='lat' dir='ltr'>et</span> <span class='ocrx_word' id='word_1_312' title='bbox 3681 2112 3815 2197; x_wconf 74' lang='lat' dir='ltr'>quia</span> 
     </span>
    </p>
   </div>
   <div class='ocr_carea' id='block_1_38' title="bbox 2146 2205 3812 2285">
    <p class='ocr_par' dir='ltr' id='par_1_38' title="bbox 2146 2205 3812 2285">
     <span class='ocr_line' id='line_1_38' title="bbox 2146 2205 3812 2285; baseline 0.006 -26"><span class='ocrx_word' id='word_1_313' title='bbox 2146 2205 2409 2261; x_wconf 70' lang='lat' dir='ltr'>Dominus</span> <span class='ocrx_word' id='word_1_314' title='bbox 2434 2208 2631 2272; x_wconf 75' lang='lat' dir='ltr'>veniet,</span> <span class='ocrx_word' id='word_1_315' title='bbox 2662 2215 2713 2263; x_wconf 89' lang='lat' dir='ltr'>et</span> <span class='ocrx_word' id='word_1_316' title='bbox 2734 2223 3037 2280; x_wconf 79' lang='lat' dir='ltr'>pauperum</span> <span class='ocrx_word' id='word_1_317' title='bbox 3064 2213 3292 2267; x_wconf 73' lang='lat' dir='ltr'>suorum</span> <span class='ocrx_word' id='word_1_318' title='bbox 3319 2209 3685 2268; x_wconf 71' lang='lat' dir='ltr'>miserebatur</span> <span class='ocrx_word' id='word_1_319' title='bbox 3704 2214 3812 2285; x_wconf 84' lang='lat' dir='ltr'>ju-</span> 
     </span>
    </p>
   </div>
   <div class='ocr_carea' id='block_1_39' title="bbox 2147 2292 3814 2371">
    <p class='ocr_par' dir='ltr' id='par_1_39' title="bbox 2147 2292 3814 2371">
     <span class='ocr_line' id='line_1_39' title="bbox 2147 2292 3814 2371; baseline 0.005 -22"><span class='ocrx_word' id='word_1_320' title='bbox 2147 2292 2286 2363; x_wconf 91' lang='lat' dir='ltr'>bilo,</span> <span class='ocrx_word' id='word_1_321' title='bbox 2310 2297 2368 2349; x_wconf 87' lang='lat' dir='ltr'>et</span> <span class='ocrx_word' id='word_1_322' title='bbox 2391 2293 2587 2364; x_wconf 87' lang='lat' dir='ltr'>laudo,</span> <span class='ocrx_word' id='word_1_323' title='bbox 2612 2300 2787 2368; x_wconf 89' lang='lat' dir='ltr'>atque</span> <span class='ocrx_word' id='word_1_324' title='bbox 2819 2313 2935 2352; x_wconf 90' lang='lat' dir='ltr'>non</span> <span class='ocrx_word' id='word_1_325' title='bbox 2956 2295 3268 2355; x_wconf 89' lang='lat' dir='ltr'>obliviscor</span> <span class='ocrx_word' id='word_1_326' title='bbox 3292 2300 3467 2371; x_wconf 90' lang='lat' dir='ltr'>cujus</span> <span class='ocrx_word' id='word_1_327' title='bbox 3500 2299 3674 2369; x_wconf 90' lang='lat' dir='ltr'>illud,</span> <span class='ocrx_word' id='word_1_328' title='bbox 3697 2304 3814 2358; x_wconf 79' lang='lat' dir='ltr'>mi-</span> 
     </span>
    </p>
   </div>
   <div class='ocr_carea' id='block_1_40' title="bbox 2145 2383 3810 2458">
    <p class='ocr_par' dir='ltr' id='par_1_40' title="bbox 2145 2383 3810 2458">
     <span class='ocr_line' id='line_1_40' title="bbox 2145 2383 3810 2458; baseline 0.005 -20"><span class='ocrx_word' id='word_1_329' title='bbox 2145 2385 2373 2440; x_wconf 68' lang='lat' dir='ltr'>serantis</span> <span class='ocrx_word' id='word_1_330' title='bbox 2419 2383 2537 2440; x_wconf 83' lang='lat' dir='ltr'>Dei.</span> <span class='ocrx_word' id='word_1_331' title='bbox 2575 2383 2821 2453; x_wconf 78' lang='lat' dir='ltr'>Fletum,</span> <span class='ocrx_word' id='word_1_332' title='bbox 2863 2389 3188 2458; x_wconf 89' lang='lat' dir='ltr'>peccatum,</span> <span class='ocrx_word' id='word_1_333' title='bbox 3229 2387 3419 2445; x_wconf 88' lang='lat' dir='ltr'>risum</span> <span class='ocrx_word' id='word_1_334' title='bbox 3469 2388 3612 2445; x_wconf 83' lang='lat' dir='ltr'>fecit</span> <span class='ocrx_word' id='word_1_335' title='bbox 3662 2390 3810 2448; x_wconf 89' lang='lat' dir='ltr'>mihi</span> 
     </span>
    </p>
   </div>
   <div class='ocr_carea' id='block_1_41' title="bbox 2147 2470 2323 2527">
    <p class='ocr_par' dir='ltr' id='par_1_41' title="bbox 2147 2470 2323 2527">
     <span class='ocr_line' id='line_1_41' title="bbox 2147 2470 2323 2527; baseline -0.006 -1"><span class='ocrx_word' id='word_1_336' title='bbox 2147 2470 2323 2527; x_wconf 90' lang='lat' dir='ltr'>Deus.</span> 
     </span>
    </p>
   </div>
   <div class='ocr_carea' id='block_1_42' title="bbox 1406 2793 2759 2935">
    <p class='ocr_par' dir='ltr' id='par_1_42' title="bbox 1406 2793 2759 2935">
     <span class='ocr_line' id='line_1_42' title="bbox 1406 2793 2759 2935; baseline 0.004 -56"><span class='ocrx_word' id='word_1_337' title='bbox 1406 2793 2133 2935; x_wconf 80' lang='lat' dir='ltr'>ERKEMBALDI</span> <span class='ocrx_word' id='word_1_338' title='bbox 2188 2793 2759 2935; x_wconf 84' lang='lat' dir='ltr'>PQEMATIA</span> 
     </span>
    </p>
   </div>
   <div class='ocr_carea' id='block_1_43' title="bbox 1871 3060 2241 3132">
    <p class='ocr_par' dir='ltr' id='par_1_43' title="bbox 1871 3060 2241 3132">
     <span class='ocr_line' id='line_1_43' title="bbox 1871 3060 2241 3132; baseline 0 -18"><span class='ocrx_word' id='word_1_339' title='bbox 1871 3060 2241 3132; x_wconf 81' lang='lat' dir='ltr'>Epigramma.</span> 
     </span>
    </p>
   </div>
   <div class='ocr_carea' id='block_1_44' title="bbox 1375 3182 2626 3256">
    <p class='ocr_par' dir='ltr' id='par_1_44' title="bbox 1375 3182 2626 3256">
     <span class='ocr_line' id='line_1_44' title="bbox 1375 3182 2626 3256; baseline 0.005 -20"><span class='ocrx_word' id='word_1_340' title='bbox 1375 3184 1423 3236; x_wconf 87' lang='lat' dir='ltr'><strong>A</strong></span> <span class='ocrx_word' id='word_1_341' title='bbox 1451 3182 1619 3240; x_wconf 89' lang='lat' dir='ltr'>nobis</span> <span class='ocrx_word' id='word_1_342' title='bbox 1649 3182 1853 3238; x_wconf 82' lang='lat' dir='ltr'>oculus</span> <span class='ocrx_word' id='word_1_343' title='bbox 1876 3185 2039 3256; x_wconf 81' lang='lat' dir='ltr'>justo</span> <span class='ocrx_word' id='word_1_344' title='bbox 2068 3184 2218 3243; x_wconf 88' lang='lat' dir='ltr'>liber</span> <span class='ocrx_word' id='word_1_345' title='bbox 2246 3185 2356 3241; x_wconf 89' lang='lat' dir='ltr'>iste</span> <span class='ocrx_word' id='word_1_346' title='bbox 2384 3190 2626 3244; x_wconf 67' lang='lat' dir='ltr'>aocatus</span> 
     </span>
    </p>
   </div>
   <div class='ocr_carea' id='block_1_45' title="bbox 1378 3269 2722 3346">
    <p class='ocr_par' dir='ltr' id='par_1_45' title="bbox 1378 3269 2722 3346">
     <span class='ocr_line' id='line_1_45' title="bbox 1378 3269 2722 3346; baseline 0.004 -22"><span class='ocrx_word' id='word_1_347' title='bbox 1378 3269 1690 3343; x_wconf 88' lang='lat' dir='ltr'>Segnibus,</span> <span class='ocrx_word' id='word_1_348' title='bbox 1720 3287 1786 3326; x_wconf 91' lang='lat' dir='ltr'>ac</span> <span class='ocrx_word' id='word_1_349' title='bbox 1817 3270 2001 3344; x_wconf 88' lang='lat' dir='ltr'>pigris</span> <span class='ocrx_word' id='word_1_350' title='bbox 2031 3272 2289 3346; x_wconf 88' lang='lat' dir='ltr'>plurima</span> <span class='ocrx_word' id='word_1_351' title='bbox 2316 3272 2519 3332; x_wconf 88' lang='lat' dir='ltr'>clausa</span> <span class='ocrx_word' id='word_1_352' title='bbox 2546 3275 2722 3332; x_wconf 83' lang='lat' dir='ltr'>videt.</span> 
     </span>
    </p>
   </div>
   <div class='ocr_carea' id='block_1_46' title="bbox 1871 3424 2253 3487">
    <p class='ocr_par' dir='ltr' id='par_1_46' title="bbox 1871 3424 2253 3487">
     <span class='ocr_line' id='line_1_46' title="bbox 1871 3424 2253 3487; baseline 0.005 -8"><span class='ocrx_word' id='word_1_353' title='bbox 1871 3424 2253 3487; x_wconf 73' lang='lat' dir='ltr'>TetrastichOn.</span> 
     </span>
    </p>
   </div>
   <div class='ocr_carea' id='block_1_47' title="bbox 1379 3546 2770 3621">
    <p class='ocr_par' dir='ltr' id='par_1_47' title="bbox 1379 3546 2770 3621">
     <span class='ocr_line' id='line_1_47' title="bbox 1379 3546 2770 3621; baseline 0.005 -20"><span class='ocrx_word' id='word_1_354' title='bbox 1379 3546 1566 3604; x_wconf 83' lang='lat' dir='ltr'>Verax</span> <span class='ocrx_word' id='word_1_355' title='bbox 1594 3547 1683 3604; x_wconf 86' lang='lat' dir='ltr'>vir</span> <span class='ocrx_word' id='word_1_356' title='bbox 1708 3548 1900 3621; x_wconf 87' lang='lat' dir='ltr'>gaude</span> <span class='ocrx_word' id='word_1_357' title='bbox 1926 3549 2216 3610; x_wconf 89' lang='lat' dir='ltr'>virtutum</span> <span class='ocrx_word' id='word_1_358' title='bbox 2245 3556 2502 3610; x_wconf 88' lang='lat' dir='ltr'>stemma</span> <span class='ocrx_word' id='word_1_359' title='bbox 2530 3558 2770 3611; x_wconf 87' lang='lat' dir='ltr'>tuarum</span> 
     </span>
    </p>
   </div>
   <div class='ocr_carea' id='block_1_48' title="bbox 1380 3636 2709 3711">
    <p class='ocr_par' dir='ltr' id='par_1_48' title="bbox 1380 3636 2709 3711">
     <span class='ocr_line' id='line_1_48' title="bbox 1380 3636 2709 3711; baseline 0.005 -19"><span class='ocrx_word' id='word_1_360' title='bbox 1380 3636 1466 3695; x_wconf 87' lang='lat' dir='ltr'>Tu</span> <span class='ocrx_word' id='word_1_361' title='bbox 1498 3652 1743 3694; x_wconf 81' lang='lat' dir='ltr'>securus</span> <span class='ocrx_word' id='word_1_362' title='bbox 1772 3636 1910 3707; x_wconf 85' lang='lat' dir='ltr'>eris,</span> <span class='ocrx_word' id='word_1_363' title='bbox 1945 3639 2084 3711; x_wconf 86' lang='lat' dir='ltr'>quia</span> <span class='ocrx_word' id='word_1_364' title='bbox 2114 3644 2271 3701; x_wconf 86' lang='lat' dir='ltr'>certo</span> <span class='ocrx_word' id='word_1_365' title='bbox 2302 3640 2449 3700; x_wconf 88' lang='lat' dir='ltr'>calle</span> <span class='ocrx_word' id='word_1_366' title='bbox 2477 3642 2662 3701; x_wconf 85' lang='lat' dir='ltr'>viabis</span> <span class='ocrx_word' id='word_1_367' title='bbox 2695 3659 2709 3699; x_wconf 90' lang='lat'><strong>:</strong></span> 
     </span>
    </p>
   </div>
   <div class='ocr_carea' id='block_1_49' title="bbox 1375 3725 2745 3805">
    <p class='ocr_par' dir='ltr' id='par_1_49' title="bbox 1375 3725 2745 3805">
     <span class='ocr_line' id='line_1_49' title="bbox 1375 3725 2745 3805; baseline 0.004 -24"><span class='ocrx_word' id='word_1_368' title='bbox 1375 3727 1450 3782; x_wconf 82' lang='lat' dir='ltr'>At</span> <span class='ocrx_word' id='word_1_369' title='bbox 1478 3725 1577 3799; x_wconf 90' lang='lat' dir='ltr'>qui</span> <span class='ocrx_word' id='word_1_370' title='bbox 1610 3727 1881 3784; x_wconf 88' lang='lat' dir='ltr'>mentiris</span> <span class='ocrx_word' id='word_1_371' title='bbox 1915 3729 2030 3788; x_wconf 89' lang='lat' dir='ltr'>cito</span> <span class='ocrx_word' id='word_1_372' title='bbox 2061 3735 2194 3803; x_wconf 84' lang='lat' dir='ltr'>post</span> <span class='ocrx_word' id='word_1_373' title='bbox 2223 3731 2444 3789; x_wconf 86' lang='lat' dir='ltr'>factum</span> <span class='ocrx_word' id='word_1_374' title='bbox 2474 3730 2745 3805; x_wconf 89' lang='lat' dir='ltr'>capieris,</span> 
     </span>
    </p>
   </div>
   <div class='ocr_carea' id='block_1_50' title="bbox 1379 3813 2624 3877">
    <p class='ocr_par' dir='ltr' id='par_1_50' title="bbox 1379 3813 2624 3877">
     <span class='ocr_line' id='line_1_50' title="bbox 1379 3813 2624 3877; baseline 0.006 -7"><span class='ocrx_word' id='word_1_375' title='bbox 1379 3813 1608 3872; x_wconf 85' lang='lat' dir='ltr'>Fallens</span> <span class='ocrx_word' id='word_1_376' title='bbox 1639 3814 1831 3872; x_wconf 86' lang='lat' dir='ltr'>fallaci</span> <span class='ocrx_word' id='word_1_377' title='bbox 1862 3816 1947 3874; x_wconf 90' lang='lat' dir='ltr'>sis</span> <span class='ocrx_word' id='word_1_378' title='bbox 1974 3817 2150 3877; x_wconf 80' lang='lat' dir='ltr'>fando</span> <span class='ocrx_word' id='word_1_379' title='bbox 2181 3817 2399 3877; x_wconf 87' lang='lat' dir='ltr'>famine</span> <span class='ocrx_word' id='word_1_380' title='bbox 2430 3818 2624 3877; x_wconf 84' lang='lat' dir='ltr'>fallax.</span> 
     </span>
    </p>
   </div>
   <div class='ocr_carea' id='block_1_51' title="bbox 1241 4062 2950 4203">
    <p class='ocr_par' dir='ltr' id='par_1_51' title="bbox 1241 4062 2950 4203">
     <span class='ocr_line' id='line_1_51' title="bbox 1241 4062 2950 4203; baseline 0.005 -9"><span class='ocrx_word' id='word_1_381' title='bbox 1241 4062 1758 4198; x_wconf 89' lang='lat' dir='ltr'><strong>LEGES</strong></span> <span class='ocrx_word' id='word_1_382' title='bbox 1846 4062 2950 4203; x_wconf 82' lang='lat' dir='ltr'>MUNICIPALES</span> 
     </span>
    </p>
   </div>
   <div class='ocr_carea' id='block_1_52' title="bbox 2011 4256 2168 4310">
    <p class='ocr_par' dir='ltr' id='par_1_52' title="bbox 2011 4256 2168 4310">
     <span class='ocr_line' id='line_1_52' title="bbox 2011 4256 2168 4310; baseline 0 -9"><span class='ocrx_word' id='word_1_383' title='bbox 2011 4256 2168 4310; x_wconf 82' lang='lat' dir='ltr'>QUAS</span> 
     </span>
    </p>
   </div>
   <div class='ocr_carea' id='block_1_53' title="bbox 1160 4342 3030 4414">
    <p class='ocr_par' dir='ltr' id='par_1_53' title="bbox 1160 4342 3030 4414">
     <span class='ocr_line' id='line_1_53' title="bbox 1160 4342 3030 4414; baseline 0.006 -12"><span class='ocrx_word' id='word_1_384' title='bbox 1160 4342 1744 4405; x_wconf 80' lang='lat' dir='ltr'>ARGENTINENSI</span> <span class='ocrx_word' id='word_1_385' title='bbox 1787 4344 2126 4410; x_wconf 84' lang='lat' dir='ltr'>CIVITA&#39;I‘I</span> <span class='ocrx_word' id='word_1_386' title='bbox 2169 4347 2409 4410; x_wconf 87' lang='lat' dir='ltr'>DEDIT</span> <span class='ocrx_word' id='word_1_387' title='bbox 2450 4347 3030 4414; x_wconf 78' lang='lat' dir='ltr'>ERKEMBALDUS</span> 
     </span>
    </p>
   </div>
   <div class='ocr_carea' id='block_1_54' title="bbox 1373 4448 2733 4532">
    <p class='ocr_par' dir='ltr' id='par_1_54' title="bbox 1373 4448 2733 4532">
     <span class='ocr_line' id='line_1_54' title="bbox 1373 4448 2733 4532; baseline 0.002 -26"><span class='ocrx_word' id='word_1_388' title='bbox 1373 4487 1379 4493; x_wconf 63' lang='grc' dir='ltr'><strong>ρ</strong></span> <span class='ocrx_word' id='word_1_389' title='bbox 1680 4448 2070 4522; x_wconf 82' lang='lat' dir='ltr'>(Grandidier,</span> <span class='ocrx_word' id='word_1_390' title='bbox 2103 4452 2241 4511; x_wconf 78' lang='lat' dir='ltr'>Hist.</span> <span class='ocrx_word' id='word_1_391' title='bbox 2272 4451 2339 4511; x_wconf 86' lang='lat' dir='ltr'>de</span> <span class='ocrx_word' id='word_1_392' title='bbox 2364 4452 2733 4532; x_wconf 70' lang='lat' dir='ltr'>Strasbourg.)</span> 
     </span>
    </p>
   </div>
   <div class='ocr_carea' id='block_1_55' title="bbox 670 4610 3517 4701">
    <p class='ocr_par' dir='ltr' id='par_1_55' title="bbox 670 4610 3517 4701">
     <span class='ocr_line' id='line_1_55' title="bbox 670 4610 3517 4701; baseline 0.001 -8"><span class='ocrx_word' id='word_1_393' title='bbox 670 4647 803 4694; x_wconf 60' lang='grc' dir='ltr'>ΠΕΟ</span> <span class='ocrx_word' id='word_1_394' title='bbox 847 4646 1002 4694; x_wconf 81' lang='lat' dir='ltr'>SUNT</span> <span class='ocrx_word' id='word_1_395' title='bbox 1042 4644 1194 4691; x_wconf 66' lang='lat' dir='ltr'>108A</span> <span class='ocrx_word' id='word_1_396' title='bbox 1239 4643 1316 4690; x_wconf 80' lang='grc' dir='ltr'>ΕΤ</span> <span class='ocrx_word' id='word_1_397' title='bbox 1358 4643 1540 4691; x_wconf 77' lang='lat' dir='ltr'><strong>LEGES</strong></span> <span class='ocrx_word' id='word_1_398' title='bbox 1585 4610 1897 4695; x_wconf 42' lang='lat' dir='ltr'>CIVITAITIS</span> <span class='ocrx_word' id='word_1_399' title='bbox 1940 4650 2424 4698; x_wconf 67' lang='lat' dir='ltr'>AlGBNTlNENSIS</span> <span class='ocrx_word' id='word_1_400' title='bbox 2465 4646 2545 4697; x_wconf 76' lang='lat' dir='ltr'>DE</span> <span class='ocrx_word' id='word_1_401' title='bbox 2588 4651 2742 4698; x_wconf 73' lang='lat' dir='ltr'><strong>PACE</strong></span> <span class='ocrx_word' id='word_1_402' title='bbox 2786 4651 2850 4698; x_wconf 80' lang='lat' dir='ltr'>IN</span> <span class='ocrx_word' id='word_1_403' title='bbox 2894 4651 3185 4701; x_wconf 73' lang='lat' dir='ltr'>CIVITATB</span> <span class='ocrx_word' id='word_1_404' title='bbox 3227 4650 3517 4699; x_wconf 73' lang='lat' dir='ltr'>TENBIDA</span> 
     </span>
    </p>
   </div>
   <div class='ocr_carea' id='block_1_56' title="bbox 1397 4722 2799 4780">
    <p class='ocr_par' dir='ltr' id='par_1_56' title="bbox 1397 4722 2799 4780">
     <span class='ocr_line' id='line_1_56' title="bbox 1397 4722 2799 4780; baseline 0.007 -10"><span class='ocrx_word' id='word_1_405' title='bbox 1397 4725 1474 4771; x_wconf 78' lang='grc' dir='ltr'><strong>ΒΤ</strong></span> <span class='ocrx_word' id='word_1_406' title='bbox 1516 4725 1596 4771; x_wconf 68' lang='lat' dir='ltr'><strong>NE</strong></span> <span class='ocrx_word' id='word_1_407' title='bbox 1640 4725 1838 4774; x_wconf 74' lang='lat' dir='ltr'><strong>PREDA</strong></span> <span class='ocrx_word' id='word_1_408' title='bbox 1883 4730 2001 4777; x_wconf 69' lang='grc' dir='ltr'>γει.</span> <span class='ocrx_word' id='word_1_409' title='bbox 2040 4722 2284 4779; x_wconf 70' lang='grc' dir='ltr'>πῠιιτυιι</span> <span class='ocrx_word' id='word_1_410' title='bbox 2326 4732 2799 4780; x_wconf 73' lang='lat' dir='ltr'>INTRODUCATUR</span> 
     </span>
    </p>
   </div>
   <div class='ocr_carea' id='block_1_57' title="bbox 462 4834 3810 4923">
    <p class='ocr_par' dir='ltr' id='par_1_57' title="bbox 462 4834 3810 4923">
     <span class='ocr_line' id='line_1_57' title="bbox 462 4834 3810 4923; baseline -0.001 -18"><span class='ocrx_word' id='word_1_411' title='bbox 462 4845 506 4905; x_wconf 93' lang='lat' dir='ltr'>l.</span> <span class='ocrx_word' id='word_1_412' title='bbox 536 4844 623 4904; x_wconf 69' lang='lat' dir='ltr'>Ad</span> <span class='ocrx_word' id='word_1_413' title='bbox 652 4845 899 4903; x_wconf 76' lang='lat' dir='ltr'>formam</span> <span class='ocrx_word' id='word_1_414' title='bbox 949 4840 1200 4901; x_wconf 84' lang='lat' dir='ltr'>aliarum</span> <span class='ocrx_word' id='word_1_415' title='bbox 1243 4841 1546 4899; x_wconf 85' lang='lat' dir='ltr'>civitatum</span> <span class='ocrx_word' id='word_1_416' title='bbox 1592 4841 1652 4897; x_wconf 89' lang='lat' dir='ltr'>in</span> <span class='ocrx_word' id='word_1_417' title='bbox 1703 4859 1770 4900; x_wconf 91' lang='lat' dir='ltr'>eo</span> <span class='ocrx_word' id='word_1_418' title='bbox 1819 4843 2039 4905; x_wconf 89' lang='lat' dir='ltr'>honore</span> <span class='ocrx_word' id='word_1_419' title='bbox 2070 4847 2115 4917; x_wconf 86' lang='lat' dir='ltr'><strong><em>C</em></strong></span> <span class='ocrx_word' id='word_1_420' title='bbox 2152 4847 2211 4904; x_wconf 90' lang='lat' dir='ltr'>in</span> <span class='ocrx_word' id='word_1_421' title='bbox 2243 4848 2379 4905; x_wconf 84' lang='lat' dir='ltr'>eum</span> <span class='ocrx_word' id='word_1_422' title='bbox 2411 4850 2655 4906; x_wconf 74' lang='lat' dir='ltr'>manum</span> <span class='ocrx_word' id='word_1_423' title='bbox 2682 4839 2879 4908; x_wconf 76' lang='lat' dir='ltr'>mittat</span> <span class='ocrx_word' id='word_1_424' title='bbox 2901 4866 2915 4907; x_wconf 87' lang='lat'><strong>:</strong></span> <span class='ocrx_word' id='word_1_425' title='bbox 2938 4837 3217 4908; x_wconf 82' lang='lat' dir='ltr'>cbediens</span> <span class='ocrx_word' id='word_1_426' title='bbox 3245 4836 3445 4907; x_wconf 73' lang='lat' dir='ltr'>t&#39;aniéii</span> <span class='ocrx_word' id='word_1_427' title='bbox 3476 4838 3535 4907; x_wconf 73' lang='lat' dir='ltr'>&#39;et</span> <span class='ocrx_word' id='word_1_428' title='bbox 3565 4834 3810 4923; x_wconf 75' lang='lat' dir='ltr'>paratus</span> 
     </span>
    </p>
   </div>
   <div class='ocr_carea' id='block_1_58' title="bbox 390 4931 2039 5009">
    <p class='ocr_par' dir='ltr' id='par_1_58' title="bbox 390 4931 2039 5009">
     <span class='ocr_line' id='line_1_58' title="bbox 390 4931 2039 5009; baseline -0.001 -16"><span class='ocrx_word' id='word_1_429' title='bbox 390 4935 628 4993; x_wconf 88' lang='lat' dir='ltr'>condita</span> <span class='ocrx_word' id='word_1_430' title='bbox 656 4939 744 4993; x_wconf 86' lang='lat' dir='ltr'>est</span> <span class='ocrx_word' id='word_1_431' title='bbox 770 4932 1110 5009; x_wconf 83' lang='lat' dir='ltr'>Argentina,</span> <span class='ocrx_word' id='word_1_432' title='bbox 1148 4935 1215 4988; x_wconf 87' lang='lat' dir='ltr'>ut</span> <span class='ocrx_word' id='word_1_433' title='bbox 1255 4931 1448 4989; x_wconf 90' lang='lat' dir='ltr'>omnis</span> <span class='ocrx_word' id='word_1_434' title='bbox 1477 4931 1655 4988; x_wconf 88' lang='lat' dir='ltr'>homo</span> <span class='ocrx_word' id='word_1_435' title='bbox 1694 4936 1816 4990; x_wconf 89' lang='lat' dir='ltr'>tam</span> <span class='ocrx_word' id='word_1_436' title='bbox 1846 4939 2039 4993; x_wconf 85' lang='lat' dir='ltr'>extra-</span> 
     </span>
    </p>
   </div>
   <div class='ocr_carea' id='block_1_59' title="bbox 391 5020 2044 5098">
    <p class='ocr_par' dir='ltr' id='par_1_59' title="bbox 391 5020 2044 5098">
     <span class='ocr_line' id='line_1_59' title="bbox 391 5020 2044 5098; baseline 0.001 -17"><span class='ocrx_word' id='word_1_437' title='bbox 391 5042 539 5084; x_wconf 89' lang='lat' dir='ltr'>neus</span> <span class='ocrx_word' id='word_1_438' title='bbox 568 5040 748 5098; x_wconf 87' lang='lat' dir='ltr'>quam</span> <span class='ocrx_word' id='word_1_439' title='bbox 780 5023 1058 5098; x_wconf 86' lang='lat' dir='ltr'>indigena</span> <span class='ocrx_word' id='word_1_440' title='bbox 1086 5036 1289 5094; x_wconf 83' lang='lat' dir='ltr'>pacem</span> <span class='ocrx_word' id='word_1_441' title='bbox 1319 5020 1380 5077; x_wconf 89' lang='lat' dir='ltr'>in</span> <span class='ocrx_word' id='word_1_442' title='bbox 1400 5038 1469 5079; x_wconf 90' lang='lat' dir='ltr'>ea</span> <span class='ocrx_word' id='word_1_443' title='bbox 1497 5021 1658 5078; x_wconf 89' lang='lat' dir='ltr'>omni</span> <span class='ocrx_word' id='word_1_444' title='bbox 1692 5026 1956 5097; x_wconf 88' lang='lat' dir='ltr'>tempore</span> <span class='ocrx_word' id='word_1_445' title='bbox 1986 5029 2044 5083; x_wconf 88' lang='lat' dir='ltr'>et</span> 
     </span>
    </p>
   </div>
   <div class='ocr_carea' id='block_1_60' title="bbox 391 5112 1151 5186">
    <p class='ocr_par' dir='ltr' id='par_1_60' title="bbox 391 5112 1151 5186">
     <span class='ocr_line' id='line_1_60' title="bbox 391 5112 1151 5186; baseline -0.007 -15"><span class='ocrx_word' id='word_1_446' title='bbox 391 5115 464 5174; x_wconf 90' lang='lat' dir='ltr'>ab</span> <span class='ocrx_word' id='word_1_447' title='bbox 494 5114 772 5173; x_wconf 90' lang='lat' dir='ltr'>omnibus</span> <span class='ocrx_word' id='word_1_448' title='bbox 806 5112 1021 5169; x_wconf 88' lang='lat' dir='ltr'>habeat</span> <span class='ocrx_word' id='word_1_449' title='bbox 1051 5112 1151 5186; x_wconf 88' lang='grc'>(1).</span> 
     </span>
    </p>
   </div>
   <div class='ocr_carea' id='block_1_61' title="bbox 462 5197 2041 5278">
    <p class='ocr_par' dir='ltr' id='par_1_61' title="bbox 462 5197 2041 5278">
     <span class='ocr_line' id='line_1_61' title="bbox 462 5197 2041 5278; baseline -0.003 -16"><span class='ocrx_word' id='word_1_450' title='bbox 462 5203 533 5262; x_wconf 83' lang='grc' dir='ltr'>ΙΙ.</span> <span class='ocrx_word' id='word_1_451' title='bbox 569 5203 629 5262; x_wconf 92' lang='lat' dir='ltr'>Si</span> <span class='ocrx_word' id='word_1_452' title='bbox 661 5202 796 5278; x_wconf 86' lang='lat' dir='ltr'>quis</span> <span class='ocrx_word' id='word_1_453' title='bbox 823 5200 964 5259; x_wconf 80' lang='lat' dir='ltr'>foris</span> <span class='ocrx_word' id='word_1_454' title='bbox 992 5198 1317 5275; x_wconf 85' lang='lat' dir='ltr'>peccaverit</span> <span class='ocrx_word' id='word_1_455' title='bbox 1335 5200 1394 5258; x_wconf 87' lang='lat' dir='ltr'>et</span> <span class='ocrx_word' id='word_1_456' title='bbox 1413 5198 1486 5257; x_wconf 93' lang='lat' dir='ltr'>ob</span> <span class='ocrx_word' id='word_1_457' title='bbox 1508 5197 1695 5274; x_wconf 81' lang='lat' dir='ltr'>culpae</span> <span class='ocrx_word' id='word_1_458' title='bbox 1726 5203 1950 5277; x_wconf 82' lang='lat' dir='ltr'>metum</span> <span class='ocrx_word' id='word_1_459' title='bbox 1980 5203 2041 5259; x_wconf 90' lang='lat' dir='ltr'>in</span> 
     </span>
    </p>
   </div>
   <div class='ocr_carea' id='block_1_62' title="bbox 391 5282 2047 5368">
    <p class='ocr_par' dir='ltr' id='par_1_62' title="bbox 391 5282 2047 5368">
     <span class='ocr_line' id='line_1_62' title="bbox 391 5282 2047 5368; baseline -0.002 -15"><span class='ocrx_word' id='word_1_460' title='bbox 391 5308 523 5353; x_wconf 82' lang='lat' dir='ltr'>eam</span> <span class='ocrx_word' id='word_1_461' title='bbox 543 5292 777 5368; x_wconf 74' lang='lat' dir='ltr'>fugerit,</span> <span class='ocrx_word' id='word_1_462' title='bbox 802 5307 1046 5350; x_wconf 87' lang='lat' dir='ltr'>securus</span> <span class='ocrx_word' id='word_1_463' title='bbox 1067 5282 1128 5346; x_wconf 89' lang='lat' dir='ltr'>in</span> <span class='ocrx_word' id='word_1_464' title='bbox 1149 5305 1220 5347; x_wconf 90' lang='lat' dir='ltr'>ea</span> <span class='ocrx_word' id='word_1_465' title='bbox 1244 5292 1498 5346; x_wconf 88' lang='lat' dir='ltr'>maneat.</span> <span class='ocrx_word' id='word_1_466' title='bbox 1522 5284 1734 5347; x_wconf 81' lang='lat' dir='ltr'>Nullus</span> <span class='ocrx_word' id='word_1_467' title='bbox 1763 5290 2047 5350; x_wconf 88' lang='lat' dir='ltr'>violenter</span> 
     </span>
    </p>
   </div>
   <div class='ocr_carea' id='block_1_63' title="bbox 461 5411 2045 5501">
    <p class='ocr_par' dir='ltr' id='par_1_63' title="bbox 461 5411 2045 5501">
     <span class='ocr_line' id='line_1_63' title="bbox 461 5411 2045 5501; baseline -0.002 -26"><span class='ocrx_word' id='word_1_468' title='bbox 461 5416 541 5501; x_wconf 73' lang='grc'>(1)</span> <span class='ocrx_word' id='word_1_469' title='bbox 562 5418 639 5475; x_wconf 89' lang='lat' dir='ltr'>Le</span> <span class='ocrx_word' id='word_1_470' title='bbox 659 5417 903 5501; x_wconf 42' lang='lat' dir='ltr'>cod&#39;edu</span> <span class='ocrx_word' id='word_1_471' title='bbox 921 5428 1028 5501; x_wconf 49' lang='lat' dir='ltr'>xn‘o</span> <span class='ocrx_word' id='word_1_472' title='bbox 1047 5413 1243 5501; x_wconf 51' lang='lat' dir='ltr'>siecle‘,</span> <span class='ocrx_word' id='word_1_473' title='bbox 1260 5413 1669 5501; x_wconf 46' lang='lat' dir='ltr'>latraduction</span> <span class='ocrx_word' id='word_1_474' title='bbox 1690 5411 2045 5501; x_wconf 70' lang='lat' dir='ltr'>allemande,</span> 
     </span>
    </p>
   </div>
   <div class='ocr_carea' id='block_1_64' title="bbox 394 5484 2047 5560">
    <p class='ocr_par' dir='ltr' id='par_1_64' title="bbox 394 5484 2047 5560">
     <span class='ocr_line' id='line_1_64' title="bbox 394 5484 2047 5560; baseline 0 -15"><span class='ocrx_word' id='word_1_475' title='bbox 394 5484 544 5547; x_wconf 80' lang='lat' dir='ltr'>aiusi</span> <span class='ocrx_word' id='word_1_476' title='bbox 564 5506 679 5560; x_wconf 89' lang='lat' dir='ltr'>que</span> <span class='ocrx_word' id='word_1_477' title='bbox 708 5488 970 5545; x_wconf 85' lang='lat' dir='ltr'>l’édition</span> <span class='ocrx_word' id='word_1_478' title='bbox 998 5486 1178 5560; x_wconf 77' lang='lat' dir='ltr'>latine</span> <span class='ocrx_word' id='word_1_479' title='bbox 1198 5486 1272 5560; x_wconf 79' lang='lat' dir='ltr'>de</span> <span class='ocrx_word' id='word_1_480' title='bbox 1294 5484 1543 5560; x_wconf 79' lang='lat' dir='ltr'>Schiller</span> <span class='ocrx_word' id='word_1_481' title='bbox 1568 5486 1834 5560; x_wconf 69' lang='lat' dir='ltr'>aioutent</span> <span class='ocrx_word' id='word_1_482' title='bbox 1853 5504 1968 5560; x_wconf 92' lang='lat' dir='ltr'>que</span> <span class='ocrx_word' id='word_1_483' title='bbox 1988 5484 2047 5546; x_wconf 82' lang='lat' dir='ltr'>la</span> 
     </span>
    </p>
   </div>
   <div class='ocr_carea' id='block_1_65' title="bbox 392 5554 2044 5634">
    <p class='ocr_par' dir='ltr' id='par_1_65' title="bbox 392 5554 2044 5634">
     <span class='ocr_line' id='line_1_65' title="bbox 392 5554 2044 5634; baseline 0.001 -15"><span class='ocrx_word' id='word_1_484' title='bbox 392 5560 527 5619; x_wconf 72' lang='lat' dir='ltr'>ville</span> <span class='ocrx_word' id='word_1_485' title='bbox 555 5554 627 5618; x_wconf 78' lang='lat' dir='ltr'>de</span> <span class='ocrx_word' id='word_1_486' title='bbox 656 5561 1014 5634; x_wconf 86' lang='lat' dir='ltr'>Strasbourg</span> <span class='ocrx_word' id='word_1_487' title='bbox 1042 5558 1131 5619; x_wconf 75' lang='lat' dir='ltr'>(ut</span> <span class='ocrx_word' id='word_1_488' title='bbox 1158 5556 1309 5617; x_wconf 73' lang='lat' dir='ltr'>batie</span> <span class='ocrx_word' id='word_1_489' title='bbox 1332 5560 1367 5615; x_wconf 73' lang='grc' dir='ltr'>ὸ,</span> <span class='ocrx_word' id='word_1_490' title='bbox 1385 5554 1683 5632; x_wconf 78' lang='lat' dir='ltr'>l’exemple</span> <span class='ocrx_word' id='word_1_491' title='bbox 1714 5558 1819 5619; x_wconf 89' lang='lat' dir='ltr'>des</span> <span class='ocrx_word' id='word_1_492' title='bbox 1849 5554 2044 5620; x_wconf 71' lang='lat' dir='ltr'>autres</span> 
     </span>
    </p>
   </div>
   <div class='ocr_carea' id='block_1_66' title="bbox 2151 4932 3442 5010">
    <p class='ocr_par' dir='ltr' id='par_1_66' title="bbox 2151 4932 3442 5010">
     <span class='ocr_line' id='line_1_66' title="bbox 2151 4932 3442 5010; baseline 0.005 -17"><span class='ocrx_word' id='word_1_493' title='bbox 2151 4936 2225 4993; x_wconf 88' lang='lat' dir='ltr'>ad</span> <span class='ocrx_word' id='word_1_494' title='bbox 2248 4936 2545 5010; x_wconf 86' lang='lat' dir='ltr'>justitiam</span> <span class='ocrx_word' id='word_1_495' title='bbox 2573 4932 2802 4995; x_wconf 80' lang='lat' dir='ltr'>existat.</span> <span class='ocrx_word' id='word_1_496' title='bbox 3436 5002 3442 5008; x_wconf 66' lang='grc'><strong><em>,</em></strong></span> 
     </span>
    </p>
   </div>
   <div class='ocr_carea' id='block_1_67' title="bbox 2223 5023 3811 5100">
    <p class='ocr_par' dir='ltr' id='par_1_67' title="bbox 2223 5023 3811 5100">
     <span class='ocr_line' id='line_1_67' title="bbox 2223 5023 3811 5100; baseline -0.001 -17"><span class='ocrx_word' id='word_1_497' title='bbox 2223 5026 2319 5083; x_wconf 87' lang='grc' dir='ltr'>ΙΙΙ.</span> <span class='ocrx_word' id='word_1_498' title='bbox 2344 5026 2527 5083; x_wconf 85' lang='lat' dir='ltr'>Nemo</span> <span class='ocrx_word' id='word_1_499' title='bbox 2547 5027 2811 5100; x_wconf 88' lang='lat' dir='ltr'>predam,</span> <span class='ocrx_word' id='word_1_500' title='bbox 2834 5033 2936 5085; x_wconf 87' lang='lat' dir='ltr'>aut</span> <span class='ocrx_word' id='word_1_501' title='bbox 2956 5028 3178 5086; x_wconf 80' lang='lat' dir='ltr'>furtum</span> <span class='ocrx_word' id='word_1_502' title='bbox 3201 5028 3262 5084; x_wconf 89' lang='lat' dir='ltr'>in</span> <span class='ocrx_word' id='word_1_503' title='bbox 3283 5030 3412 5085; x_wconf 82' lang='lat' dir='ltr'>eam</span> <span class='ocrx_word' id='word_1_504' title='bbox 3435 5027 3707 5099; x_wconf 83' lang='lat' dir='ltr'>inducat,</span> <span class='ocrx_word' id='word_1_505' title='bbox 3719 5023 3811 5082; x_wconf 88' lang='lat' dir='ltr'>vel</span> 
     </span>
    </p>
   </div>
   <div class='ocr_carea' id='block_1_68' title="bbox 2152 5108 3813 5188">
    <p class='ocr_par' dir='ltr' id='par_1_68' title="bbox 2152 5108 3813 5188">
     <span class='ocr_line' id='line_1_68' title="bbox 2152 5108 3813 5188; baseline -0.001 -15"><span class='ocrx_word' id='word_1_506' title='bbox 2152 5109 2493 5173; x_wconf 80' lang='lat' dir='ltr'>conservare</span> <span class='ocrx_word' id='word_1_507' title='bbox 2522 5115 2754 5188; x_wconf 86' lang='lat' dir='ltr'>audeat,</span> <span class='ocrx_word' id='word_1_508' title='bbox 2788 5116 2901 5173; x_wconf 86' lang='lat' dir='ltr'>nisi</span> <span class='ocrx_word' id='word_1_509' title='bbox 2941 5108 3280 5177; x_wconf 81' lang='lat' dir='ltr'>redditurus</span> <span class='ocrx_word' id='word_1_510' title='bbox 3322 5116 3617 5176; x_wconf 79' lang='lat' dir='ltr'>rationem</span> <span class='ocrx_word' id='word_1_511' title='bbox 3647 5114 3813 5179; x_wconf 83' lang='lat' dir='ltr'>omni</span> 
     </span>
    </p>
   </div>
   <div class='ocr_carea' id='block_1_69' title="bbox 2154 5194 3749 5275">
    <p class='ocr_par' dir='ltr' id='par_1_69' title="bbox 2154 5194 3749 5275">
     <span class='ocr_line' id='line_1_69' title="bbox 2154 5194 3749 5275; baseline 0.001 -16"><span class='ocrx_word' id='word_1_512' title='bbox 2154 5194 2457 5275; x_wconf 72' lang='lat' dir='ltr'>quaerenti.</span> <span class='ocrx_word' id='word_1_513' title='bbox 3128 5270 3134 5275; x_wconf 31' lang='grc' dir='ltr'><strong>λ</strong></span> <span class='ocrx_word' id='word_1_514' title='bbox 3744 5272 3749 5275; x_wconf 16' lang='grc' dir='ltr'><strong>Α</strong></span> 
     </span>
    </p>
   </div>
   <div class='ocr_carea' id='block_1_70' title="bbox 2224 5270 3817 5370">
    <p class='ocr_par' dir='ltr' id='par_1_70' title="bbox 2224 5270 3817 5370">
     <span class='ocr_line' id='line_1_70' title="bbox 2224 5270 3817 5370; baseline 0 -19"><span class='ocrx_word' id='word_1_515' title='bbox 2224 5291 2318 5351; x_wconf 75' lang='grc' dir='ltr'>ΠΙ.</span> <span class='ocrx_word' id='word_1_516' title='bbox 2348 5270 2561 5352; x_wconf 73' lang='lat' dir='ltr'>Nullus</span> <span class='ocrx_word' id='word_1_517' title='bbox 2610 5282 2907 5370; x_wconf 76' lang='lat' dir='ltr'>captivum</span> <span class='ocrx_word' id='word_1_518' title='bbox 2950 5270 3307 5367; x_wconf 73' lang='lat' dir='ltr'>introducat,</span> <span class='ocrx_word' id='word_1_519' title='bbox 3348 5292 3464 5354; x_wconf 84' lang='lat' dir='ltr'>nisi</span> <span class='ocrx_word' id='word_1_520' title='bbox 3511 5272 3817 5370; x_wconf 84' lang='lat' dir='ltr'>presentet</span> 
     </span>
    </p>
   </div>
   <div class='ocr_carea' id='block_1_71' title="bbox 2152 5404 3819 5494">
    <p class='ocr_par' dir='ltr' id='par_1_71' title="bbox 2152 5404 3819 5494">
     <span class='ocr_line' id='line_1_71' title="bbox 2152 5404 3819 5494; baseline 0.001 -22"><span class='ocrx_word' id='word_1_521' title='bbox 2152 5415 2316 5494; x_wconf 85' lang='lat' dir='ltr'>villes</span> <span class='ocrx_word' id='word_1_522' title='bbox 2345 5412 2495 5494; x_wconf 83' lang='lat' dir='ltr'>pour</span> <span class='ocrx_word' id='word_1_523' title='bbox 2523 5408 2807 5494; x_wconf 55' lang='lat' dir='ltr'>etreville</span> <span class='ocrx_word' id='word_1_524' title='bbox 2835 5409 2983 5494; x_wconf 57' lang='lat' dir='ltr'>libre</span> <span class='ocrx_word' id='word_1_525' title='bbox 3016 5435 3030 5476; x_wconf 89' lang='lat'><strong>:</strong></span> <span class='ocrx_word' id='word_1_526' title='bbox 3063 5408 3126 5494; x_wconf 77' lang='lat' dir='ltr'>Ia</span> <span class='ocrx_word' id='word_1_527' title='bbox 3148 5411 3211 5485; x_wconf 73' lang='lat' dir='ltr'>eo</span> <span class='ocrx_word' id='word_1_528' title='bbox 3249 5404 3456 5494; x_wconf 64' lang='lat' dir='ltr'>honore</span> <span class='ocrx_word' id='word_1_529' title='bbox 3482 5404 3711 5494; x_wconf 62' lang='lat' dir='ltr'>condita</span> <span class='ocrx_word' id='word_1_530' title='bbox 3730 5404 3819 5494; x_wconf 60' lang='grc' dir='ltr'><strong><em>βε</em></strong></span> 
     </span>
    </p>
   </div>
   <div class='ocr_carea' id='block_1_72' title="bbox 2153 5487 3678 5619">
    <p class='ocr_par' dir='ltr' id='par_1_72' title="bbox 2153 5487 3678 5619">
     <span class='ocr_line' id='line_1_72' title="bbox 2153 5487 3678 5619; baseline 0.002 -75"><span class='ocrx_word' id='word_1_531' title='bbox 2153 5487 2471 5619; x_wconf 56' lang='grc' dir='ltr'>Ανρσηξῖηα,</span> <span class='ocrx_word' id='word_1_532' title='bbox 2516 5496 2577 5547; x_wconf 90' lang='lat' dir='ltr'>ut</span> <span class='ocrx_word' id='word_1_533' title='bbox 2618 5488 2792 5549; x_wconf 76' lang='lat' dir='ltr'>libera</span> <span class='ocrx_word' id='word_1_534' title='bbox 2837 5493 3030 5549; x_wconf 72' lang='lat' dir='ltr'>civitas</span> <span class='ocrx_word' id='word_1_535' title='bbox 3076 5493 3168 5563; x_wconf 80' lang='lat' dir='ltr'>sit,</span> <span class='ocrx_word' id='word_1_536' title='bbox 3197 5506 3259 5548; x_wconf 86' lang='lat' dir='ltr'>eo</span> <span class='ocrx_word' id='word_1_537' title='bbox 3306 5487 3447 5565; x_wconf 84' lang='lat' dir='ltr'>quod</span> <span class='ocrx_word' id='word_1_538' title='bbox 3494 5487 3678 5548; x_wconf 71' lang='lat' dir='ltr'>omnis</span> 
     </span>
     <span class='ocr_line' id='line_1_73' title="bbox 2153 5576 2406 5619; baseline -0.016 0"><span class='ocrx_word' id='word_1_539' title='bbox 2153 5576 2262 5619; x_wconf 80' lang='lat' dir='ltr'>mo.</span> <span class='ocrx_word' id='word_1_540' title='bbox 2296 5578 2327 5617; x_wconf 88' lang='lat' dir='ltr'>e</span> <span class='ocrx_word' id='word_1_541' title='bbox 2354 5577 2406 5617; x_wconf 89' lang='lat' dir='ltr'>c.</span> 
     </span>
    </p>
   </div>
   <div class='ocr_carea' id='block_1_73' title="bbox 2152 5576 2406 5631">
    <p class='ocr_par' dir='ltr' id='par_1_73' title="bbox 2152 5576 2406 5631">
     <span class='ocr_line' id='line_1_74' title="bbox 2152 5576 2406 5631; baseline -0.016 -12"><span class='ocrx_word' id='word_1_542' title='bbox 2152 5576 2262 5631; x_wconf 81' lang='lat' dir='ltr'>mo,</span> <span class='ocrx_word' id='word_1_543' title='bbox 2296 5576 2406 5619; x_wconf 76' lang='lat' dir='ltr'>etc.</span> 
     </span>
    </p>
   </div>
  </div>
