4060 6170
232 342 330 403 589

1476 334 1723 395 LEGES
1766 334 2315 399 MUNICIPALES.

3487 337 3605 398 590

288 466 503 527 XXXVI.
538 466 599 521 Si
630 467 762 539 quis
794 468 1092 523 concivem
1126 484 1301 523 suum
1334 467 1459 523 sine
1504 468 1725 538 judice,
1759 465 1845 521 vel
1878 467 1931 533 Α
1963 466 2301 538 pelliﬁcum,
2353 466 2905 538 cyrothecariorum,
2956 471 3247 535 sutorum,
3281 467 3606 541 fabrorum,

229 554 657 628 nunciojudicis
690 554 842 611 infra
872 561 1037 629 septa
1064 557 1277 612 domus
1309 573 1433 623 sue,
1468 555 1554 610 vel
1586 555 1716 611 atrii
1760 555 1851 609 sui

230 656 422 706 temere
450 642 745 712 invaserit,
777 649 1089 717 componet
1111 645 1303 717 judici
1343 645 1588 718 triginta
1633 643 1852 700 solidos

229 754 319 811 pro
346 731 550 790 frevela
579 749 594 787 :
623 731 731 800 illi,
765 749 941 805 quem
989 732 1286 802 invaserit,
1322 737 1633 806 componet
1680 748 1850 787 suam

229 825 467 882 missetat
498 822 613 889 (12)
646 820 1022 893 triplicatam.
1048 878 1055 893 ι

286 909 536 971 XXXVII.
574 911 639 964 In
671 925 875 979 omnes
905 910 1101 967 curias
1133 910 1379 966 fratrum
1430 910 1500 965 de
1551 908 1849 974 claustris,

225 1003 301 1060 vel
329 998 906 1071 ministerialium,in
937 999 1155 1072 quibus
1186 999 1300 1072 ipsi
1328 998 1706 1071 corporaliter
1732 1014 1848 1052 non

225 1089 611 1153 habitaverint,
636 1089 740 1159 jus
770 1087 947 1143 habet
977 1087 1283 1155 scultctus,
1316 1087 1402 1142 vel
1429 1088 1613 1159 judcx
1641 1103 1846 1142 vocan-

226 1182 277 1237 di
306 1180 372 1235 ad
393 1177 685 1249 judicium
718 1181 775 1231 et
805 1178 1047 1249 cogendi
1083 1177 1551 1232 inbabitatorcm.

286 1266 563 1323 XXXVIII.
599 1264 901 1339 Similiter,
928 1271 985 1320 et
1016 1266 1317 1321 ministros
1350 1267 1591 1321 fratrum
1620 1266 1691 1319 de
1712 1281 1849 1336 quo-

227 1372 432 1427 cunque
462 1353 720 1409 claustro
743 1354 846 1424 jus
872 1354 1049 1409 habet
1069 1354 1374 1425 judicandi
1403 1355 1472 1408 de
1503 1353 1665 1425 ipsis,
1700 1350 1852 1407 scili-

228 1450 306 1502 cet
332 1446 385 1499 in
417 1442 611 1498 causis
644 1442 1071 1514 pertinentibus
1102 1443 1173 1497 ad
1226 1446 1635 1509 mercaturam,
1672 1442 1721 1497 si
1751 1458 1847 1496 vo-

224 1535 340 1590 lunt
358 1548 479 1588 esse
514 1535 888 1587 mercatores.

283 1620 506 1680 XXXIX.
559 1620 903 1692 Quicunque
953 1620 1253 1676 intraverit
1284 1620 1576 1677 civitatem
1624 1620 1851 1676 debitor

222 1709 452 1767 existens
481 1707 738 1780 alicujus
760 1706 1039 1775 hominis,
1074 1706 1124 1763 si
1156 1708 1424 1781 pulsatus
1451 1708 1623 1763 fuerit
1652 1724 1847 1764 coram

214 1799 412 1873 judice,
432 1796 869 1865 canonicus,vel
902 1796 1393 1865 ministerialis,’in
1420 1798 1590 1868 cujus
1607 1798 1848 1852 domum
1878 1840 1926 1905 Β

328 1887 351 1905 ρ
498 1885 715 1905 L___-_
750 1884 985 1905 ,μμ-,ει
1441 1902 1558 1905 ,μμ
1602 1903 1673 1905 ___
1707 1885 1835 1905 ιι-.-

219 1887 303 1943 ille
326 1887 466 1943 forte
498 1885 717 1957 hospes
750 1884 1007 1953 intravit,
1044 1885 1404 1957 presentabit
1433 1902 1566 1940 eum
1599 1885 1844 1941 sculteto

218 1978 279 2032 ad
308 1975 602 2049 justiciam
638 1991 651 2030 :
682 1974 836 2047 quod
869 1973 917 2031 si
949 1991 1063 2030 non
1093 1975 1310 2042 fecerit,
1345 1991 1449 2047 pro
1482 1974 1577 2029 illo
1612 1991 1845 2047 respon-

216 2065 332 2120 dere
359 2062 677 2120 tenebitur.

272 2153 375 2210 XL.
407 2152 690 2209 Omnium
723 2152 1212 2225 compositionum
1244 2153 1529 2208 factarum
1564 2170 1666 2224 pro
1689 2154 1843 2207 furto

211 2249 261 2298 et
288 2259 384 2316 pro
414 2241 634 2298 frevela
664 2242 775 2297 due
805 2246 1000 2313 partes
1032 2246 1171 2297 sunt
1200 2241 1503 2308 causidici,
1538 2240 1708 2296 tertia
1742 2242 1842 2295 ad-

212 2332 398 2387 vocati.
432 2334 495 2385 In
531 2329 750 2402 quibus
782 2328 917 2384 talis
965 2334 1056 2385 est
1104 2330 1388 2385 servanda
1431 2329 1749 2397 distinctio.
1783 2330 1842 2384 Si

214 2417 545 2491 compositio
578 2417 734 2472 facta
763 2416 938 2472 fuerit
967 2416 1265 2483 advocato,
1294 2418 1422 2488 ejus
1452 2422 1539 2471 est
1590 2415 1844 2471 dividere

211 2505 311 2561 sibi
340 2506 584 2562 terciam
615 2511 862 2577 partem,
898 2504 1192 2561 causidico
1225 2505 1537 2577 duas.Ipse
1565 2506 1721 2560 enim
1757 2522 1846 2560 ac-

211 2594 368 2667 cipiet
394 2592 886 2667 compositionem
918 2592 1032 2649 sibi
1061 2593 1297 2661 factam,
1333 2599 1394 2649 et
1431 2610 1845 2666 quamcunque

210 2700 488 2741 summam
521 2685 588 2740 in
619 2683 957 2756 accipienda
976 2682 1398 2755 compositione
1428 2683 1552 2756 ipse
1570 2684 1845 2739 formave-

210 2771 294 2841 rit,
326 2773 441 2829 sive
487 2788 756 2846 parvam,
790 2772 909 2828 sive
958 2788 1255 2844 magnam,
1301 2769 1463 2826 illam
1511 2770 1846 2826 causidicus

210 2878 305 2917 nec
352 2862 645 2929 minuere,
679 2877 785 2916 nec
826 2877 1037 2933 augere
1083 2860 1338 2928 debebit,
1372 2860 1475 2915 sed
1522 2864 1709 2915 ratam
1740 2859 1844 2914 ha-

211 2947 377 3006 bebit.

267 3038 401 3095 XLI.
432 3040 474 3094 E
507 3038 828 3105 contrario,
863 3038 911 3092 si
944 3037 1097 3092 facta
1126 3037 1301 3092 fuerit
1339 3038 1683 3109 compositio
1734 3038 1845 3110 ipsi

208 3128 506 3195 causidico,
526 3129 664 3200 ejus
694 3126 804 3182 erit
828 3127 931 3198 jus
962 3126 1226 3198 accipere
1261 3127 1407 3181 duas
1439 3131 1719 3199 partes,et
1740 3132 1846 3180 ter-

1962 554 2610 621 molcndinariorum,et
2638 572 2839 610 eorum
2864 556 2964 627 qui
2992 555 3213 629 faciunt
3231 556 3609 613 vasavinaria

1961 648 2019 698 et
2041 643 2315 715 picarios,
2342 649 2399 699 et
2427 643 2527 716 qui
2562 648 2815 716 purgant
2843 644 3092 715 gladios,
3125 648 3183 700 et
3213 645 3313 716 qui
3345 646 3608 701 vendunt

1961 748 2154 803 poma,
2188 736 2245 788 et
2273 749 2606 804 cauponum
2640 732 2849 804 (14).Ει
2879 733 2950 789 de
2978 733 3201 788 eisdem
3231 732 3409 789 habet
3437 737 3607 805 pote-

1961 822 2173 875 statem
2199 819 2583 891 judicandi,si
2606 822 2748 893 quid
2773 820 3123 894 deliquerint
3150 822 3210 877 in
3229 822 3439 878 officiis
3455 822 3601 878 suis.

2028 908 2190 964 XLV.
2230 910 2417 965 Locus
2448 914 2643 964 autem
2667 909 3046 981 judicationis
3075 913 3133 965 et
3179 910 3606 967 emendationis

1958 1012 2160 1052 eorum
2192 1002 2282 1052 est
2311 996 2371 1052 in
2404 997 2626 1069 palacio
2656 996 2935 1070 episcopi.

2028 1084 2216 1140 XLVI.
2239 1085 2297 1140 Si
2330 1085 2430 1156 qui
2455 1102 2589 1140 vero
2622 1085 3015 1156 prcdictorum
3050 1086 3446 1143 inobedientes
3468 1088 3603 1143 facti

1958 1172 2174 1228 fuerint
2206 1174 2565 1245 burcgravio,
2600 1174 2724 1245 ipse
2755 1191 2993 1229 causam
3026 1176 3211 1231 defert
3260 1176 3331 1231 ad
3379 1175 3602 1248 episco-

1958 1279 2120 1333 pum.

2028 1350 2243 1405 XLVII.
2279 1351 2422 1406 Item
2455 1352 2526 1405 ad
2564 1352 2666 1422 jus
2715 1352 3041 1424 burcgravii
3084 1357 3307 1424 spectat
3351 1355 3602 1425 quedam

1960 1438 2229 1496 thelonca
2259 1439 2537 1512 accipere,
2557 1446 2619 1495 ut
2646 1440 2978 1513 gladiorum
3010 1442 3110 1514 qui
3141 1442 3366 1515 vaginis
3388 1442 3601 1499 inclusi

1959 1533 2267 1600 portantur
2295 1529 2355 1584 in
2388 1530 2510 1585 foro
2548 1530 2799 1585 venales.
2831 1530 3091 1586 Aliorum
3143 1535 3358 1600 autem,
3394 1532 3494 1603 qui
3539 1532 3602 1588 in

1959 1617 2205 1674 navibus
2254 1619 2325 1674 de
2374 1618 2632 1686 Colonia,
2682 1618 2770 1674 vel
2823 1620 3210 1691 undecunque
3270 1624 3598 1693 portantur,

1958 1706 2298 1762 theloneum
2330 1707 2575 1779 accipiet
2602 1707 3019 1764 thelonearius.

2028 1795 2266 1851 XLVIII.
2301 1797 2443 1852 Item
2475 1795 3181 1869 olei,nucum,pomorum
3213 1799 3603 1871 undecunque

1956 1885 2209 1939 adducta
2239 1884 2458 1939 fuerint
2486 1890 2545 1939 et
2573 1884 2805 1940 vendita
2824 1902 2927 1957 pro
2955 1886 3237 1954 nummis,
3262 1886 3602 1944 theloneum

1954 1972 2202 2045 accipiet
2232 1972 2635 2046 burcgravius.
2670 1973 2729 2028 Si
2760 1991 2894 2029 vero
2925 1991 3029 2046 pro
3060 1973 3199 2042 sale,
3218 1974 3307 2030 vel
3335 1975 3493 2042 vino,
3512 1976 3599 2031 vel

1955 2062 2269 2129 frumento,
2302 2060 2390 2117 vel
2432 2078 2789 2133 quocunque
2838 2061 2951 2118 alio
2994 2062 3188 2135 precio
3218 2064 3455 2119 vendita
3485 2064 3604 2119 fue-

1954 2150 2433 2217 rint,thcloneum
2447 2151 3057 2224 dividctburegravius
3070 2168 3203 2207 cum
3223 2151 3598 2209 theloneario.

2026 2240 2216 2295 XLIX.
2252 2240 2448 2295 Preter
2477 2241 2756 2312 predicta,
2790 2240 2990 2295 omnia
3018 2239 3287 2297 thelonea
3328 2240 3443 2297 alia
3480 2257 3603 2313 per-

1954 2328 2143 2383 tinent
2174 2329 2243 2384 ad
2277 2328 2538 2384 ofﬁcium
2572 2328 2932 2396 thelonearii,
2966 2345 3092 2400 qua:
3116 2334 3310 2386 tamen
3344 2329 3495 2384 ﬁunt
3521 2330 3602 2384 di-

1954 2434 2119 2472 verso
2151 2418 2345 2472 modo.

2029 2508 2092 2562 L.
2129 2507 2188 2561 Si
2221 2507 2355 2579 quis
2386 2508 2456 2562 de
2488 2508 2618 2562 navi
2649 2525 2767 2563 una
2793 2508 2850 2562 in
2883 2507 3125 2564 alteram
3157 2509 3351 2565 navim
3378 2525 3602 2565 merca-

1956 2601 2118 2652 turas
2167 2614 2308 2652 suas
2357 2597 2814 2669 transposuerit,
2849 2597 2918 2652 de
2964 2601 3211 2669 utraque
3259 2599 3389 2654 navi
3438 2599 3603 2653 dabit

1956 2690 2208 2757 quatuor
2233 2685 2524 2741 denarios.

2027 2774 2479 2846 LI.Quicunque
2509 2778 2796 2831 mercator
2817 2776 3117 2830 transierit
3149 2775 3205 2829 in
3237 2775 3388 2829 hanc
3409 2774 3603 2830 civita-

1954 2866 2073 2917 tem
2123 2879 2257 2917 cum
2310 2863 2536 2918 soumis
2584 2863 2739 2931 suis,
2801 2862 2849 2918 si
2901 2862 3081 2918 nichil
3137 2863 3462 2918 vendiderit
3516 2862 3602 2918 vel

1955 2951 2183 3018 emerit,
2214 2951 2442 3006 nullum
2476 2951 2814 3007 theloneum
2847 2952 3028 3008 dabit.

2028 3040 2143 3095 Lll.
2179 3040 2523 3112 Quicunque
2554 3041 2625 3095 de
2652 3040 2873 3095 familia
2903 3040 3158 3099 Ecclesie
3188 3041 3367 3114 hujus
3395 3042 3500 3109 vir,
3513 3039 3602 3096 vel

1957 3129 2169 3184 mulier
2196 3130 2521 3185 vendiderit
2556 3129 2615 3184 in
2648 3129 2755 3184 hac
2785 3128 3015 3185 civitate
3046 3147 3159 3198 res,
3179 3145 3328 3201 quas
3356 3129 3446 3185 vel
3476 3146 3604 3185 ma-

204 3214 341 3271 ciam
372 3217 662 3273 advocato
691 3217 850 3271 dare.
884 3216 954 3270 Et
985 3214 1259 3270 similiter
1288 3232 1677 3287 quamcunque
1696 3231 1847 3270 com-
1875 3206 1919 3273 C
1959 3218 2134 3274 nibus
2165 3205 2288 3273 suis
2320 3218 2539 3285 fecerit,
2572 3218 2661 3273 vel
2717 3234 2830 3290 que
2878 3217 3161 3274 creverint
3189 3219 3261 3287 ei,
3296 3235 3411 3273 non
3441 3218 3606 3274 dabit

207 3304 499 3375 positionis
532 3305 665 3377 ipse
697 3320 993 3361 summam
1028 3304 1381 3372 formaverit,
1401 3305 1715 3361 advocatus
1735 3321 1852 3360 non

207 3394 470 3450 cessabit.

270 3480 433 3539 XLII.
466 3482 807 3538 Advocatus
833 3484 1030 3536 autem
1059 3498 1175 3536 non
1217 3482 1388 3537 debet
1423 3482 1690 3553 judicare
1741 3481 1853 3536 nisi

206 3569 260 3625 in
287 3569 511 3644 palacio
541 3570 829 3642 episcopi.
863 3570 1027 3636 Quod
1060 3570 1109 3625 si
1150 3570 1209 3625 in
1257 3570 1496 3625 domum
1545 3586 1712 3625 suam
1743 3568 1852 3625 ali—

208 3674 371 3731 quem
413 3660 742 3728 vocaverit,
789 3659 906 3729 ille,
957 3660 1056 3732 qui
1113 3677 1228 3715 non
1277 3660 1518 3727 venerit,
1562 3676 1677 3714 non
1726 3660 1853 3715 ideo

206 3748 516 3823 quicquam
553 3752 619 3805 et
649 3754 981 3822 componet.

271 3837 468 3910 XLIII.
503 3838 744 3894 Mortuo
774 3854 907 3893 vero
940 3837 1242 3905 advocato,
1275 3836 1363 3893 vel
1403 3841 1642 3893 vacante
1684 3836 1853 3892 advo-

210 3925 350 3984 catia
367 3942 732 4001 quocunque
750 3925 1259 3998 modo,episcopus
1272 3925 1392 3981 null
1403 3943 1498 3981 um
1512 3926 1855 3982 advocatum

210 4030 418 4086 ponere
450 4016 633 4073 debet
661 4016 787 4071 sine
817 4013 1093 4070 electione
1122 4018 1178 4071 et
1214 4030 1501 4070 consensu
1551 4013 1858 4070 canonico-

210 4120 354 4175 rum,
385 4103 874 4162 ministerialium
906 4107 963 4159 et
991 4104 1374 4176 burgensium
1405 4105 1539 4173 (I3).

330 4193 533 4250 XLIV.
568 4195 647 4249 De
675 4193 855 4264 ofﬁcio
885 4191 1195 4264 burcgraviz'
1222 4200 1273 4248 et
1304 4192 1560 4249 Theloneo
1588 4194 1725 4264 ejus.

278 4281 365 4338 Ad
389 4282 665 4339 ofﬁcium
690 4280 1019 4354 burcgravii
1039 4280 1294 4353 pertinet
1314 4297 1526 4352 ponere
1548 4281 1861 4353 magistros

212 4371 469 4427 omnium
493 4370 836 4428 ofﬁciorum
857 4369 1048 4425 ferein
1062 4368 1454 4438 urbe,scilicet
1474 4368 1859 4437 sellariorum,

1962 3305 2320 3363 theloneum.
2354 3306 2424 3362 Et
2453 3306 2501 3362 si
2535 3306 2676 3378 quid
2707 3307 2914 3363 emerit
2944 3310 3016 3362 ad
3050 3324 3198 3378 opus
3228 3324 3425 3375 suum,
3447 3308 3602 3380 quod

1961 3394 2159 3467 gracia
2188 3394 2332 3451 lucri
2358 3396 2604 3456 vendere
2643 3395 2915 3463 noluerit,
2948 3394 3219 3452 similiter
3264 3395 3603 3453 theloneum

1962 3500 2078 3538 non
2111 3484 2293 3539 dabit.
2328 3484 2387 3539 Si
2437 3484 2571 3556 quis
2616 3489 2809 3540 tamen
2842 3484 3189 3556 imposuerit
3216 3485 3290 3553 ei,
3324 3485 3482 3558 quod
3513 3502 3606 3542 res

1963 3572 2194 3628 vendite
2225 3572 2336 3626 sibi
2371 3588 2486 3627 non
2540 3572 2839 3640 creverint,
2875 3573 2946 3627 ab
2976 3572 3104 3644 ipso
3153 3573 3302 3629 facte
3333 3590 3448 3629 non
3480 3574 3605 3630 fue-

1964 3661 2104 3725 rint,
2135 3658 2225 3715 vel
2259 3677 2437 3717 causa
2464 3657 2611 3716 lucri
2642 3659 2868 3728 emerit,
2902 3659 3155 3732 simplici
3186 3677 3365 3717 manu
3408 3678 3518 3718 sua
3544 3678 3608 3718 se

1963 3748 2328 3821 expurgabit.

2038 3836 2182 3892 LIII.
2216 3836 2276 3892 Si
2304 3826 2437 3908 quis
2467 3837 2691 3905 emerit,
2716 3836 2804 3893 vel
2834 3836 3157 3893 vendiderit
3186 3838 3330 3893 citra
3348 3838 3608 3909 quinque

1966 3925 2205 3993 solidos,
2236 3924 2572 3981 theloneum
2605 3942 2719 3980 non
2752 3926 2931 3981 dabit.

2040 4014 2179 4071 LIV.
2213 4013 2294 4070 De
2324 4013 2582 4086 quinque
2609 4013 2814 4070 solidis
2845 4030 3156 4070 nummum
3190 4013 3372 4084 dabit,
3406 4014 3477 4072 de
3523 4019 3609 4071 ta-

1969 4104 2126 4161 lento
2159 4108 2433 4176 quatuor,
2461 4104 2531 4159 de
2560 4120 2709 4175 equo
2733 4108 3005 4175 quatuor,
3036 4105 3106 4160 de
3138 4103 3299 4161 mulo
3340 4108 3611 4177 quatuor,

1972 4194 2042 4248 de
2074 4194 2241 4249 asino
2271 4192 2599 4248 denarium.

2044 4283 2155 4338 LV.
2191 4281 2553 4337 Theloneum
2584 4282 2654 4337 de
2681 4280 3034 4337 carbonibus
3054 4287 3111 4338 et
3140 4284 3211 4339 de
3243 4299 3464 4356 canapo
3495 4282 3613 4339 the-

1970 4371 2264 4428 loncarius
2290 4388 2406 4426 non
2435 4371 2833 4444 accipit,quod
2856 4371 3113 4443 episcopi
3143 4371 3618 4443 bucusquesum-

277 4514 392 4584 (12)
423 4513 694 4587 Ηὶδεειαζ.
727 4512 803 4568 Ce
831 4515 955 4587 mot
988 4510 1248 4587 Δε’,ἰεῃὶῐίθΔ
1277 4527 1392 4587 une
1438 4511 1735 4587 mauvaise
1764 4529 1868 4587 ac:
1897 4573 1940 4587 ἢ
1974 4514 2961 4587 shovii,(obscrvat.l_2,pag.729),et
2984 4513 3612 4587 Wenqherumdeljsbur.

215 4573 465 4659 tionfou
491 4602 616 4641 une
646 4585 809 4659 fante
835 4573 1469 4659 crimine'lle;_Schtlteri
1508 4591 1559 4659 et
1596 4584 1869 4659 Ηᾳιιαςιδὶἱ
1897 4573 1945 4638 D
1974 4573 2486 4659 gergifv,'(‘pag.q2li_)_,
2537 4573 2956 4659 le‘bo’urgra've
3004 4586 3075 4640 de
3124 4585 3378 4659 l'évéque
3425 4585 3617 4659 devait

216 4652 507 4729 Glossaria,
545 4670 683 4729 pag.
715 4656 823 4729 590
850 4659 909 4710 et
939 4656 1100 4729 I352.
1129 4653 1363 4729 Missam
1407 4655 1599 4729 derivo
1629 4655 1700 4710 de
1730 4655 1862 4723 that,

214 4726 519 4799 actiontet
545 4724 655 4782 'de
689 4728 823 4799 mis;
854 4725 955 4799 qui
985 4726 1179 4799 ajoute
1210 4729 1245 4781 ὸ.
1273 4725 1506 4781 l'action
1539 4724 1595 4781 la
1627 4743 1866 4799 marque

214 4795 278 4852 de
306 4797 719 4853 méchanceté.
761 4795 1050 4869 Wetbhteﬁ
1076 4796 1431 4863 Glossarium,
1464 4813 1593 4869 pag.
1633 4795 1792 4852 1082'.

278 4869 390 4940 (13)
421 4870 502 4924 Ce
533 4873 675 4941 mot
692 4885 763 4925 ne
778 4868 1019 4941 signiﬁe
1049 4884 1271 4941 pasqen
1317 4867 1582 4941 generali
1602 4874 1735 4924 tous
1786 4868 1868 4924 les

214 4936 525 5025 bourgeois
558 4940 634 5025 de
652 4936 1389 5025 ‘la‘v‘illé,mais'seuleme:nt
1404 4940 1866 5025 lcs‘prin‘cjpaux,

215 5009 435 5067 comme
463 5009 825 5067 etantl’élite
857 5010 1466 5083 des_l_)o_urgeois.C'est
1486 5009 1869 5083 l‘expliéation

211 5095 316 5151 que
342 5084 626 5137 donnent
655 5085 689 5137 a
716 5099 779 5136 ce
809 5085 933 5136 mot
960 5081 1224 5149 Haltaiis,
1262 5082 1525 5137 Glossarii
1574 5081 1704 5152 pag.
1742 5082 1868 5149 497,

212 5155 263 5225 et
288 5152 522 5219 Moritz,
576 5152 942 5225 Abhandlung
982 5168 1105 5208 vom
1154 5153 1432 5225 Urspru-ng
1481 5152 1607 5207 decr
1652 5152 1871 5207 Rcirhs-

212 5169 263 5205 et
289 5169 522 5219 αισι-ιιι,
576 5169 906 5210 amandum
982 5169 1105 5208 vom
1154 5169 1263 5225 ursj

211 5220 407 5296 Same,
442 5227 607 5296 part.
641 5241 703 5296 ιι,
738 5240 865 5296 cap.
896 5169 954 5290 ὅ,
982 5239 1116 5296 pag.
1141 5223 1263 5278 387.

276 5294 391 5366 (14)
423 5294 612 5350 Selon
661 5295 718 5350 la
764 5294 1121 5366 transaction
1172 5296 1378 5366 passée
1426 5310 1497 5366 en
1551 5294 1688 5366 1263
1713 5297 1874 5348 entre

214 5360 469 5438 l’éveque
504 5366 689 5438 Henri
720 5366 791 5438 de
822 5360 1259 5422 Geroldseck‘et
1281 5363 1526 5438 _lauville
1570 5364 1639 5419 de
1682 5366 1873 5438 Stras-

213 5433 416 5513 bourg,
450 5435 611 5510 apud
639 5436 873 5495 Schilter
931 5438 989 5495 in
1036 5439 1179 5495 notis
1226 5436 1294 5493 ad
1326 5436 1629 5493 Clzrouicon
1669 5437 1876 5511 [famig-

1974 4656 2736 4738 veill‘erpa'rticulierement
2765 4656 2868 4738 sur
2897 4656 2981 4711 les
3022 4656 3618 4738 corpshdenmétiers,

1977 4730 2119 4784 dont
2166 4726 2531 4800 l’inspcction
2581 4726 2740 4783 seule
2770 4727 2851 4782 lui
2883 4726 3273 4800 appartenait.
3310 4726 3355 4780 Il
3387 4726 3539 4781 avait
3565 4726 3620 4782 le

1978 4800 2130 4855 droit
2161 4800 2229 4855 de
2254 4797 2595 4855 commettre
2626 4816 2698 4853 en
2731 4815 2835 4853 son
2867 4797 3003 4853 nom
3035 4798 3182 4852 dans
3213 4797 3442 4867 chaque
3473 4800 3618 4852 ma!-

1978 4871 2120 4927 trise
2152 4889 2229 4925 un
2263 4873 2469 4925 maitre
2496 4886 2644 4940 pour
2673 4872 2972 4923 connaitre
2994 4868 3378 4940 uniquemeut
3406 4868 3512 4940 des
3525 4868 3621 4923 ob-

1971 4944 2090 5013 jets
2122 4941 2342 4997 rclatifs
2374 4945 2407 5013 a
2456 4938 2560 4995 son
2609 4940 2833 4994 métier.
2865 4940 2977 5013 Les
3020 4938 3261 5013 metiers
3311 4938 3623 5013 formaient

1980 5009 2134 5068 alors
2165 5014 2310 5067 ncuf
2334 5012 2544 5076 tribus,
2578 5012 2767 5065 savoir
2798 5009 2970 5082 cellos
3002 5011 3105 5082 des
3135 5026 3493 5082 corroyeurs,
3519 5009 3622 5065 des

1982 5083 2404 5154 charpentiers,
2464 5082 2565 5154 des
2628 5080 3124 5154 tonncliers,‘des
3180 5080 3462 5154 fruitiers,
3520 5082 3625 5154 des

1982 5150 2395 5211 fourbisseurs.
2447 5152 2548 5205 des
2596 5152 2915 5218 meuniers,
2963 5151 3066 5205 des
3118 5150 3489 5218 maréchaux,
3520 5152 3625 5207 des

1984 5225 2239 5297 peintres
2270 5228 2326 5277 et
2353 5224 2455 5279 des
2477 5221 2731 5297 selliers.
2765 5224 2867 5297 Ces
2917 5221 3105 5297 tribus
3135 5222 3372 5297 é_t_aien_t,
3406 5239 3479 5276 au
3507 5227 3625 5297 xrv‘

1984 5292 2177 5363 siécle,
2212 5312 2285 5349 au
2336 5294 2577 5348 nombre
2627 5294 2698 5349 de
2747 5292 3101 5365 vingt-huit;
3134 5293 3275 5348 elles
3306 5293 3505 5349 furent
3537 5296 3625 5349 τό·

1983 5366 2176 5421 duites
2224 5382 2296 5438 en
2348 5365 2486 5438 1442
2532 5380 2607 5438 au
2653 5363 2895 5420 nombre
2926 5364 2994 5420 de
3024 5363 3437 5438 vingt-quatre,
3466 5368 3525 5422 et
3552 5382 3627 5425 en

1989 5440 2128 5495 1482
2156 5441 2189 5494 ξι
2218 5434 2366 5493 celui
2399 5435 2469 5492 de
2496 5434 2677 5511 vingt.
