4056 6178
284 389 406 455 593

279 617 560 673 dicuntur
590 612 875 687 phundig.

351 704 538 761 LXIX.
572 703 632 760 Si
663 701 797 776 quis
827 702 1005 757 etiam
1050 717 1245 756 coram
1292 699 1616 755 monetario
1648 700 1932 772 dampna-

277 795 498 852 tionem
530 809 743 849 manus
773 789 1447 864 acceperit,judicabitur
1461 788 1615 845 sicut
1644 805 1824 861 supra
1844 805 1932 845 co-

277 902 403 941 ram
436 880 753 939 causidico.

350 970 511 1027 LXX.
548 968 608 1025 Si
637 967 949 1041 episcopus
976 965 1227 1022 voluerit
1258 969 1566 1038 argentum
1598 965 1670 1021 de
1702 981 1933 1022 camera

276 1079 386 1120 sua
415 1060 677 1126 fundere,
697 1061 754 1114 et
781 1056 917 1112 inde
948 1055 1217 1112 denarios
1247 1055 1491 1127 percuti,
1513 1054 1759 1127 accipiet
1780 1052 1926 1110 illud

274 1148 557 1223 magister
599 1150 851 1215 monete,
888 1149 946 1201 et
987 1144 1204 1200 dividet
1246 1143 1400 1198 inter
1444 1142 1820 1211 monetarios,
1867 1148 1933 1199 ut

273 1240 412 1295 inde
443 1235 716 1293 denarios
745 1235 982 1292 faciant.
1014 1234 1083 1289 Et
1112 1233 1161 1290 si
1193 1232 1418 1288 denarii
1464 1237 1606 1288 sunt
1637 1232 1925 1306 phundig,

273 1328 478 1385 reddet
507 1327 579 1382 de
607 1339 806 1380 marca
833 1321 1038 1399 viginti
1071 1321 1311 1389 solidos,
1345 1321 1543 1377 minus
1575 1321 1805 1378 duobus
1838 1322 1931 1377 de-

274 1415 481 1475 nariis.

348 1503 533 1561 LXXI.
568 1502 628 1560 Si
674 1506 870 1558 autem
911 1501 971 1555 in
1016 1516 1365 1572 quocunque
1417 1501 1672 1573 pondere
1731 1499 1929 1556 leviori

273 1594 540 1670 percussi
569 1590 1048 1663 fuerint,semper
1063 1589 1296 1646 duobus
1318 1589 1573 1646 denariis
1592 1589 1791 1647 minus
1807 1590 1931 1645 red-

272 1686 447 1742 detur
475 1683 546 1738 de
576 1696 796 1737 marea.

346 1771 561 1829 LXXII.
593 1769 675 1827 De
729 1784 962 1824 camera
1021 1765 1279 1838 episcoqi
1314 1765 1813 1821 ministrabantur
1844 1764 1928 1820 eis

270 1862 577 1919 carbones.
610 1859 701 1915 Ad
731 1872 988 1915 meream
1033 1857 1250 1913 dantur
1291 1854 1405 1910 tria
1444 1853 1696 1911 sextaria
1725 1854 1926 1909 carbo-

269 1969 438 2010 num.

346 2039 865 2105 LXXIII.—Quando
897 2053 1105 2094 novam
1139 2039 1434 2092 monetam
1466 2034 1776 2107 episcopus
1798 2028 1925 2106 per-

270 2130 395 2188 cuti
403 2128 636 2203 jubet,a
652 2126 937 2200 principio
954 2124 1213 2199 quinque
1230 2121 1400 2180 solidi
1419 2123 1567 2178 fiunt
1582 2121 1640 2177 in
1658 2139 1725 2178 ea
1742 2123 1929 2179 forma

270 2225 332 2278 et
360 2218 636 2294 pondere,
670 2232 785 2290 quo
817 2219 1054 2272 moneta
1082 2231 1328 2271 cursum
1360 2218 1468 2269 est.

348 2305 734 2365 LXXIV._Hos
768 2303 1022 2360 servabit
1068 2303 1476 2376 buregravius,
1508 2302 1769 2375 quandiu
1801 2319 1925 2358 mo-

270 2402 413 2455 neta
464 2395 567 2452 illa
607 2394 863 2462 durabit,
896 2394 1128 2449 racione
1161 2396 1259 2447 ut:
1295 2391 1356 2447 Si
1386 2386 1533 2447 forte
1564 2394 1797 2447 moneta
1827 2390 1927 2448 illa

270 2485 487 2544 falsata
514 2500 643 2541 esse
687 2486 1012 2549 accusetur,
1047 2497 1150 2553 per
1205 2477 1335 2535 illos
1390 2478 1649 2551 quinque
1708 2477 1927 2536 solidos

267 2576 642 2633 examinetur
670 2577 727 2628 et
756 2570 1123 2628 certiﬁcetur.

347 2663 554 2720 LXXV.
589 2660 946 2719 Monetarius
996 2675 1227 2732 quoque
1278 2658 1524 2730 jurabit,
1560 2659 1713 2730 quod
1759 2658 1817 2713 in
1858 2675 1925 2714 eo

271 2753 532 2827 pondere
562 2755 619 2807 et
650 2750 1040 2822 forma,quam
1074 2747 1159 2804 illi
1192 2748 1450 2821 quinque
1481 2746 1651 2802 solidi
1682 2746 1922 2814 habent,

270 2845 574 2899 monetam
606 2840 683 2896 sit
711 2854 1121 2911 percussurus.

343 2929 579 2988 LXXVI.
614 2927 855 2995 Quando
897 2926 1256 2983 monetarius
1290 2926 1662 2994 ferramenta,
1697 2926 1757 2981 in
1790 2926 1924 2998 qui-

260 3022 382 3077 bus
409 3016 632 3075 denarii
667 3017 1015 3085 formantur,
1046 3014 1318 3088 episeopo
1347 3013 1688 3087 resignabit,
1726 3015 1928 3071 reddet

263 3110 325 3167 ei
355 3109 471 3165 duo
500 3106 563 3163 in
595 3105 783 3162 forma
810 3119 1190 3160 nummorum
1208 3108 1265 3159 et
1280 3103 1472 3159 duoin
1506 3102 1693 3159 forma
1722 3102 1923 3160 obulo-

262 3215 424 3264 rum.
462 3197 729 3253 Preterea
785 3191 901 3248 alia
942 3191 1143 3248 omnia
1183 3192 1267 3248 ita
1310 3209 1378 3249 ex
1420 3195 1541 3248 toto
1580 3191 1925 3265 resignabit,

262 3284 741 3360 quodjurabitse
764 3298 878 3338 non
909 3281 1123 3338 habere
1140 3280 1331 3355 plura,
1348 3296 1453 3337 nec
1485 3281 1635 3337 scire
1663 3280 1921 3354 aliquem
1952 3271 1995 3338 C

260 3375 508 3433 habere.
544 3373 609 3430 In
639 3371 855 3445 quibus
885 3371 1069 3427 ferme
1102 3369 1451 3427 delabuntur
1472 3374 1529 3426 et
1558 3369 1920 3443 frangentur,

260 3465 717 3539 fragmentaque
739 3458 1064 3517 monetario
1086 3459 1537 3527 reddantur,aut
1554 3458 1679 3532 ipse
1696 3475 1832 3516 cum
1861 3458 1927 3515 li-

259 3552 463 3612 centia
490 3550 748 3625 episeOpi
780 3549 1007 3621 integra
1035 3552 1095 3604 et
1122 3547 1289 3604 illesa
1316 3547 1610 3605 retinebit.

344 3640 611 3698 LXXVII.
626 3638 972 3711 Quicunque
985 3638 1088 3711 jus
1112 3637 1570 3693 monetariorum
1589 3636 1805 3693 habere
1828 3638 1924 3692 de-

261 3731 493 3790 siderat
522 3728 833 3785 dimidiam
855 3742 1113 3783 marcam
1146 3725 1271 3783 auri
1307 3725 1471 3781 dabit
1501 3726 1924 3798 episcopo,mo-

262 3825 405 3879 nete
436 3817 718 3891 magistro
776 3816 1035 3889 quinque
1092 3812 1362 3871 denarios
1404 3813 1551 3883 auri,
1585 3814 1927 3871 monetariis

256 3908 477 3983 viginti
512 3905 733 3964 solidos
764 3904 957 3979 gravis
986 3909 1239 3961 monete.

342 3995 636 4055 LXXVIII.
688 3994 931 4063 Quando
987 3993 1297 4067 episcopus
1355 3997 1649 4050 monetam
1701 3996 1930 4048 mutare

259 4086 543 4154 voluerit,
575 4084 928 4141 ferramenta
984 4086 1216 4140 monete
1270 4100 1373 4155 per
1430 4099 1530 4138 sex
1571 4081 1929 4139 ebdomadas

263 4175 460 4234 dabit.

346 4263 585 4322 LXXIX.
619 4263 966 4335 Quicunque
1025 4262 1387 4318 monetarius
1446 4265 1607 4315 extra
1637 4259 1930 4315 civitatem

264 4355 555 4413 habitans
582 4354 641 4409 in
665 4351 897 4409 civitate
927 4355 1233 4424 argentum
1255 4351 1480 4418 emerit,
1488 4348 1792 4422 justiciam
1816 4366 1933 4405 mo-

264 4449 407 4503 nete
440 4441 758 4517 persolvat.

343 4531 559 4591 LXXX.
591 4529 934 4604 Quicunque
989 4546 1215 4599 muros,
1262 4529 1349 4585 vel
1403 4528 1623 4586 vallum
1685 4528 1933 4584 civitatis

266 4620 672 4695 dissipaverit,
701 4625 1008 4693 componet
1066 4619 1457 4692 quadraginta
1513 4617 1730 4674 solidos
1770 4618 1937 4675 burc-
1965 4642 2011 4707 Ι)

376 4728 498 4768 νιο.

376 4730 438 4767 v1
484 4753 498 4767 .

266 4730 587 4859 8mLXXXI.
607 4798 954 4872 Quicunque
983 4815 1161 4872 super
1190 4801 1432 4855 stratam
1465 4796 1837 4865 edificaverit,
1855 4795 1936 4853 si-

268 4889 757 4949 militerdabitad
770 4887 1243 4945 emendationem
1260 4885 1789 4961 burcgravio.Nulli
1806 4903 1939 4943 vero

268 4981 457 5039 debet
483 4977 785 5035 licentiam
813 4978 978 5035 dare.
1636 5000 1645 5005 θ

349 5066 617 5127 LXXXII.
651 5066 832 5123 Nemo
861 5067 1202 5135 ﬁmum,aut
1230 5066 1641 5139 purgationem
1673 5069 1807 5122 ante
1838 5067 1939 5122 do-

272 5175 451 5216 mum
476 5172 649 5214 suam
676 5160 874 5229 ponat,
895 5155 1009 5212 nisi
1030 5155 1230 5211 statim
1246 5156 1492 5211 educere
1506 5152 1672 5223 velit;
1687 5156 1941 5227 exceptis

270 5248 426 5305 locis
457 5247 531 5303 ad
564 5246 671 5302 hoc
702 5245 960 5313 statutis,
992 5244 1215 5301 scilicet
1235 5245 1406 5316 juxta
1436 5240 1770 5314 macellum,
1803 5245 1943 5300 item

265 5338 449 5411 juxta
478 5338 750 5392 sanetum
782 5333 1169 5408 Stephanum,
1203 5331 1461 5404 itemque
1496 5331 1668 5401 juxta
1699 5335 1942 5402 puteum

273 5427 341 5482 in
364 5425 493 5482 foro
514 5442 823 5498 equorum,
839 5429 896 5482 et
909 5424 1065 5497 apud
1082 5423 1276 5480 locum
1292 5422 1393 5494 qui
1412 5421 1628 5477 dicitur
1649 5420 1940 5477 Gewirke.

352 5512 648 5569 LXXXIII.
668 5512 905 5569 Vallum
960 5510 1213 5568 civitatis
1271 5510 1443 5566 debet
1474 5508 1535 5564 in
1567 5507 1816 5564 circuitu
1847 5509 1945 5565 ha-

274 5602 425 5659 bere
452 5604 615 5659 extra
644 5620 678 5659 a
706 5618 877 5659 muro
935 5600 1239 5674 sexaginta
1287 5600 1483 5673 pedes,
1518 5598 1680 5655 intus
1702 5597 1945 5671 triginta

276 5689 486 5765 pedes.

1570 385 1820 450 LEGES
1865 387 2418 452 MUNICIPALES.

278 526 455 584 debet
509 523 782 598 quisdam
842 537 1209 596 componere,
1244 519 1359 577 nisi
1390 537 1491 593 pro
1522 519 1796 587 denariis,
1832 520 1930 592 qui
1960 521 2017 589 Α

3581 393 3701 458 594

2118 523 2750 597 LXXXIV.Quicunque
2782 523 3189 581 molendinum
3223 525 3408 581 facere
3436 523 3703 602 voluerit,

2041 612 2340 669 licentiam
2372 631 2407 669 a
2437 614 2779 687 burcgravio
2813 619 2871 670 et
2916 632 3269 671 consensum
3318 615 3704 688 burgensium

2042 705 2246 773 queret
2279 718 2291 756 :
2324 702 2541 774 quibus
2576 703 2808 758 duobus
2839 703 3077 772 habitis,
3112 719 3355 759 aureum
3387 720 3701 763 nummum

2042 790 2386 862 burcgravio
2419 789 2601 847 dabit.

2113 879 2366 935 LXXXV.
2401 880 2582 936 Nemo
2637 881 2859 936 tribuat
2915 882 3252 937 theloneum
3302 883 3372 938 de
3400 882 3600 951 nattis,
3625 884 3699 940 de

2040 967 2240 1041 pullis,
2273 970 2344 1024 de
2374 969 2701 1037 anseribus,
2724 969 2793 1025 de
2823 969 2965 1035 ovis,
2990 969 3059 1025 de
3090 970 3297 1042 porris,
3327 971 3397 1027 de
3427 970 3695 1029 caulibus

2040 1061 2097 1113 et
2118 1056 2248 1114 aliis
2276 1058 2729 1130 quibuscunque
2761 1056 3038 1125 oleribus,
3074 1060 3144 1114 de
3175 1058 3456 1130 scutellis,
3491 1059 3561 1115 de
3587 1060 3694 1117 be-

2039 1146 2278 1216 chariis,
2310 1146 2424 1203 nisi
2455 1147 2667 1202 vendat
2695 1146 2895 1202 valens
2927 1145 3186 1219 quinque
3219 1146 3456 1204 solidos.

2112 1235 2393 1293 LXXXVI.
2428 1236 2608 1292 Nemo
2640 1253 2846 1309 porcos
2878 1237 2937 1291 in
2970 1235 3201 1293 civitate
3244 1237 3415 1293 debet
3454 1236 3687 1305 habere,

2038 1325 2153 1381 nisi
2185 1327 2400 1398 pastori
2437 1342 2534 1382 eos
2561 1325 2906 1381 committat.

2111 1415 2419 1472 LXXXVII.
2443 1414 2634 1472 Curtis
2667 1417 2883 1482 autem,
2909 1415 3009 1471 ubi
3042 1416 3201 1487 porci
3226 1419 3568 1488 pascuntur,
3602 1421 3692 1474 est

2038 1505 2189 1561 inter
2217 1509 2465 1578 portam,
2500 1522 2614 1578 que
2645 1503 2860 1560 dicitur
2887 1503 3279 1561 vellemannes
3308 1505 3603 1579 burgetor,
3636 1511 3693 1563 et

2039 1593 2213 1651 aliam
2246 1599 2473 1667 portam
2507 1593 2854 1669 proximam.

2431 1710 2765 1793 LXXXVIII.
2786 1711 2862 1766 De
2877 1711 3009 1784 jure
3032 1712 3286 1784 episcopi.

2105 1819 2189 1873 Ad
2215 1820 2318 1890 jus
2368 1818 2624 1890 episcopi
2675 1818 2947 1891 pertinet,
2981 1823 3048 1874 ut
3074 1819 3145 1873 de
3175 1816 3284 1876 hac
3326 1818 3556 1877 civitate
3580 1821 3690 1877 ha-

1956 1896 2005 1962 B
2035 1907 2171 1964 beat
2196 1907 2402 1980 viginti
2435 1911 2689 1979 quatuor
2716 1907 2959 1979 legatos,
2994 1912 3052 1963 et
3082 1907 3189 1963 hos
3220 1912 3453 1964 tantum
3484 1908 3557 1966 de
3588 1925 3685 1983 ge-

2037 2013 2172 2053 nere
2193 1997 2874 2062 mercatorum.Quorum
2905 1995 3165 2052 ofﬁcium
3189 2001 3278 2052 est
3294 1996 3448 2053 infra
3470 1997 3687 2070 episco-

2035 2089 2240 2159 patum
2260 2088 2491 2142 tantum
2516 2085 2703 2141 facere
2724 2082 3045 2157 legationes
3066 2084 3321 2158 episcopi
3336 2085 3407 2142 ad
3421 2084 3690 2145 homines

2036 2190 2200 2231 suos.
2222 2174 2330 2241 Qui
2356 2173 2404 2229 si
2426 2174 2753 2246 dampnum
2770 2173 3004 2230 interim
3022 2173 3258 2247 aliquod
3276 2174 3434 2247 passi
3450 2173 3686 2245 fuerint,

2034 2264 2119 2320 vel
2142 2263 2203 2320 in
2226 2280 2500 2336 persona,
2519 2262 2606 2319 vel
2633 2262 2691 2318 in
2713 2263 2889 2319 rebus
2912 2263 3056 2331 suis,
3094 2279 3242 2336 quas
3263 2263 3321 2319 in
3347 2262 3552 2321 itinere
3579 2265 3689 2322 du-

2034 2353 2244 2418 xerint,
2276 2353 2586 2425 episcopus
2617 2352 2789 2408 debet
2819 2352 2903 2408 eis
2936 2354 3260 2409 restituere.

2107 2440 2386 2498 LXXXIX.
2413 2441 2636 2498 Debent
2658 2440 2877 2514 singuli
2898 2441 3145 2514 singulis
3166 2441 3693 2516 annishujusmodi

2033 2529 2322 2603 legatione
2351 2534 2441 2585 ter
2466 2528 2631 2602 fungi
2663 2545 2797 2584 eum
2830 2529 3099 2600 expensis
3157 2528 3434 2602 episcopi.
3469 2529 3593 2587 Hiis
3621 2546 3692 2588 ex

2035 2622 2199 2692 parte
2224 2617 2483 2690 episcopi
2507 2617 2642 2672 talis
2674 2617 2859 2672 honor
2884 2617 3249 2673 exhibendus
3301 2621 3408 2685 est,
3440 2619 3596 2691 quod
3626 2619 3689 2675 in

2034 2708 2158 2763 suis
2190 2705 2867 2779 festivitatibus,quando
2889 2705 3157 2761 homines
3179 2721 3318 2762 suos
3342 2705 3687 2778 invitaverit,

2034 2797 2248 2854 debent
2277 2796 2557 2851 honestas
2587 2810 2783 2850 coram
2814 2794 2940 2866 ipso
2972 2794 3139 2850 sedes
3171 2792 3385 2850 habere
3415 2794 3488 2850 ad
3518 2810 3689 2867 pran-

2033 2886 2220 2953 dium,
2253 2889 2317 2941 ut
2345 2884 2567 2941 eisdem
2626 2883 2968 2940 hominibus
3018 2881 3142 2940 suis
3173 2899 3240 2939 eo
3271 2881 3535 2941 nociores
3563 2884 3687 2942 efﬁ-

2033 2974 2285 3032 cientur.

2103 3064 2211 3120 XC.
2235 3063 2380 3119 Cum
2404 3063 2713 3135 episcopus
2737 3062 3035 3118 intraverit
3056 3061 3370 3130 civitatem,
3403 3061 3539 3134 equi
3568 3066 3686 3120 sta-

2033 3153 2276 3210 bulandi
2308 3157 2447 3210 sunt
2477 3154 2537 3208 in
2568 3152 2862 3209 dominico
2895 3150 3145 3218 stabulo,
3175 3151 3331 3223 quod
3377 3150 3586 3224 incipit.
3612 3152 3686 3209 ab

2032 3241 2305 3317 hospitali
2330 3245 2387 3298 et
2407 3242 2671 3315 procedit
2700 3242 2761 3297 in
2794 3239 3041 3298 circuitu
3072 3239 3225 3297 muri
3256 3256 3445 3313 usque
3475 3241 3548 3298 ad
3578 3257 3687 3315 po-

2033 3332 2283 3390 merium
2314 3331 2595 3405 episcopi.

2102 3422 2238 3478 XCI.
2264 3421 2323 3478 Si
2347 3420 2543 3493 plures
2564 3420 2839 3476 habuerit
2858 3436 3062 3491 equos,
3091 3423 3398 3476 assument
3416 3435 3517 3477 eos
3546 3435 3688 3477 cau-

2032 3509 2364 3577 sidicus,vel
2380 3509 2614 3582 judiees
2636 3508 2814 3575 sui,et
2844 3506 3204 3564 marscalcus
3224 3510 3283 3563 et
3303 3506 3690 3565 stabulabunt

2033 3616 2132 3656 eos
2152 3599 2211 3654 in
2244 3598 2645 3664 domibus,ubi
2669 3596 3110 3669 peregrinorum
3140 3596 3332 3653 solent
3350 3613 3478 3653 esse
3497 3595 3691 3670 hospi-

2035 3688 2143 3745 cia.
2166 3687 2227 3744 Si
2253 3685 2452 3760 plures
2473 3701 2656 3758 equos
2677 3686 2971 3754 habuerit,
2997 3702 3113 3740 non
3137 3690 3314 3757 ponet
3331 3702 3429 3741 eos
3461 3686 3532 3741 de
3553 3687 3691 3757 jure

2035 3777 2094 3833 in
2118 3776 2416 3848 aliquibus
2436 3774 2567 3830 aliis
2590 3774 2863 3830 domibus
2882 3773 3273 3842 civitatis,nisi
3297 3774 3353 3829 id
3369 3789 3473 3847 per
3491 3788 3693 3847 preces

2036 3866 2296 3923 obtinere
2327 3865 2561 3938 poterit.

2106 3954 2269 4011 XCII.
2303 3953 2363 4010 Si
2422 3957 2617 4009 autem
2673 3953 3008 4025 imperator,
3040 3951 3129 4008 vel
3187 3968 3286 4008 rex
3328 3951 3692 4025 intraverint,

2038 4044 2172 4117 equi
2204 4042 2296 4100 sui
2328 4042 2548 4115 ubique
2577 4041 3059 4114 hospitabuntur.

2107 4132 2298 4189 XCIII.
2320 4130 2545 4187 Debent
2567 4130 2742 4186 etiam
2769 4129 2986 4203 singuli
3009 4131 3331 4203 burgenses
3352 4132 3413 4185 in
3445 4130 3695 4205 singulis

2040 4221 2211 4278 annis
2232 4217 2546 4293 quinquies
2567 4218 2795 4290 operari
2818 4234 3063 4274 numero
3086 4217 3313 4275 dierum
3328 4218 3386 4274 in
3399 4218 3694 4277 dominico

2040 4309 2511 4384 opere;exceptis
2535 4306 2876 4364 monetariis
2898 4307 3302 4380 omnibus,qui
3337 4311 3478 4364 sunt
3506 4308 3578 4365 de
3607 4308 3694 4365 fa-

2042 4398 2202 4455 milia
2223 4397 2546 4469 ecclesie,et
2576 4396 2833 4469 exceptis
2864 4395 3174 4453 duodecim
3206 4395 3361 4452 inter
3389 4395 3691 4469 pelliﬁces,

2042 4492 2099 4545 et
2129 4487 2382 4559 exceptis
2418 4484 2668 4542 sellariis
2699 4486 3061 4553 omnibus,et
3082 4487 3335 4557 quatuor
3362 4484 3515 4541 inter
3542 4500 3699 4557 cyro-

2043 4576 2354 4643 thecarios,
2390 4579 2448 4631 et
2478 4577 2730 4647 quatuor
2757 4574 2910 4631 inter
2968 4573 3267 4647 panifiees,
3302 4577 3358 4629 et
3385 4577 3514 4631 octo
3544 4572 3696 4632 inter

2043 4667 2356 4733 sutores,et
2377 4662 2557 4720 fabris
2587 4662 2883 4730 omnibus,
2905 4666 2963 4717 et
2989 4660 3371 4735 earpentariis
3399 4660 3697 4732 omnibus,

2046 4759 2105 4812 et
2133 4752 2530 4824 carnificibus,
2562 4755 2619 4808 et
2648 4750 2905 4824 eupariis
2934 4750 3293 4807 vinariorum
3321 4767 3617 4810 vasorum.

2485 4868 2669 4926 XCIV.
2705 4868 2774 4925 Cc
2800 4870 2944 4923 curti
2968 4868 3264 4925 dominica.

2119 4978 2204 5034 Ad
2234 4976 2449 5033 curtim
2480 4975 2858 5041 dominicam,
2887 4991 3000 5047 que
3054 4979 3144 5031 est
3192 4975 3345 5032 infra
3384 4975 3701 5043 civitatem,

2051 5066 2216 5124 dabit
2245 5064 2577 5121 causidicus
2607 5064 2888 5120 tredecim
2921 5064 3095 5121 boves
3112 5065 3184 5120 ad
3209 5069 3403 5121 aratra
3422 5063 3702 5138 episcopi,

2053 5171 2200 5229 quos
2221 5158 2417 5209 sumet
2439 5155 2508 5208 de
2531 5170 2668 5209 casu
2697 5153 3003 5208 hominum
3030 5152 3282 5209 Ecclesie
3305 5153 3702 5223 morientium,

2054 5250 2110 5302 et
2117 5246 2454 5316 jumentum
2488 5242 2865 5313 unum,quod
2899 5241 3177 5315 magister
3206 5243 3389 5298 curtis
3420 5242 3709 5314 equitabit

2051 5338 2110 5390 et
2141 5331 2369 5388 semina
2399 5333 2575 5387 ducet
2604 5331 2676 5385 ad
2710 5346 2903 5403 agros.

2122 5419 2278 5476 XCV.
2313 5420 2485 5475 Dabit
2513 5418 2689 5474 etiam
2723 5419 3030 5475 duodecim
3063 5437 3198 5476 sues
3230 5424 3288 5476 et
3316 5421 3466 5475 duos
3494 5434 3709 5488 verres,

2052 5526 2238 5567 unum
2298 5509 2369 5564 ad
2428 5525 2575 5580 opus
2633 5508 2911 5581 episcopi,
2946 5509 3129 5565 alium
3160 5511 3232 5565 ad
3265 5526 3414 5581 opus
3448 5509 3709 5582 burgen-

2054 5614 2230 5656 smm.

2123 5685 2301 5744 XCVI.
2333 5685 2656 5760 Episcopus
2705 5687 2766 5744 in
2814 5687 3017 5745 eadem
3066 5687 3217 5747 curti
3247 5691 3423 5762 ponet
3450 5686 3703 5746 stadela-
