4056 6178
207 499 379 557 Stant
406 502 464 556 et
494 497 741 557 millente
772 516 1086 559 numerosa
1115 501 1355 575 praemia
1384 500 1612 574 palmae,

275 591 413 655 Qua
444 589 566 645 haec
596 589 731 646 aula
760 590 885 646 suis
914 590 1172 645 conferet
1201 590 1479 647 emeritis.

209 678 311 734 Hie
344 679 598 734 redeunt
626 679 781 734 tristi
810 679 1105 735 venientia
1134 679 1360 735 lumina
1390 680 1595 747 fronti;

279 767 741 840 Morborumque
770 784 976 841 greges
1005 766 1101 824 hic
1134 769 1388 825 cecidere
1420 785 1644 841 graves.

209 856 476 914 Claudus
506 855 616 912 init
638 872 909 929 gressum
941 856 1110 914 nodis
1141 873 1421 930 compage
1448 857 1688 921 salutis;

278 946 502 1017 Hicque
527 945 690 1002 dedit
720 944 919 1002 faciles
947 950 1101 1002 terra
1130 950 1340 1019 negata
1367 944 1510 1026 vias.

206 1035 503 1092 Damonis
532 1038 592 1091 et
620 1033 823 1091 solitas
854 1035 1017 1091 furor
1045 1035 1139 1091 hic
1165 1033 1457 1108 collapsus
1490 1035 1548 1089 in
1582 1051 1756 1091 auras

282 1122 511 1181 Desinit
539 1124 598 1180 in
630 1127 888 1180 mentem
918 1125 1185 1180 membra
1215 1123 1403 1181 redire
1434 1140 1627 1180 suam.

207 1216 366 1287 Quos
388 1215 641 1287 augusta
664 1217 941 1286 premunt
961 1218 1297 1288 surgentem
1319 1214 1537 1270 damna
1548 1213 1859 1283 malorum,

281 1302 385 1358 Hic
417 1302 673 1360 reﬂuunt
702 1319 892 1359 causae
925 1304 1183 1375 corporis
1212 1307 1388 1376 atque
1418 1303 1647 1359 animae.

209 1392 271 1452 Si
314 1408 671 1465 quemquam
699 1392 988 1448 scelerum
1012 1392 1299 1466 depressit
1317 1392 1490 1465 culpa
1527 1395 1865 1464 nocentum,

282 1481 343 1547 Si
372 1482 520 1556 petit
547 1481 642 1539 hic
672 1479 925 1551 veniam,
956 1481 1094 1539 hinc
1123 1481 1322 1540 retulit
1353 1480 1671 1541 Salubrem.

1405 366 1508 428 DE
1548 365 1739 428 VITA
1782 365 1850 427 S.
1892 365 2415 430 FRODOBERTI.

3499 374 3620 441 602

1884 499 1941 567 Α
1966 500 2491 589 innumerabilium
2523 503 2732 560 retinet
2762 503 2910 565 liber
2941 506 3047 563 istc
3078 507 3369 565 bonorum

2040 589 2301 659 Praemia,
2334 591 2599 660 virtutes,
2629 592 2894 667 miraque
2923 599 3106 667 gesta,
3142 597 3341 670 dapes.

1969 681 2124 749 Quos
2156 680 2204 734 si
2238 680 2369 753 quis
2402 681 2643 738 recitare
2672 683 2833 751 velit,
2867 684 3105 741 millena
3135 693 3475 759 supersunt,

2041 768 2259 841 Pagina
2288 787 2415 842 qua:
2448 771 2629 837 siluit,
2665 789 2770 828 nec
2799 771 2948 828 liber
2977 772 3088 829 iste
3119 774 3294 830 canit.

1969 857 2115 912 Nam
2148 858 2244 929 pia
2274 859 2425 914 facta
2458 862 2640 915 sacris
2671 861 2719 915 si
2751 861 2884 933 quis
2930 863 3421 934 comprehendere
3452 864 3618 922 libris

2038 944 2246 1013 Vellet,
2280 947 2667 1006 inexhaustus
2689 948 2948 1006 vinceret
2977 951 3122 1007 hora
3150 952 3294 1009 dies.

1975 1035 2162 1090 Pauca
2189 1035 2363 1091 fidem
2397 1037 2613 1093 faciant
2645 1038 2917 1094 brevibus
2945 1040 3047 1112 qui
3077 1040 3416 1099 incredulus
3466 1043 3621 1113 istis,

2041 1124 2112 1179 Et
2143 1124 2439 1182 dubitator
2466 1127 2596 1195 erit,
2630 1145 2734 1184 nec
2767 1128 2992 1201 potiora
3014 1130 3189 1201 capit.

1971 1211 2103 1269 Jam
2132 1212 2237 1268 tibi
2268 1218 2555 1288 perpetua:
2589 1222 2865 1273 maneant
2896 1218 2952 1272 in
2984 1217 3196 1274 saecula
3225 1217 3448 1276 laudes.

2042 1302 2086 1358 Ο
2119 1304 2487 1373 Frodoberte,
2518 1308 2617 1361 tuo
2648 1311 2706 1362 et
2732 1306 3007 1363 miserere
3033 1308 3217 1381 gregi.

1973 1392 2053 1449 Te
2083 1393 2293 1449 retinet
2322 1411 2566 1468 regnum
2597 1412 2699 1468 per
2728 1395 2943 1469 gaudia
2972 1395 3147 1470 longa
3184 1414 3504 1471 supernum
3532 1415 3545 1465 ;

2044 1483 2305 1540 Tandem
2338 1483 2425 1541 fac
2453 1488 2647 1542 tecum
2678 1503 2783 1542 nos
2815 1487 3063 1543 retinere
3093 1486 3315 1561 polum.

3340 1759 3373 1775 χ

1545 1807 1954 1897 INCIPIT
2009 1808 2310 1897 VITA.

324 1990 679 2048 Frodobertus
714 1993 1042 2047 Tricassium
1072 2005 1174 2064 quo
1205 1997 1441 2061 tempore
1468 1989 1744 2059 ﬂoruerit.

300 2082 349 2135 1.
385 2081 519 2135 Fuit
561 2079 650 2135 vir
695 2080 822 2135 vita:
869 2078 1037 2136 valde
1084 2076 1454 2145 venerabilis,
1505 2076 1749 2149 egregiae
1798 2094 1865 2133 ac

206 2167 480 2242 pretiosa:
512 2167 805 2224 memoria)
830 2167 1423 2239 Frodobertus,quem
1447 2163 1730 2237 singulari
1753 2165 1867 2222 ﬂde

201 2258 263 2332 et
312 2255 605 2328 probitate
660 2254 1125 2323 sanctissimum,
1174 2255 1296 2310 cive
1337 2253 1676 2310 felicissimo
1719 2253 1863 2309 divi-

202 2344 375 2415 nitus
399 2342 699 2400 cumulata
732 2343 1138 2407 Trecassensis
1166 2342 1364 2416 oppidi
1412 2341 1588 2398 tellus
1636 2341 1861 2411 effudit,

209 2432 560 2515 parentibus
590 2432 828 2504 quidem
860 2431 1253 2489 mediocribus
1283 2431 1606 2497 ortum,sed
1634 2430 1863 2487 incom-

208 2520 466 2596 parabili
488 2520 702 2578 mentis
724 2519 909 2577 nitore
930 2519 1581 2593 clarissimum.Quippe
1598 2520 1699 2592 qui
1715 2518 1867 2575 inter

203 2609 346 2683 ipsa
380 2610 507 2682 jam
557 2613 768 2666 tenerae
815 2609 1003 2666 mtatis
1052 2608 1371 2685 primordia
1412 2626 1514 2666 vas
1561 2609 1864 2667 electionis

205 2698 699 2756 manifestissime
729 2698 1159 2774 designatus,in
1181 2698 1421 2755 infantis
1444 2702 1672 2772 pectore
1693 2699 1861 2773 spiri-

201 2787 430 2845 tualem
465 2805 531 2843 ac
561 2788 1052 2861 perfectissimum
1084 2788 1289 2863 agebet
1329 2788 1539 2857 virum,
1574 2806 1862 2846 annorum

205 2876 594 2951 exiguitatem
631 2877 960 2934 sanctitatis
992 2883 1049 2935 et
1077 2876 1274 2951 gratiae
1297 2878 1431 2934 dote
1451 2894 1858 2952 compensans.

202 2965 567 3039 Diligentius
596 2982 735 3022 sane
766 2967 1046 3039 temporis
1087 2967 1237 3023 serie
1280 2966 1557 3035 revoluta,
1590 2966 1699 3023 sub
1732 2984 1864 3040 rege

200 3069 568 3121 Francorum
594 3062 873 3122 Clodoveo
905 3064 1215 3136 Dagoberti
1264 3064 1406 3131 filio,
1449 3065 1707 3137 itemque
1734 3063 1861 3120 Clo-

200 3152 404 3213 thario
427 3151 667 3225 juniore
696 3153 959 3225 ejusdem
992 3152 1257 3210 Clodovei
1294 3152 1435 3221 ﬁlio,
1468 3153 1561 3207 hic
1593 3153 1718 3225 ipse
1770 3170 1861 3209 sa-

203 3238 419 3303 cerdos
470 3241 763 3313 pretiosus
794 3243 851 3296 et
880 3240 1065 3298 abbas
1111 3240 1364 3297 eximius
1409 3240 1866 3314 deprehenditur

208 3328 508 3397 floruisse,
537 3344 671 3385 cum
694 3330 847 3402 apud
880 3329 1178 3403 praefatam
1212 3330 1417 3386 urbem
1449 3330 1856 3387 Trecassinam
1888 3361 1930 3428 Ο

202 3415 622 3490 Ragnegisilus
652 3417 914 3491 pontifex
942 3418 1126 3474 vicem
1160 3419 1542 3492 apostolicam
1564 3418 1859 3477 ministra-

202 3510 316 3563 ret.
347 3504 483 3563 Fuit
512 3510 707 3569 autem
732 3506 887 3562 idem
922 3506 1332 3580 Ragnegisilus
1361 3508 1596 3565 natione
1622 3507 1860 3582 Aquita-

199 3593 639 3668 nus,septimus
665 3596 930 3652 decimus
936 3597 1063 3669 jam
1076 3595 1242 3652 dictae
1256 3596 1505 3653 civitatis
1516 3597 1825 3670 episcopus
1842 3615 1856 3667 ;

198 3683 268 3761 de
296 3700 419 3757 quo
448 3683 804 3749 ferturinter
821 3689 1030 3745 cetera
1049 3685 1206 3757 quod
1227 3684 1532 3742 basilicam
1563 3685 1857 3742 B.Savime

195 3773 448 3850 virginis
481 3774 542 3829 in
572 3774 755 3832 fundo
786 3775 877 3832 sui
900 3775 1057 3848 juris
1088 3775 1501 3841 construxerit,
1551 3774 1857 3831 ecclesiam

198 3864 293 3920 cui
323 3863 683 3937 praesidebat
710 3862 999 3922 heredem
1029 3864 1369 3932 instituens,
1394 3864 1454 3920 in
1484 3880 1717 3937 quaque
1749 3863 1858 3920 bo-

200 3953 447 4008 noriﬁce
478 3952 748 4025 sepultus
760 3953 939 4025 jacet.
961 3952 1118 4010 Vixit
1139 3958 1338 4010 autem
1368 3953 1430 4009 B.
1465 3952 1856 4010 Frodobertus

199 4043 311 4099 sub
351 4041 619 4115 quinque
670 4058 789 4098 suae
839 4042 1091 4098 civitatis
1118 4041 1411 4114 episcopis
1442 4041 1540 4114 (2),
1572 4058 1753 4115 asque
1785 4041 1857 4097 ad

196 4130 530 4199 Abbonem,
582 4129 682 4202 qui
729 4129 1045 4188 vicesimus
1088 4130 1317 4203 primus
1367 4130 1632 4201 ejusdem
1692 4131 1858 4187 urbis

197 4218 472 4291 pontifex
501 4218 795 4275 exstitisse
826 4219 1216 4293 cognoscitur.

400 4306 610 4362 Studiis
639 4306 895 4364 traditur.
922 4308 1115 4381 Implet
1142 4324 1299 4380 opere
1329 4308 1469 4381 quod
1496 4307 1648 4364 dicit.

266 4397 324 4450 2.
342 4394 567 4450 Verum
598 4398 665 4450 ut
695 4397 766 4451 ad
799 4413 996 4453 rerum
1029 4397 1296 4453 ordinem
1328 4413 1860 4466 recurramus,con-

198 4484 419 4546 festini,
437 4488 504 4539 ut
531 4487 670 4541 aetas
700 4484 1228 4558 pertulit,przedicti
1254 4485 1546 4558 pontificis
1570 4486 1856 4559 Ragnegi-
1894 4540 1901 4547 .

195 4572 294 4629 sili
328 4572 552 4629 scholis
582 4578 892 4646 parentnm
915 4574 1111 4631 studio
1133 4573 1614 4646 mancipatur.lbi
1639 4573 1857 4630 sanctis

196 4662 423 4720 studiis
453 4662 1106 4735 enutritus,quid.fidei,
1142 4663 1283 4735 quid
1315 4662 1625 4737 probitatis
1647 4665 1771 4735 jam
1797 4663 1856 4719 in

1893 1990 1942 2056 B
1972 1986 2347 2058 adimpleret;
2382 1984 2527 2042 illud
2545 2002 2741 2042 secum
2756 1990 2813 2043 et
2825 1987 3187 2060 frequentius
3200 1992 3258 2043 et
3272 1989 3620 2047 familiarius

1973 2075 2283 2149 replicans,
2319 2092 2435 2130 non
2466 2075 2761 2131 auditores
2789 2080 3020 2131 tantum
3049 2076 3194 2150 legis
3225 2078 3380 2149 apud
3410 2078 3619 2147 Deum,

1973 2165 2075 2221 sed
2129 2164 2373 2220 factores
2422 2165 2619 2236 potius
2661 2165 2974 2235 justiﬁcari
3009 2167 3180 2238 (Rom.
3215 2185 3278 2234 ιι,
3311 2167 3419 2236 13).
3468 2168 3619 2224 Tum

1972 2271 2105 2310 vero
2134 2269 2401 2310 cerneres
2431 2270 2565 2308 eum
2608 2253 2868 2325 priorum
2918 2252 3029 2309 sibi
3075 2255 3311 2310 Patrum
3359 2255 3624 2331 exempla

1972 2343 2239 2399 certatim
2258 2341 2591 2399 aemulanda
2613 2344 3269 2417 proponentem,vixque
3291 2345 3623 2402 discernere

1974 2433 2274 2489 sufficeres
2303 2432 2361 2487 in
2395 2449 2511 2504 quo
2541 2432 2826 2487 virtutum
2848 2448 3056 2506 genere
3078 2434 3393 2505 perfectius
3406 2433 3621 2492 emica-

1974 2524 2275 2594 ret.Atque
2306 2525 2372 2577 ut
2402 2537 2463 2577 se
2494 2526 2685 2577 totum
2709 2522 2825 2577 Deo
2858 2522 3262 2578 rationabilem
3300 2522 3621 2593 victimam,

1972 2614 2031 2665 et
2076 2609 2384 2683 spirituale
2435 2614 2718 2666 mactaret
2764 2610 3196 2679 holocaustum,
3231 2613 3302 2667 ad
3336 2629 3511 2669 usum
3560 2630 3623 2670 se

1973 2699 2262 2755 continue:
2300 2699 2582 2756 orationis
2614 2698 3257 2772 applicuit,quietisque
3284 2699 3619 2774 impatiens,

1972 2787 2357 2861 apostolicum
2388 2793 2761 2861 praeceptum,
2805 2788 2959 2861 quod
3009 2788 3135 2844 sine
3186 2789 3622 2847 intermissione

1972 2878 2261 2934 orandum
2290 2878 2459 2932 docet
2487 2877 2534 2949 (Ι
2567 2877 2739 2933 Thess.
2773 2895 2828 2944 v,
2864 2877 2972 2948 17),
3006 2894 3040 2933 a
3088 2878 3280 2950 seipse
3332 2878 3619 2951 importu-

1971 2967 2108 3023 nius
2139 2966 2428 3039 exigebat.
2461 2965 2679 3038 Jejunii
2711 2983 2845 3022 vero
2876 2967 3305 3023 observantiam
3349 2984 3466 3023 non
3496 2972 3619 3024 tam

1970 3057 2244 3128 frequens
2274 3070 2452 3129 quam
2478 3055 2793 3110 continuus
2810 3056 3343 3123 exercebat,doctus
3364 3056 3620 3114 auctori-

1969 3148 2087 3201 tate
2116 3144 2442 3209 Dominica,
2466 3144 2576 3199 hoc
2605 3143 2824 3217 duplici
2856 3144 3157 3217 pugnandi
3187 3160 3395 3218 genere
3426 3148 3624 3203 nefan-

1971 3233 2285 3289 dissimum
2319 3233 2464 3289 illud
2496 3232 2919 3289 daemoniorum
2968 3249 3154 3307 genus
3201 3251 3372 3308 posse
3408 3235 3621 3309 depelli

1973 3322 2174 3395 (Matth.
2198 3340 2335 3391 xvn,
2357 3322 2471 3393 20).
2500 3322 2849 3393 Hujusmodi
2881 3327 3240 3379 armaturam
3258 3324 3384 3396 jam
3407 3328 3535 3381 tum
3558 3326 3619 3382 in

1968 3410 2174 3467 divinae
2205 3410 2424 3467 militia:
2457 3409 2675 3466 scholis
2705 3427 2891 3467 novus
2920 3410 3135 3469 Christi
3168 3411 3337 3469 miles
3380 3414 3623 3470 adsum-

1967 3502 2245 3571 pserat,et
2273 3498 2505 3555 cceleste
2533 3515 2720 3570 nuper
2749 3499 3047 3571 professus
3086 3499 3446 3571 tirocinium,
3489 3519 3619 3560 sese

1968 3589 2038 3643 ad
2074 3587 2451 3644 debellandas
2471 3587 2804 3661 spirituales
2821 3588 3111 3661 nequitias
3133 3590 3619 3665 circumspectius

1966 3677 2351 3749 prmparabat.

2344 3769 2658 3822 timenem
2684 3767 2841 3836 signa
2869 3770 3048 3822 crucis
3073 3769 3247 3839 fugat.

2037 3853 2323 3909 3.1nterea
2347 3853 2442 3909 his
2470 3856 2591 3908 tam
2624 3853 2842 3909 sanctis
2868 3858 3108 3928 tamque
3134 3855 3373 3927 optimis
3403 3857 3619 3914 studiis

1967 3958 2083 3998 non
2114 3942 2348 3997 defuere
2368 3941 2545 3998 livida
2563 3941 2751 3999 hostis
2772 3942 2967 3999 callidi
2995 3947 3618 4002 tentamentaFuturze

1967 4029 2125 4085 enim
2157 4028 2215 4084 in
2238 4044 2305 4085 eo
2326 4030 2661 4086 sanctitatis
2691 4030 3389 4099 excellentiam,humana3
3410 4033 3618 4091 salutis

1968 4119 2339 4175 adversarius
2361 4118 2489 4189 jam
2509 4118 2571 4173 in
2588 4118 2760 4175 annis
2780 4119 3105 4192 puerilibus
3136 4120 3619 4182 invidebat.Unde

1968 4208 2123 4264 sicut
2138 4208 2265 4280 ipso
2282 4209 2659 4281 postmodum
2683 4209 2968 4266 referente
2987 4216 3352 4284 compertum
3374 4218 3463 4271 est
3482 4231 3618 4273 cum

1967 4314 2071 4369 pro
2103 4297 2382 4353 discendo
2404 4297 2683 4353 Psalterio
2714 4298 2974 4354 scholam
3003 4305 3312 4373 expeteret,
3333 4305 3535 4361 crebro
3555 4322 3622 4362 se

1966 4385 2237 4442 diabolus
2266 4387 2396 4459 ejus
2428 4386 2768 4460 aspectibus
2800 4388 3369 4463 ingerebat,pavidos
3389 4410 3491 4465 per
3509 4410 3619 4450 na-

1968 4479 2163 4530 turam
2195 4475 2424 4531 animos
2452 4475 2676 4548 ingenti
2708 4477 3006 4534 minarum
3036 4483 3095 4534 et
3124 4479 3457 4537 formidinis
3497 4487 3620 4540 arte

1967 4563 2325 4620 concutiens.
2359 4564 2574 4620 Verum
2608 4580 2753 4638 puer
2782 4564 2961 4621 divini
3012 4567 3253 4641 ingenii,
3287 4570 3618 4627 daemonicae

1968 4653 2193 4708 fraudis
2224 4657 2281 4708 et
2310 4654 2576 4709 versutiaa
2609 4671 2722 4709 non
2758 4655 3303 4730 ignarus,salutaris
3334 4658 3487 4732 signi
3511 4659 3629 4733 cly-_

194 4750 523 4825 semetipso
552 4731 896 4825 pratulerit,
928 4731 1200 4825 explicari
1234 4731 1350 4810 non
1384 4731 1861 4826 potest.Denique
1892 4731 1937 4797 Ῐ)
1967 4757 2074 4813 Ρθο
2132 4757 2247 4797 non
2306 4742 2507 4799 minus
2562 4744 2813 4800 frontem
2852 4761 3031 4817 quam
3082 4750 3283 4819 Pectus
3331 4731 3617 4818 armabali,

197 4857 407 4896 amore
434 4840 686 4907 celestis
715 4841 920 4914 patriae
953 4841 1215 4914 impense
1245 4841 1773 4915 ﬂagrans,quiquid
1797 4842 1858 4898 in

197 4929 423 4986 divinis
450 4929 803 4995 lectionibus
823 4929 1125 4987 intellectu
1146 4947 1350 5004 capere
1380 4935 1765 5005 poterat,m0x
1785 4931 1857 4988 ad

198 5018 478 5074 etl‘ectum
509 5020 697 5075 sancti
736 5018 928 5093 operis
976 5019 1407 5077 instantissime
1450 5020 1852 5079 transferebat.

199 5107 413 5181 Itaque
435 5109 725 5166 indefesso
748 5110 943 5166 studio
966 5111 1289 5182 purissima
1300 5109 1735 5183 Scripturarum
1754 5111 1857 5165 ﬂu-

199 5202 342 5253 enta
374 5198 771 5271 frequentans,
804 5198 1098 5255 interioris
1129 5198 1386 5254 hominis
1425 5200 1652 5267 faciem,
1686 5199 1854 5273 quasi

200 5286 472 5343 adhibito
503 5287 758 5360 quodam
789 5287 1270 5361 splendidissimo
1293 5287 1529 5360 speculo
1551 5304 1857 5362 compone-

1968 4829 2270 4903 Deumque
2297 4831 2408 4886 sibi
2442 4833 2770 4905 adjutorem
2800 4831 3076 4890 invocans
3116 4841 3464 4909 argumenta
3508 4837 3618 4894 ini-

1968 4918 2106 4976 mici
2135 4918 2350 4976 callida
2377 4920 2626 4977 viriliter
2654 4922 3007 4995 proterebat.
3643 4913 3646 4917 ’

2465 5008 2626 5066 Matri
2654 5013 2834 5067 visum
2864 5014 3118 5070 restituit.

2037 5100 2089 5152 4.
2122 5099 2375 5170 Jamque
2406 5103 2640 5171 tempus
2687 5102 2910 5171 aderat,
2957 5105 3023 5157 ut
3072 5102 3311 5161 lucerna
3350 5124 3475 5179 quae
3507 5110 3616 5165 sub

1966 5188 2145 5242 modii
2198 5186 2459 5243 latibulis
2509 5193 2752 5245 eatenus
2800 5191 2991 5247 fuerat
3037 5193 3345 5264 occultata,
3381 5198 3617 5257 siderea:

1965 5276 2252 5333 claritatis
2278 5278 2336 5332 in
2358 5279 2572 5351 pepulo
2587 5281 2767 5352 jubar
2790 5280 3415 5358 infunderet.Namque
3436 5292 3501 5343 ut
3521 5306 3619 5345 cu-

200 5374 337 5441 bat;
364 5375 671 5449 scelusque
688 5378 998 5449 reputabat
1012 5378 1440 5450 permaximum
1452 5423 1458 5431 ,
1470 5379 1517 5431 si
1540 5376 1624 5431 νρι
1645 5394 1854 5449 parum
1957 5366 2060 5437 jus
2071 5369 2227 5421 esset
2242 5368 2395 5437 apud
2410 5368 2593 5422 Deum
2607 5368 2798 5424 meriti
2816 5368 2985 5443 longe
3001 5371 3232 5444 lateque
3246 5372 3611 5446 claresceret,

201 5464 491 5537 quiddam
536 5465 775 5545 legeret,
810 5467 965 5539 quod
1007 5484 1123 5543 non
1170 5485 1202 5524 e
1248 5466 1490 5539 vestigio
1540 5467 1856 5522 efﬁcaciter

271 5588 355 5660 (2)
387 5589 604 5663 Nempe
634 5590 683 5647 R
764 5591 968 5661 nesilo,
994 5591 1853 5661 Leuconio,Bertoaldo,Wam-

263 5659 363 5717 iro
390 5666 442 5719 et
468 5608 944 5720 Abbonﬁelice.
1001 5664 1102 5720 qui
1139 5680 1274 5720 cum
1305 5663 1672 5720 Leudeeisilo
1700 5664 1849 5720 anti-

197 5661 363 5748 miro
390 5666 442 5719 et
468 5661 708 5739 Abbone
725 5661 944 5732 Felice,
1001 5664 1102 5736 qui
1139 5680 1274 5721 cum
1305 5663 1672 5741 Leudegisilo
1700 5664 1849 5724 anti~

1964 5453 2074 5509 sibi
2097 5453 2370 5526 placitam
2391 5456 2597 5528 puerili
2621 5457 2966 5515 innocentia:
2990 5461 3327 5533 puritatem,
3360 5480 3614 5537 superna

1964 5578 2099 5635 stite
2131 5579 2402 5636 Remensi
2451 5581 2734 5639 nonnulla
2785 5590 3182 5644 commutasse
3206 5587 3421 5661 legitur
3452 5592 3609 5665 apud,

1963 5668 2360 5733 Frodoardum
2391 5669 2493 5728 lib.
2526 5687 2590 5741 ιι,
2624 5688 2751 5747 cap.
2784 5691 2861 5730 vr.
3492 5670 3502 5678 ’
