4060 6170
438 319 558 385 603

1547 317 1878 382 ADSONIS
1923 316 2360 380 DERVENSIS
2404 317 2733 382 ABBATIS

3716 320 3845 390 604

436 454 740 530 dispositio
756 451 2094 527 dignataestmiraculodeclarare.Contigitita-
2120 453 2176 520 Α
2207 467 2373 507 suam
2407 457 2472 508 ut
2514 451 2709 509 illatas
2758 453 3004 524 injurias
3062 456 3346 528 patientia
3389 455 3664 525 vinceret,
3695 455 3848 516 illud

436 562 550 618 que
576 549 822 600 matrem
845 543 1303 614 ejus,oculorum
1329 543 1608 615 suffragio
1627 539 2090 608 destitutam,lu-

435 631 614 687 minis
627 629 1333 701 dispendiumincurrisse
1352 647 1365 696 ;
1386 647 1638 702 cumque
1664 628 1900 702 longam
1917 629 1973 682 in
1988 647 2088 683 ca:-

432 722 666 777 citatcm
691 723 916 773 noctem
942 717 1388 786 trahens,vitam
1412 735 1658 774 mmrore
1693 722 2082 786 consumeret,

430 810 521 865 die
569 807 820 880 quadam
884 805 1074 861 ﬁlium
1146 807 1296 863 inter
1355 807 1660 880 amplexus
1722 807 2082 876 demulcens,

427 898 693 953 obsecrat
731 898 795 951 ut
841 911 1019 950 manu
1069 914 1176 952 sua
1226 898 1418 952 crucis
1471 898 1706 971 signum
1743 914 1919 970 super
1947 913 2082 952 ocu-

425 985 514 1044 los
569 986 698 1057 ejus
765 983 1132 1056 exprimeret.
1205 987 1364 1052 Quod
1423 1003 1557 1042 cum
1629 985 1726 1042 ille
1783 987 2080 1053 abnueret,

425 1079 612 1130 mater
636 1091 769 1129 vero
813 1074 1210 1146 importunius
1261 1080 1620 1148 perurgeret,
1674 1077 1907 1132 tandem
1967 1092 2086 1130 ma-

423 1167 589 1219 terna
618 1165 922 1235 permotus
981 1163 1284 1230 instantia,
1345 1165 1609 1221 invocato
1659 1166 1926 1233 Domino,
1979 1183 2076 1220 sa-

422 1250 722 1306 lutiferum
755 1249 991 1321 signum
1025 1267 1202 1322 super
1248 1250 1448 1307 oculos
1498 1253 1800 1324 genitricis
1842 1270 2080 1324 expres-

422 1339 516 1397 sit.
552 1338 710 1394 Illieo
738 1338 1080 1393 cedentibus
1115 1338 1371 1395 tenebris
1401 1339 1499 1395 lux
1531 1339 1719 1395 amica
1748 1340 2075 1410 revertitur,

419 1431 478 1486 et
509 1427 731 1500 parvuli
749 1427 955 1482 merito
971 1427 1370 1500 ﬁliimagnum
1400 1430 1569 1484 matri
1598 1429 1950 1484 beneficium
1983 1447 2079 1486 cu-

420 1516 824 1574 mulatur.Hoc
842 1517 1146 1572 eonlestim
1166 1517 1515 1574 miraculum
1539 1536 1641 1590 per
1656 1523 1868 1574 cuncta
1879 1518 2077 1592 vulga-

417 1605 875 1674 tum,universos
923 1605 1160 1677 quidem
1224 1611 1460 1679 stupore
1507 1608 2072 1680 perculit,quosdam

415 1711 549 1752 vero
575 1695 752 1751 etiam
784 1695 855 1750 ad
889 1700 1102 1750 sancta:
1149 1696 1276 1750 vita:
1330 1696 1719 1752 imitationem
1766 1699 2072 1754 ardentius

417 1783 700 1841 incitavit.

675 1874 917 1930 Clericus
947 1875 1253 1930 Luxovium
1283 1882 1398 1930 tum
1425 1877 1630 1932 celebre
1653 1880 1805 1949 petit.

484 1966 538 2022 5.
573 1963 715 2018 Exin
747 1963 1208 2035 przenominatus
1239 1965 1518 2035 pontifex,
1541 1965 1836 2038 egregiam
1867 1968 1923 2020 in
1943 1968 2074 2023 ado-

415 2053 670 2110 lescente
700 2050 884 2106 animi
909 2051 1226 2124 puritatem
1249 2057 1306 2108 et
1327 2053 1662 2124 praecelsam
1696 2053 1926 2111 virtutis
1949 2056 2071 2111 effl-

415 2143 638 2199 caciam
669 2137 1345 2212 contemplatus,divinis
1369 2157 1504 2196 eum
1528 2142 1872 2199 ministeriis
1893 2144 2074 2217 impo-

415 2229 528 2286 sito
549 2227 860 2286 clericatus
882 2226 1072 2284 officio
1094 2228 1737 2300 mancipavit.Posthaac
1768 2231 2070 2290 charitatis

415 2317 809 2376 sollicitudine
852 2321 910 2373 et
956 2316 1137 2372 divini
1188 2315 1333 2372 lucri
1385 2319 1579 2374 studio
1627 2321 1944 2390 animatus,
1995 2324 2068 2379 ad

416 2406 740 2464 Luxovium
760 2404 1088 2462 cmnobium
1110 2405 1436 2478 spiritualis
1460 2408 1753 2479 profectus
1775 2410 1961 2484 gratia
1983 2411 2070 2467 di-

415 2494 602 2569 rigere
631 2494 992 2563 instituit,ut
1012 2492 1421 2567 religiosorum
1453 2495 1779 2555 imitatione
1801 2499 2067 2576 allectus,

418 2588 478 2641 et
503 2583 629 2657 ipse
659 2583 719 2639 in
748 2581 1066 2640 virtutibus
1097 2588 1399 2654 cresceret,
1434 2589 1492 2642 et
1521 2585 1743 2660 regioni
1771 2604 1892 2645 suae
1915 2594 2072 2662 post-

414 2673 659 2729 modum
691 2671 1022 2728 sanctitatis
1052 2689 1118 2728 ac
1145 2672 1518 2744 perfectionis
1550 2675 1815 2748 exempla
1850 2677 2068 2735 dulcis-

413 2763 566 2819 sima
588 2761 1186 2834 reportaret.Praaerat
1207 2765 1349 2818 tunc
1371 2763 1422 2819 ei
1445 2764 1706 2821 cmnobio
1730 2765 2069 2825 Walbertus

419 2851 624 2921 abbas,
651 2851 740 2908 vir
769 2856 828 2908 et
857 2849 1137 2925 religione
1166 2851 1417 2926 inclytus
1467 2857 1525 2910 et
1567 2856 1897 2912 sanctitatis
1937 2857 2070 2930 opi-

413 2941 591 2998 nione
620 2941 903 2998 famosus.
955 2943 1077 3008 Quo
1121 2958 1254 2998 cum
1305 2959 1374 2999 ex
1431 2948 1718 3017 praecepto
1774 2947 2068 3018 pontificis

413 3030 800 3103 pervenisset,
822 3047 858 3086 a
888 3029 1108 3086 sanctis
1140 3029 1299 3086 illius
1331 3031 1441 3088 loci
1475 3032 1744 3090 Patribus
1773 3039 1944 3107 grata
1980 3051 2072 3090 ex-

412 3117 726 3174 sultatione
756 3116 1079 3188 suscipitur
1099 3123 1276 3190 atque
1293 3118 1353 3173 in
1381 3121 1852 3194 congregationis
1872 3127 2070 3179 contu-

411 3203 680 3260 bernium
711 3203 1235 3276 deputatur.Cujus
1261 3204 1444 3260 animi
1465 3207 1684 3263 candor
1703 3212 1760 3263 et
1790 3209 2068 3281 praeclara

411 3291 760 3364 simplicitas
773 3291 933 3348 brevi
949 3292 1177 3348 cunctis
1195 3293 1840 3352 innotuit.Mirabantur
1859 3314 2062 3354 omnes

410 3381 472 3437 in
497 3382 714 3453 juvene
744 3379 1137 3437 humilitatem
1169 3381 1466 3452 eximiam,
1499 3384 1918 3442 abstinentiam
1967 3387 2062 3442 in-

412 3468 894 3542 comparabilem,
953 3469 1298 3542 patientiam
1353 3470 1733 3544 singularem,
1791 3476 2064 3548 quodque

409 3557 746 3615 cmlestibus
772 3574 1004 3632 semper
1031 3558 1296 3616 intentus
1327 3561 1636 3618 desideriis
1673 3563 1854 3620 vitam
1886 3581 2062 3639 ange-

407 3647 583 3704 licam
615 3647 767 3703 inter
795 3647 1066 3704 homines
1106 3649 1454 3722 proferebat.
1506 3652 1642 3708 Erat
1687 3669 1754 3710 eo
1801 3657 2063 3727 tempore

408 3736 897 3810 prmnominatum
929 3737 1288 3794 Luxoviense
1317 3738 1668 3809 emnobium,
1711 3741 1770 3796 in
1824 3741 2063 3800 Gallicis

406 3825 744 3901 regionibus
773 3841 920 3900 pene
953 3825 1252 3900 singulare
1284 3831 1405 3883 tam
1455 3827 1515 3883 in
1566 3829 1865 3903 religionis
1897 3832 2061 3905 apice

405 3931 586 3988 quam
617 3915 796 3972 etiam
830 3915 887 3971 in
921 3916 1272 3988 perfectione
1300 3916 1598 3973 doctrinae.
1635 3920 1760 3984 Qua
1787 3936 1856 3975 ex
1884 3937 2063 3978 causa

407 4003 667 4076 plurimi,
729 4003 945 4076 quibus
991 4004 1051 4060 in
1110 4005 1396 4061 utramvis
1448 4011 1673 4078 partem
1721 4008 2059 4090 proficiendi

407 4093 596 4149 fervor
625 4095 912 4161 inerat,ad
935 4096 1210 4151 eumdem
1235 4095 1430 4152 locum
1455 4098 1814 4154 certantibus
1848 4099 2062 4157 studiis

411 4181 673 4252 undique
704 4183 1100 4238 confluebant.

524 4269 860 4342 Simplicitas
889 4273 1004 4343 ejus
1031 4281 1277 4344 suspecta
1305 4281 1541 4330 tentatur
1567 4293 1600 4330 a
1637 4277 1950 4334 Teudoleni).

475 4359 530 4414 6.
563 4359 686 4425 Quo
717 4374 854 4432 ergo
885 4363 1144 4432 tempore
1173 4362 1233 4417 B.
1271 4363 1660 4420 Frodobertus
1691 4365 1834 4421 inibi
1870 4384 2060 4424 mora-

403 4447 598 4515 batur,
627 4447 716 4503 vir
755 4448 1116 4520 apostolicus
1149 4450 1495 4507 Bertoaldus
1528 4453 1856 4526 Lingonicm
1898 4457 2061 4514 urbis

403 4535 736 4633 episcopus,
769 4538 1086 4633 quemdam
1117 4555 1184 4633 ex
1215 4541 1476 4633 emnobio
1497 4542 1564 4633 ‘8.
1598 4543 1860 4633 Sequani
1884 4546 2057 4602 abba-
2085 4565 2136 4633 Β

401 4629 543 4693 tem,
575 4626 976 4683 Teudolenum
1009 4629 1265 4698 nomine,
1299 4630 1646 4698 eruditionis
1684 4634 1874 4704 gratia
1918 4633 2057 4692 illuc

402 4713 696 4771 destinare
724 4714 970 4770 curavit.
1003 4717 1086 4771 Ad
1119 4717 1291 4788 cujus
1321 4717 1707 4775 diversorium
1743 4721 1806 4776 Β.
1843 4723 2054 4778 Frodo-

401 4802 604 4859 bertus
627 4803 989 4877 frequentius
1022 4806 1430 4886 accedebat,ut
1459 4807 1675 4864 assolet
1694 4814 1833 4866 astas
1855 4811 2058 4882 juven-

401 4891 532 4948 cula
561 4909 883 4948 coaevorum
915 4893 1027 4950 sibi
1060 4894 1491 4952 familiaritates
1525 4897 1829 4954 ardentius
1873 4899 2058 4972 appli-

399 4996 551 5037 care.
581 4981 683 5038 Ille
712 4987 908 5038 autem
941 4987 1104 5039 tanta
1151 4981 1211 5037 in
1262 4983 1384 5039 viro
1436 4984 1537 5040 Dei
1587 4984 1770 5041 animi
1802 4988 2058 5059 puritate

399 5074 718 5142 comperta,
751 5069 984 5128 curiosa
1014 5070 1245 5128 levitate
1276 5071 1591 5144 impulsus,
1624 5075 1829 5132 sedulo
1868 5076 2060 5150 explo-

401 5176 529 5216 rare
557 5159 732 5233 coepit
761 5164 957 5217 utrum
989 5177 1056 5217 ea
1087 5160 1436 5234 simplicitas
1483 5179 1552 5218 ex
1601 5162 1760 5221 fonte
1791 5171 2058 5226 manaret

399 5247 622 5304 intima:
653 5248 948 5321 puritatis,
980 5267 1076 5317 an,
1111 5250 1266 5306 sicut
1296 5250 1596 5308 nonnullis
1625 5252 1912 5313 familiare
1940 5261 2052 5326 est,

401 5337 708 5393 subdolam
743 5342 998 5394 mentem
1020 5338 1300 5394 simulata
1319 5339 1653 5396 innocentia
1675 5341 2054 5414 palliaret.0b

400 5425 552 5481 hanc
585 5443 703 5482 rem
737 5431 857 5482 tam
887 5427 960 5481 ab
993 5427 1120 5500 ipso
1145 5442 1324 5500 quam
1359 5446 1393 5484 a
1421 5429 1778 5502 quibusdam
1809 5433 1920 5490 loci
1945 5435 2055 5492 fra-

399 5513 590 5571 tribus
619 5513 890 5571 ludibriis
921 5515 1124 5570 crebro
1155 5517 1512 5588 fatigabatur
1541 5518 1774 5591 ineptis,
1807 5538 1940 5578 cum
1972 5527 2055 5580 ta-

402 5617 536 5656 men
567 5601 664 5657 ille
695 5603 838 5658 nulli
871 5604 1310 5671 eontradiceret,
1337 5606 1630 5664 neminem
1663 5607 1916 5680 lmderet,
1947 5615 2050 5669 sed

403 5703 510 5748 nec
539 5687 713 5746 lassus
741 5691 926 5748 vicem
951 5691 1302 5750 referret.lta
1327 5694 1484 5751 enim
1504 5695 1685 5753 vitam
1717 5697 2052 5761 instituerat

2196 539 2537 596 Davidicum
2592 542 2959 614 frequentius
3023 545 3311 618 replicans
3363 564 3376 601 :
3429 548 3490 604 Ut
3533 549 3853 620 jumentum

2193 629 2368 699 factus
2396 646 2521 684 sum
2558 631 2703 702 apud
2733 639 2782 686 te
2810 633 2976 701 (Psal.
3014 651 3183 702 Lxxtv,
3216 634 3329 706 23).
3364 635 3564 708 Itaque
3613 635 3852 708 simpli-

2194 717 2429 772 citatem
2461 719 2781 776 infueatam
2814 721 3123 778 mundana:
3145 739 3377 796 semper
3398 724 3624 780 astutiae
3646 724 3855 796 prafe-

2195 805 2377 874 rebat,
2427 805 2648 881 eligens
2694 808 2966 866 ludibriis
3021 811 3240 868 stultus
3297 811 3448 870 efﬁci
3505 811 3740 883 saeculo,
3776 816 3850 870 ut

2195 899 2391 966 posset
2419 897 2654 969 sapiens
2685 914 2812 954 esse
2845 899 2905 955 in
2936 899 3073 956 Deo.

2296 999 2587 1069 Eximiuiiz
2613 1015 2882 1086 simplicis
2911 1016 3232 1076 obedientiw
3259 1020 3568 1086 emplum
3595 1019 3726 1076 edit.

2261 1129 2314 1182 7.
2349 1128 2474 1184 Una
2499 1128 2678 1202 igitur
2704 1131 2928 1187 dierum
2964 1149 3098 1188 cum
3129 1150 3192 1188 se
3243 1135 3314 1189 ad
3365 1134 3584 1206 prznfati
3617 1135 3826 1192 Teudo

2188 1215 2301 1272 leni
2336 1218 2654 1290 hospitium
2688 1220 3054 1289 contulisset,
3088 1221 3441 1278 illeludibrii
3467 1222 3726 1280 simulet
3745 1239 3845 1280 ex-

2187 1307 2494 1377 perimenti
2517 1309 2704 1381 gratia
2721 1310 2944 1382 rogavit
2958 1326 3116 1379 eum,
3133 1315 3199 1366 ut
3216 1311 3287 1366 ad
3305 1312 3614 1383 cujusdam
3636 1312 3844 1370 fratris

2184 1393 2243 1448 in
2277 1397 2629 1452 monasterio
2649 1396 2920 1454 cellulam
2944 1415 3211 1472 pergens,
3235 1399 3520 1456 circinum
3541 1401 3614 1456 ad
3635 1416 3699 1456 se
3722 1401 3834 1458 de-

2183 1488 2457 1554 portaret,
2477 1501 2748 1542 asserens
2769 1503 2942 1542 usum
2965 1487 3128 1544 illius
3148 1487 3260 1544 sibi
3280 1503 3411 1545 esse
3429 1489 3838 1548 necessarium

2180 1571 2240 1627 in
2271 1573 2596 1632 scribendo.
2624 1573 2725 1630 Ille
2745 1574 2899 1632 dicto
2921 1576 3095 1632 citius
3125 1593 3398 1650 gressum
3430 1578 3838 1652 rapuit,atquo

2180 1662 2251 1716 ad
2285 1662 2658 1735 designatum
2690 1664 2928 1721 fratrem
2960 1667 3164 1737 rapido
3195 1682 3374 1722 cursu
3405 1665 3702 1738 pervenit;
3726 1666 3842 1740 qui

2176 1755 2234 1806 et
2262 1751 2662 1824 simplicitatis
2691 1753 2820 1824 ejus
2849 1753 3142 1822 conscius,
3173 1758 3234 1810 et
3259 1754 3501 1810 ludibrii
3546 1755 3618 1812 ob
3665 1756 3836 1829 quod

2099 1826 2146 1892 Β
2177 1839 2434 1896 directus
2483 1842 2675 1897 fuerat
2705 1858 2821 1897 non
2861 1841 3127 1915 ignarus,
3159 1843 3422 1899 medium
3471 1842 3634 1901 molas
3680 1826 3842 1904 collo

2181 1930 2310 2000 ejus
2342 1929 2641 2002 imposuit,
2676 1935 2856 2003 utque
2885 1930 2944 1986 id
2976 1932 3049 1986 ad
3081 1932 3468 1988 diversorium
3507 1931 3833 1990 Teudoleni

2183 2035 2360 2090 quam
2391 2019 2678 2075 citissime
2710 2019 2886 2075 ferret
2914 2019 3188 2076 obnixius
3220 2019 3712 2094 imperavit.Nihil
3731 2020 3844 2080 illo

2181 2112 2512 2175 cunctatus,
2563 2113 2870 2182 exceptum
2921 2126 3070 2165 onus
3127 2111 3350 2178 ferebat
3407 2111 3839 2184 aequanimiter,

2180 2213 2517 2268 quanquam
2552 2197 2634 2253 ita
2681 2196 2892 2270 lapidis
2943 2199 3199 2270 pondere
3246 2204 3608 2272 gravaretur,
3644 2203 3712 2256 ut
3739 2199 3836 2258 vix

2180 2285 2420 2342 alternis
2452 2285 2726 2357 passibus
2759 2292 3132 2358 promoveret
3177 2287 3494 2344 incessum.
3528 2288 3687 2344 Inter
3711 2288 3837 2346 hac

2178 2374 2729 2430 reverendissimum
2779 2375 2968 2431 virum
3018 2375 3384 2432 Walbertum
3418 2376 3693 2433 abbatem
3723 2377 3835 2434 ob-

2176 2463 2336 2520 vium
2359 2463 2583 2531 habuit,
2607 2463 2700 2519 cui
2715 2463 3834 2539 hocipsumanonnullisfratribusjam

2178 2553 2368 2608 fuerat
2398 2553 2761 2609 nuntiatum.
2795 2557 3047 2610 Cernens
3077 2553 3260 2628 igitur
3278 2553 3627 2612 venerabilis
3647 2555 3836 2614 abbas

2177 2658 2342 2698 ovem
2363 2641 2578 2698 Christi
2601 2641 3142 2716 mansuetissimam
3165 2643 3388 2715 injuste
3410 2645 3834 2719 fascegravari.

2177 2728 2356 2787 altius
2388 2731 2696 2804 ingemuit,
2724 2736 2783 2788 et
2811 2731 2990 2806 hujus
3021 2732 3344 2802 afﬂictioni,
3370 2732 3686 2790 etillorum
3703 2751 3839 2792 con-

2177 2818 2381 2876 dolens
2428 2819 2665 2876 levitati.
2714 2820 2964 2895 Moxque
3004 2821 3408 2879 vehementius
3459 2823 3831 2896 inerepatum

2175 2907 2522 2982 impositum
2552 2925 2701 2968 onus
2729 2909 2993 2967 humeris
3013 2911 3264 2984 dejicere
3283 2909 3836 2984 imperat,causam-

2176 3015 2290 3071 que
2311 2997 2599 3072 perquirit
2619 2997 2958 3072 diligentius
2982 3016 3100 3072 qua
3121 3017 3184 3056 se
3204 3005 3506 3073 tantopere
3530 3000 3834 3075 fatigaret.

2175 3089 2248 3143 At
2276 3085 2365 3142 vir
2394 3103 2641 3143 summae
2672 3088 3038 3157 innocentiae,
3063 3088 3358 3146 scribendi
3379 3090 3589 3146 usibus
3622 3089 3835 3146 asserit

2095 3193 2140 3262 α
2177 3192 2305 3232 esse
2336 3175 2733 3232 necessarium
2782 3193 2958 3250 quem
3007 3177 3226 3234 ferebat
3271 3177 3579 3246 circinum,
3627 3177 3834 3237 dicens

2173 3265 2329 3336 quod
2357 3281 2426 3320 ex
2457 3268 2743 3338 praecepto
2774 3265 3095 3322 Teudoleni
3135 3268 3209 3323 ad
3257 3267 3570 3340 cujusdam
3629 3267 3834 3326 fratris

2170 3351 2442 3410 cellulam
2491 3355 2844 3426 deportaret.
2886 3355 3031 3411 Cum
3079 3355 3237 3412 enim
3285 3360 3442 3413 esset
3485 3355 3826 3414 omnimodo

2171 3442 2412 3499 astutiae
2444 3459 2670 3516 expers,
2694 3443 2836 3516 quid
2868 3447 3025 3500 esset
3053 3444 3310 3501 circinus
3330 3445 3559 3518 penitus
3585 3445 3819 3518 ignora-

2169 3531 2292 3600 bat,
2327 3531 2435 3588 hoc
2466 3535 2698 3588 tantum
2727 3548 2855 3590 esse
2883 3533 3248 3603 existimans,
3283 3535 3441 3608 quod
3471 3533 3825 3607 impositum

2170 3619 2318 3678 collo
2348 3621 2588 3678 ferebat.
2623 3621 2888 3678 Tandem
2938 3623 3120 3679 abbas
3171 3622 3668 3697 simplicissinum
3716 3623 3828 3679 viri

2169 3709 2436 3766 animum
2468 3711 2864 3784 conspicatus,
2885 3710 3120 3784 pietatis
3140 3711 3358 3768 intuitu
3379 3711 3641 3786 erumpit
3659 3712 3722 3768 in
3743 3710 3826 3769 la-

2170 3815 2422 3872 crymas,
2456 3800 2779 3872 accitisque
2807 3799 2892 3856 eis
2941 3791 3368 3872 qui'sanctum
3415 3799 3610 3858 virum
3661 3804 3827 3858 tanta

2170 3887 2515 3944 crudelitate
2554 3888 2800 3960 fatigare
2849 3894 3368 3962 praesumpserant,
3401 3891 3599 3946 acrius
3653 3889 3827 3946 solito

2169 3976 2456 4049 increpat,
2481 3993 2548 4031 ac
2570 3993 2672 4049 pro
2687 3975 2822 4032 facti
2837 3977 3166 4034 temeritate
3181 3977 3388 4034 debitae
3405 3977 3827 4034 satisfactionis

2169 4065 2596 4138 pmnitudinem
2635 4064 2862 4121 indicit.
2897 4065 3117 4139 Hisque
3167 4067 3252 4124 ita
3294 4066 3602 4140 correptis,
3633 4065 3828 4123 ceteri

2171 4153 2444 4226 deinceps
2473 4153 2670 4211 fratris
2697 4155 2933 4226 injuriis
2962 4159 3386 4228 temperarunt.
3421 4156 3465 4212 Ο
3497 4154 3692 4212 virum
3723 4173 3828 4212 an-

2167 4241 2366 4316 gelica;
2387 4242 2660 4314 puritatis
2683 4242 3048 4316 participem,
3063 4249 3123 4300 et
3139 4243 3455 4301 Salvatoris
3481 4244 3672 4301 nostri
3694 4244 3826 4301 imi-

2170 4331 2390 4387 tatione
2416 4330 2664 4400 felicem,
2698 4332 2797 4404 qui
2829 4331 2983 4388 sicut
3010 4333 3134 4388 ovis
3165 4333 3238 4389 ad
3271 4333 3570 4390 victimam
3604 4335 3823 4390 ductus

2169 4425 2278 4486 est,
2310 4424 2367 4476 et
2397 4437 2531 4476 cum
2564 4419 2716 4476 male
2743 4425 3112 4488 tractaretur,
3132 4439 3246 4477 non
3270 4423 3499 4495 aperuit
3519 4440 3587 4479 os
3609 4423 3819 4479 suum!

2170 4507 2442 4565 Fidenter
2488 4507 2755 4577 dixerim,
2807 4508 3072 4582 inquam,
3114 4511 3418 4584 praeceptis
3468 4511 3824 4586 evangelicis

2165 4596 2540 4670 singulariter
2565 4613 2798 4670 parens,
2834 4599 3255 4670 percutientem
3287 4616 3350 4656 se
3380 4617 3494 4656 non
3547 4616 3823 4672 repercu-

2166 4690 2332 4753 teret,
2367 4690 2541 4758 atque
2572 4684 2730 4742 mille
2760 4703 2973 4759 passus
2995 4705 3027 4742 a
3049 4686 3311 4759 quolibet
3331 4687 3822 4762 angariatus,duo

2166 4774 2352 4830 millia
2401 4774 2554 4832 ultro
2605 4780 2944 4848 properaret
2974 4776 3182 4846 (Matth.
3212 4795 3269 4847 v,
3305 4779 3417 4847 41).
3451 4776 3645 4851 thue
3691 4793 3823 4833 am-

2166 4863 2322 4938 plius
2351 4864 2620 4934 inferam,
2644 4864 2692 4920 si
2725 4865 2859 4936 quis
2878 4881 3012 4921 eum
3037 4866 3110 4922 ad
3133 4865 3490 4940 supplicium
3514 4866 3823 4940 protrahe-

2167 4957 2273 5022 ret,
2307 4952 2596 5026 pmnalem
2627 4951 2679 5009 ei
2712 4969 2946 5010 crucem
2978 4954 3598 5028 imposuisset,sponte
3627 4953 3825 5013 susci-

2166 5045 2346 5115 peret,
2377 5040 2818 5115 mansuetisque
2868 5043 3060 5100 ferens
3107 5041 3167 5099 in
3198 5043 3483 5114 humeris,
3517 5043 3825 5103 Christum

2165 5129 2482 5188 Dominum
2513 5135 2877 5203 sequeretur.

2170 5249 2356 5324 Tre_ca_.s
2385 5261 2632 5324 reversus
2658 5247 2726 5324 _a_b
2756 5248 3001 5320 episcopo
3025 5251 3310 5324 retinetur.
3331 5249 3830 5324 Quadragesimale

2245 5319 2527 5391 jejunium
2554 5317 2734 5390 rigide
2762 5317 3038 5390 elcercéns,
3071 5321 3139 5376 ab
3167 5317 3414 5395 episeopo
3438 5317 3730 5396 proliatur.

2232 5437 2286 5490 8.
2317 5433 2500 5490 Annis
2531 5434 2785 5507 posthaec
2817 5435 3087 5508 pluribus
3118 5437 3467 5510 interjectis,
3499 5439 3578 5495 ad
3608 5437 3818 5496 urbem

2163 5523 2534 5580 Trecassium
2547 5541 2650 5596 pro
2663 5523 2918 5598 episcOpi
2932 5525 3024 5581 sui
3035 5526 3326 5584 desiderio
3337 5532 3396 5584 et
3416 5530 3732 5601 parentum
3745 5527 3826 5583 vt-

2161 5614 2581 5671 sitationecum
2595 5611 2951 5686 quibusdam
2972 5614 3255 5674 fratribus
3276 5615 3820 5690 remeavit.Aquuot

2161 5720 2302 5762 sane
2333 5701 2540 5761 diebus
2572 5701 2726 5775 apud
2757 5703 3068 5776 praefatum
3106 5723 3226 5765 sua:
3274 5705 3439 5766 urbis
3485 5704 3813 5765 antistitem
