4104 6172
222 334 416 401 ’605

286 472 718 535 commoratus,
752 463 1038 524 redeundi
1071 463 1228 521 unde
1248 465 1484 519 venerat
1505 459 1815 517 licentiam
1841 475 1970 532 pos-
1998 464 2056 532 Α

285 561 537 618 tulabat.
552 562 630 615 At
650 557 914 631 pontifex
933 555 1153 613 saniori
1180 570 1323 610 usus
1344 550 1612 618 consilio,
1638 553 1883 605 tantum
1906 566 1974 603 ac

288 650 466 707 talem
498 650 694 704 virum
723 665 758 704 a
783 664 847 702 se
877 644 1177 700 dimittere
1210 659 1324 697 non
1357 639 1469 696 sibi
1505 640 1628 695 fore
1664 640 1976 709 integrum

286 740 633 804 arbitratus,
647 735 911 793 violenta
924 734 960 789 h
970 750 1084 788 unc
1097 731 1441 789 auctoritate
1465 728 1737 783 retinuit.
1755 728 1977 781 Sancto

280 830 464 903 igitur
493 824 981 899 Quadragesimaa
1017 827 1281 894 tempore
1312 818 1646 883 accedente,
1685 816 1752 870 in
1787 831 1977 871 secre-

278 918 424 975 tiore
454 933 522 973 se
554 915 777 972 cellula.
797 913 1081 979 condens,
1096 926 1233 966 cum
1257 907 1538 965 orationis
1554 910 1611 961 et
1627 903 1979 976 vigiliarum

280 1006 594 1074 instantia,
648 1002 959 1062 acerrimis
1010 1018 1072 1056 se
1122 997 1301 1070 coepit
1340 995 1591 1069 jejuniis
1643 996 1978 1048 coarctare.

284 1102 429 1157 Cum
445 1096 608 1153 enim
622 1110 863 1167 semper
881 1085 1334 1162 incomparabili
1357 1081 1738 1140 abstinentia:
1762 1082 1981 1138 virtute

291 1187 556 1262 polleret,
590 1184 691 1240 his
722 1188 923 1239 tamen
955 1180 1167 1236 diebus
1202 1174 1587 1231 austeriorem
1620 1170 1743 1226 sibi
1784 1171 1982 1227 carnis

294 1260 759 1335 maceratioan
793 1268 1053 1343 corporis
1094 1266 1188 1322 sui
1242 1262 1428 1320 hostis
1477 1262 1799 1328 indixerat,
1835 1260 1980 1315 adeo

297 1371 368 1427 ut
396 1366 596 1439 plures
626 1360 1059 1430 continuosque
1088 1356 1220 1412 dies
1250 1354 1475 1424 absque
1507 1349 1692 1407 ullius
1723 1348 1839 1439 cibi
1870 1349 1980 1439 ad-

298 1435 583 1514 miniculo
596 1451 1063 1509 consummaret.
1079 1442 1347 1513 Denique
1359 1455 1653 1498 annorum
1680 1435 1978 1493 curriculo

300 1545 663 1608 recurrente,
677 1540 822 1596 dum
841 1552 902 1592 se
919 1533 1149 1591 duabus
1168 1527 1260 1585 vel
1278 1528 1468 1584 tribus
1493 1523 1978 1599 Quadragesimis

299 1628 650 1707 hujusmodi
679 1624 1027 1684 crudelitate
1049 1620 1380 1686 conficeret,
1405 1617 1530 1673 haec
1550 1615 1679 1672 vitze
1704 1613 1862 1707 illius
1885 1612 1975 1668 in-

298 1702 536 1781 stitutio
565 1719 639 1789 ad
675 1713 946 1773 notitiam
976 1710 1239 1767 defertur
1268 1705 1584 1778 pontificis,
1610 1720 1716 1760 nec
1738 1702 1977 1759 defuere

300 1808 598 1876 malevoli,
634 1804 737 1880 qui
768 1802 1144 1861 sanctitatem
1179 1797 1309 1868 ejus
1328 1794 1524 1851 invido
1546 1795 1719 1850 dente
1739 1806 1978 1863 carpen-

301 1905 413 1970 tes,
448 1899 720 1956 dicerent
748 1908 908 1962 eum,
943 1893 1047 1946 aut
1092 1887 1346 1943 latenter
1391 1884 1580 1949 edere,
1615 1886 1715 1937 aut
1762 1896 1978 1970 corpus

303 1967 486 2049 suum
517 1985 719 2043 inedia
747 1980 895 2038 velle
927 1977 1235 2051 perimere.
1267 1972 1534 2030 Proxima
1562 1971 1743 2043 igitur
1772 1967 1977 2025 inimi-

305 2083 484 2137 nente
507 2070 997 2146 Quadragesima,
1016 2064 1276 2139 pontifex
1296 2061 1502 2119 talium
1525 2058 1976 2126 curiosus,intra

308 2167 608 2243 porticum
635 2158 895 2219 ecclesiae
927 2154 1199 2213 cellulam
1230 2152 1283 2208 ei
1305 2149 1635 2215 constituit,
1659 2149 1720 2203 in
1751 2163 1869 2219 qua
1890 2164 1977 2202 so-

311 2240 431 2315 lita:
453 2250 784 2312 devotionis
804 2245 1020 2312 officio,
1037 2240 1403 2300 abstinentia:
1425 2243 1688 2310 tempora
1708 2252 1978 2293 consum-

314 2348 528 2404 maret.
562 2339 792 2413 Saepius
821 2349 1078 2407 namque
1108 2331 1315 2388 cellam
1347 2346 1418 2385 ex
1446 2325 1760 2399 improviso
1801 2340 1975 2397 pene-

315 2435 517 2494 trabat
543 2430 878 2504 episcopus,
911 2421 1127 2479 certius
1171 2419 1414 2492 cupiens
1462 2416 1707 2489 experiri
1759 2417 1976 2484 quanto

316 2501 791 2582 ferveret—studio
842 2509 1196 2577 sanctitatis,
1231 2511 1631 2580 quantamque
1678 2503 1738 2559 in
1766 2501 1979 2557 virtute

319 2609 693 2671 abstinentiae
724 2619 982 2677 superna
1002 2600 1191 2672 pietas
1216 2596 1300 2652 illi
1321 2596 1569 2670 gratiam
1592 2591 1976 2649 ministraret.

324 2702 580 2773 Moxque
625 2692 1079 2753 criminatorum
1126 2684 1357 2743 fallacia
1407 2682 1616 2773 patuit,
1659 2684 1718 2736 et
1751 2682 1977 2773 sanctae

320 2767 791 2849 conversationis
821 2781 951 2852 ejus
973 2774 1281 2834 sinceritas
1303 2770 1619 2846 episcOpali
1640 2767 1980 2826 curiositate

320 2879 572 2954 probata
586 2871 848 2938 refulsit;
872 2868 1148 2941 quodque
1170 2868 1342 2920 antea
1362 2857 1724 2918 simulationi
1747 2857 1981 2929 deputa-

320 2951 524 3037 batur,
556 2964 629 3021 ad
660 2960 870 3019 divina:
903 2956 1096 3014 laudis
1129 2951 1365 3009 transiit
1393 2952 1843 3007 incrementum.

323 3057 456 3115 0100
484 3068 639 3111 sacro
662 3050 876 3108 morbos
905 3052 1081 3103 curat.
1107 3043 1294 3099 Crucis
1325 3043 1480 3113 signo
1508 3038 1664 3112 fugat
1691 3036 1978 3092 dwmones.

399 3145 456 3200 9.
490 3144 573 3200 Ex
599 3157 667 3197 eo
695 3144 958 3211 tempore
998 3135 1156 3190 fama
1202 3128 1583 3187 beatitudinis
1633 3126 1762 3197 ejus
1812 3123 1982 3195 longe

1527 324 1633 390 DE
1675 324 1873 390 VITA
1920 323 1986 388 S.
2034 325 2546 390 FRODOBERTI

3628 326 3750 395 606

2396 460 2653 518 Clodoveo
2664 463 2897 535 juventa
2925 464 3227 521 ccenobium
3254 464 3452 521 condit.

2163 550 2255 603 11.
2277 550 2543 621 Denique
2566 551 2839 607 humanae
2863 553 3319 609 conversationis
3341 554 3552 623 ardens
3573 552 3753 608 vitare

2088 636 2364 711 collegia,
2390 638 2643 695 sollicita
2664 657 2866 696 secum
2893 642 3257 713 frequentius
3278 647 3470 698 mente
3490 641 3756 697 volvebat

2091 742 2355 797 quonam
2387 727 2511 783 loco
2544 746 2662 783 suae
2697 730 3044 800 professioni
3069 747 3136 785 ac
3160 732 3458 802 proposito
3481 734 3755 802 opportu-

2092 832 2239 870 num
2275 815 2677 872 habitaculum
2708 817 3036 874 collocaret.
3060 819 3129 873 Et
3149 835 3487 891 quanquam
3511 818 3753 891 plurimi

2093 905 2384 960 nobilium
2417 905 2695 978 regionis,
2719 907 3015 962 sanctitati
3038 909 3167 978 ejus
3187 907 3643 963 familiarissime
3666 924 3757 963 co-

2093 994 2406 1063 hzercrent,
2440 996 2703 1067 ineptum
2738 1001 2937 1051 tamen
2970 996 3136 1051 duxit
3163 1014 3196 1051 a
3220 1013 3514 1068 quoquam
3549 1012 3753 1052 eorum

2094 1086 2320 1155 partem
2353 1085 2477 1157 agri
2510 1084 2599 1139 vel
2633 1085 2835 1156 praedii
2870 1085 3188 1156 postulare,
3225 1101 3335 1139 non
3372 1084 3481 1138 sibi
3535 1083 3749 1152 solum,

2093 1173 2197 1228 sed
2229 1172 2404 1227 etiam
2440 1174 2691 1245 posteris
2724 1173 3061 1240 consulens,
3088 1190 3160 1227 ne
3189 1172 3461 1245 religiosa
3492 1173 3755 1228 fraterni-

2091 1266 2210 1329 tas,
2243 1278 2421 1333 quam
2454 1263 2578 1334 ipse
2610 1263 2668 1317 in
2696 1279 2863 1318 sacro
2888 1262 3093 1317 habitu
3119 1277 3434 1335 aggregare
3455 1261 3752 1333 cupiebat,

2090 1367 2126 1404 a
2144 1350 2402 1421 quolibet
2419 1350 2789 1405 saecularium
2810 1367 2914 1422 pro
2928 1349 3052 1405 loco
3071 1367 3188 1404 sua:
3206 1350 3587 1405 habitationis
3608 1349 3752 1422 quid

2090 1439 2519 1511 inquietudinis
2547 1438 2636 1495 vel
2671 1438 2954 1493 molestia:
2986 1440 3302 1509 pateretur.
3339 1439 3621 1503 Quocirca
3657 1437 3752 1493 di-

2087 1526 2223 1582 vino
2251 1527 2549 1599 aspirante
2579 1525 2827 1583 consilio
2860 1526 3082 1598 regiam
3114 1526 3412 1598 profectus
3432 1528 3506 1582 ad
3529 1525 3748 1594 aulam,

2089 1616 2496 1672 munificentia
2519 1616 2789 1672 Clodovei
2811 1614 3063 1670 illustris
3087 1615 3386 1685 quondam
3403 1615 3557 1688 regis
3580 1616 3754 1672 Fran-

2086 1722 2313 1773 corum,
2329 1705 2523 1761 locum
2547 1705 2867 1778 quemdam
2888 1702 3209 1776 palustrem
3234 1703 3294 1758 in
3313 1704 3598 1760 suburbio
3617 1705 3754 1760 Tre-

2089 1794 2335 1851 cassinze
2367 1794 2533 1850 urbis
2559 1793 2839 1860 obtinuit,
2861 1792 2961 1864 qui
2985 1790 3226 1863 antiquo
3250 1792 3366 1848 ritu
3391 1793 3591 1849 Insula
3610 1793 3752 1850 Ger-

2086 1884 2321 1939 manica
2362 1884 2698 1939 vocabatur.
2747 1882 3035 1952 Deinceps
3077 1896 3212 1936 vero
3261 1886 3395 1954 post
3443 1883 3752 1938 decessum

2086 1972 2381 2039 Clodovci,
2416 1972 2605 2026 filium
2637 1971 2768 2041 ejus
2801 1969 3165 2025 Clotharium
3198 1972 3456 2026 secundo
3487 1987 3641 2026 anno
3662 1985 3753 2025 re-

2086 2061 2187 2133 gni
2218 2062 2349 2131 ejus
2384 2063 2662 2133 expetens
2695 2060 2864 2130 (anno
2907 2057 3057 2128 656),
3091 2064 3391 2115 annuente
3437 2057 3754 2115 venerabili

2086 2149 2380 2205 Balthilde
2396 2149 2600 2221 regina
2616 2148 2886 2220 ejusdem
2910 2145 3190 2201 Clotharii
3211 2153 3604 2221 matre,super
3617 2163 3758 2220 prae-

2088 2238 2206 2293 fato
2235 2238 2363 2294 loco
2404 2237 2780 2311 privilegium
2812 2236 2888 2308 (3)
2920 2235 3089 2307 regite
3143 2237 3514 2294 auctoritatis
3562 2237 3754 2292 denuo

2087 2326 2308 2381 meruit
2330 2327 2598 2398 adipisci.
2633 2326 2799 2392 Quod
2831 2324 2974 2397 quia
3002 2325 3060 2378 in
3080 2325 3351 2382 Archivis
3380 2323 3630 2382 caenobii
3659 2340 3758 2379 no-

2087 2416 2196 2469 stri
2227 2416 2304 2485 (4)
2338 2430 2529 2487 usque
2551 2414 2725 2469 hodie
2745 2413 3096 2478 continetur,
3115 2413 3213 2470 hic
3235 2415 3478 2488 quidem
3498 2414 3755 2470 inserere

2088 2504 2462 2575 superfluum
2495 2503 2794 2569 duximus,
2828 2502 3110 2574 quoniam
3161 2503 3357 2577 legere
3406 2503 3621 2576 cuique
3650 2517 3753 2557 vo-

2087 2591 2231 2646 lenti
2260 2591 2601 2664 inpromptu
2635 2592 2843 2647 adesse
2876 2590 3152 2647 fatemur.

2159 2679 2251 2734 l2.
2284 2682 2424 2735 Erat
2453 2684 2651 2735 autem
2682 2679 2846 2734 locus
2878 2678 3034 2734 idem
3058 2682 3321 2750 partium
3344 2682 3580 2754 quidem
3605 2676 3754 2745 fisci,

2089 2773 2311 2836 tamen,
2336 2774 2404 2825 ut
2433 2769 2655 2825 dictum
2686 2773 2795 2836 est,
2829 2764 3150 2839 paludibus
3181 2770 3434 2826 reﬂuens
3464 2786 3533 2825 ac
3553 2768 3757 2824 crebra

2086 2857 2438 2913 lacunarum
2463 2857 2769 2930 eruptione
2798 2854 3152 2925 scaturiens,
3184 2858 3560 2929 arbustisque
3580 2855 3756 2912 refer-

2089 2950 2188 3003 tus
2238 2946 2625 3014 silvestribus,
2678 2946 3003 3002 bestiarum
3053 2947 3254 3017 potius
3301 2963 3368 3002 ac
3416 2948 3752 3018 serpentum

2092 3052 2272 3108 quam
2302 3036 2612 3092 hominum
2644 3032 2983 3106 frequentia:
3015 3035 3404 3106 competebat.
3433 3034 3535 3089 His
3557 3032 3755 3104 itaque

2093 3140 2299 3196 regum
2323 3123 2774 3180 auctoritatibus
2796 3123 3145 3193 instructus,
3167 3123 3442 3195 quodque
3461 3124 3552 3177 est
3571 3121 3755 3178 maxi-

325 3236 566 3306 lateque
597 3206 922 3303 personuit,
954 3224 1097 3280 adeo
1129 3225 1194 3277 ut
1213 3237 1283 3276 ex
1313 3217 1728 3276 remotioribus
1750 3230 1986 3287 quoque
2015 3206 2058 3273 C
2095 3230 2263 3268 mum
2321 3230 2575 3286 superno
2635 3210 2850 3269 auxilio
2910 3212 3244 3276 roboratus,
3287 3211 3590 3267 horribilis
3642 3210 3755 3266 loci

324 3303 488 3381 locis:
526 3315 955 3376 infirmantium
1004 3312 1076 3368 ad
1129 3326 1265 3365 eum
1314 3312 1556 3364 caterva:
1603 3303 1984 3373 confluerent,

327 3407 664 3470 sanctitatis
678 3407 809 3478 ejus
828 3401 1034 3459 merito
1058 3396 1360 3470 sospitatis
1383 3394 1666 3453 beneficia
1688 3407 1987 3463 reposcen-

326 3507 444 3559 tes.
465 3500 538 3555 At
558 3480 652 3554 vvir
682 3496 799 3552 Deo
830 3492 1045 3566 dignus
1066 3488 1127 3544 in
1152 3485 1504 3544 humilitatis
1525 3500 1655 3541 arce
1677 3480 1987 3554 persistere

329 3589 595 3663 cupiens,
629 3584 713 3641 nil
742 3584 814 3639 de
846 3598 909 3638 se
940 3592 1314 3653 praesumere,
1349 3575 1432 3630 nil
1461 3588 1724 3646 unquam
1775 3587 1988 3642 passus

328 3659 429 3737 est
452 3676 578 3734 suis
606 3672 832 3729 viribus
862 3669 1186 3743 assignare.
1220 3664 1426 3720 Oleum
1458 3660 1868 3718 tantummodo
1889 3659 1987 3715 be-

332 3767 635 3833 nedicens,
669 3777 847 3833 super
876 3761 1124 3831 aegrotos
1173 3751 1393 3809 Christi
1442 3765 1655 3806 nomen
1702 3746 1988 3803 obnoxius

328 3854 662 3920 invocabat,
695 3866 812 3923 quo
842 3845 1132 3921 peruncti,
1164 3841 1411 3914 receptis
1446 3839 1693 3904 viribus,
1718 3838 1986 3890 votorum

330 3946 635 4016 compotes
665 3940 735 3996 ad
770 3936 1004 4010 propria
1035 3932 1394 3990 remeabant.
1421 3929 1554 3985 Jam
1583 3942 1717 3983 vero
1748 3925 1807 3979 in
1838 3924 1988 4016 effu-

334 4013 547 4108 gandis
576 4027 947 4088 daemonibus
975 4041 1046 4081 ea
1063 4021 1298 4077 virtutis
1329 4016 1670 4091 praestantia
1699 4013 1990 4108 praepolle-

335 4103 463 4190 bat,
493 4125 559 4176 ut
589 4119 918 4188 cuicunque
942 4126 1338 4185 energumeno
1360 4109 1421 4163 in
1446 4108 1631 4162 fronte
1650 4103 1739 4159 vel
1761 4106 1991 4175 pectore

339 4211 576 4283 signum
609 4206 803 4262 crucis
830 4202 1216 4275 imprimeret,
1252 4214 1385 4253 mox
1430 4197 1557 4268 ejus
1607 4190 1993 4263 compellente

338 4280 585 4371 imperio
630 4292 931 4367 malignus
980 4289 1223 4362 spiritus
1273 4286 1564 4357 effugatus
1613 4281 1819 4338 abiret.
1851 4280 1993 4335 Jure

341 4387 503 4445 enim
532 4390 697 4441 tanta
724 4383 778 4439 ei
809 4384 1069 4454 potestas
1099 4380 1159 4433 in
1182 4373 1522 4447 expulsione
1544 4373 1875 4427 daemonum
1898 4385 1995 4440 ap-

346 4475 681 4550 plaudebat,
714 4475 781 4527 ut
806 4471 893 4526 eis
923 4466 1273 4523 fiducialiter
1300 4463 1633 4534 imperaret,
1669 4460 1768 4530 qui
1803 4462 1991 4513 totum

343 4581 413 4623 se
442 4563 770 4620 divinorum
800 4556 1157 4616 submiserat
1186 4552 1528 4610 obedientia:
1550 4551 1988 4621 praeceptorum.
2026 4575 2073 4640 D

752 4649 890 4705 Suos
920 4649 1143 4703 virtutes
1171 4644 1289 4699 suis
1314 4640 1583 4713 propalat.

418 4743 504 4798 10.
538 4744 672 4797 Erat
700 4754 827 4794 mos
857 4737 980 4792 viro
1010 4732 1407 4798 sanctissimo,
1441 4733 1505 4785 ut
1536 4727 1824 4801 siquando
1856 4724 1992 4781 curri

308 4854 313 4857 ·
340 4829 649 4905 discipulis
680 4826 1039 4898 colloquium
1066 4821 1351 4878 familiare
1382 4818 1694 4886 inserebat,
1728 4833 1858 4888 qua:
1878 4831 1994 4870 ase

339 4903 512 4980 clam'
527 4923 693 4992 gesta
722 4917 974 4981 fuerant,
1008 4908 1409 4968 aediﬁcationis
1432 4907 1521 4963 vel
1541 4905 1787 4978 exempli
1805 4903 1996 4977 gratia

339 5009 428 5068 eis
454 5009 736 5072 narraret,
769 5005 925 5060 bona
953 5000 1176 5059 scilicet
1194 5014 1373 5071 opera
1391 5013 1500 5053 sua
1517 5013 1633 5051 non
1656 4997 1995 5067 arroganter

340 5102 667 5165 ostentans,
702 5095 804 5151 sed
835 5092 1127 5164 sapienter
1153 5093 1211 5145 et
1239 5086 1540 5143 humiliter
1586 5084 1989 5150 manifestans,

341 5193 411 5246 ut
437 5192 495 5243 et
522 5186 721 5243 divina
750 5184 880 5239 laus
912 5198 1014 5254 per
1046 5180 1239 5251 ipsum
1272 5176 1390 5231 imo
1419 5175 1479 5229 in
1513 5174 1640 5245 ipso
1687 5175 1989 5238 cresceret,

339 5272 776 5335 etaudientium
790 5270 1021 5327 animos
1036 5268 1110 5323 ad
1129 5268 1343 5322 sancta:
1361 5260 1707 5316 imitationis
1727 5258 1990 5314 studium

338 5366 706 5423 informaret.
740 5362 1038 5426 Quantum
1069 5353 1225 5415 enim
1257 5348 1469 5406 favoris
1489 5347 1576 5404 vel
1591 5346 1888 5418 jactantize
1909 5363 1993 5401 rc-

340 5455 521 5527 fugus
552 5448 746 5518 fuerit,
779 5445 976 5503 cultus
1007 5443 1135 5499 vitae
1167 5439 1437 5496 solitaria:
1478 5433 1809 5492 declaravit.

415 5604 492 5674 (3)
521 5602 722 5674 Exstat
750 5599 809 5654 in
842 5556 1248 5674 l’romptuario
1272 5589 1468 5674 Antiq.
1503 5588 1722 5674 Tricas;
1756 5585 1988 5674 pa‘g.t9.

524 5656 624 5730 isiic
649 5670 826 5728 etiam
858 5656 1107 5726 nomine
1126 5656 1548 5722 monachorum
1580 5660 1638 5716 S.
1672 5656 1865 5717 Basoli
1907 5656 1990 5714 lo-

2096 3302 2399 3374 squalores
2432 3302 2689 3374 expetiit,
2725 3302 2979 3371 dataque
3010 3298 3317 3371 principali
3343 3297 3757 3371 opera,virgul-

2096 3391 2171 3446 tis
2203 3391 2408 3459 erutis,
2434 3390 2799 3462 lacubusque
2830 3387 3086 3454 siccatis,
3124 3387 3382 3459 spatium
3410 3386 3754 3442 habitationi

2096 3494 2423 3552 congruum
2458 3477 2826 3551 praeparavit.
2860 3477 2946 3532 Ibi
2975 3474 3189 3531 cellula
3220 3476 3589 3547 oratorioque
3611 3476 3754 3531 Fro-

2096 3568 2378 3623 dobertus
2428 3571 2787 3633 constructo,
2831 3582 2966 3620 cum
3016 3564 3222 3636 paucis
3272 3563 3462 3637 primo
3512 3564 3753 3635 quidem

2096 3655 2377 3711 fratribus
2410 3655 2709 3711 solitarius
2738 3653 2880 3708 vixit
2901 3653 3109 3707 divinae
3141 3650 3621 3723 contemplationi
3654 3652 3753 3707 de-

2097 3744 2278 3811 ditus,
2310 3748 2367 3799 et
2394 3742 2675 3816 angelicis
2708 3758 2940 3813 semper
2969 3740 3300 3796 actionibus
3339 3742 3679 3810 occupatus.

2096 3831 2480 3889 Monasterium
2506 3832 2667 3887 rebus
2696 3838 2749 3886 et
2771 3830 3020 3901 personis
3066 3836 3244 3899 auget.
3277 3826 3408 3882 Inde
3448 3827 3638 3897 plures
3682 3826 3755 3882 ad

2576 3922 2944 3991 episcopatum
2979 3918 3267 3987 assumpti.

2173 4011 2258 4066 13.
2284 4008 2544 4081 Inclytus
2565 4025 2702 4080 ergo
2725 4006 3116 4061 Frodobertus
3128 4004 3256 4075 jam
3278 4008 3421 4059 tunc
3442 4001 3618 4074 coepit
3635 4019 3753 4058 am-

2100 4099 2359 4171 plificare
2376 4097 2487 4152 sibi
2508 4097 2750 4167 suisque
2765 4110 3113 4150 concessum
3132 4090 3514 4148 habitationis
3533 4090 3751 4160 locum,

2100 4185 2437 4259 patrimonii
2468 4186 2559 4241 sui
2594 4199 2957 4256 quascunque
2983 4181 3224 4236 fuerunt
3256 4180 3474 4253 praedia
3519 4196 3753 4251 posses-

2101 4277 2413 4347 sionesque
2443 4292 2512 4329 ex
2540 4274 2770 4345 integro
2792 4274 2851 4327 in
2875 4288 3189 4327 commune
3210 4270 3355 4327 inibi
3377 4270 3748 4337 contradens,

2101 4371 2159 4422 et
2182 4368 2472 4438 quaestum
2505 4363 2807 4435 copiosum
2836 4377 3157 4427 servorum,
3192 4359 3562 4425 ancillarum,
3585 4373 3752 4429 agro-

2102 4470 2233 4510 rum
2265 4458 2541 4526 praeterea
2579 4456 2636 4507 et
2683 4452 3011 4517 vinearum,
3042 4451 3154 4505 sub
3202 4446 3590 4514 testamentis,
3623 4462 3750 4517 quae

2103 4544 2386 4599 hactenus
2426 4542 2735 4608 habentur,
2767 4541 2902 4596 dato
2952 4539 3134 4610 pretio
3183 4534 3609 4592 instantissime
3654 4550 3750 4590 ac-

2104 4632 2365 4705 quirens.
2398 4632 2509 4687 Sed
2540 4634 2597 4686 et
2626 4646 2761 4686 mox
2788 4632 3061 4701 parentes
3089 4625 3250 4681 illius
3288 4623 3395 4678 viri
3447 4622 3600 4678 beati
3630 4622 3749 4678 lar-

2102 4721 2378 4796 gissimas
2409 4720 2461 4776 ei
2493 4736 2689 4775 rerum
2718 4731 3112 4790 gazarumque
3135 4729 3376 4769 suarum
3397 4711 3753 4767 condonave-

2102 4814 2239 4867 runt
2269 4811 2566 4883 portiones
2595 4804 3004 4864 instrumentis
3036 4820 3105 4860 ex
3135 4802 3261 4874 lege
3300 4801 3407 4857 rite
3455 4798 3745 4872 perfectis.

2102 4902 2381 4957 Processu
2412 4915 2547 4954 vero
2588 4894 2889 4968 temporis,
2923 4892 3088 4949 locus
3135 4891 3291 4946 idem
3344 4889 3750 4962 religiosorum

2102 4989 2431 5063 frequentia
2461 4988 2520 5041 in
2543 4986 2722 5042 robur
2741 4980 3087 5039 incrementi
3113 4979 3426 5047 convaluit,
3445 4977 3755 5033 nobilium-

2100 5097 2215 5151 que
2230 5095 2295 5134 eo
2317 5073 2741 5132 confluentium
2764 5071 3033 5143 largitate
3053 5069 3292 5135 ditatus,
3309 5084 3504 5122 rerum
3527 5083 3594 5122 ac
3616 5082 3749 5137 pos-

2101 5167 2434 5223 sessionum
2467 5162 2750 5218 terminos
2768 5157 3060 5225 dilatavit;
3081 5158 3178 5213 sed
3203 5161 3261 5212 et
3283 5154 3750 5228 congregationis

2101 5252 2434 5309 monasticae
2466 5265 2748 5305 numerus
2785 5246 2845 5301 in
2897 5245 3022 5300 dies
3071 5244 3303 5316 copiose
3352 5259 3753 5315 succrescens;

2101 5341 2293 5399 nobile
2306 5358 2370 5395 ac
2384 5341 2677 5394 famosum
2692 5334 2913 5391 reddidi
2926 5339 2946 5388 t
2959 5348 3384 5405 usquequaque
3396 5330 3746 5387 coenobium.

2100 5432 2214 5487 Nec
2244 5428 2389 5483 illud
2425 5425 2915 5499 praetereundum,
2942 5423 3096 5495 quod
3117 5438 3184 5477 ex
3215 5421 3481 5493 ejusdem
3502 5419 3612 5476 loci
3630 5436 3749 5475 ca:-

2101 5582 2300 5656 quitur
2325 5578 2479 5656 Adeo
2505 5576 2853 5656 abbas_lieet
2873 5574 3201 5642 Dcrvensis,
3222 5572 3282 5629 in
3302 5571 3461 5632 Actis
3486 5570 3745 5635 S.Basoli

2100 5649 2373 5729 superius
2405 5650 2477 5708 ad
2508 5666 2644 5707 ann.
2674 5649 2801 5709 620.
