4060 6170
378 281 498 351 607

1488 275 1825 340 ADSONIS
1869 272 2309 338 DEBVENSIS
2355 271 2690 336 ABBATIS

3670 271 3802 338 Μ

381 411 2031 484 nobitisB.Frodobertivitaminstitutionemquesequen-
2054 409 2107 478 Α
2141 408 2408 478 circuire,
2441 410 2896 480 sanctorumque
2929 411 3253 483 martyrum
3273 407 3362 466 vel
3393 409 3805 468 confessorum

380 508 540 564 tibus
571 505 951 578 quamplures
985 503 1362 576 postmodum
1397 501 1454 556 in
1486 501 1632 557 urbe
1661 501 2034 558 'l‘recassium

379 596 648 652 exstitere
667 593 994 666 pontifices,
1012 592 1164 647 inter
1185 607 1331 662 quos
1355 590 1708 646 Aldobertus
1719 589 1806 645 vir
1817 587 2035 644 summi

379 681 598 756 ingenii
628 686 686 738 et
716 681 1020 754 praecipua:
1054 678 1423 747 sanctitatis;
1457 680 1718 750 itemque
1755 677 2030 746 Bobinus,

379 772 612 830 natione
633 769 961 842 Aquitanus
985 770 1061 840 (5)
1085 787 1099 836 ;
1123 785 1372 840 quorum
1398 771 1642 839 uterque
1665 765 1775 839 ipsi
1796 766 1921 822 loco
1943 767 2036 821 in-

274 887 286 893 -
375 859 576 935 gentia
605 859 916 915 commoda
945 857 1264 926 contulere,
1298 857 1454 913 intra
1493 860 1770 929 extraque
1818 854 2034 928 quibus

374 947 654 1023 possibile
685 947 795 1002 fuit
825 946 1243 1018 amplificando
1270 945 1481 1013 modis,
1517 945 1718 1017 sicque
1750 946 1809 999 in
1841 943 2032 1018 pleni-

373 1039 578 1095 tudine
590 1039 878 1094 bonorum
893 1051 1134 1108 operum
1151 1036 1306 1091 diem
1329 1034 1604 1091 ultimum
1623 1051 2032 1091 consumman-

373 1131 484 1194 tes,
503 1127 835 1198 intrasepta
852 1125 1107 1181 basilicae
1123 1125 1390 1196 ejusdem
1411 1123 1752 1180 monasterii
1775 1123 2030 1180 nobilem

375 1215 569 1274 sortiti
599 1218 739 1271 sunt
767 1213 1152 1286 sepulturam.
1187 1214 1411 1280 Quibus
1443 1215 1525 1270 ita
1555 1211 1802 1284 digestis
1835 1229 2030 1269 rerum

375 1306 676 1378 gestarum
705 1303 970 1360 ordinem
1001 1307 1356 1375 repetamus.

373 1396 438 1452 In
481 1393 826 1452 Parthenone
869 1395 1047 1448 sancti
1103 1393 1356 1460 Quintini
1413 1393 1530 1464 ejus
1579 1393 1788 1448 meritis
1839 1393 2032 1447 vinum

1065 1483 1324 1554 augescit.

445 1574 534 1629 14.
567 1571 833 1629 Florebat
863 1572 924 1627 in
971 1575 1172 1628 saneto
1221 1569 1342 1627 viro
1391 1569 1792 1642 spiritualium
1839 1571 2028 1644 profe-

371 1666 576 1720 ctuum
600 1661 945 1718 indeliciens
969 1659 1159 1734 gratia
1179 1675 1295 1715 non
1319 1658 1602 1733 exemplis
1624 1658 1815 1716 solum
1838 1665 1896 1716 et
1912 1675 2030 1716 mo-

371 1751 558 1820 ribus,
593 1751 695 1808 sed
727 1749 904 1807 etiam
949 1748 1372 1805 miraculorum
1423 1747 1731 1820 splendore
1779 1747 2025 1804 solemni

373 1837 801 1897 commendata.
837 1835 900 1892 In
933 1851 1049 1908 quo
1080 1839 1301 1908 quanta
1323 1833 2025 1908 fueritlargitas,quanta-

373 1944 488 2000 que
519 1925 824 1983 afﬂuentia
851 1924 1176 1991 charitatis,
1203 1941 1322 1980 una
1341 1924 1587 1996 ipsaque
1607 1922 1860 1996 simplici
1882 1923 2024 1980 rela-

373 2015 531 2072 tione
559 2013 870 2072 constabit.
903 2012 1160 2084 Contigit
1191 2029 1328 2068 eum
1372 2012 1627 2083 quodam
1670 2015 1932 2084 tempore
1959 2013 2021 2069 in

373 2102 700 2178 puellarum
733 2101 1016 2170 coenobio,
1051 2101 1208 2174 quod
1239 2101 1304 2157 B.
1337 2099 1600 2168 Quintini
1639 2101 1916 2174 martyris
1946 2103 2020 2175 (6)

373 2191 598 2251 nomini
629 2194 1054 2260 consecratum,
1077 2190 1349 2262 intraque
1365 2189 1572 2246 urbem
1589 2189 1773 2246 situm
1790 2191 2020 2260 est,duo

369 2283 490 2340 vini
521 2280 759 2339 vascula
788 2279 1031 2354 triginta
1048 2280 1230 2336 ferme
1252 2279 1583 2336 modiorum
1611 2279 1850 2352 capacia
1869 2296 2023 2336 com-

373 2371 704 2441 mendasse,
719 2369 872 2442 quod
890 2368 1053 2426 locus
1071 2369 1226 2424 idem
1248 2368 1299 2424 ei
1323 2371 1479 2424 esset
1498 2366 2018 2438 familiarissimus,

373 2478 441 2519 ac
463 2457 700 2534 speciali
725 2457 1028 2516 charitatis
1050 2455 1277 2530 glutino
1299 2456 1878 2530 cepulatus,ejusque
1897 2473 2023 2513 eru-

373 2547 580 2606 ditioni
610 2564 676 2604 ac
707 2547 978 2621 regimini
1028 2544 1400 2620 peculiariter
1449 2543 1840 2618 mancipatus.
1873 2547 2020 2602 Nam

371 2655 506 2696 cum
527 2653 632 2712 pro
653 2653 770 2695 suae
801 2634 1128 2694 sanctitatis
1161 2635 1369 2691 merito
1402 2635 1472 2690 ab
1505 2633 1781 2691 omnibus
1803 2633 2015 2708 princi-

371 2727 490 2802 pali
522 2725 840 2784 reverentia
870 2723 1178 2796 coleretur,
1210 2723 1269 2780 id
1301 2723 1412 2782 sibi
1443 2721 1693 2796 quisque
1714 2739 2019 2780 summum

370 2817 690 2890 deputahat
718 2816 961 2883 bonum,
995 2813 1046 2870 si
1069 2815 1118 2887 ej
1128 2831 1198 2871 us
1219 2811 1602 2869 familiaritati
1615 2811 1703 2869 vel
1719 2811 2024 2869 mediocri-

369 2912 459 2964 ter
487 2903 764 2979 conjungi
794 2902 1139 2972 meruisset;
1175 2907 1360 2976 utque
1391 2902 1451 2958 in
1480 2900 1757 2958 omnibus
1785 2905 1842 2958 et
1865 2903 2021 2974 apud

371 3011 576 3053 omnes
603 3010 730 3050 sese
756 2991 1132 3048 atlectuosius
1165 2993 1383 3064 ageret,
1413 2992 1600 3064 deque
1629 2989 1904 3048 omnibus
1926 2992 2021 3047 in-

2145 498 2510 566 festivitates,
2545 497 2836 570 siquando
2867 497 3128 555 revoluto
3155 500 3292 555 anni
3339 499 3560 556 circulo
3605 515 3807 556 recur-

2145 588 2382 654 rissent,
2413 586 2613 643 debita
2641 603 2776 642 cum
2806 587 3177 644 veneratione
3207 587 3524 661 suscipere.
3557 589 3706 644 Nam
3737 587 3809 644 il-

2142 677 2246 732 lud
2278 677 2391 733 sibi
2421 675 2750 749 specialiter
2780 675 3088 746 indixerat,
3124 681 3192 732 ut
3221 693 3523 734 sacrorum
3564 675 3807 734 dierum

2143 765 2318 822 ferias
2355 765 2633 838 peculiari
2683 765 2900 838 qudam
2951 767 3353 824 observatione
3394 770 3697 836 tractaret,
3733 771 3809 823 ut

2143 859 2379 928 putares
2409 871 2544 911 cum
2575 853 2723 927 ipsis
2763 855 2892 927 jam
2940 853 3300 929 martyribus
3349 853 3655 925 commori,
3691 872 3805 914 nec

2133 945 2260 1015 jam
2286 950 2527 1000 terrenae
2561 943 2734 1020 molis
2764 943 2973 1001 usibus
3001 944 3269 1001 detineri.

2140 1035 2206 1090 In
2233 1035 2366 1104 festo
2395 1033 2452 1089 S.
2490 1035 2744 1102 Quintini
2771 1052 2806 1090 a
2835 1034 3079 1092 dammis
3125 1036 3187 1091 in
3233 1037 3476 1092 oratione
3519 1035 3798 1092 turbatur.

2214 1123 2298 1178 16.
2335 1123 2420 1180 Ita
2452 1124 2750 1196 quondam
2793 1122 3134 1182 adveniente
3180 1125 3668 1198 splendidissima
3697 1142 3804 1182 so-

2141 1210 2440 1268 lemnitate
2470 1213 2532 1268 B.
2567 1212 2832 1279 Quintini
2865 1213 3142 1287 martyris
3173 1213 3802 1286 prstiosi,amonaste-

2141 1301 2210 1356 rii
2241 1299 2430 1374 ipsius
2454 1301 2774 1370 abbatissa,
2791 1301 3013 1358 Rocula
3031 1301 3288 1370 nomine,
3302 1301 3644 1376 ceterisque
3661 1317 3803 1360 san-

2139 1388 2578 1446 ctimonialibus
2608 1388 2909 1464 religionis
2937 1389 3126 1464 gratia
3156 1391 3439 1448 invitatus
3462 1394 3572 1461 est,
3606 1395 3676 1448 ut
3703 1393 3794 1450 of-

2140 1478 2289 1534 ﬁciis
2309 1479 2516 1536 divinae
2539 1478 2894 1536 celebritatis
2912 1479 3001 1536 vir
3019 1479 3436 1537 sanctissimus
3457 1479 3794 1550 interesset,

2137 1573 2430 1641 tantaeque
2458 1567 2794 1625 festivitatis
2821 1568 3059 1641 gaudia,
3093 1567 3426 1632 sanctitatis
3453 1584 3522 1625 ac
3549 1569 3798 1628 merito-

2139 1673 2272 1714 rum
2303 1655 2652 1714 sublimium
2683 1657 2957 1732 lampade
2985 1656 3328 1716 illustraret.
3362 1658 3511 1716 Nam
3549 1664 3796 1734 excepta

2140 1746 2442 1804 devotione
2471 1763 2612 1822 erga
2636 1743 2872 1804 sanctos
2913 1745 3384 1821 incomparabili,
3417 1749 3593 1804 etiam
3638 1747 3792 1806 illud

2133 1853 2270 1894 eum
2301 1852 2471 1892 sacra
2499 1837 2626 1893 loca
2659 1837 2828 1893 festis
2857 1835 3066 1893 diebus
3103 1837 3476 1909 frequentem
3520 1836 3790 1911 cogebat,

2132 1926 2286 1998 quod
2319 1925 2406 1982 eis
2435 1925 2739 2000 spirituale
2770 1925 3032 1998 regimen
3063 1925 3402 1982 adhibebat.
3425 1925 3538 1982 Nec
3553 1923 3796 1982 distulit

2133 2015 2276 2087 quin
2303 2013 2543 2083 veniret,
2577 2015 2916 2070 devotarum
2939 2015 3054 2070 Deo
3078 2013 3620 2070 sanctimonialium
3637 2015 3795 2072 desi-

2131 2103 2294 2160 deria
2325 2108 2606 2176 reputans
2635 2119 2752 2160 non
2785 2103 2996 2160 debere
3025 2102 3572 2176 frustrari.Expleto
3602 2101 3788 2177 igitur

2131 2209 2433 2249 sacrarum
2487 2191 2818 2267 vigiliarum
2872 2191 3065 2248 ofﬁcio
3109 2192 3459 2264 vespertino,
3507 2191 3788 2266 vulgique

2132 2281 2514 2338 multitudine
2545 2283 2617 2338 ad
2651 2286 2790 2337 nota
2825 2280 3145 2337 diversoria
3195 2282 3494 2350 redeunte,
3528 2281 3621 2337 vir
3647 2297 3788 2339 san-

2131 2375 2260 2428 ctus
2293 2371 2352 2426 in
2383 2370 2629 2426 ecclesia
2657 2369 2936 2444 perstitit,
2969 2385 3148 2442 seque
3177 2369 3373 2442 ipsum
3397 2370 3644 2428 secretis
3661 2387 3790 2428 ora-

2129 2459 2392 2517 tionibus
2409 2459 2778 2532 mancipans,
2795 2457 3134 2532 spirituales
3153 2457 3429 2515 excubias
3449 2459 3784 2516 exercebat.

2129 2551 2204 2606 At
2231 2548 2472 2621 praefata
2499 2547 2818 2618 abbatissa,
2845 2547 2987 2621 quid
3017 2551 3261 2606 sanctus
3287 2547 3380 2604 vir
3404 2552 3637 2621 gereret
3666 2564 3785 2606 non

2130 2637 2445 2694 minimum
2459 2635 2852 2706 curiosa,cum
2865 2635 3220 2710 quibusdam
3235 2636 3786 2694 sanetimonialibus

2129 2727 2190 2783 in
2221 2725 2463 2784 basilica
2492 2741 2555 2782 se
2573 2725 2898 2796 occultans,
2922 2725 3217 2800 egregiam
3249 2725 3530 2782 orationis
3558 2725 3792 2784 instau-

2128 2817 2273 2874 tiam
2304 2815 2894 2888 compunctionisque
2923 2815 3086 2871 illius
3115 2814 3513 2890 largissimam
3545 2815 3786 2874 uberta-

2088 2976 2092 2981 ,
2129 2909 2248 2962 tem
2297 2903 2499 2962 sedulo
2548 2919 2684 2960 cum
2733 2903 3036 2962 sororibus
3064 2903 3409 2960 mirabatur.
3439 2904 3574 2961 Mox
3605 2905 3786 2963 saluti

2129 2993 2420 3062 humanae,
2473 2993 2824 3062 contrarius,
2877 2991 3255 3066 feliciumque
3309 3009 3552 3066 operum
3603 3011 3785 3067 quam

372 3085 717 3142 cunctanter
735 3082 1132 3154 praesumeret,
1149 3079 1376 3136 cunctis
1398 3078 1802 3154 gratissimum
1823 3085 1880 3136 et
1899 3095 2024 3153 per-
2068 3155 2078 3156 ,
2131 3081 2384 3140 maxime
2401 3082 2649 3139 aemulus
2665 3081 2855 3139 adfuit
2873 3081 3171 3151 inimicus,
3193 3083 3293 3156 qui
3316 3083 3784 3141 mundissimum

373 3169 629 3246 optabile
657 3173 803 3226 erat.
835 3167 1099 3241 Cumque
1126 3167 1245 3224 illic
1277 3185 1430 3242 saepe
1473 3167 1776 3225 charitatis
1805 3168 2017 3238 ofﬁcio,
2051 3155 2094 3224 C
2131 3171 2234 3229 Dei
2267 3171 2694 3241 holocaustum,
2728 3169 2840 3228 etsi
2868 3187 2984 3228 non
3032 3155 3268 3244 penitus
3316 3169 3521 3228 tollere
3566 3172 3785 3244 potuit,

373 3263 447 3319 ad
479 3259 835 3318 sumendum
877 3257 1154 3332 poculum
1202 3257 1489 3332 plurimos
1537 3262 1892 3328 conveearet,
1928 3259 2022 3316 die

373 3351 631 3425 quadam
661 3347 1095 3423 apothecariam
1127 3346 1297 3404 solito
1327 3345 1537 3404 cellam
1567 3345 1892 3421 ingressus,
1917 3364 2021 3422 pa-

369 3436 610 3496 vimenti
627 3435 833 3494 faciem
851 3435 970 3492 vini
987 3434 1366 3492 exuberantia
1381 3433 1596 3508 reperit
1611 3435 1982 3509 superfusam
2003 3455 2016 3505 ;

366 3529 704 3602 veritusque
736 3543 809 3584 ne
839 3526 984 3583 forte
1021 3523 1244 3583 vasculi
1295 3523 1720 3581 incontinentis
1767 3523 2017 3598 liquoris

369 3617 750 3694 dispendium
773 3615 1154 3690 provenisset,
1189 3615 1448 3683 fratrem,
1481 3613 1583 3687 qui
1632 3630 1834 3672 secum
1873 3614 2022 3672 forte

365 3711 620 3776 venerat,
652 3722 719 3763 os
744 3704 1064 3778 superioris
1113 3707 1345 3760 meatus
1390 3702 1682 3776 inspicere
1723 3703 2015 3778 praecepit.
2053 3773 2062 3783 .

367 3799 490 3867 Quo
520 3797 672 3854 facto
704 3793 945 3870 (mirum
974 3793 1136 3851 dictu
1167 3793 1323 3866 quod
1371 3795 1480 3860 est)
1511 3792 1717 3848 vinum
1767 3808 2020 3865 superne

366 3887 704 3946 redundans
730 3883 1046 3958 aspicitur;
1071 3883 1334 3955 satisque
1353 3885 1550 3954 aperte
1575 3881 1840 3938 constitit
1861 3882 2018 3954 quod

367 3979 586 4050 quanto
617 3973 928 4030 hauriebat
956 3971 1308 4045 propensius
1336 3969 1614 4038 charitas,
1649 3973 1812 4026 tanto
1855 3970 2017 4026 beni-

368 4080 486 4138 gna
513 4061 804 4118 Creatoris
822 4060 1066 4134 largitas
1085 4060 1303 4116 hausta
1323 4058 1622 4133 profusius
1643 4058 2014 4118 reformabat.

369 4151 510 4224 Ejus
541 4149 822 4206 nimirum
853 4147 961 4205 hoc
989 4149 1206 4204 factum
1234 4146 1495 4204 creditur
1512 4147 1745 4220 pietate,
1761 4147 1862 4222 qui
1883 4165 2018 4205 cum

369 4257 478 4296 nos
509 4235 918 4294 misericordes
949 4253 1076 4293 esse
1097 4235 1305 4308 jubeat
1332 4240 1390 4292 et
1416 4237 1555 4292 dare
1595 4235 2014 4310 indigentibus,

370 4333 438 4386 ut
467 4327 638 4385 nobis
677 4343 911 4400 quoque
965 4325 1224 4400 plurima
1269 4327 1516 4395 dentur;
1548 4325 1608 4382 in
1659 4342 1776 4399 qua
1821 4329 2020 4384 tamen

369 4434 648 4476 mensura
675 4415 1016 4485 tribuimus,
1051 4417 1110 4472 in
1141 4415 1344 4472 eadem
1377 4415 1548 4472 nobis
1589 4415 2018 4472 remetiendum

371 4505 757 4564 nihilominus
786 4504 1145 4578 repromittit
1164 4503 1371 4578 (Matth.
1391 4521 1492 4573 vn,
1513 4507 1583 4574 2;
1615 4503 1778 4560 Marc.
1803 4521 1880 4573 Iv,
1903 4503 2016 4576 24).

368 4597 473 4655 Est
483 4595 640 4654 enim
652 4611 864 4652 manus
874 4594 1072 4651 divina
1082 4611 1198 4652 non
1211 4593 1374 4668 larga
1389 4593 1601 4662 solum,
1615 4610 1818 4650 verum
1837 4593 2016 4650 etiam

371 4686 534 4744 dives
561 4690 618 4741 et
645 4684 898 4758 proﬂua.
926 4684 1042 4741 Nec
1091 4684 1470 4740 metuendum
1505 4699 1576 4740 ne
1603 4683 1750 4740 forte
1778 4683 2016 4757 largita-

369 4778 488 4833 tem
519 4777 801 4847 sequatur
829 4773 1048 4848 inopia,
1080 4771 1382 4848 quoniam,
1413 4775 1482 4828 ut
1527 4772 1610 4828 ait
1653 4772 1966 4845 Apostolus
1999 4789 2014 4830 :

374 4865 480 4934 Qui
523 4865 758 4921 seminat
803 4865 863 4920 in
915 4863 1394 4932 benedictionibus,
1429 4862 1505 4933 (II
1533 4861 1654 4919 Cor.
1697 4879 1774 4931 Ix,
1804 4862 1861 4931 6)
1890 4867 2015 4932 etc;

374 4956 576 5028 quique
620 4953 974 5010 administrat
1013 4969 1199 5010 semen
1252 4953 1571 5018 seminanti,
1615 4959 1667 5008 et
1702 4967 1900 5024 panem
1948 4951 2020 5008 ad

369 5038 814 5099 manducandum
836 5041 1141 5116 prmstabit,
1174 5049 1227 5098 et
1251 5041 1643 5113 multiplicabit
1689 5043 2020 5098 incrementa

372 5133 598 5206 frugum
615 5133 854 5206 justitia:
881 5139 1080 5190 nostra:
1106 5131 1266 5204 (Ibid,
1305 5131 1412 5200 10).

937 5221 1160 5278 Sanc'os
1185 5222 1277 5294 pie
1301 5221 1450 5276 colit.

447 5313 537 5379 15,
574 5309 880 5367 Familiare
909 5310 1022 5364 fuit
1061 5313 1338 5382 praeterea
1382 5307 1504 5363 viro
1554 5307 1655 5363 Dei
1704 5323 2020 5379 supernam

376 5400 627 5472 patriam
657 5397 1097 5472 infatigabiliter
1125 5397 1344 5455 sitienti
1377 5414 1544 5454 sacra
1586 5397 1712 5453 loca
1760 5395 2022 5454 devotius

447 5525 526 5598 (5)
554 5526 703 5598 Esse
732 5540 990 5598 sumen.
1024 5538 1224 5598 suprs-

2127 3275 2348 3317 veneno
2397 3265 2594 3316 tamen
2644 3265 2930 3333 suspecta;
2978 3259 3205 3318 fraudis
3253 3258 3467 3316 fcedare
3513 3261 3781 3318 tentavit.

2129 3350 2278 3408 Nam
2309 3349 2750 3418 candelabrum,
2785 3349 2880 3406 cui
2911 3365 3112 3407 cereus
3141 3348 3456 3422 impositus
3474 3353 3620 3418 erat,
3642 3350 3781 3406 sub-

2128 3438 2323 3508 vertit,
2357 3439 2764 3512 exstinctoque
2793 3437 3038 3496 lumine.
3071 3439 3229 3512 quod
3275 3439 3464 3496 noctis
3510 3441 3568 3495 et
3613 3442 3778 3496 tene-

2115 3529 2370 3586 brarum
2400 3530 2557 3586 esset
2586 3531 2816 3584 amator
2843 3527 3140 3586 evidenter
3157 3526 3431 3584 ostendit.
3453 3527 3558 3582 Vir
3580 3531 3783 3585 tamen

2129 3617 2360 3676 Domini
2393 3619 2454 3674 in
2485 3615 2767 3674 orationis
2792 3615 2991 3674 studio
3022 3616 3309 3690 perstitit;
3333 3633 3440 3674 nec
3461 3617 3786 3675 mundanis

2127 3707 2384 3764 tenebris
2415 3705 2630 3763 lluscari
2661 3707 2873 3779 potuit,
2905 3707 3001 3763 cui
3031 3705 3304 3764 Christus
3331 3709 3540 3763 auctor
3565 3710 3630 3764 et
3655 3707 3787 3764 fons

2127 3795 2372 3853 luminis
2403 3795 2904 3870 prasentissimus
2933 3795 3078 3864 fuit;
3112 3797 3284 3868 cuius
3302 3795 3556 3852 exterior
3577 3795 3784 3852 oculus

2127 3885 2236 3942 etsi
2270 3885 2574 3942 nocturnis
2597 3884 2856 3941 tenebris
2886 3884 3178 3958 caligavit,
3214 3899 3381 3941 mens
3411 3888 3613 3940 tamen
3643 3883 3788 3942 inti-

2129 3991 2600 4048 ma,semperque
2613 3975 2683 4031 ad
2699 3973 3219 4047 contemplandum
3231 3975 3416 4031 Deum
3439 3973 3783 4047 purissima,

2126 4081 2272 4122 verae
2305 4063 2454 4121 lucis
2485 4062 2755 4136 lampade
2789 4063 3136 4120 coruscavit.

2587 4152 2665 4209 Ab
2695 4167 3057 4225 mergumeno
3085 4151 3315 4209 ridetur.

2203 4245 2290 4300 17.
2325 4243 2552 4300 Interea
2580 4256 2903 4315 paucorum
2937 4240 3166 4298 dierum
3199 4240 3585 4298 interlabente
3605 4239 3789 4298 curri-

2129 4333 2282 4402 culo,
2314 4332 2388 4388 ad
2418 4330 2725 4388 basilicam
2743 4329 3088 4388 B.Aventini
3119 4329 3492 4400 confessoris,
3507 4327 3640 4402 ejus
3659 4345 3790 4405 gn.

2129 4422 2214 4480 tia
2241 4439 2310 4477 ex
2331 4436 2494 4477 more
2513 4417 2731 4476 Christi
2753 4418 3013 4476 famulus
3033 4418 3642 4492 accedebat.Cumque
3654 4419 3784 4492 jam

2048 4530 2096 4596 Β
2128 4512 2281 4569 fores
2310 4509 2566 4568 ecclesias
2587 4508 2957 4582 perintraret,
2977 4508 3268 4582 contingit
3285 4509 3604 4582 quemdam
3625 4523 3787 4565 ener-

2131 4615 2455 4676 gumenum
2499 4598 2760 4656 daemone
2807 4597 3136 4672 exagitante
3184 4597 3412 4667 vexari;
3447 4598 3546 4671 qui
3577 4597 3788 4654 rabida

2129 4693 2290 4764 peste
2319 4686 2604 4760 captivus,
2619 4702 2755 4744 cum
2773 4686 3058 4743 miserum
3074 4702 3140 4744 os
3157 4687 3216 4743 in
3234 4685 3494 4743 amentia
3511 4687 3694 4743 verba
3709 4685 3790 4742 la-

2125 4782 2344 4846 xasset,
2377 4777 2534 4834 inter
2557 4779 2766 4832 cetera
2793 4775 3016 4832 famine
3042 4775 3301 4849 pectoris
3327 4773 3783 4844 furiosi,B.F~rc-

2127 4865 2356 4925 doberti
2387 4863 2604 4938 saepius
2633 4879 2846 4920 nomen
2876 4863 3270 4938 ingeminans,
3295 4869 3499 4920 sancto
3521 4863 3648 4920 viro
3667 4880 3790 4920 ver-

2128 4955 2221 5012 bis
2250 4953 2596 5027 procaeibus
2627 4951 2972 5022 insultabat,
2997 4952 3154 5026 quod
3176 4967 3244 5008 eo
3265 4968 3463 5010 sacras
3483 4957 3792 5010 exercente

2125 5043 2376 5117 vigilias,
2397 5041 2676 5098 solatium
2695 5039 2939 5098 luminis
2962 5039 3328 5098 detraxisset.
3341 5042 3414 5097 At
3425 5041 3596 5098 miles
3611 5040 3791 5098 Chri-

2129 5131 2205 5188 sti
2236 5129 2706 5200 strenuissimus,
2730 5129 3032 5188 diabolicae
3062 5130 3288 5188 fraudis
3316 5129 3791 5200 conscius,nulla

2129 5220 2320 5276 hostis
2336 5223 2458 5276 arte
2474 5221 2730 5289 concuti,
2750 5219 2912 5275 nulla
2931 5219 3123 5293 potuit
3141 5219 3435 5276 minarum
3459 5219 3790 5276 intentione

2129 5308 2358 5377 terreri,
2391 5309 2486 5364 cui
2517 5309 2786 5365 Christus
2814 5313 2942 5365 erat
2973 5307 3334 5382 praesidium,
3357 5313 3416 5365 et
3445 5312 3652 5366 contra
3681 5308 3788 5366 ho-

2131 5397 2297 5456 stiles
2327 5397 2635 5456 machinas
2665 5397 3116 5472 ineXpugnabile
3149 5397 3786 5466 ﬁrmamentum.0uin

451 5593 529 5664 (6)
558 5593 707 5661 Illud
739 5595 1066 5652 Parthenon
1095 5593 1398 5650 redactum
1430 5599 1520 5654 est
1547 5594 1609 5651 in
1640 5593 1968 5668 prioratum
1998 5594 2362 5656 Molismensi
2393 5595 2642 5656 abbatis:
2673 5593 3029 5667 subjectum.
