4056 6178
208 352 326 413 609

1413 354 1515 414 DE
1560 353 1745 416 VITA
1788 354 1851 414 S.
1898 354 2421 417 FRODOBERTI.

3500 363 3619 422 610

208 486 409 559 potius
436 489 654 558 quanto
701 484 1009 543 adversum
1055 501 1116 541 se
1166 487 1484 544 certamiua
1528 489 1861 546 daemonum
1891 490 1948 557 Α
1975 487 2214 546 lestium
2254 490 2531 547 victorem
2564 489 2997 562 quietissimum
3028 491 3323 548 solidaret.
3353 492 3506 561 Jam,
3536 494 3623 549 in-

206 574 437 633 acriora
464 578 833 648 cognoverat,
865 577 1029 629 tanto
1059 590 1121 631 se
1152 576 1450 632 robustius
1484 577 1556 633 ad
1588 577 1863 650 spiritua-

207 663 324 721 lem
342 679 605 737 pugnam
617 666 819 720 contra
834 662 1155 720 invisibiles
1167 664 1461 737 nequitias
1477 666 1862 740 praeparabat.

699 751 983 824 Angelicas
1012 769 1168 810 voces
1197 753 1371 810 audit.

281 843 371 900 18.
404 842 604 915 Operae
635 842 889 915 pretium
920 846 1009 898 est
1039 841 1185 899 illud
1213 859 1445 916 quoque
1476 842 1741 899 ﬁdelium
1770 860 1867 899 au-

208 932 376 991 ribus
406 932 827 1005 tradere,quod
872 931 924 989 ei
971 948 1142 1005 saepe,
1176 935 1469 989 annuente
1501 932 1748 989 Domino
1775 950 1863 989 se-

209 1027 370 1077 creta
401 1021 652 1078 caelestis
672 1022 846 1076 curiae
866 1022 1299 1094 pandebantur;
1326 1025 1382 1078 et
1403 1022 1683 1093 quoniam
1711 1040 1863 1078 sem-

210 1128 312 1185 per
328 1117 522 1167 mente
542 1112 595 1165 in
620 1109 955 1167 caelestibus
973 1111 1580 1179 habilabat,haustum
1599 1129 1864 1184 supernae

199 1200 598 1273 jucunditatis
627 1201 825 1255 divina
871 1201 920 1255 ei
964 1201 1148 1273 pietas
1186 1200 1548 1272 frequentius
1592 1201 1864 1273 propina-

207 1290 326 1356 bat,
364 1296 429 1346 ut
463 1294 625 1344 tanto
657 1291 729 1345 ad
777 1289 928 1345 hanc
978 1290 1280 1345 ardentius
1328 1294 1603 1357 curreret,
1648 1295 1864 1362 quanto

207 1379 518 1436 suavitatis
534 1380 662 1450 ejus
683 1377 1052 1434 dulcedinem
1077 1379 1446 1450 appetentius
1471 1362 1862 1451 degustasset.

206 1467 310 1525 Die
333 1468 494 1524 enim
512 1467 664 1539 quad
674 1484 767 1523 am
784 1467 1131 1523 venerabilis
1148 1467 1585 1525 Theudecarius
1602 1469 1865 1541 ejusdem

209 1558 393 1614 abbas
424 1556 715 1626 suburbii,
737 1556 1090 1614 visitationis
1121 1556 1338 1630 pariter
1365 1562 1423 1613 et
1460 1556 1866 1614 instructionis

208 1663 328 1704 sua
354 1644 547 1720 gratia
564 1645 639 1702 ad
666 1662 802 1701 cum
830 1649 1169 1714 venerat,ut
1199 1662 1327 1703 mos
1358 1651 1482 1703 erat
1512 1647 1740 1703 cunctis
1764 1662 1868 1719 per

207 1734 521 1792 circuitum
544 1733 833 1808 religiosis
863 1732 1023 1791 hnnc
1037 1733 1237 1808 ipsum
1263 1740 1532 1791 sanctum
1549 1735 1739 1791 virum
1763 1735 1868 1791 fre-

209 1828 460 1925 quenter
474 1829 771 1932 Lexpetere,
788 1827 1082 1897 quatenus
1112 1825 1242 1896 ejus
1263 1829 1320 1880 et
1348 1823 1745 1881 exhortatione
1784 1825 1869 1880 in-
1898 1865 1946 1932 Β

210 1912 452 1982 strui,et
474 1911 879 1969 benedictione
909 1917 1150 1985 possent
1178 1914 1553 1970 sanctissima
1582 1914 1862 1969 roborari.

210 2001 355 2059 Cum
386 2001 587 2074 itaque
616 2000 771 2058 circa
799 2002 1003 2058 horam
1037 2002 1154 2058 fere
1193 2002 1427 2058 tertiam
1478 2002 1867 2059 Frodobertus

209 2090 431 2163 Spiritu
463 2095 665 2147 sancto
694 2090 923 2163 plenus,
940 2107 1073 2147 cum
1097 2091 1336 2163 praefato
1358 2090 1478 2147 viro
1500 2090 1869 2148 Christianis-

211 2180 360 2237 simo
391 2178 790 2237 Theudecario
821 2179 1050 2248 abbate,
1085 2180 1450 2236 fructuosum
1475 2196 1539 2235 ac
1565 2179 1867 2252 spirituale

212 2267 568 2341 colloquium
600 2274 835 2337 sereret,
871 2268 1092 2324 audivit
1125 2268 1465 2342 angelorum
1497 2269 1705 2325 choros
1732 2269 1865 2324 har-

214 2358 446 2414 monica
490 2358 776 2414 suavitate
823 2356 1222 2430 ineffabilique
1270 2362 1558 2414 concentu
1606 2356 1867 2413 ccelestes

214 2446 464 2521 hymnos
496 2448 568 2503 ad
594 2452 809 2504 sanctae
839 2452 898 2504 et
927 2446 1244 2503 individuae
1274 2446 1580 2503 Trinitatis
1618 2445 1867 2519 gloriam

214 2536 608 2593 concinentes.
643 2536 827 2609 Citius
856 2552 1130 2594 canorem
1176 2535 1505 2592 dulcedinis
1554 2540 1867 2607 postquam

214 2625 559 2698 aliquandiu
577 2626 840 2682 attonitis
863 2626 1106 2682 auribus
1118 2624 1339 2692 hausit,
1356 2624 1664 2697 praefatum
1683 2624 1871 2682 Theu-

208 2715 510 2772 decarium
540 2715 680 2772 huic
696 2713 980 2772 miraculo
1009 2718 1217 2771 testem
1241 2714 1529 2770 adhibuit.
1549 2715 1670 2780 Quo
1692 2712 1867 2770 etiam

206 2804 590 2876 postmodum
621 2804 921 2872 referente,
946 2804 1019 2859 ad
1051 2803 1321 2859 notitiam
1354 2801 1743 2877 plurimorum
1776 2819 1869 2859 res

204 2896 328 2949 tam
360 2892 614 2949 mirifica
644 2892 922 2948 decurrit.
957 2891 1001 2948 Ο
1033 2892 1187 2948 beati
1215 2891 1321 2946 viri
1354 2890 1629 2947 meritum
1675 2891 1871 2965 singu-

203 2981 356 3039 lare!
393 2981 495 3054 qui
526 2982 795 3054 quamvis
825 2981 1017 3037 adhuc
1048 2980 1255 3037 mundi
1286 2979 1605 3036 incolatum
1648 2985 1866 3053 ageret,

205 3088 381 3128 voces
410 3076 609 3127 tamen
642 3071 994 3145 agnoscebat
1015 3070 1073 3126 in
1106 3069 1266 3126 caelis
1298 3068 1871 3143 angelicas,Redem-

204 3165 372 3233 ptore
405 3165 605 3217 nostro
636 3160 746 3217 hoc
775 3159 859 3215 illi
894 3160 1174 3215 divinitus
1224 3159 1526 3232 largiente,
1563 3159 1660 3231 qui
1701 3160 1872 3216 disci-

1975 595 2176 651 quam,
2216 585 2451 652 tempus
2508 580 2727 647 aderat,
2762 583 2828 635 ut
2876 597 2980 653 pro
3038 580 3358 637 multorum
3417 582 3629 639 sudore

1974 668 2498 741 certaminum,pro
2519 666 2837 741 singularis
2860 668 3226 725 abstinentiae
3245 669 3626 738 cruciatibus,

1974 772 2079 830 pro
2111 757 2399 813 universis
2422 758 2673 831 denique
2703 758 2979 831 operibus
3008 758 3627 832 pietatis,fessumjam

1974 862 2216 919 corpore
2253 845 2595 903 bellatorem
2629 846 2699 902 ad
2743 852 2885 902 sese‘
2904 845 3200 920 reciperet,
3220 850 3395 919 atque
3442 847 3501 903 in
3533 864 3631 920 pa-

1974 934 2157 990 ternis
2202 935 2612 991 mansionibus
2661 933 3012 990 collocatum
3056 933 3253 1008 gloriae
3284 939 3342 992 et
3389 935 3629 992 honoris

1975 1028 2285 1079 stemmate
2312 1026 2631 1090 decoraret,
2664 1024 3119 1095 mternitatisque
3151 1028 3205 1079 et
3228 1023 3630 1079 immortalita-

1976 1113 2053 1168 tis
2084 1114 2300 1168 amictu
2325 1114 2545 1168 circum
2578 1112 2761 1167 latum
2784 1112 3007 1185 angelis
3039 1113 3337 1183 insereret,
3352 1112 3630 1186 apostolis

1976 1201 2240 1257 sociaret.
2259 1202 2455 1274 Itaque
2476 1202 2625 1257 facili
2650 1202 2909 1273 corporis
2931 1202 3274 1273 aegritudine
3297 1203 3627 1274 corripitur,

1975 1292 2075 1362 qui
2125 1295 2322 1346 tamen
2374 1291 2569 1345 animo
2622 1290 2988 1345 iudeticiente
3030 1290 3324 1355 robustus,
3364 1290 3630 1344 bravium

1976 1384 2200 1435 aeternae
2234 1378 2724 1435 remunerationis
2755 1377 3027 1451 prosequi
3053 1378 3367 1433 nitebatur.
3392 1378 3633 1432 Jamdu-

1976 1469 2116 1525 dum
2149 1468 2305 1524 enim
2333 1473 2395 1523 ut
2416 1469 2645 1524 Christo
2670 1472 2917 1535 coessct,
2936 1485 3222 1540 corporeae
3263 1467 3434 1522 molis
3482 1484 3631 1539 prae-

1975 1559 2215 1630 optabat
2236 1574 2465 1613 carcere
2488 1555 2660 1625 solvi;
2683 1573 3020 1629 quanquam
3042 1559 3278 1629 propter
3298 1554 3633 1611 instructio—

1976 1662 2110 1703 nem
2140 1645 2426 1715 ﬁdelium,
2442 1645 2500 1701 in
2534 1662 2705 1702 carne
2724 1662 2850 1702 esse
2872 1645 3239 1701 necessarius
3262 1644 3629 1717 probaretur.

1976 1735 2080 1791 Cui
2113 1735 2185 1791 ad
2217 1752 2464 1792 summae
2495 1734 2826 1791 securitatis
2849 1732 3125 1791 solatium
3157 1733 3266 1790 hoc
3297 1733 3475 1791 etiam
3508 1750 3635 1789 mu-

1976 1824 2133 1881 neris
2164 1824 2361 1881 divina
2399 1825 2680 1897 majestas
2731 1823 2965 1895 adjecit,
2999 1827 3064 1879 ut
3109 1822 3298 1879 eidem
3347 1822 3498 1879 sacri
3538 1822 3632 1879 sui

1975 1914 2262 1969 transitus
2282 1913 2439 1969 diem
2463 1929 2497 1970 a
2519 1912 2729 1969 saculo
2753 1911 3050 1968 revelaret.
3066 1914 3191 1979 Qua
3212 1911 3450 1967 tandem
3482 1928 3634 1968 reve-

1977 2002 2192 2059 latione
2224 2007 2513 2075 percepta,
2530 2006 2718 2058 totum
2749 2019 2811 2057 se
2844 2017 2978 2056 mox
3010 2002 3082 2056 ad
3116 2000 3479 2056 divinitatem
3503 2016 3636 2055 con-

1978 2090 2131 2160 tulit,
2146 2108 2251 2147 nec
2283 2091 2431 2148 mori
2454 2094 2740 2158 metuens,
2767 2107 2870 2146 nec
2902 2106 3187 2161 corporeae
3230 2088 3635 2161 dispositionis

1976 2180 2351 2252 dispendium
2385 2180 2797 2247 reformidans;
2825 2195 3028 2235 verum
3052 2179 3111 2233 in
3144 2195 3344 2233 secum
3377 2194 3636 2250 saepenu-

1978 2285 2138 2325 mero
2167 2269 2420 2339 volvens,
2438 2268 2714 2341 quoniam
2732 2268 2781 2325 si
2809 2273 3035 2323 terrena
3067 2268 3247 2339 hujus
3281 2271 3492 2322 nostrae
3526 2266 3637 2322 ha-

1977 2358 2278 2415 bitationis
2328 2364 2625 2416 structura
2681 2356 3039 2425 dissolvitur,
3074 2356 3261 2412 multo
3315 2354 3523 2413 melior
3568 2354 3630 2410 in

1978 2446 2715 2531 cmlestibus'praeparatur.
2744 2446 3074 2513 Quinetiam
3098 2445 3182 2502 illi
3210 2450 3487 2502 anteacta:
3504 2444 3634 2502 vitae

1978 2536 2585 2594 conscientiaterroris
2598 2535 3287 2606 minimum,ﬂduciaeque
3308 2534 3634 2607 plurimum

1978 2626 2334 2694 conferebat,
2376 2627 2529 2699 quod
2590 2642 2706 2681 non
2750 2624 3023 2697 praesenti
3083 2621 3317 2692 saeculo,
3350 2623 3454 2678 sed
3518 2623 3635 2679 Deo

1977 2715 2224 2782 vixerat;
2261 2715 2412 2787 quod
2433 2732 2550 2770 suae
2571 2712 2858 2770 voluntati
2888 2712 3146 2768 divinam
3179 2727 3412 2783 semper
3430 2714 3637 2784 praetu-

1979 2803 2316 2876 lerat,quod
2349 2803 2606 2876 praemiis
2623 2802 2959 2859 caelestibus
2979 2800 3271 2856 indefesso
3302 2800 3633 2870 suspirans,

1979 2894 2163 2948 Deum
2182 2893 2291 2948 sibi
2308 2910 2423 2965 prae
2443 2892 2630 2949 oculis
2642 2895 2915 2964 posuerat
2926 2906 3053 2946 esse
3075 2888 3638 2963 praasentchgitur

1979 2983 2321 3055 aegritudine
2345 2981 2752 3049 invalescente,
2769 2979 3091 3053 discipulos
3112 2982 3412 3047 convocat,
3434 2978 3637 3050 eisque

1979 3089 2159 3144 quam
2208 3089 2276 3127 ex
2322 3071 2518 3127 divina
2565 3069 2910 3126 revelatione
2950 3072 3304 3141 perceperat,
3339 3068 3429 3122 sui
3480 3067 3636 3123 diem

1978 3161 2265 3216 transitus
2295 3160 2572 3217 declarat.
2597 3160 2858 3231 Cumque
2889 3175 3027 3231 grex
3058 3157 3410 3213 mitissimus
3458 3157 3529 3212 de
3551 3156 3635 3210 vi-

202 3248 361 3322 pulis
391 3249 519 3306 suis
548 3249 692 3306 hora
719 3250 889 3305 tertia
932 3249 1216 3321 Spiritum
1257 3253 1530 3305 sanctum
1580 3248 1744 3304 misit
1792 3249 1862 3305 de
1892 3238 1935 3305 C
1973 3249 2352 3323 gilantissimi
2385 3248 2635 3322 pastoris
2674 3249 2917 3304 decessu
2946 3246 3127 3302 simul
3158 3250 3216 3302 et
3246 3245 3515 3301 absentia
3534 3244 3638 3300 tri-

204 3338 372 3397 calo.

649 3430 932 3487 Furiosum
961 3437 1139 3485 mente
1166 3429 1424 3486 restituit.

274 3519 365 3575 19.
398 3519 676 3586 Quaedam
708 3518 975 3591 ejusdem
1018 3517 1274 3592 regionis
1321 3517 1555 3585 mulier,
1593 3517 1805 3574 Bertha
1835 3534 1869 3573 a

203 3608 553 3681 parentibus
582 3611 941 3681 nuncupata,
975 3596 1187 3665 sensus
1218 3607 1567 3663 rectitudine
1617 3605 1865 3679 perdita,

204 3697 434 3755 misera:
462 3697 770 3755 dementias
802 3695 1214 3753 alienationem
1246 3696 1733 3767 incurrerat,quan
1764 3694 1871 3749 hu-

206 3800 396 3842 manm
426 3783 879 3841 cohabitationis
920 3783 1370 3841 contubernium
1416 3783 1695 3856 fugitans,
1722 3798 1869 3856 vaga

200 3890 436 3946 semper
465 3872 761 3929 instabilis
803 3872 1044 3929 incertis
1076 3872 1317 3929 sedibus
1364 3872 1679 3929 ferebatur.
1705 3870 1865 3927 Hanc

201 3966 472 4034 parentes
506 3960 658 4019 anxii
711 3962 783 4018 ad
823 3961 973 4019 beati
1026 3960 1132 4017 viri
1176 3961 1548 4035 praesentiam
1580 3961 1867 4035 perduxe-

202 4056 355 4109 runt.
389 4053 467 4108 At
497 4050 595 4109 ille
613 4051 939 4108 visceribus
972 4050 1207 4123 pietatis
1237 4056 1567 4109 commotus
1618 4048 1867 4107 infelicis

201 4145 421 4198 sortem
451 4138 740 4209 indoluit;
779 4157 956 4212 sequo
976 4157 1113 4197 mox
1141 4140 1202 4195 in
1234 4138 1557 4198 orationem
1590 4155 1867 4196 corruens

201 4229 378 4298 dedit,
427 4228 685 4301 profusis
726 4227 1002 4303 lacrymis
1059 4226 1261 4285 aliena:
1318 4226 1655 4284 lucraturus
1708 4244 1865 4284 com-

202 4318 421 4376 mercia
452 4316 747 4375 sanitatis.
782 4317 899 4374 Nec
929 4317 1031 4374 diu
1063 4315 1243 4373 dilata
1273 4319 1413 4373 sunt
1444 4333 1710 4389 supernae
1759 4315 1869 4373 ele-

202 4407 441 4466 mentior.
487 4423 736 4464 munera
781 4406 1054 4480 copiosa;
1089 4422 1343 4478 namque
1393 4409 1459 4462 ut
1502 4405 1574 4460 ab
1606 4405 1866 4462 oratione

202 4512 569 4571 consurgens
597 4496 836 4552 viviﬁca
868 4495 1104 4568 signum
1137 4494 1329 4551 crucis
1359 4492 1538 4566 capiti
1584 4493 1715 4565 ejus
1765 4493 1869 4549 im-

201 4585 421 4657 posuit,
455 4601 592 4641 mox
621 4582 945 4641 miserabili
990 4583 1229 4641 cedente
1276 4580 1588 4648 dementia,
1618 4579 1868 4653 plenitu-

202 4672 403 4731 dinem
420 4690 632 4731 sensus
650 4672 952 4746 sospitatis
976 4671 1308 4744 integritate
1331 4668 1865 4742 recepit,longoque

201 4761 401 4821 vivens
432 4766 636 4835 postea
670 4765 950 4834 tempore,
986 4760 1058 4816 ad
1089 4759 1417 4816 sanctitatis
1447 4759 1575 4831 ejus
1605 4757 1861 4813 testimo-

204 4849 526 4921 nium,suee
559 4868 760 4908 secum
791 4849 1153 4907 eircumtulit
1182 4848 1397 4922 gaudia
1419 4847 1739 4921 sospitatis.
1761 4846 1861 4902 His

202 4942 254 4996 et
280 4939 630 5013 bujusmodi
661 4939 978 4995 virtutibus
1031 4937 1438 5012 gratissimum
1470 4935 1581 4993 sibi
1615 4936 1860 4992 militem

206 5026 399 5085 divina
427 5028 768 5085 excellentia
798 5027 1179 5101 provehebat;
1214 5043 1510 5099 quemque
1532 5025 1591 5080 in
1621 5024 1859 5098 superni

207 5119 363 5191 regni
398 5119 564 5193 apice
580 5117 1117 5176 eminentissimum
1139 5114 1421 5173 collocare
1444 5114 1861 5179 decreverat,in

209 5202 383 5278 hujus
415 5224 650 5280 quoque
680 5205 876 5263 saeculi
898 5222 1147 5262 excursu
1169 5204 1462 5276 insignem
1483 5219 1547 5258 ac
1576 5201 1863 5258 celebrem

210 5294 445 5353 reddere
475 5314 580 5370 per
608 5295 935 5369 frequentia
965 5292 1251 5351 miracula
1283 5309 1399 5349 non
1433 5291 1716 5347 cessabat.

446 5385 626 5444 Morbo
654 5392 931 5457 correptus
951 5382 1095 5439 diem
1124 5383 1316 5439 mortis
1344 5379 1622 5452 praedicit.

282 5480 379 5536 20.
409 5475 539 5532 Jam
572 5473 731 5531 enim
764 5478 997 5546 tempus
1028 5488 1060 5528 e
1090 5471 1354 5545 proximo
1404 5469 1716 5535 ferebatur,
1748 5483 1863 5540 quo

212 5568 492 5625 athletam
522 5580 700 5621 suum
725 5563 995 5619 Christus
1025 5578 1060 5617 a
1085 5558 1413 5632 periculoso
1447 5557 1652 5613 mundi
1685 5555 1864 5628 hujus

211 5670 396 5731 agone
426 5652 813 5725 subtraheret,
830 5655 1005 5727 atque
1035 5650 1097 5705 in
1129 5647 1383 5707 statione
1413 5650 1738 5705 castrorum
1759 5660 1864 5707 οω-

1976 3342 2251 3411 staretur,
2303 3337 2480 3395 altius
2529 3336 2949 3393 exhortationis
2995 3352 3265 3392 sermone
3323 3338 3630 3407 concepto,

1976 3445 2182 3485 omnes
2205 3428 2522 3501 compescit
2551 3445 2586 3483 a
2615 3427 2869 3496 fletibus,
2886 3424 3422 3499 congratulandum
3441 3422 3639 3498 potius

1976 3518 2089 3575 sibi
2123 3535 2301 3591 quam
2333 3517 2650 3573 dolendum
2684 3516 3008 3583 afﬁrmans,
3035 3515 3187 3587 quod
3213 3514 3313 3587 qui
3347 3513 3638 3569 hactenus

1976 3608 2139 3665 exsul
2195 3608 2434 3675 vixerat,
2464 3623 2621 3663 nunc
2670 3605 2873 3677 patria:
2923 3603 3187 3660 redditus
3234 3603 3305 3660 ad
3340 3602 3431 3659 sui
3462 3602 3637 3674 Regis

1976 3696 2305 3754 convivium
2335 3700 2661 3753 vocaretur.
2697 3693 2846 3749 Illud
2886 3692 2974 3749 vel
3024 3692 3278 3749 maxime
3328 3707 3477 3763 saepe
3508 3706 3640 3747 con-

1976 3790 2222 3855 testans,
2246 3790 2311 3840 ut
2342 3800 2609 3841 normam
2641 3785 2859 3838 sancta:
2881 3778 3486 3851 institutionis,quam
3509 3778 3636 3851 ipso

1976 3880 2034 3933 et
2080 3876 2321 3932 docente
2364 3873 2711 3940 didicerant,
2757 3875 2813 3927 et
2860 3873 3134 3942 operante
3193 3870 3634 3940 conspexerant,

1976 3963 2298 4022 inviolabili
2328 3968 2526 4019 tenore
2556 3976 2742 4033 usque
2774 3959 2845 4015 ad
2876 3957 3002 4013 vitae
3034 3956 3356 4013 termiunm
3404 3970 3636 4011 conser-

1974 4058 2196 4112 varent.

1974 4143 2271 4219 Ecclesium
2299 4158 2494 4199 novam
2520 4140 2608 4196 die
2636 4137 3067 4219 natatiDorni‘ni
3091 4134 3331 4219 postulat
3355 4131 3633 4219 dedicari.

2136 4215 2393 4288 Episwpo
2422 4218 2723 4281 recusante,
2756 4211 2887 4267 vitae
2918 4207 3169 4263 inducias
3201 4208 3473 4278 impetrat.

2044 4305 2134 4359 21.
2173 4305 2398 4360 Interea
2425 4301 2551 4358 dies
2573 4298 2891 4355 Dominicze
2927 4294 3251 4352 nativitatis
3277 4293 3420 4349 coelo
3454 4296 3635 4347 terra-

1975 4409 2089 4465 que
2121 4391 2557 4459 festivissimus,
2592 4406 2657 4445 ac
2688 4392 2809 4444 toto
2844 4387 2982 4442 orbe
3010 4383 3293 4441 colendus
3342 4381 3633 4438 illuxerat.

1973 4482 2187 4540 Accitis
2218 4481 2413 4553 itaque
2444 4478 2675 4535 duobus
2708 4474 3057 4533 nominatim
3100 4470 3427 4544 discipulis,
3445 4470 3636 4525 Leone

1977 4570 2199 4630 scilicet
2225 4569 2346 4626 viro
2370 4567 2764 4634 sanctissimo,
2783 4564 2882 4636 qui
2904 4568 3027 4619 tum
3052 4562 3109 4616 in
3128 4560 3331 4618 eodem
3351 4558 3633 4615 suburbio

1977 4664 2160 4720 abbas
2190 4659 2543 4715 mitissimus
2592 4652 3186 4723 existebat,-itemque
3237 4647 3509 4722 Lupullo,
3534 4646 3635 4720 qui

1970 4752 2098 4808 vitae
2121 4755 2178 4808 et
2192 4746 2651 4807 conversationis
2672 4746 2801 4817 ejus
2834 4741 3183 4814 insignia,ut
3208 4740 3396 4812 ipsius
3419 4738 3634 4809 scripto

1972 4840 2332 4899 declaratum
2365 4841 2472 4903 est,
2508 4835 2642 4891 licet
2650 4835 2817 4906 justo
2849 4830 3083 4887 brevius
3116 4828 3327 4885 litteris
3351 4825 3630 4900 alligavit,

1971 4931 2044 4987 ad
2075 4929 2377 4984 Abbomen
2408 4925 2596 4981 virum
2630 4920 3170 4980 reverentissimum
3192 4917 3458 4989 ejusdem
3488 4921 3630 4971 tunc

1972 5018 2134 5075 urbis
2165 5016 2488 5073 antistitem
2521 5029 2756 5070 summa
2784 5028 2884 5067 eos
2938 5007 3231 5065 celeritate
3264 5007 3501 5074 dirextt,
3535 5005 3635 5060 ob-

1972 5108 2165 5164 nixius
2197 5104 2558 5178 supplicans,
2594 5107 2657 5156 ut
2687 5098 3009 5156 oratorium
3062 5097 3216 5169 quod
3267 5096 3392 5168 ipse
3421 5094 3629 5151 honori

1975 5195 2373 5269 apostolorum
2407 5189 2765 5265 principisin
2798 5187 3070 5260 superius
3092 5183 3386 5257 descripta
3417 5183 3633 5256 palude

1972 5286 2397 5349 construxerat,
2422 5281 2515 5336 die
2548 5283 2711 5334 ortus
2751 5276 3038 5331 Dominici
3074 5276 3459 5330 consecraret.
3495 5272 3627 5327 Cre-

1972 5378 2133 5431 verat
2155 5371 2444 5444 siqnidem
2466 5366 2788 5441 opitulante
2809 5365 2924 5421 Deo
2947 5362 3370 5420 monachorum
3389 5360 3629 5431 congre-

1974 5464 2224 5537 gatio,et
2252 5460 2535 5530 majorem
2565 5471 2744 5529 quam
2776 5454 2967 5527 prima
2992 5454 3183 5509 fuerat
3212 5451 3455 5508 alteram
3491 5465 3630 5503 con-

1974 5553 2186 5610 struxit
2215 5547 2541 5606 ecclesiam.
2576 5547 2701 5612 Qua
2730 5543 2988 5618 pontifex
3031 5539 3456 5614 supplicatione
3498 5553 3629 5610 per-

1974 5645 2159 5717 cepta,
2194 5645 2372 5715 atque
2393 5636 2549 5713 apud
2572 5650 2633 5693 se
2655 5632 3080 5693 rationabiliter
3092 5644 3345 5706 expenso
3368 5626 3627 5704 negotio,
