4060 6170
367 331 480 392 611

1473 333 1805 396 ADSONIS
1848 327 2285 396 DERVENSIS
2328 331 2660 394 ABBATIS

3654 333 3768 394 612

366 465 639 538 prudenti
689 466 1084 521 moderatione
1122 466 1415 522 excusavit
1463 467 1704 535 factum,
1745 483 2012 522 asserens
2040 466 2096 532 Α
2126 464 2282 520 Illico
2315 465 2579 522 omnium
2605 468 2839 538 pectora
2859 483 3042 522 novus
3063 466 3307 540 quidam
3326 470 3385 524 et
3404 482 3553 540 pene
3572 463 3754 522 intele

368 553 515 610 illud
548 552 642 610 die
669 569 786 626 qua
830 555 1140 625 petebatur
1185 555 1426 610 minime
1475 571 1647 626 posse
1689 553 2009 627 compleri;

367 641 526 714 quod
575 659 710 698 eum
765 659 901 698 cum
952 641 1108 698 clero
1157 660 1264 699 sue
1312 643 1642 700 festivitatis
1672 643 2012 700 officiositas

366 730 726 787 cumulatius
754 735 1082 802 occuparet,
1115 736 1173 786 et
1216 733 1576 788 consuetudo
1619 732 2014 788 ecclesiastica

363 835 430 876 eo
461 818 555 874 die
582 818 642 874 id
672 818 796 874 ﬂeri
824 818 984 875 nullo
1007 821 1180 876 modo
1211 822 1586 878 consentiret.
1606 820 1889 892 Discipuli
1908 821 2014 876 fes-

364 906 652 963 tinantius
667 913 995 964 remeantes
1017 912 1218 964 sancte
1243 909 1394 964 Patri
1416 926 1698 982 responsa
1716 909 2012 982 pontiﬁcis

361 993 720 1063 detulerunt;
739 995 893 1068 quod
923 995 1017 1050 ille
1039 999 1402 1068 pertractans
1423 995 1760 1070 diligentius
1777 1000 1834 1052 ct
1845 994 2012 1052 ratio-

363 1083 555 1140 nabile
584 1101 713 1156 esse
743 1084 1129 1156 perpendens,
1153 1085 1391 1140 elevatis
1423 1085 1698 1142 manibus
1717 1085 1775 1139 in
1797 1083 2010 1140 cmlum

361 1175 417 1226 et
441 1147 712 1242 lacryiiiis
742 1189 842 1224 ora
873 1172 1180 1242 perfusus:
1209 1172 1428 1238 Pareat,
1464 1173 1674 1244 inquit,
1705 1171 1849 1227 mihi
1899 1172 2008 1226 De-

362 1259 560 1314 minus
589 1276 804 1330 vesque
836 1259 939 1313 filii
971 1259 1288 1330 indulgete,
1323 1261 1476 1331 quod
1524 1261 1720 1315 minus
1767 1260 2012 1315 circum-

361 1353 557 1420 specte
589 1347 888 1420 negotium
911 1349 1198 1420 cogitans,
1223 1342 1642 1404 fraternitatem
1675 1354 1926 1405 vestram
1950 1349 2008 1404 in

357 1437 550 1494 eundo
594 1441 652 1492 et
696 1437 990 1493 redeundo
1041 1453 1206 1493 casse
1253 1437 1450 1493 labore
1489 1437 1892 1510 compulerim.
1927 1439 2008 1494 Ne

356 1529 554 1582 tamen
585 1529 791 1582 sancta
839 1542 1006 1582 mens
1057 1524 1181 1582 suis
1232 1542 1652 1599 usquequaque
1703 1526 2008 1584 desideriis

355 1613 960 1683 frustraretur,divina
981 1619 1071 1670 est
1093 1613 1308 1687 pietate
1333 1615 1689 1672 consultum.
1705 1615 2007 1688 Siquidem

355 1702 506 1760 sacri
517 1703 712 1760 obitus
731 1703 1008 1760 dilatione
1030 1703 1388 1776 percepta,in
1403 1708 1670 1760 octavum
1691 1705 2006 1760 Dominicis

355 1791 675 1848 nativitatis
695 1791 850 1848 diem
881 1791 1140 1864 spatium
1179 1791 1308 1847 vitae
1338 1793 1632 1864 produxit,
1650 1793 1730 1850 ita
1761 1793 2006 1850 Domine

351 1885 486 1937 veta
513 1880 643 1952 ejus
673 1879 1048 1936 sanctissima
1078 1885 1485 1952 prosequente,
1521 1888 1586 1938 ut
1616 1900 1734 1938 una
1771 1884 2004 1938 eadem-

353 1985 468 2040 que
497 1968 591 2024 die
620 1985 722 2042 per
750 1986 962 2025 manus
983 1970 1111 2039 jam
1139 1969 1279 2024 dicti
1312 1971 1627 2040 pontificis,
1662 1976 1718 2026 et
1765 1971 2006 2028 basilica

351 2058 871 2125 consecrationem,
906 2061 962 2112 et
991 2055 1160 2130 gleba
1190 2058 1338 2113 sacri
1371 2060 1497 2130 ejus
1553 2061 1810 2132 corporis
1855 2061 2002 2116 acci-

355 2149 519 2218 peret
547 2143 933 2218 sepulturam.

355 2237 540 2293 Lector
578 2250 780 2310 coram_
798 2250 869 2310 ρο
921 2236 1276 2310 ΕυαηῃβΙίιιιη
1331 2237 1530 2307 legens,
1581 2241 1770 2310 capitis
1822 2239 2005 2296 dolore

763 2307 1046 2362 liberatur‘.
1078 2309 1306 2363 Sanctus
1335 2311 1586 2366 moritur.

421 2399 512 2451 22.
543 2395 745 2468 Itaque
775 2413 910 2452 cum
931 2396 1103 2468 juxta
1151 2413 1373 2453 meram
1421 2397 1762 2454 Christiana:
1811 2399 2004 2455 obser-

347 2484 556 2542 vantim
591 2483 866 2540 Kalendis
885 2485 1184 2542 Januariis
1206 2485 1520 2542 Deminicaa
1539 2487 2004 2544 circumcisionis

349 2573 654 2630 celebritas
685 2573 1036 2643 immineret,
1054 2575 1124 2629 ad
1156 2574 1386 2631 felicem
1417 2575 1730 2632 transitum
1759 2583 2002 2652 urgente

347 2661 692 2736 aegritudine
713 2667 915 2719 sancta
934 2662 1132 2720 anima
1151 2663 1458 2720 citabatnr.
1476 2665 1590 2721 Nec
1628 2666 1711 2722 sic
1741 2671 1936 2723 tamen
1967 2684 2001 2723 a

347 2751 566 2808 sanctis
579 2751 820 2808 monitis
839 2751 1053 2825 linguae
1075 2753 1335 2808 ofﬁcium
1365 2754 2004 2827 continebat,assisten-

344 2844 435 2896 tes
471 2839 582 2896 sibi
622 2839 947 2914 discipulos
977 2841 1308 2898 indefessus
1339 2842 1674 2912 exhortans,
1710 2849 2001 2917 quatenus

346 2927 500 2986 inter
526 2947 589 2986 se
619 2929 932 2986 insolubile
962 2929 1267 2986 ebaritatis
1287 2931 1588 2986 vinculum
1613 2933 1996 3002 custodirent,

345 3023 516 3092 atque
545 3018 605 3073 in
635 3017 987 3074 exhibitione
1017 3018 1292 3074 salutaris
1309 3019 1649 3076 ebedientize
1681 3023 1998 3094 persisten-

341 3111 452 3173 tes,
483 3107 754 3162 timerem
787 3107 889 3162 Dei
920 3124 1152 3178 semper
1179 3107 1290 3162 sibi
1343 3115 1474 3163 ante
1522 3109 1722 3166 oculos
1767 3128 1998 3167 revoca-

348 3199 495 3251 rent.
528 3195 776 3267 Jamque
825 3195 945 3250 sele
995 3195 1066 3249 ad
1118 3195 1346 3251 telluris
1396 3195 1601 3252 infima
1651 3198 2001 3272 declinante,
2030 3207 2074 3272 ρ

350 3283 658 3355 ριιωῖειῐιιῐη
689 3283 1022 3356 Lupellum,
1043 3283 1142 3355 qui
1165 3285 1216 3340 ei
1242 3284 1594 3342 familiarius
1615 3288 1858 3361 obsequi
1877 3307 2008 3346 cen-

348 3373 632 3441 sueverai,
665 3372 957 3428 maturius
989 3372 1264 3444 praecepit
1295 3375 1539 3430 evocari.
1559 3375 1638 3430 Eo
1669 3393 1866 3432 ceram
1898 3379 2004 3434 ad-

281 3466 294 3478 ’
350 3461 545 3530 ducto,
568 3465 634 3517 ut
663 3477 898 3518 sacrum
929 3460 1309 3534 Evangelium
1342 3466 1478 3518 ante
1507 3479 1570 3518 se
1593 3462 1810 3538 legeret
1829 3467 2008 3542 impe-

353 3550 519 3607 ravit.
548 3549 650 3608 llle
682 3554 877 3607 autem
909 3549 1107 3607 delere
1137 3550 1344 3624 capitis
1373 3551 1568 3609 acrius
1599 3555 2001 3628 torquebatur.

351 3639 638 3712 Cumque,
669 3643 727 3696 et
757 3637 884 3712 ipse
921 3641 1299 3712 postmodum
1333 3641 1550 3710 retulit,
1584 3643 1655 3698 ad
1677 3645 2004 3716 parendum

353 3729 575 3786 sanctis
605 3727 870 3802 imperiis
891 3729 1166 3801 quamvis
1191 3745 1340 3803 zegre
1369 3729 1634 3786 animum
1660 3733 2002 3804 appulisset,

352 3820 412 3875 in
445 3818 572 3891 ipse
601 3833 736 3874 mox
755 3817 986 3890 legendi
1008 3818 1241 3874 exordio
1259 3819 1338 3873 ita
1367 3819 1675 3876 universus
1694 3821 1859 3877 dolor
1877 3823 2002 3880 abs-

353 3909 629 3977 cessit,ut
657 3907 738 3962 nil
763 3907 1266 3980 doloris,pristina:
1289 3908 1369 3964 nil
1391 3908 1670 3966 molestiae
1704 3911 2000 3970 resideret.

351 3997 579 4053 Interea
608 4013 712 4069 per
741 3995 924 4052 totius
957 3997 1146 4052 nectis
1175 4013 1488 4053 excursum
1520 3997 1634 4054 Dee
1665 4015 1897 4073 semper
1923 4001 2008 4057 in-

350 4088 571 4153 tentus,
603 4102 739 4140 cum
767 4084 919 4140 inter
949 4085 1283 4158 spiritualia
1311 4085 1602 4160 colloquia
1642 4087 1784 4144 hera
1813 4106 2007 4146 succe-

353 4173 534 4240 deret,
565 4171 795 4245 cxpleta
845 4172 1183 4230 solemniter
1231 4191 1264 4230 a
1312 4175 1591 4232 fratribus
1640 4177 1698 4232 in
1758 4179 2006 4236 ecclesia

353 4259 693 4333 psalmodiae
709 4265 766 4316 et
782 4260 1112 4317 orationum
1131 4264 1475 4335 quantitate,
1490 4265 1794 4324 universos
1814 4268 1922 4324 den
1932 4285 2005 4325 ue

345 4349 517 4422 jubet
547 4350 754 4406 adesse
784 4349 1143 4422 discipulos;
1177 4351 1437 4425 dumque
1469 4357 1602 4409 ante
1630 4371 1764 4412 eum
1813 4359 2006 4414 textus

350 4438 644 4512 passionis
671 4437 962 4512 legeretur
995 4439 1331 4508 Dominicai,
1365 4442 1476 4498 sub
1507 4443 1692 4500 oculis
1739 4446 2004 4502 omnium

350 4533 554 4585 sancta
583 4529 781 4585 anima
809 4529 1002 4584 carnis
1033 4533 1206 4586 exuta
1237 4529 1546 4598 velamine,
1579 4533 1729 4588 felici
1762 4535 2003 4594 decessu

350 4615 608 4674 caelestia
629 4616 949 4690 penetravit
970 4621 1068 4687 (7).

352 4723 624 4782 Gibitrudi
652 4732 704 4782 et
723 4725 1233 4805 sanctimonialitus
1254 4727 1346 4782 sui
1365 4726 1698 4785 desiderium
1719 4732 2000 4805 relinquit.

847 4797 1092 4852 Procerae
1119 4799 1230 4867 fuit
1255 4805 1494 4853 staturae.

417 4887 508 4942 23.
543 4885 612 4942 Et
640 4885 740 4942 ille
763 4884 1000 4958 quidem
1034 4883 1114 4940 ita
1145 4902 1212 4941 ex
1244 4884 1520 4943 humanis
1551 4896 1861 4964 assumpto
1893 4892 2006 4948 cel-

347 4973 853 5048 legiis,extemple
885 4974 1396 5030 reverentissimus
1430 4992 1608 5048 nepos
1641 4979 1770 5050 ejus
1788 4979 2009 5036 Waldi-

349 5081 485 5132 nus,
505 5064 604 5137 qui
639 5064 1015 5137 postmodum
1044 5061 1170 5119 loco
1203 5065 1476 5121 avunculi
1500 5065 1559 5120 in
1593 5068 1798 5124 eodem
1819 5070 2008 5143 ipsius

351 5153 704 5209 monasterio
728 5153 912 5208 abbas
935 5152 1242 5221 successit,
1259 5171 1466 5226 gressu
1492 5153 1720 5212 concito
1741 5158 1799 5213 in
1823 5176 2007 5217 cemo-

348 5241 444 5297 bio
477 5242 536 5298 S.
557 5241 822 5308 Quintini
855 5241 928 5298 ad
951 5241 1396 5299 memorabilem
1429 5243 1796 5302 Gibitrudem
1830 5249 2006 5305 abba-

347 5331 555 5387 tissam
597 5331 964 5404 perveniens,
1006 5331 1193 5386 sancti
1243 5331 1352 5386 viri
1411 5331 1636 5389 obitum
1697 5337 2003 5394 nuntiavit.

419 5493 500 5571 (7)
528 5490 746 5571 {tempe
770 5490 1054 5571 Kalendis
1083 5491 1406 5571 Januariis,
1439 5492 1694 5571 sicutijn
1726 5495 2006 5571 Martyre-

352 5561 510 5651 logie
529 5561 805 5651 gellensi,
820 5579 1160 5651 qqanquam
1175 5563 1252 5651 ‘in
1269 5563 1416 5651 aliis
1436 5565 1554 5648 fere
1579 5561 2008 5651 Martyrelegiis

351 5633 774 5709 recentioribus
795 5633 856 5709 vi
875 5633 1293 5709 Idusejusdem
1313 5633 1814 5709 men_s_is,_quidies
1824 5633 2006 5698 trans’

348 5701 588 5766 lationis
609 5703 658 5778 ej
668 5719 738 5761 us
759 5708 868 5777 est,
893 5701 1238 5763 celebratur.
1253 5704 1398 5763 Cum
1425 5701 1720 5769 Glotliario
1739 5710 2008 5774 Glodovei

2035 4579 2082 4644 D

2123 553 2325 609 rabilis
2345 553 2509 610 dolor
2529 555 2759 626 irrupit,
2774 571 3027 628 parsque
3043 555 3254 612 salutis
3273 555 3590 628 absumpta
3604 559 3777 628 puta-

2122 641 2296 698 batur
2341 641 2490 699 tanti
2540 643 2728 700 Patris
2778 643 3047 700 absentia
3086 645 3456 700 succedente.
3496 643 3780 701 Universo

2120 729 2319 804 itaque
2355 731 2897 788 sanctimonialium
2919 735 3070 788 coetu
3093 731 3154 788 in
3184 733 3387 788 fletum
3408 737 3466 790 et
3484 731 3781 806 lacrymas

2119 824 2482 894 erumpente,
2495 821 2844 878 venerabilis
2873 822 3178 878 abbatissa
3195 821 3461 880 viscerali
3483 825 3784 878 commota

2120 910 2353 980 pietate,
2388 913 2552 982 rapto
2584 927 2761 968 cursu
2793 911 2866 966 ad
2897 911 3084 966 sancti
3115 909 3223 966 viri
3254 911 3562 984 exsequias
3593 926 3782 984 quam

2120 998 2420 1056 celerrime
2450 999 2798 1072 preperavit.
2832 999 3098 1072 Cumque
3127 999 3280 1056 inter
3308 1016 3406 1056 eos
3437 999 3510 1054 de
3549 999 3782 1055 funeris

2121 1086 2422 1162 diligentia
2451 1091 2820 1155 tractaretur,
2850 1087 2952 1144 illa
3003 1089 3372 1161 perquirente
3420 1105 3494 1143 an
3544 1086 3784 1142 loculus

2119 1177 2466 1233 tumulando
2499 1183 2860 1248 praeparatus
2889 1178 3112 1249 corpori
3146 1179 3397 1245 adesset,
3423 1193 3780 1248 responsum

2119 1271 2227 1333 est,
2258 1269 2520 1338 emptum
2552 1266 2790 1337 quidem
2837 1283 2966 1322 esse
3013 1284 3048 1320 a
3095 1267 3352 1338 quedam
3392 1262 3620 1321 illustri
3649 1266 3782 1321 viro

2116 1355 2416 1411 Walberte
2446 1355 2682 1410 nomine
2723 1355 3019 1428 lapideum
3070 1359 3544 1423 monumentum,
3567 1372 3781 1410 verum

2118 1443 2449 1517 proceritati
2478 1443 2737 1516 corporis
2763 1443 2892 1516 ejus
2913 1443 3076 1499 nullo
3096 1445 3272 1500 modo
3295 1444 3622 1500 convenire.
3642 1444 3784 1500 Fuit

2116 1533 2274 1590 enim
2293 1532 2370 1588 ibi
2394 1533 2832 1590 sacratissimus
2853 1532 2942 1588 vir
2953 1551 3068 1589 non
3085 1533 3276 1590 solum
3298 1533 3495 1589 animo
3517 1531 3782 1606 splendi-

2117 1623 2249 1690 dus,
2270 1622 2371 1678 sed
2391 1621 2568 1677 etiam
2587 1626 2834 1677 venuste
2853 1625 2911 1677 et
2931 1637 3170 1694 procero
3191 1638 3433 1694 corpore
3442 1620 3777 1694 speciosus,

2116 1715 2182 1766 ut
2209 1709 2293 1766 illi
2325 1726 2559 1782 quoque
2590 1709 2919 1782 perhibent,
2942 1710 3044 1782 qui
3073 1711 3204 1782 ejus
3234 1709 3622 1767 sacratissimi
3644 1727 3776 1766 cor-

2114 1799 2272 1872 poris
2319 1815 2457 1855 ossa
2503 1815 2564 1855 se
2587 1798 2886 1871 aspexisse
2918 1799 3192 1856 fatentur.
3211 1797 3410 1856 Misis
3442 1799 3643 1872 itaque
3671 1815 3776 1856 ra-

2113 1888 2258 1961 ptim
2311 1886 2598 1943 ministris
2641 1887 2714 1944 ad
2746 1887 2805 1943 id
2838 1887 3262 1956 devehendum,
3297 1903 3434 1944 mox
3472 1887 3686 1947 mirum
3711 1887 3774 1944 in

2114 1977 2356 2032 modum
2387 1974 2672 2032 miraculo
2701 1975 2915 2032 claruit
2945 1977 3100 2048 quod
3131 1976 3354 2032 summi
3379 1981 3534 2034 esset
3551 1975 3768 2045 meriti,

2113 2065 2205 2121 cui
2238 2065 2512 2120 funebres
2543 2065 2830 2136 exsequiae
2863 2065 3244 2138 parabantur.
3278 2065 3426 2121 Nam
3458 2065 3776 2121 cumidem

2110 2153 2446 2211 Walbertus
2495 2150 2781 2226 quosdam
2831 2171 2862 2209 e
2909 2154 3248 2211 domesticis
3307 2153 3640 2226 direxisset,
3671 2154 3778 2227 qui

2111 2247 2374 2316 emptum
2405 2241 2834 2315 sarcophagum
2867 2241 2941 2298 iis
2971 2243 3071 2314 qui
3125 2241 3271 2299 illud
3321 2243 3546 2299 deferre
3593 2259 3778 2300 vene-

2112 2337 2246 2386 rant
2277 2331 2670 2404 assignarent,
2705 2347 2960 2402 superna
3007 2331 3389 2404 dispensante
3437 2330 3776 2400 clementia,

2111 2424 2276 2476 tanta
2306 2437 2404 2476 eos
2439 2419 2716 2477 alienatio
2738 2421 2954 2477 mentis
2976 2419 3171 2491 elusit,
3187 2425 3254 2478 ut
3273 2438 3377 2494 pro
3395 2419 3631 2478 vasculo
3651 2420 3780 2478 bre-

2111 2507 2266 2564 viore
2289 2509 2442 2581 quod
2477 2511 2742 2581 emptum
2765 2509 2976 2576 fuerat,
2992 2508 3153 2565 aliud
3185 2509 3502 2584 spatiosius
3524 2514 3582 2565 et
3605 2525 3778 2584 capa-

2111 2597 2258 2666 cius,
2285 2597 2441 2670 quod
2464 2596 2576 2653 sibi
2606 2596 2762 2653 id‘em
2793 2597 3132 2654 Walbertus
3163 2602 3588 2671 praeparaverat
3617 2597 3776 2655 desi-

2109 2688 2378 2758 gnarent.
2403 2685 2568 2752 Quod
2617 2684 2702 2740 illi
2735 2685 3002 2742 vehiculo
3032 2687 3423 2759 impenentes,
3451 2687 3525 2742 ad
3573 2685 3774 2744 locum

2110 2791 2225 2847 quo
2256 2773 2342 2830 vir
2369 2779 2612 2831 sanctus
2641 2791 2704 2832 se
2733 2773 3154 2832 tumulandum
3199 2776 3554 2845 decreverat,
3588 2792 3775 2848 quam

2110 2863 2394 2921 citissime
2412 2864 2828 2936 perduxerunt.
2843 2863 2930 2920 Ita
2945 2865 3315 2936 omnipotens
3337 2864 3776 2935 Deus,cuicura

2107 2957 2198 3008 est
2225 2953 2297 3008 de
2327 2951 2622 3021 omnibus,
2659 2969 2764 3008 nec
2795 2951 2939 3024 ipsis
2969 2953 3208 3025 quidem
3252 2951 3550 3010 cineribus
3598 2953 3774 3008 electi

2109 3039 2200 3097 sui
2231 3040 2436 3097 famuli
2454 3039 2758 3114 quidpiam
2779 3041 2980 3098 deesse
3001 3059 3216 3113 passus
3237 3045 3326 3098 est
3347 3046 3772 3114 opportunum.

2321 3133 2592 3203 Sepelitur
2619 3130 2688 3185 ab
2717 3133 2962 3204 episcopo
2989 3139 3112 3204 post
3136 3133 3380 3188 ecclesia
3408 3147 3566 3188 novae

2732 3202 3142 3260 dedicationem.

2183 3293 2274 3346 24.
2309 3291 2605 3348 Universis
2625 3291 2806 3365 igitur
2825 3291 2898 3347 ad
2921 3309 3067 3348 usus
3090 3291 3404 3364 sepultum
3426 3292 3770 3368 pertinenti;

2114 3381 2226 3437 bus
2256 3379 2690 3454 elegantissime
2719 3381 3080 3454 praeparatis,
3102 3381 3479 3453 supradictus
3511 3397 3769 3437 reveren-

2113 3469 2396 3528 dissimus
2417 3469 2692 3542 pontifex,
2709 3468 2992 3526 abbatum
3015 3469 3491 3526 suburbanerum
3510 3467 3768 3542 clarique

2114 3577 2180 3615 ac
2211 3557 2412 3632 populi
2460 3558 2692 3632 agmine
2733 3557 3182 3632 circumseptus,
3216 3559 3290 3614 ad
3332 3559 3396 3614 B.
3431 3557 3773 3616 Fredebcrti

2113 3648 2421 3722 exsequias
2451 3651 2742 3721 properat,
2763 3663 2898 3705 cum
2929 3647 3121 3704 adhuc
3142 3663 3376 3704 sacrum
3407 3647 3535 3719 ejus
3555 3663 3773 3721 corpus

2113 3739 2172 3794 in
2205 3735 2354 3794 cella
2381 3736 2712 3794 Christiane
2743 3748 2904 3794 more
2949 3737 3340 3811 compositum
3381 3737 3627 3808 jaeeret.
3661 3737 3771 3806 Qui

2113 3825 2473 3900 primum,ut
2503 3825 2648 3882 ratio
2679 3827 3000 3898 expetebat,
3017 3825 3090 3882 ad
3110 3825 3360 3899 praefatae
3391 3823 3647 3882 basilicas
3677 3825 3776 3881 de-

2113 3915 2464 3972 dicationem
2495 3913 2824 3988 accingitur
2842 3915 3264 3988 peragendam;
3299 3930 3478 3986 quam
3511 3931 3649 3970 cum
3681 3931 3772 3972 se-

2114 4003 2294 4061 lemni
2325 4003 2516 4059 efficio
2547 4001 2912 4074 explevisset,
2931 4021 3166 4060 sacrum
3199 4020 3412 4077 corpus
3442 4020 3579 4060 cum
3611 4020 3771 4061 reve-

2113 4093 2300 4150 rentia
2330 4091 2564 4149 elevans
2596 4091 2654 4146 in
2678 4090 2986 4150 ecclesiam
3016 4091 3235 4162 intulit,
3271 4109 3338 4150 ac
3367 4092 3461 4149 die
3503 4092 3774 4166 ejusdem

2114 4180 2518 4249 dedicationis,
2551 4179 2822 4236 Kalendis
2853 4179 3075 4238 scilicet
3094 4180 3414 4250 Januariis,
3438 4197 3575 4237 cum
3603 4180 3776 4256 hym-

2115 4271 2208 4327 nis
2238 4274 2296 4326 et
2323 4267 2598 4326 laudibus
2620 4273 2678 4324 et
2699 4268 2967 4325 universe
2989 4268 3371 4326 ecclesiastici
3393 4269 3573 4325 ofﬁcii
3596 4285 3776 4344 appa-

2116 4365 2245 4415 ratu
2277 4358 2528 4432 pretiose
2559 4357 2620 4412 in
2648 4358 2853 4414 eadem
2893 4357 3160 4427 basilica,
3193 4375 3372 4432 quam
3421 4358 3548 4432 ipse
3595 4375 3775 4415 cens-

2114 4451 2396 4516 truxerat,
2431 4445 2674 4503 tradidit
2702 4445 3038 4520 sepulturae.
3075 4446 3161 4504 Ita
3190 4446 3278 4503 vir
3324 4446 3558 4504 Domini
3601 4451 3773 4504 terrae

2111 4536 2435 4594 visceribus
2479 4534 2910 4592 officiosissime
2959 4535 3424 4604 commendatus,
3456 4533 3773 4608 septimam

2113 4625 2353 4683 Sabbati
2385 4641 2520 4681 cum
2569 4623 2796 4681 Christe
2849 4623 2908 4678 in
2953 4623 3152 4680 anima
3198 4623 3472 4692 celebrat,
3505 4625 3772 4680 octavam

2112 4733 2244 4773 vere
2276 4719 2486 4771 nostrae
2519 4713 2784 4770 omnium
2833 4713 3244 4769 resurrectioni
3295 4711 3648 4785 generaliter
3688 4727 3774 4769 re.
3816 4713 3826 4721 ’

2113 4803 2464 4878 promissam
2487 4801 2816 4868 interritus,
2847 4800 2966 4857 imo
2988 4801 3059 4858 de
3087 4801 3274 4874 gloria
3301 4817 3546 4856 securus
3565 4815 3772 4872 exspe-
3859 4841 3866 4846 .

2111 4898 2217 4964 tat,
2248 4892 2356 4948 etsi
2389 4907 2626 4965 corpore
2657 4894 2946 4958 mortuus,
2982 4889 3208 4947 meritis
3241 4893 3437 4946 tamen
3468 4887 3773 4945 vivacibus

2116 4983 2173 5038 in
2201 4984 2548 5055 perpetuum
2580 4978 2895 5053 gloriosus.

2691 5067 2972 5124 Miraculis
2997 5067 3186 5140 fulget.

2183 5160 2271 5216 25.
2299 5157 2600 5232 Requievit
2619 5157 2816 5231 itaque
2836 5157 2895 5212 in
2929 5157 3132 5214 eadem
3167 5155 3410 5213 basilica
3443 5171 3546 5230 per
3571 5172 3779 5228 quam-

2115 5249 2284 5322 plura
2305 5265 2591 5305 annerum
2613 5246 2932 5314 volumina,
2949 5244 3136 5303 multo
3161 5244 3583 5302 conﬂuentium
3606 5245 3781 5302 undi-

2115 5355 2228 5410 que
2238 5335 2587 5410 populorum
2602 5336 2835 5409 agmine
2848 5335 3338 5407 frequentatus,et
3350 5350 3497 5406 pene
3515 5333 3774 5391 assiduis

2107 5495 2364 5578 junioris
2395 5493 2702 5578 filiohhaud
2734 5493 2834 5550 diu
2865 5491 3248 5578 supervixerit
3276 5508 3344 5548 ex
3373 5507 3540 5574 num.
3575 5492 3777 5578 11';st-

2115 5563 2221 5640 pra
2257 5568 2386 5640 ejus
2412 5566 2656 5640 obitum
2704 5582 2858 5622 anno
2905 5563 3064 5622 circa
3087 5566 3196 5623 673
3231 5564 3593 5639 reponimus.
3627 5563 3776 5640 Ejus

2115 5638 2375 5715 reliquiae
2405 5638 2626 5698 ibidem
2657 5641 3052 5697 asservantur.
