4056 6178
276 298 385 356 617

1472 298 1570 357 ne
1615 268 1795 357 vim
1840 297 1901 355 ε.
1953 298 2469 359 FRODOBERTI.

3556 302 3674 363 618

272 428 405 485 villa
434 429 528 483 cui
563 427 851 484 Falcarias
898 427 1245 483 vocabulum
1296 432 1404 496 est,
1438 428 1742 484 candelam
1792 446 1910 484 sua:
1942 438 1993 503 Α
2026 431 2446 501 przenominata
2503 431 2809 486 celebritas
2870 432 3219 501 differretur,
3270 436 3561 505 quatenus
3616 438 3675 491 et

272 517 654 591 longitudinis
685 518 1040 590 deportaret;
1077 518 1147 573 ad
1173 534 1349 590 quam
1382 518 1521 591 quia
1552 517 1747 574 labore
1771 518 1920 589 pari-

271 613 357 664 ter
384 612 444 663 et
474 605 815 680 aegritudine
845 606 1036 662 fessus
1068 606 1149 661 ire
1182 623 1296 661 non
1325 610 1576 679 poterat,
1610 623 1710 679 per
1740 607 1917 661 inter-

270 696 535 753 nuntiam
569 712 877 768 personam
911 694 1161 767 dirigere
1193 695 1600 751 curavit.Hinc
1632 695 1702 750 ad
1737 695 1918 751 S.Pe—

268 785 341 843 tri
372 785 730 852 cumobium,
764 801 879 856 quo
921 783 984 838 B.
1022 783 1357 840 Frodoberti
1391 783 1645 855 pretiosa
1677 782 1920 856 pignora

265 879 637 941 venerantur,
673 873 820 927 forte
850 872 1118 940 devenit;
1150 889 1403 944 cumque
1448 872 1539 928 die
1588 871 1913 938 Dominica,

267 982 394 1038 quae
426 961 659 1019 Domini
704 961 1105 1017 ascensionem
1156 966 1360 1017 secuta
1407 966 1515 1028 est,
1550 962 1823 1016 sacerdos
1850 978 1918 1016 ex

269 1068 428 1110 more
461 1049 715 1124 publicis
747 1048 929 1105 sacris
960 1066 1198 1121 operam
1230 1050 1413 1116 daret,
1449 1048 1662 1122 illeque
1710 1049 1782 1104 ad
1823 1066 1916 1103 os-

266 1143 418 1198 tium
468 1137 725 1195 ccclesize
773 1137 1022 1191 orationi
1072 1139 1457 1204 incumberet,
1492 1138 1662 1208 vidit,
1697 1141 1762 1192 ut
1793 1137 1916 1209 ipse

268 1228 644 1303 postmodum
671 1226 890 1291 retulit,
912 1225 1185 1280 clericum
1220 1227 1532 1299 quemdam
1556 1225 1802 1297 juvenili
1825 1227 1919 1280 de-

265 1335 471 1375 corum
504 1314 848 1371 habitudine
880 1316 950 1369 ad
983 1333 1045 1369 se
1075 1316 1367 1383 accedere,
1421 1314 1756 1387 lumbisque
1786 1316 1916 1386 ejus

262 1407 548 1464 acerrime
578 1404 886 1460 coarctatis
918 1407 1038 1458 toto
1056 1421 1117 1457 se
1138 1421 1375 1475 corpore
1402 1404 1763 1460 validissime
1780 1420 1916 1459 con-

261 1496 546 1555 cussisse.
581 1496 704 1560 Quo
736 1491 994 1565 impulsu
1025 1492 1082 1546 in
1117 1497 1332 1547 terram
1364 1492 1673 1560 elisus,diu
1702 1493 1914 1547 immo-

259 1586 401 1642 bilis
438 1582 650 1656 jacuit,
699 1586 765 1637 ut
811 1598 958 1654 pene
1005 1580 1291 1637 exanimis
1352 1586 1698 1654 putaretur;
1745 1582 1915 1653 cujus

257 1674 456 1748 spatio
488 1669 799 1736 intervalli,
831 1675 889 1726 et
917 1669 1173 1743 quietem
1206 1670 1523 1739 brachii,et
1554 1687 1787 1738 sensus,
1819 1684 1916 1725 ca-

258 1764 524 1837 pitisque
553 1758 950 1833 integritatem
980 1759 1221 1832 recepit.
1260 1760 1515 1832 Indeque
1554 1774 1915 1831 consurgens

256 1854 485 1910 haustu
515 1866 679 1922 aquae
710 1852 1122 1921 percepto,pra:
1152 1848 1377 1921 ingenti
1408 1848 1756 1904 lassitudine
1776 1864 1912 1904 cum

258 1944 481 1999 iterum
512 1937 1206 2006 obdormisset,eumdem
1228 1937 1506 1993 clericum
1540 1953 1715 2010 quem
1735 1953 1915 2009 supra

256 2028 570 2102 conspexit
600 2027 721 2084 haec
752 2025 863 2083 sibi
890 2027 1067 2083 verba
1101 2025 1448 2082 familiarius
1496 2025 1909 2082 inculcantem.

258 2122 408 2188 Hoc,
432 2117 1070 2191 inquit,indumentum
1102 2132 1218 2187 quo
1248 2114 1498 2171 amictus
1530 2114 1914 2186 es,suspende

256 2211 333 2266 ad
383 2207 595 2264 limina
645 2202 1000 2261 Frodoberti.
1053 2204 1212 2273 (Erat
1259 2208 1455 2260 autem
1504 2201 1912 2275 paenitentium

260 2315 433 2356 more
462 2295 652 2352 cilicio
683 2298 916 2351 tantum
947 2293 1238 2361 indutus.)
1270 2292 1533 2364 Cnmque
1562 2293 1633 2347 de
1664 2292 1772 2347 hoc
1792 2307 1912 2347 ser-

253 2403 440 2446 mone
472 2383 779 2451 sollicitus,
812 2398 881 2437 ea
910 2382 1152 2436 domum
1195 2381 1531 2437 Frodoberti
1581 2397 1643 2436 se
1691 2380 1914 2435 nescire

255 2478 629 2540 fateretur,et
661 2489 774 2528 non
805 2470 1020 2527 habere
1038 2470 1448 2525 indumentum
1482 2469 1638 2525 aliud
1654 2484 1917 2524 causare-

255 2573 386 2634 tur,
417 2566 569 2620 inter
596 2561 718 2617 haec
748 2561 821 2616 ab
852 2576 970 2615 uno
1002 2560 1071 2614 de
1102 2559 1448 2615 custodibus
1477 2559 1716 2614 excitur.
1751 2558 1915 2613 Tunc

254 2656 364 2711 ille
395 2653 917 2719 anxius,enarrans
937 2648 1079 2721 quid
1100 2649 1343 2717 viderat,
1354 2647 1687 2704 Frodoberti
1706 2648 1916 2702 domus

256 2758 528 2818 quanam
560 2740 619 2794 in
650 2743 814 2812 parte
843 2754 973 2794 esse
1002 2736 1244 2793 sedulus
1274 2738 1633 2809 exquirebat.
1653 2734 1917 2806 Cumque

257 2834 461 2905 ipsam
492 2828 799 2885 ecclesiam
830 2826 1232 2899 comperisset,
1265 2830 1398 2881 ante
1429 2825 1599 2896 cujus
1646 2840 1914 2896 procum-

258 2923 417 2977 bens
445 2920 601 2975 fores
631 2916 903 2988 sospitati
933 2916 1124 2972 fuerat
1144 2912 1917 2986 reformatus,inexplicabili

256 3010 573 3067 alacritate
601 3006 898 3080 perfusus,
928 3003 1216 3077 templum
1248 3003 1498 3073 insiluit,
1532 3003 1918 3075 magnificans

257 3116 404 3157 eum
437 3101 747 3170 gratesque
777 3093 1133 3166 persolvens,
1167 3093 1338 3163 cujus
1373 3092 1651 3148 beneficio
1683 3096 1741 3147 et
1770 3091 1923 3146 salu-

1944 1808 1993 1873 B

2032 518 2363 589 festivitatis
2394 520 2663 590 dignitati
2690 520 3102 594 prospicerent,
3126 526 3182 577 et
3202 521 3552 595 populorum
3584 523 3676 579 de-

2029 607 2263 675 siderio,
2299 608 2397 680 qui
2428 624 2566 682 erga
2596 609 2659 663 B.
2696 610 3039 664 Frodoberti‘
3068 609 3311 682 gloriam
3357 612 3483 682 jam
3534 615 3676 668 tune

2026 693 2454 767 inexplebiliter
2487 697 2789 765 ardebant,
2805 697 3132 753 consultius
3158 698 3545 770 providerent.
3562 698 3677 772 Igi-

2034 788 2130 838 tur
2149 784 2241 839 die
2266 789 2425 839 sexto
2453 786 2659 839 Iduum
2680 785 3027 841 Januariaru
3038 803 3092 841 m
3106 788 3677 853 accedente,noctur-

2028 872 2177 926 nalis
2209 872 2383 927 ofﬁcii
2418 874 2714 929 functione
2743 874 3051 946 completa,
3069 893 3302 931 sacrum
3333 892 3546 948 corpus
3576 877 3676 932 de-

2024 961 2175 1016 votis
2206 960 2462 1017 levantes
2494 963 2553 1016 in
2586 962 2870 1030 humeris,
2904 963 2963 1017 in
2991 964 3243 1020 vicinam
3276 965 3339 1019 B.
3375 964 3677 1023 Michaelis

2025 1048 2331 1105 ecclesiam
2354 1050 2881 1116 detulerunt.0uod
2902 1051 3028 1106 ideo
3045 1052 3129 1107 eis
3152 1052 3459 1108 decernere
3480 1052 3673 1123 libuit,

2026 1142 2093 1193 ut
2121 1142 2178 1192 et
2204 1138 2403 1210 populi
2440 1140 2768 1211 frequentia
2788 1139 3075 1211 copiosior
3095 1141 3414 1209 accederet,
3431 1146 3486 1196 et
3506 1142 3676 1197 effec-

2028 1230 2123 1280 tus
2157 1226 2558 1281 translationis
2590 1228 2684 1282 die
2718 1228 3064 1283 succedente
3095 1228 3376 1283 celebrior
3404 1230 3675 1284 reddere-

2024 1315 2230 1369 tur.lbi
2262 1314 2457 1387 itaque
2488 1315 2943 1371 matutinalibus
2960 1317 3194 1388 hymnis
3211 1318 3522 1387 angustius
3538 1318 3680 1374 cele-

2024 1402 2435 1472 bratis,missis
2468 1404 2541 1458 ab
2564 1405 2774 1460 abbate
2799 1404 3079 1461 fratribus
3111 1407 3368 1477 pontifex
3388 1406 3676 1462 invitaba-

2026 1496 2141 1562 tur,
2156 1492 2255 1563 qui
2288 1509 2353 1547 eo
2382 1510 2498 1565 quo
2528 1493 2750 1548 dictum
2783 1497 2872 1549 est
2902 1495 3121 1549 fervore
3152 1511 3491 1562 succensus,
3510 1500 3675 1567 rapto

2025 1580 2256 1653 agmine
2287 1581 2422 1637 cleri
2456 1587 2514 1637 et
2546 1582 2745 1655 pepuli
2781 1582 3073 1638 maturius
3105 1584 3309 1639 adesse
3340 1584 3583 1640 curavit.

2392 1673 2695 1744 Tempestas
2723 1671 3054 1729 commodior
3078 1668 3307 1728 obtenta.

2093 1759 2183 1815 34.
2217 1759 2363 1826 Quid
2397 1777 2537 1815 sane
2567 1760 2835 1816 miraculi
2885 1764 3014 1817 tum
3062 1777 3296 1834 quoque
3342 1762 3674 1835 contigerit,

2024 1846 2323 1904 succincta
2353 1847 2633 1904 relatione
2664 1848 3122 1905 constabit.Erat
3147 1854 3381 1923 tempus
3412 1850 3675 1923 implaci-

2025 1936 2187 2004 dum,
2220 1942 2296 2005 et,
2331 1941 2396 1992 ut
2425 1953 2487 1992 se
2518 1936 2738 1993 habent
2767 1937 3034 2006 hiberna,
3068 1939 3325 2010 profusis
3354 1939 3675 2011 paludibus

2023 2023 2374 2096 inquietum.
2427 2026 2627 2081 Noctis
2682 2025 2883 2098 itaque
2934 2027 3238 2098 prmteritae
3297 2034 3675 2100 superventu,

2025 2130 2158 2169 cum
2180 2130 2249 2169 ea
2268 2131 2396 2186 qua:
2415 2114 2487 2169 ad
2512 2116 2721 2171 futura:
2747 2114 3154 2171 translationis
3172 2116 3523 2189 obsequium
3540 2134 3676 2189 per-

2025 2202 2309 2271 tinebant,
2345 2204 2528 2258 abbas
2559 2219 2694 2258 cum
2731 2204 3011 2260 fratribus
3044 2206 3679 2277 prazpararet;conside-

2025 2296 2151 2346 rata
2194 2307 2415 2362 aquosa
2464 2292 2744 2365 temporis
2792 2293 3099 2366 qualitate,
3142 2294 3309 2350 anxie
3357 2312 3557 2351 secum
3603 2296 3676 2351 de

2026 2379 2224 2452 populi
2253 2382 2663 2452 superventuri
2698 2382 3105 2454 inquietudine
3138 2385 3549 2454 pertractabat.
3583 2384 3673 2453 Et,

2028 2470 2275 2535 utinam,
2308 2468 2500 2541 inquit
2532 2470 2714 2526 abbas
2748 2471 3048 2542 fratribus,
3083 2489 3336 2543 superna
3364 2473 3550 2544 pietas
3574 2491 3678 2546 per

2026 2558 2203 2629 hujus
2238 2559 2296 2615 B.
2350 2557 2535 2613 Patris
2586 2559 2861 2615 meritum
2909 2559 3140 2631 paludis
3188 2560 3492 2619 mollitiem
3541 2562 3676 2633 gelu

2026 2647 2472 2718 constringeret,
2504 2651 2562 2702 et
2592 2648 2817 2706 nivium
2868 2652 3220 2719 superventu
3267 2650 3676 2708 difficultatem

2026 2735 2255 2790 itineris
2284 2740 2651 2807 temperaret.
2666 2736 2795 2790 Mox
2822 2737 3029 2793 devota
3057 2738 3347 2794 desideria
3366 2738 3679 2795 clementia

2026 2822 2312 2881 Creatoris
2344 2824 2588 2896 excepit,
2623 2830 2970 2898 noctemque
3002 2830 3185 2881 totam
3215 2824 3481 2897 glacialis
3520 2828 3678 2899 rigor

2026 2911 2385 2969 validissime
2417 2912 2926 2969 coarctavit.Circa
2953 2913 3316 2985 gallicinium
3350 2932 3482 2971 vero
3516 2920 3678 2972 tanta

2029 3000 2248 3056 nivium
2270 3002 2537 3073 congerie
2556 3006 2709 3056 terra
2724 3002 3128 3067 obducitur,ut
3149 3004 3436 3059 universis
3452 3004 3676 3078 liquido

2028 3089 2372 3146 claresceret
2406 3092 2465 3145 B.
2498 3091 2833 3145 Frodoberti
2866 3092 3188 3162 patrocinio
3217 3094 3289 3148 ad
3323 3110 3441 3148 suae
3485 3100 3674 3151 trans-

257 3196 393 3246 tem
443 3189 755 3258 receperat,
788 3190 847 3240 et
893 3182 1225 3257 gravissimi
1272 3183 1531 3239 levamen
1584 3182 1820 3237 sceleris
1857 3198 1919 3236 se
1951 3178 1993 3242 C
2031 3180 2268 3236 lationis
2315 3197 2625 3236 occursum
2686 3180 3021 3236 facultatem
3079 3183 3391 3253 opportuni
3448 3184 3676 3241 itineris

259 3280 551 3350 adeptum
582 3290 712 3330 esse
742 3273 1063 3345 gaudebat:
1088 3271 1468 3344 depositoque
1497 3272 1616 3327 illic
1636 3270 1826 3326 cilicio
1845 3269 1917 3325 ad

258 3363 675 3436 S.archangeli
704 3360 1003 3418 Michaelis
1031 3362 1337 3417 ecclesiam
1368 3378 1436 3416 ex
1466 3365 1751 3434 praecepto
1782 3376 1919 3431 apo-

260 3455 482 3513 stolico
512 3451 858 3525 properavit.
894 3450 1008 3507 Res
1034 3466 1168 3506 vere
1200 3450 1490 3507 mirabilis
1520 3457 1577 3505 et
1608 3451 1679 3506 ad
1712 3450 1919 3505 divinae

261 3543 512 3619 pietatis
541 3540 898 3615 praeconium
928 3538 1100 3595 solito
1130 3540 1459 3607 referenda;
1494 3540 1648 3611 quod
1678 3540 1806 3611 ejus
1831 3538 1920 3593 in-

261 3636 543 3692 terventu
572 3629 830 3687 salvatus
859 3632 967 3697 est,
982 3629 1154 3700 cujus
1185 3644 1256 3684 ne
1287 3645 1498 3685 nomen
1530 3629 1768 3701 quidem
1790 3631 1923 3683 ante

263 3719 810 3797 perceperat;cujus
838 3717 1189 3774 vocabulum
1219 3733 1355 3774 mox
1387 3721 1452 3774 ut
1480 3716 1764 3773 divinitus
1782 3715 1926 3772 didi-

262 3811 589 3880 cit,anim:e
620 3807 998 3880 corporisque
1023 3805 1275 3863 salutem
1297 3808 1425 3878 ejus
1446 3806 1655 3861 merito
1677 3822 1738 3861 se
1760 3822 1924 3863 recu-

267 3916 514 3975 perasse
543 3896 853 3972 persensit.
887 3896 1073 3953 Multa
1098 3900 1376 3968 praeterea
1396 3911 1498 3967 per
1517 3895 1752 3951 eosdem
1776 3895 1922 3962 dies,

269 3989 497 4062 quibus
527 3987 679 4044 sacri
709 3986 969 4058 corporis
996 3984 1285 4056 depositio
1319 3984 1789 4057 parabatur,ejus
1810 3999 1926 4039 me-

272 4079 393 4135 rito
425 4076 710 4133 beneficia
737 4090 1051 4147 provenere
1082 4073 1519 4147 languentibus,
1552 4073 1763 4146 hisque
1802 4089 1925 4128 ma-

270 4169 433 4224 xime
484 4166 581 4239 qui
631 4166 861 4221 diversa
908 4163 1160 4220 febrium
1222 4162 1555 4218 valetudine
1611 4162 1928 4235 profligati,

277 4255 355 4310 ad
417 4254 481 4310 Β.
534 4250 871 4308 Frodoberti
923 4267 1093 4322 opem
1141 4267 1204 4307 se
1247 4250 1604 4306 submissius
1660 4249 1927 4306 contule-

280 4347 445 4399 mm.
555 4429 858 4485 Tramlatio
887 4427 942 4486 s.
977 4402 1289 4485 ρνοάοιὶενιί
1316 4427 1353 4482 8
1378 4428 1656 4485 Januarii.

2028 3269 2240 3342 populo
2268 3275 2676 3341 prieparatam.

2123 3360 2516 3415 Translationis
2542 3361 2925 3415 anniversaria
2956 3361 3270 3417 calamitas
3294 3371 3586 3435 przccepm.

2097 3450 2190 3503 35.
2226 3449 2424 3521 Itaque
2453 3448 2728 3504 omnibus
2760 3447 2866 3503 rite
2896 3450 3144 3521 provisis
3192 3468 3320 3523 quae
3369 3442 3533 3511 tanta
3560 3453 3676 3511 diei

2031 3537 2370 3594 officiositas
2398 3538 2764 3610 exposcebat,
2801 3540 3039 3610 pretiosi
3086 3538 3258 3612 gleba
3299 3542 3560 3614 corporis
3607 3544 3679 3599 de

2032 3626 2405 3683 B.Michaelis
2435 3626 2680 3683 basilica
2710 3644 2745 3682 a
2771 3628 3046 3699 pontifice
3076 3627 3678 3703 elevata,hymnorum

2032 3716 2414 3772 concentibus
2463 3715 2523 3771 in
2571 3714 2824 3771 sublime
2871 3715 3140 3786 sublatis,
3174 3716 3235 3771 in
3279 3719 3680 3790 apostolorum

2036 3803 2323 3876 Principis
2371 3801 2681 3859 ecclesiam
2727 3802 3089 3873 introfertur,
3122 3808 3286 3861 tanta
3329 3808 3680 3879 gaudiorum

2034 3896 2437 3965 pompa,tanto
2460 3891 2718 3963 tripudio
2741 3890 3186 3964 populorum,ut
3208 3893 3329 3949 sole
3350 3894 3567 3953 clarius
3587 3913 3684 3969 pa-

2033 3985 2280 4038 tesceret
2326 3978 2849 4054 prazcellentissimi
2897 3980 3054 4037 hunc
3101 3982 3257 4054 apud
3316 3982 3501 4041 Deum
3552 4001 3682 4043 esse

2036 4070 2252 4139 meriti,
2288 4070 2459 4142 cujus
2491 4070 2644 4141 apud
2674 4067 2942 4125 homines
2976 4074 3140 4126 tanta
3188 4074 3426 4144 tamque
3473 4074 3681 4147 ingens

2036 4159 2221 4235 gloria
2251 4157 2665 4231 refulgebat.ln
2696 4157 2821 4213 loco
2850 4158 3032 4231 igitur
3053 4148 3684 4237 praeparatoincompa-

2037 4247 2346 4306 rabilisille
2365 4247 2723 4303 sanctissimi
2737 4248 2996 4319 corporis
3014 4247 3325 4306 thesaurus
3345 4250 3682 4326 deponitur,

2036 4338 2378 4410 cunctisque
2408 4336 2658 4409 sepulcri
2690 4336 3050 4393 ornamentis
3082 4343 3407 4410 opportune
3448 4357 3683 4413 compo-

2038 4430 2230 4495 sitis,a
2259 4431 2420 4499 parte
2447 4426 2655 4497 capitis
2685 4442 2787 4480 ara
2816 4424 3019 4481 honori
3044 4426 3446 4484 Innocentium
3464 4435 3683 4503 marty-

355 4519 446 4573 33.
481 4518 708 4573 Interea
737 4516 1018 4589 temporis
1048 4516 1197 4572 serie
1224 4516 1921 4584 defluente,Kalend.Jan.
1960 4546 2007 4611 D
2039 4535 2170 4573 rum
2202 4520 2899 4582 consecratur,sacrorum
2933 4533 3163 4587 quoque
3188 4516 3382 4573 cultus
3404 4519 3683 4575 solemni-

283 4608 413 4664 dies
440 4606 775 4678 illuxit,quo
804 4605 973 4661 illum
991 4605 1248 4661 diximus
1264 4606 1581 4662 mundanis
1595 4613 1931 4679 exemptum

285 4695 590 4751 laboribus
616 4694 687 4749 ad
717 4710 982 4764 supernae
1005 4692 1257 4748 civitatis
1289 4693 1548 4748 eulmina
1568 4695 1928 4751 subvolasse.

285 4785 399 4841 Sed
430 4784 708 4855 quoniam
740 4782 842 4839 illa
869 4783 994 4839 dies
1023 4782 1452 4838 circumcisioni
1477 4784 1791 4839 Dominica:
1809 4802 1935 4856 spe-

289 4871 520 4929 cialiter
547 4870 1263 4944 mancipata,celebritatis
1294 4870 1537 4945 alterius
1566 4890 1681 4928 non
1713 4875 1935 4945 patitur

286 4961 651 5019 obsolescere
679 4964 1054 5034 superventu,
1080 4961 1142 5015 B.
1169 4944 1505 5017 Frodobérti
1541 4944 1799 5035 dignitas
1836 4964 1932 5019 iis-

288 5052 422 5108 dem
454 5055 730 5123 suscepta
758 5049 1262 5115 Kalendis,minus
1282 5049 1754 5119 celebris,minus
1772 5053 1935 5108 vide-

289 5140 467 5196 batur
489 5156 618 5197 esse
648 5138 948 5206 solemnis;
981 5139 1136 5209 quod
1169 5137 1421 5211 populus
1455 5138 1767 5195 Dominicze
1787 5142 1940 5196 festi-

289 5229 491 5286 vitatis
519 5227 881 5285 caaremoniis
925 5230 1244 5299 occupatus
1274 5243 1390 5282 non
1421 5227 1660 5284 haberet
1688 5228 1938 5284 liberum

293 5319 364 5374 ad
396 5317 820 5374 B.confessoris
847 5316 1065 5390 gaudia
1094 5333 1164 5372 ex
1192 5320 1323 5371 voto
1353 5316 1665 5371 confluere.
1690 5316 1938 5373 Venera-

293 5404 428 5462 bilis
441 5406 640 5478 itaque
656 5410 715 5462 et
734 5408 1094 5461 memoratus
1110 5403 1467 5460 Trecassinae
1485 5403 1646 5459 urbis
1661 5405 1939 5477 pontifex,

294 5510 425 5550 cum
456 5495 667 5551 abbate
687 5499 747 5550 et
773 5492 1054 5550 fratribus
1070 5493 1416 5566 participato
1432 5492 1696 5561 consilio,
1731 5494 1941 5549 rationi

294 5598 618 5659 congruum
642 5582 1005 5656 judicarunt,
1040 5585 1105 5638 ut
1143 5582 1204 5639 in
1237 5586 1505 5641 octavum
1538 5582 1754 5641 abhinc
1787 5584 1943 5642 diem

611 5708 878 5774 ΡΑτιιοι.
911 5707 1243 5774 CXXXVII.

2043 4610 2153 4664 bus
2183 4605 2391 4661 officiis
2422 4604 2786 4676 cxpenditur,
2820 4609 2877 4660 et
2908 4605 3235 4660 festivitatis
3273 4608 3403 4678 ejus
3452 4609 3688 4679 privile-

2041 4698 2227 4769 gium,
2259 4694 2488 4749 cunctis
2519 4698 2720 4765 postea
2752 4693 2980 4749 sacculis
3012 4695 3457 4752 immutabiliter
3484 4698 3688 4753 obser-

2040 4786 2295 4840 vandum
2330 4782 2646 4855 pontificali
2681 4783 3028 4837 auctoritate
3060 4784 3342 4839 sancitur.
3386 4786 3519 4842 Dies
3567 4792 3691 4844 tota

2042 4875 2316 4930 omnibus
2340 4872 2557 4927 lzelitiis
2588 4872 2787 4927 afflatu
2817 4874 3477 4947 peragitur,quantoque
3494 4878 3688 4932 studio

2044 4983 2078 5019 a
2124 4962 2375 5037 posteris
2424 4960 2788 5033 frequentari
2834 4961 3059 5031 debeat,
3111 4962 3184 5019 iis
3232 4963 3439 5035 primis
3481 4966 3689 5023 ofﬁciis

2044 5053 2406 5125 designatur.

2116 5142 2206 5195 36.
2239 5140 2445 5195 Tantis
2476 5139 2672 5212 itaque
2698 5156 2801 5211 per
2832 5141 2894 5194 Β.
2918 5140 3253 5198 Frodoberti
3285 5144 3496 5200 merita
3518 5145 3692 5202 bene-

2050 5229 2197 5284 ficiis
2229 5227 2539 5293 cumulati,
2573 5232 2770 5300 grates
2800 5232 2857 5284 et
2886 5230 3168 5287 beneficio
3196 5235 3254 5286 et
3283 5232 3505 5304 gratias
3540 5234 3695 5290 inex-

2049 5316 2291 5390 plebiles
2323 5317 2709 5388 omnipotenti
2741 5317 2857 5372 Deo
2888 5323 2944 5374 et
2992 5319 3223 5391 agimus
3264 5326 3323 5381 et
3365 5320 3691 5393 habemus;

2052 5404 2150 5477 qui
2182 5403 2351 5459 nobis
2382 5405 2492 5459 sibi
2527 5403 2972 5474 famulantibus,
3008 5411 3219 5464 nostra:
3261 5409 3474 5481 gentis,
3509 5411 3696 5467 nostri

2053 5492 2276 5550 ordinis
2307 5492 2661 5564 peculiarem
2696 5496 2973 5569 dignatus
3003 5501 3095 5553 est
3137 5513 3463 5570 praeparare
3502 5502 3697 5571 patro-

2056 5599 2224 5653 num,
2258 5580 2501 5669 quioloci
2532 5581 2705 5643 istius
2734 5588 2792 5644 et
2840 5602 2875 5644 a
2904 5584 3301 5645 fundamentis
3349 5592 3701 5664 propagator

3297 5711 3495 5778 20'
