4104 6172
362 361 479 424 619

1464 354 1796 418 ADSONIS
1841 351 2274 418 DERVENSIS
2316 353 2647 418 ABBATIS

3647 353 3772 416 620

363 491 655 558 existeret,
716 496 774 549 et
828 507 935 546 sua
992 490 1159 545 illum
1226 488 1584 546 habitatione
1643 487 2002 560 proveheret,
2034 490 2088 558 Α
2120 487 2423 544 miraculis
2471 487 2944 544 indeficientibus
2974 492 3337 560 perornaret;
3371 487 3590 542 horum
3636 503 3773 543 om-

361 579 645 653 exemplis
677 579 1036 636 beatissimis
1068 578 1408 642 illustraret,
1441 575 1606 632 obitu
1637 575 2010 632 sanctissimo
2121 577 2286 632 nium
2319 577 2901 650 auctore,auspice,et
2920 582 3261 650 cooperante
3282 575 3606 632 immortali
3629 576 3772 645 Deo,

361 671 752 735 consecraret,
787 668 1004 740 quique
1033 665 1230 720 vivens
1263 663 1569 738 signorum
1599 665 1734 720 doto
1767 663 2011 720 refulse-

2121 663 2222 737 qui
2273 681 2480 738 perpes
2521 663 2728 738 gloria,
2778 664 3010 720 inﬁnita
3068 663 3330 734 victoria,
3383 665 3672 737 maiestas
3716 669 3782 720 et

362 759 473 825 rat,
497 759 767 812 mortuus
799 755 916 810 imo
948 752 1191 809 feliciter
1218 751 1594 818 immortalis,
1617 751 1812 808 locum
1835 769 2011 808 suum
2121 752 2378 826 dignitas
2409 753 2790 826 sempiterna,
2823 770 2892 810 ex
2921 758 3062 812 tunc
3091 757 3147 811 et
3174 770 3333 810 nunc
3364 758 3424 810 et
3470 752 3532 810 in
3577 753 3788 810 omnia

361 845 418 902 et
445 841 757 917 praesentia
785 842 1124 910 lzetiﬁcaret,
1143 847 1201 899 et
1231 841 1554 916 patrocinio
1586 845 1932 915 protegeret,
1957 845 2014 896 et
2122 841 2339 899 sucula
2371 841 2740 900 saeculorum.
2773 845 2978 900 Amen.

1308 1175 1689 1308 VITA
1789 1174 1906 1306 S.
2005 1174 2341 1306 MAN
2357 1174 2835 1308 SUETI

1014 1435 1317 1522 PRIMI
1376 1434 2039 1526 LEUCORUM
2095 1435 2440 1524 URBIS
2499 1435 3132 1525 PONTIFICIS

1590 1597 1695 1693 Α
1705 1611 2029 1697 actore
2101 1591 2569 1695 A‘a’sono.

1763 1959 2398 2050 PROLOGUS

1141 2161 1327 2234 (Apud
1359 2161 1600 2220 Marten.
1613 2207 1627 2230 ,
1663 2164 1997 2222 Thesaurus

2132 2168 2327 2236 3cdot.,
2360 2171 2502 2224 tom.
2540 2168 2635 2236 ΙΙΙ,
2667 2185 2800 2241 pag.
2837 2169 3014 2241 1013.)

1877 2325 2274 2338 -———-—-

451 2480 699 2535 Domino
729 2487 931 2537 sancto
963 2498 1028 2537 ac
1059 2498 1191 2539 vero
1222 2484 1562 2542 beatissimo
1581 2487 1779 2542 antisti
1810 2488 2030 2544 Gama-

380 2583 454 2624 no
503 2571 658 2624 Anso
707 2569 984 2643 indignus
1035 2587 1334 2630 servorum
1365 2573 1466 2631 Dei
1497 2592 1716 2644 servus,
1747 2576 2026 2632 abbatum

380 2656 645 2724 ultimus,
679 2664 1050 2731 peccatorum
1081 2662 1330 2734 primus,
1355 2669 1576 2720 aeternae
1609 2665 2026 2738 redemptionis

385 2761 624 2802 munus.

449 2835 626 2891 Sacro
655 2839 747 2892 est
776 2837 1093 2894 subnixum
1123 2837 1521 2913 eloquio,quia
1548 2842 1704 2898 sicut
1723 2842 2030 2916 praefulget

379 2923 441 2978 in
473 2924 694 2980 sanctis
722 2924 976 2998 praelatis
1009 2927 1336 3000 imperandi
1367 2935 1649 3002 potestas,
1683 2931 1765 2988 ita
1793 2948 2028 3004 quoque

377 3011 751 3084 resplendere
788 3013 960 3070 debet
1006 3015 1068 3071 in
1113 3016 1282 3072 bonis
1341 3018 1623 3090 subjectis
1673 3019 2026 3093 exsequendi

379 3099 586 3155 devota
613 3099 913 3170 voluntas;
942 3118 1080 3158 nam
1112 3108 1176 3159 ut
1200 3103 1331 3160 illos
1359 3123 1429 3162 ex
1449 3108 1634 3178 justis
1671 3109 1934 3180 imperiis
1964 3109 2025 3166 in

379 3193 695 3260 conspectu
723 3189 932 3245 divinae
961 3193 1288 3264 majestatis
1309 3201 1538 3268 oportet
1565 3197 1786 3254 absolvi
1822 3215 1835 3252 :
1869 3199 1950 3255 ita
1970 3204 2029 3256 et

381 3274 530 3333 istos
560 3283 844 3350 sequente
891 3280 1235 3338 obedientiaa
1292 3283 1485 3341 fructu
1531 3290 1750 3343 interna
1793 3287 2028 3359 expedit

381 3366 854 3423 remuneratione
901 3367 1134 3426 salvari.
1168 3371 1358 3444 Hujus
1406 3375 1707 3430 sententiae
1755 3391 1861 3448 ego
1889 3377 2026 3448 ;non

381 3467 610 3525 expers,
639 3456 1121 3528 vestrajussione
1157 3465 1464 3532 promotus
1509 3479 1658 3536 opus
1705 3465 2026 3538 assumpsi,

381 3539 622 3614 legenti,
651 3546 716 3598 ut
743 3543 1058 3615 credo,non
1091 3548 1448 3607 omnimodis
1475 3550 2026 3625 ingratum,auctori

378 3644 514 3687 vero
544 3631 898 3690 omnimodis
929 3634 1386 3696 formidandum:
1422 3640 1560 3714 quia
1589 3641 1743 3698 sicut
1763 3641 2026 3700 decursis

381 3720 591 3792 spatiis
612 3725 945 3796 temporum
967 3724 1218 3784 obscura
1236 3731 1324 3785 est
1345 3728 1554 3787 notitia
1575 3729 2022 3804 printer-iterum:

381 3807 463 3864 ita
492 3825 726 3882 quoque
753 3815 844 3869 est
871 3811 1056 3870 libera
1086 3817 1374 3874 certitudo
1403 3819 1778 3892 praesentium
1802 3836 2020 3878 rerum.
2054 3825 2099 3894 ο

379 3897 542 3964 Quod
571 3914 710 3973 ergo
729 3900 998 3974 jussistis
1015 3903 1322 3962 humiliter
1337 3908 1755 3982 suscepi,quod
1782 3926 2027 3984 prmmo-

379 3985 594 4044 nuistis
627 3991 893 4060 quamvis
909 3990 1105 4066 inepte
1119 3993 1592 4068 explevi.Sumite
1613 4014 1749 4072 ergo
1764 3997 2027 4056 libellum

377 4078 566 4130 vestro
591 4077 768 4146 jussu
799 4080 1212 4153 compositum,
1248 4098 1376 4140 meo
1430 4084 1628 4142 labore
1677 4087 2024 4145 confertum.

380 4163 564 4226 Quem
591 4163 828 4234 quidem
859 4165 919 4224 in
949 4170 1142 4240 specie
1188 4171 1470 4230 columbas
1502 4192 1680 4249 super
1707 4176 2021 4234 Dominum

381 4249 790 4310 descendentis
819 4270 885 4310 ac
916 4256 1364 4326 colentis,ctiam
1382 4262 1706 4322 beatissimi
1733 4267 2024 4326 Mansueti

381 4341 609 4396 meritis
641 4357 818 4413 quem
845 4343 1057 4413 colitis,
1089 4363 1263 4418 quem
1316 4349 1581 4424 diligitis,
1616 4354 2024 4413 columbinum

377 4431 706 4486 vocandum
752 4431 1049 4503 instituto,
1097 4440 1161 4490 ut
1209 4437 1581 4498 columbinus
1622 4450 1878 4510 vocetur,
1923 4446 2024 4518 qui

379 4517 524 4573 tanti
557 4520 741 4592 patris
771 4523 953 4594 gestis
985 4524 1323 4598 insignitur.

566 4787 810 4829 METRUM
847 4789 1089 4831 ADSONXS
1128 4790 1189 4830 IN
1231 4791 1413 4832 LAUDE
1450 4794 1500 4833 Β.
1543 4795 1835 4837 ΜΑΝΒΟΕΤΙ

654 4877 968 4918 PONTIFXCIS
1008 4879 1270 4920 υΒιιιΒετ
1307 4882 1740 4924 CONCINENDUM.

378 4947 602 5020 Inclyta
632 4949 918 5007 Mansueti
951 4950 1092 5007 clari
1126 4952 1418 5011 natalibus
1447 4955 1560 5012 orti

449 5036 758 5109 Progenies
787 5037 973 5096 titulis
1004 5039 1168 5098 fulsit
1196 5039 1256 5096 in
1288 5045 1426 5100 orbe
1456 5045 1600 5102 suis.

377 5123 578 5181 Insula
607 5125 984 5185 Christicolas
1013 5131 1277 5202 gestabat
1307 5131 1584 5190 Hibernia
1612 5141 1839 5209 gentes,

450 5211 614 5269 Unde
643 5230 829 5288 genus
858 5216 1052 5285 traxit,
1085 5222 1144 5274 et
1168 5223 1333 5276 satus
1363 5220 1498 5278 inde
1529 5222 1659 5280 fuit.

378 5300 597 5358 Indolis
626 5304 890 5378 egregias,
916 5305 1016 5378 qui
1049 5323 1183 5364 mox
1207 5309 1522 5366 comitatus
1553 5310 1773 5368 honore

449 5389 749 5449 Virtutum
781 5392 1027 5465 placidis
1051 5395 1293 5453 emicuit
1323 5400 1555 5456 studiis.

382 5479 647 5552 Cumque
678 5480 840 5538 subit
870 5487 1099 5540 teneros
1128 5485 1378 5544 maturis
1402 5488 1675 5546 sensibus
1705 5506 1910 5561 annos,

457 5567 706 5626 Justitiaa
735 5571 1042 5642 speculum
1074 5575 1291 5662 sparsit
1321 5575 1537 5648 ubique
1566 5579 1755 5662 viru_m
1790 5598 1803 5638 :

381 5655 570 5735 Ardor
596 5656 754 5722 inest
777 5660 991 5721 animis
1019 5661 1182 5720 exsul
1212 5662 1506 5722 natalibus
1537 5655 1710 5739 arvis',

2057 2455 2105 2520 B
2208 2453 2279 2510 Ut
2310 2455 2461 2511 situs
2489 2455 2780 2512 Ausonias
2810 2456 3072 2512 tenderet
3103 2456 3188 2512 ire
3217 2455 3363 2512 vias.

2139 2543 2342 2598 Petrus
2373 2542 2700 2616 apostolica:
2731 2543 2986 2617 pollebat
3013 2545 3272 2602 culmine
3295 2545 3517 2612 Romae,

2209 2631 2490 2704 Huncque
2517 2637 2804 2705 sequutus
2834 2649 3039 2690 amans
3061 2635 3279 2708 expetit
3308 2635 3433 2708 ipse
3463 2635 3684 2693 libens.

2137 2719 2394 2792 Suscipit
2424 2721 2724 2779 ardentem
2756 2721 2959 2780 Petrus
2989 2723 3227 2796 pietatis
3257 2724 3596 2796 alumnum,

2207 2809 2276 2864 Et
2308 2810 2444 2866 facit
2473 2816 2765 2884 expertem
2795 2817 3002 2868 sancta
3030 2818 3252 2869 secreta
3277 2813 3472 2870 virum
3508 2831 3524 2871 :

2134 2897 2316 2969 Cujus
2348 2899 2420 2954 ab
2450 2917 2548 2955 ore
2578 2899 2692 2973 piis
2715 2905 3032 2958 attrectans
3061 2901 3338 2975 dogmata
3363 2905 3585 2974 verbis,

2206 2987 2481 3044 Ebiberat
2508 2987 2778 3044 stabilem
2811 2990 2968 3046 fonte
2996 2989 3208 3047 salutis
3240 3007 3434 3065 opem.

2135 3075 2368 3131 Sedulis
2395 3076 2636 3133 Ausonii
2667 3094 2771 3150 per
2799 3082 3063 3152 tempora
3080 3077 3258 3153 longa
3278 3081 3568 3155 magistri,

2206 3163 2500 3238 Obsequio
2533 3166 2684 3223 Petri
2713 3166 2884 3224 hesit
2913 3185 3110 3224 amore
3139 3169 3256 3225 sui.

2135 3255 2318 3320 Quem
2349 3255 2552 3312 Petrus
2580 3257 2652 3312 ad
2674 3273 2973 3314 summam
2993 3257 3253 3330 provexit
3268 3258 3546 3317 culminis
3559 3279 3786 3330 arcem,

2207 3343 2279 3398 Et
2307 3343 2410 3400 dat
2435 3345 2672 3418 gavisus
2702 3345 3034 3418 pontificale
3064 3347 3265 3404 decus.

2139 3429 2284 3488 Hinc
2315 3431 2504 3505 placet
2533 3433 2606 3490 ad
2637 3433 2895 3492 tumidos
2925 3451 3219 3508 pracones
3248 3436 3474 3494 mittere
3499 3438 3721 3508 Gallos,

2208 3519 2318 3588 Qui
2348 3521 2595 3580 doceant
2623 3522 2851 3582 animos
2881 3541 2980 3582 ore
3010 3524 3240 3598 fideque
3270 3527 3444 3586 feros.

2138 3609 2316 3667 Electi
2345 3611 2588 3668 veniunt
2619 3613 2898 3670 Romanis
2927 3614 3182 3681 arcibus,
3217 3616 3434 3674 adsunt

2209 3697 2410 3758 Pralia
2438 3701 2658 3776 gesturi
2688 3718 2792 3775 pro
2823 3702 3038 3776 pietate
3065 3703 3191 3762 viri.

2138 3788 2204 3847 In
2234 3789 2472 3862 quibus,
2505 3789 2770 3858 antistes,
2805 3791 3108 3849 Mansueto
3139 3794 3374 3853 nomine
3403 3797 3591 3870 polles
3619 3818 3633 3868 ;

2207 3877 2431 3936 Emicat
2461 3883 2636 3951 atque
2667 3884 2806 3936 tuus
2836 3879 2992 3937 vocis
3023 3880 3242 3940 honore
3268 3885 3510 3958 gradus.

2139 3965 2323 4040 Hique
2354 3969 2574 4026 adeunt
2603 3966 2749 4026 alias
2780 3967 3078 4026 Gallorum
3110 3973 3376 4045 partibus
3409 3976 3614 4046 urbes,

2207 4058 2361 4122 Quos
2393 4060 2456 4112 ut
2479 4055 2772 4115 consultet
2801 4059 3035 4132 pervius
3066 4061 3226 4117 orbis
3256 4061 3450 4120 habet.

2136 4147 2244 4214 Tu,
2279 4149 2462 4218 pater,
2495 4151 2785 4219 agrestem
2818 4148 3183 4206 Leucborum
3215 4151 3376 4208 solus
3408 4153 3468 4208 in
3501 4156 3716 4213 urbem

2209 4234 2529 4308 Ingreeeris
2559 4235 2706 4294 fisus
2735 4237 2808 4293 ad
2841 4238 3076 4311 pietatis
3107 4256 3275 4312 opus.

2136 4323 2379 4398 Pervigil
2410 4323 2470 4380 in
2501 4324 2715 4398 populo
2746 4325 2912 4384 Petro
2942 4336 3234 4401 prmeunte
3265 4330 3453 4399 beato,

2207 4413 2354 4470 Urbs
2386 4418 2451 4470 ut
2477 4412 2537 4468 in
2569 4420 2817 4472 cateruas
2849 4415 3079 4473 Lcucha
3109 4423 3342 4475 notetur
3370 4437 3527 4477 oves.

2136 4503 2241 4559 Per
2268 4507 2324 4559 te
2353 4503 2544 4576 prima
2572 4503 2684 4560 fuit
2713 4503 2882 4561 nobis
2909 4507 3002 4562 via
3031 4511 3166 4562 neta
3190 4507 3418 4578 salutis,

2206 4592 2314 4648 Per
2341 4595 2397 4648 te
2426 4591 2506 4649 sit
2532 4597 2732 4650 noster
2757 4593 2894 4651 ﬁnis
2923 4595 3161 4667 ubique,
3195 4602 3381 4669 pater.

2136 4681 2194 4737 Si
2224 4686 2422 4737 tamen
2451 4685 2508 4738 et
2537 4681 2729 4738 meriti
2760 4699 2854 4740 res
2882 4689 2972 4740 est
2999 4686 3267 4758 augenda
3289 4687 3560 4758 juvandi,

2207 4769 2315 4828 Par
2343 4771 2420 4826 sit
2449 4773 2600 4843 Aper
2627 4769 2823 4829 socius
2853 4776 3053 4828 nostra
3076 4775 3342 4845 juvando
3372 4779 3531 4834 tuus.

2131 4858 2248 4916 Vos
2273 4857 2490 4916 etenim
2520 4860 2669 4933 binae
2698 4860 2826 4917 ασεΙὶ
2855 4877 3030 4933 super
3061 4877 3162 4917 axe
3193 4861 3477 4919 columnae

2202 4947 2446 5016 Ducitis,
2479 4949 2618 5004 hinc
2648 4932 2848 5006 faciles
2881 4932 2987 5007 nos
3021 4949 3274 5008 relevare
3304 4968 3531 5026 greges.

2130 5036 2262 5093 Jam
2294 5037 2512 5094 nostris
2540 5036 2724 5111 igitur
2751 5039 2936 5111 prosit
2965 5039 3181 5096 fiducia
3208 5040 3378 5109 votis,

2202 5127 2388 5192 Quam
2419 5131 2621 5183 nostra
2649 5125 2710 5183 in
2743 5127 2914 5184 nobis
2943 5133 3178 5200 pectora
3208 5129 3323 5186 ﬁxa
3353 5135 3578 5188 tenent.

2049 5195 2098 5261 Ῑ)
2129 5213 2173 5270 Ο
2203 5214 2526 5286 Mansuete,
2559 5220 2692 5273 tuos
2725 5195 2982 5289 petimus
3011 5217 3254 5274 defende
3287 5217 3509 5284 fideles,

2203 5303 2274 5358 Et
2304 5302 2393 5360 fac
2425 5319 2559 5360 cum
2589 5305 2812 5364 sanctis
2842 5305 3057 5381 gaudia
3087 5306 3260 5380 longa
3289 5307 3438 5364 dari.

2128 5391 2304 5447 Adsis
2333 5396 2391 5448 et
2419 5393 2715 5466 precibus,
2746 5399 2944 5467 pastor
2973 5393 3304 5460 mitissime,
3341 5397 3588 5466 nostris,

2203 5479 2276 5536 Ut
2303 5485 2542 5538 teneant
2571 5482 2770 5556 populi
2801 5499 2979 5557 regna
3009 5483 3179 5541 beata
3210 5482 3319 5540 tui.
