4056 6178
351 353 455 412 621

692 552 909 592 VERSUS
937 553 1271 595 ACROSTICHI
1311 556 1381 595 DE
1416 557 1624 597 EODEM.

346 661 528 734 Magni
557 661 785 717 consilii
817 679 919 734 per
947 668 1002 717 te
1033 680 1179 735 quos
1211 662 1427 719 imbuit
1457 665 1597 719 olim

338 749 604 824 Angelus,
632 750 691 805 in
724 750 858 806 fidei
890 750 1219 807 sublimans
1251 769 1382 808 arce
1414 752 1661 820 decenti,

337 838 590 896 Nominis
620 842 796 912 atque
826 839 916 896 sui
948 840 1144 897 ditans
1174 839 1526 897 charismate
1556 841 1801 911 summi,

1168 352 1269 413 DE
1312 352 1497 414 VITA
1542 354 1605 414 s.
1656 352 2061 415 MANSUE'I‘I
2106 354 2315 415 LIBRI
2360 355 2541 419 DUO.
2575 389 2652 402 ——
2681 322 2825 420 LIB.
2872 359 2921 422 Ι.

2013 489 2066 555 Α
2100 488 2186 543 Sit
2212 492 2315 543 tua
2344 489 2550 559 pietas,
2588 491 2685 562 qui
2718 498 2917 548 noster
2950 493 3248 566 apostolus
3278 499 3492 561 exstas,

3623 364 3738 423 6‘22

2095 576 2353 633 Uranicm
2388 579 2559 636 nobis
2587 579 2872 637 habitatio
2903 584 3074 639 detur
3104 589 3169 640 ut
3198 585 3382 651 urbis,

2094 663 2306 721 Electis
2332 665 2562 723 cunctis
2592 683 2709 739 quo
2736 686 2843 725 nos
2872 687 2976 744 per
3006 671 3217 728 saecula
3238 673 3452 744 juncti,

2089 755 2308 810 Tecum
2338 755 2601 823 laudare,
2632 757 2993 831 benedicere,
3026 760 3423 834 magnificare,

2085 845 2155 899 Et
2187 848 2449 916 spectare
2479 845 2686 916 Deum,
2720 847 2834 904 laeti
2864 866 3200 907 mereamur
3226 849 3287 905 in
3318 867 3523 907 aevum.

334 1027 3728 1057 _—___—______.______________________________________

1168 1184 1596 1323 VITA
1699 1186 1838 1324 S.
1956 1179 2875 1330 MANSUETI

950 1432 1137 1505 (Apud
1171 1432 1317 1489 Dom
1349 1431 1592 1501 Calmct,
1625 1434 1859 1490 Histbire
1886 1433 1952 1489 de
1983 1436 2263 1503 Lorrainc,
2302 1440 2442 1491 tom.
2478 1436 2570 1506 IV,
2604 1440 2857 1509 Preuvcs,
2890 1459 2944 1514 p.
2983 1445 3096 1512 84.)

1814 1590 2226 1605 —_

1613 1714 1936 1801 LIBER
2001 1714 2420 1803 PRIMUS

840 1914 1072 1972 CAPUT
1114 1915 1424 1973 PRIMUM.

314 2003 451 2078 Quod
490 2003 682 2059 beatus
728 2004 924 2059 Petrus
971 2005 1413 2078 Hierosolymam
1460 2007 1619 2060 miris
1670 2006 1961 2061 virtutibus

376 2076 685 2141 illustram,
720 2079 962 2146 primum
1014 2076 1329 2143 Antiochia,
1371 2077 1497 2131 dein
1537 2079 1720 2135 Roma:
1748 2077 1957 2144 sedens,

373 2147 601 2202 verbum
623 2148 746 2203 vitae
777 2148 897 2202 orbi
926 2149 1166 2203 Romano
1201 2148 1423 2220 infudit.

371 2252 502 2309 Post
567 2252 886 2325 gloriosum
941 2254 1190 2309 cmlestis
1246 2255 1502 2310 victoriae
1562 2256 1955 2327 triumphum,

304 2357 429 2396 cum
459 2359 588 2413 quo
622 2341 968 2398 saeculorum
1001 2343 1296 2414 Conditor,
1332 2344 1497 2399 hoste
1529 2345 1768 2411 devicto,
1795 2344 1961 2400 ccelo-

302 2446 422 2485 rum
454 2431 791 2502 penetravit
812 2446 1078 2503 regnum,
1104 2432 1433 2503 apostolica:
1465 2433 1737 2505 dignitati
1772 2432 1958 2504 ipsius

300 2518 525 2575 Salvato
541 2518 622 2574 ris
643 2520 952 2592 praesentia
984 2519 1185 2577 Petrus
1208 2520 1510 2591 apostolus
1531 2521 1750 2577 electus
1778 2527 1833 2577 et
1856 2538 1956 2576 au-

299 2611 415 2663 ctor
441 2607 864 2680 praesignatus,
898 2608 1088 2665 claves
1122 2607 1251 2665 θα)Ιί
1295 2610 1593 2681 suscipere
1622 2615 1795 2681 atque
1827 2611 1957 2665 uni-

302 2695 545 2752 versalis
566 2695 835 2752 Ecclesim
852 2696 1250 2769 gubernacula
1271 2696 1484 2753 meruit
1506 2698 1957 2754 obtinere.Cum-

310 2801 416 2857 que
446 2786 733 2857 primum,
758 2789 823 2840 ut
854 2785 912 2839 in
942 2783 1355 2842 ecclesiasticis
1386 2785 1651 2841 Historiis
1683 2785 1955 2859 legimus,

308 2873 966 2947 Jcrosolymorum,post
981 2874 1299 2930 Antiochiae
1315 2874 1583 2947 partibus
1597 2875 1806 2929 divinae
1834 2874 1961 2929 illu-

311 2961 613 3017 strationis
641 2962 835 3017 radios
880 2961 1212 3029 infudisset,
1245 2966 1304 3017 et
1333 2962 1632 3019 diabolicae
1677 2963 1957 3035 supersti-

312 3050 483 3105 tionis
510 3050 791 3106 tenebras
838 3050 1148 3105 manifesta
1176 3050 1415 3106 veritate
1464 3051 1808 3123 depulisset,
1843 3052 1956 3107 Ro-

312 3140 462 3194 mani
487 3138 725 3210 imperii
746 3138 1090 3211 dignitatem
1108 3138 1527 3195 Christianitati
1553 3140 1722 3196 titulo
1744 3158 1810 3196 ac
1831 3158 1960 3196 san-

309 3233 409 3283 ctze
428 3227 642 3284 Crucis
660 3227 864 3283 vexillo
910 3227 1155 3285 dilatare
1177 3233 1235 3283 et
1261 3228 1578 3284 sublimare
1616 3230 1955 3298 decernens,

311 3282 849 3372 mun'didominam
866 3322 924 3372 et
943 3282 1573 3390 caputorbisltornaui
1596 3282 1957 3392 assius;
1988 3282 2031 3349 ο

308 3422 370 3461 ac
414 3406 534 3462 Deo
584 3405 934 3477 disponente
969 3404 1220 3463 scelestis
1261 3406 1598 3479 magisterio
1636 3407 1960 3479 disciplinae

306 3499 515 3550 sancte
535 3492 812 3550 Ecclesiae
840 3494 1138 3551 catholicae
1160 3495 1503 3568 principalis
1524 3500 1725 3569 pastor
1751 3502 1811 3552 et
1837 3514 1959 3552 ma-

305 3582 484 3655 gister
512 3582 798 3650 efﬁcitur;
830 3588 897 3638 ut
924 3583 1212 3650 videlicet,
1248 3583 1347 3640 ubi
1379 3584 1742 3640 diversarum
1774 3585 1959 3642 natio-

306 3687 445 3727 num
487 3672 853 3729 confluxerat
900 3672 1243 3741 multitudo,
1272 3674 1406 3729 inde
1449 3689 1680 3746 quoque
1718 3673 1961 3731 liberius

306 3763 476 3832 atque
512 3759 811 3817 valentius
839 3767 1122 3817 cresceret
1167 3763 1226 3816 in
1279 3761 1463 3819 Deum
1505 3762 1961 3820 Christianitatis

306 3863 446 3904 sana
464 3849 702 3923 religio;
722 3866 974 3922 cumque
994 3856 1207 3906 sanctae
1223 3850 1833 3923 pradicationis,velut
1853 3852 1964 3908 cla-

306 3937 575 3995 rissimos
598 3937 743 3994 solis
784 3938 978 3995 radios
1017 3956 1121 4012 per
1141 3940 1398 3996 diversas
1440 3945 1727 3996 terrarum
1768 3945 1962 4012 partes

306 4026 596 4084 sollicitus
618 4027 958 4095 evibrasset,
982 4028 1344 4084 credentium
1381 4028 1728 4102 populorum
1757 4029 1959 4085 multi-

304 4117 541 4174 tudines
563 4134 913 4190 aggregans,
938 4118 997 4171 in
1021 4134 1185 4190 spem
1208 4118 1416 4174 salutis
1448 4123 1670 4174 (eterna:
1693 4119 1960 4174 corrobo-

306 4204 490 4259 rabat.
525 4204 714 4276 Cujus
743 4206 930 4260 sancti
960 4206 1117 4260 fama
1138 4206 1395 4261 nominis
1427 4223 1542 4262 non
1574 4206 1763 4262 solum
1799 4208 1868 4262 ad
1903 4208 1964 4261 fi-

305 4292 568 4360 nitimas,
585 4294 690 4348 sed
710 4292 884 4349 etiam
904 4294 976 4349 ad
995 4298 1218 4349 exteras
1236 4294 1459 4366 perlata
1469 4296 1657 4351 fuerat
1675 4295 1959 4352 nationes.

965 4399 1197 4455 CAPUT
1239 4401 1307 4456 ΙΙ.

304 4492 381 4544 De
411 4488 559 4546 beati
588 4484 856 4545 Mansueti
891 4489 1133 4564 exordio,
1165 4497 1218 4564 et
1252 4489 1391 4564 quod
1423 4468 1646 4545 Romam
1675 4495 1959 4564 projectus,

476 4564 839 4633 praesentiam
867 4562 1151 4633 expetierit
1181 4561 1319 4616 beati
1356 4563 1506 4618 Petri
1533 4561 1780 4634 apostoli;

1992 1917 2039 1981 B
2069 1915 2437 1990 aliorumque
2468 1919 2807 1976 infortuniis
2838 1925 2904 1976 ut
2933 1921 3184 1994 propriis
3217 1921 3520 1989 influebat,
3559 1940 3730 1981 man-

2075 2010 2374 2061 suetorum
2422 2007 2695 2062 cordibus
2735 2008 3019 2081 copulari,
3055 2010 3434 2081 rigidiorihus
3475 2028 3608 2067 vero
3641 2013 3727 2069 in-

2072 2095 2325 2149 stantius
2384 2096 2696 2167 abrumpi,
2748 2097 2803 2152 in
2866 2097 3346 2154 sanctificationis
3413 2100 3729 2172 puritatem

2071 2183 2314 2249 assumi,
2352 2184 2409 2238 in
2441 2183 2767 2240 declivioris
2825 2186 3063 2241 ludibrii
3104 2186 3452 2259 praeludium
3484 2188 3726 2258 absolvi,

2070 2270 2463 2327 imbecillibus
2513 2276 2687 2344 atque
2726 2273 2922 2346 inopia
2971 2275 3295 2348 proﬂigatis
3347 2280 3469 2332 tota
3515 2277 3728 2333 mentis

2070 2358 2389 2415 intentione
2419 2360 2688 2429 conferri,
2723 2378 2787 2417 ac
2819 2362 3170 2419 miserorum
3201 2364 3458 2437 gemitus
3492 2370 3557 2422 ut
3586 2383 3726 2423 suos

2070 2446 2354 2502 adhiberi.
2381 2450 2567 2504 Tanta
2597 2466 2831 2520 quoque
2863 2451 2921 2505 in
2952 2467 3017 2505 eo
3050 2452 3239 2507 fuerat
3267 2452 3500 2511 virtutis
3529 2458 3585 2510 et
3615 2455 3730 2527 pie-

2069 2536 2208 2591 tatis
2242 2536 2479 2603 infusio,
2514 2542 2577 2591 ut
2607 2554 2722 2594 non
2773 2537 2976 2624 solum.
2996 2538 3129 2611 sibi,
3159 2541 3259 2596 sed
3303 2541 3479 2597 etiam
3519 2560 3728 2615 paren-

2067 2622 2226 2679 tibus
2274 2626 2436 2680 fieret
2484 2626 2543 2679 in
2592 2625 2865 2681 salutem.
2899 2622 3196 2683 Naturalis
3227 2645 3459 2701 quoque
3505 2630 3726 2703 ingenii

2067 2712 2328 2767 eflicacia
2358 2712 2575 2769 ccelesti
2617 2714 3001 2786 inspiratione
3042 2717 3421 2787 praecedente,
3456 2717 3727 2774 litterulis

2069 2801 2387 2874 magisterii
2407 2802 2781 2875 disciplinam
2799 2804 2883 2859 sic
2903 2803 3126 2872 dilexit,
3142 2804 3227 2859 sic
3242 2811 3333 2861 est
3353 2810 3723 2877 prosecutus,

2069 2895 2135 2944 ut
2166 2890 2460 2946 neminem
2493 2892 2782 2947 consortis
2821 2891 3049 2965 collegii
3090 2894 3597 2966 perspicaciorem,
3622 2912 3723 2952 ne-

2069 2978 2287 3034 minem
2316 2980 2373 3034 in
2404 2980 2498 3036 his
2526 2981 2740 3036 studiis
2780 2981 3052 3037 habuerit
3081 2983 3521 3053 praecedentem.
3545 2984 3721 3040 Cum-

2067 3083 2183 3138 que
2213 3068 2480 3124 felicibus
2511 3069 2793 3140 auspiciis
2813 3070 2993 3124 divini
3028 3071 3269 3127 fervoris
3303 3071 3587 3127 instantia
3605 3073 3729 3128 ani-

2069 3173 2197 3211 mos
2258 3156 2569 3230 inspiraret
2624 3158 3031 3226 adolescentis,
3078 3177 3113 3214 a
3152 3159 3432 3216 Romanis
3487 3161 3725 3217 arcibus
3790 3162 3791 3165 “

2069 3244 2410 3301 Christianae
2442 3247 2573 3301 fidei
2607 3247 2761 3302 beati
2809 3247 2957 3302 Petri
3006 3247 3252 3319 apostoli
3286 3248 3525 3304 solertia
3554 3249 3725 3305 titulo

2069 3334 2332 3390 radiante
2364 3336 2607 3391 Romam
2641 3336 2960 3408 profectus,
2983 3338 3112 3407 ejus
3133 3354 3307 3409 quem
3336 3339 3473 3393 totis
3494 3338 3726 3394 visceri-

2069 3424 2181 3479 bus
2201 3424 2515 3494 ambiebat,
2541 3425 2910 3496 przescntiam
2931 3426 3166 3497 expetit,
3191 3431 3367 3499 atque
3388 3427 3724 3499 apostolica:

2069 3512 2457 3568 institutionis
2503 3513 2839 3585 magisterio
2870 3530 2932 3569 sc
2981 3514 3225 3585 abjectis
3260 3514 3537 3571 omnibus
3578 3516 3723 3572 sub-

2070 3600 2235 3666 dens,
2260 3600 2319 3654 in
2342 3617 2475 3655 eum
2497 3600 2701 3672 injecit
2726 3601 2947 3671 oculos,
2972 3602 3141 3673 cujus
3167 3603 3410 3658 ardebat
3435 3602 3724 3659 desiderio

2069 3689 2419 3744 sanctitatis.
2442 3688 2663 3761 Insigni
2704 3689 2900 3762 itaque
2923 3690 3252 3747 divinorum
3295 3708 3537 3763 operum
3578 3708 3724 3763 prae-

2070 3778 2236 3832 conio
2281 3783 2593 3847 prmcuntc,
2635 3776 2934 3834 catholicis
2985 3778 3418 3837 informationis
3466 3777 3726 3852 prmlegit

2071 3866 2415 3937 principem,
2440 3866 2511 3920 de
2538 3867 2708 3937 cujus
2743 3866 2900 3921 fonte
2931 3872 3190 3922 sumeret
3220 3867 3375 3939 quod
3403 3864 3724 3922 verissimis

2072 3954 2439 4021 testimoniis,
2473 3960 2536 4008 ut
2571 3955 2781 4025 patuit,
2817 3954 3193 4027 postmodum
3223 3954 3591 4026 approbaret.

2711 4060 2944 4117 CAPUT
2982 4062 3077 4117 ΙΙΙ.

2074 4150 2223 4219 Quod
2255 4151 2436 4205 beatus
2468 4151 2660 4205 Petrus
2692 4166 2816 4223 eum
2848 4150 2957 4205 sibi
2985 4152 3217 4223 ascitum
3240 4167 3366 4206 eum
3396 4152 3528 4223 aliis
3556 4152 3729 4223 perfe-

2204 4224 2462 4277 ctissimis
2492 4223 2644 4287 viris,
2679 4224 2735 4276 in
2772 4221 2975 4277 Gallias
3005 4223 3160 4293 eligit
3187 4221 3594 4278 destinanduni.

2143 4310 2358 4366 Videas
2391 4314 2585 4366 autem
2617 4311 2825 4365 beatus
2858 4310 3061 4366 Petrus
3100 4311 3281 4367 futuri
3314 4314 3629 4382 proventus
3658 4326 3725 4365 ac

2073 4400 2358 4455 bonarum
2378 4400 2661 4454 virtutum
2685 4399 2743 4453 in
2765 4415 2832 4454 eo
2854 4398 3025 4472 signa
3049 4399 3294 4467 radiare,
3322 4404 3379 4454 ct
3400 4398 3724 4453 claritatem

2073 4504 2336 4559 superna:
2372 4487 2781 4543 illustrationis
2820 4488 3147 4544 manifestis
3188 4487 3421 4542 indiciis
3451 4488 3721 4552 emicare,

2073 4582 2235 4632 tanto
2265 4577 2457 4631 areius
2489 4577 2725 4631 beatum
2758 4576 2946 4631 virum
2972 4576 3041 4631 ad
3065 4575 3295 4630 cmleste
3320 4574 3724 4649 magisterium

372 4667 452 4721 Ea
483 4671 859 4738 tempestate,
896 4671 960 4722 ut
988 4667 1289 4738 scriptura:
1322 4668 1673 4723 documento
1704 4670 1962 4742 percepi-
1995 4647 2042 4711 D
2073 4666 2434 4721 edocendum
2457 4666 2568 4721 sibi
2590 4666 2799 4721 virtute
2826 4664 3209 4720 confessionis
3234 4664 3729 4736 asciverat,quan-

304 4770 460 4820 mus,
486 4755 734 4827 quidam
764 4760 976 4810 sanctae
1010 4755 1223 4811 indolis
1256 4756 1442 4812 fuerat
1473 4757 1831 4825 adolescens,
1858 4776 1967 4814 no-

304 4844 462 4899 mine
496 4843 869 4912 Mansuetus,
906 4844 1317 4899 transmarinis
1368 4846 1630 4917 partibus
1680 4848 1963 4903 nobilium

303 4931 547 5003 quidem
615 4932 964 4989 Scothorum
1012 4934 1169 4989 clara
1224 4933 1499 5005 progenie
1559 4936 1813 5007 genitas,
1863 4938 1963 4992 sed

304 5022 525 5078 mentis
558 5021 805 5094 egregia:
838 5021 1142 5078 nobilitate
1164 5023 1347 5077 multo
1374 5024 1688 5093 pretiosius
1718 5025 1963 5096 insigni-

303 5113 557 5177 tus.Quo
576 5110 843 5167 videlicet
867 5116 1073 5167 tenerae
1093 5112 1283 5167 adhuc
1303 5110 1489 5166 aetatis
1509 5128 1817 5183 progressu
1838 5130 1968 5167 con-

304 5198 577 5265 sistente,
600 5215 735 5253 cum
776 5200 1059 5272 prmsagio
1093 5200 1350 5256 nominis
1383 5198 1808 5270 provcbcbatur
1844 5201 1965 5256 cul-

304 5286 462 5341 mine
480 5286 845 5352 sanctitatis,
858 5288 1124 5343 moribus
1135 5287 1413 5345 vocabulo
1430 5289 1889 5343 consonantibus
1906 5308 1968 5345 se

306 5389 543 5447 semper
574 5374 890 5431 sublimior
913 5377 1189 5433 studebat
1209 5376 1333 5433 ﬁeri
1367 5381 1680 5448 augmento
1711 5377 1963 5448 pictatis.

306 5464 412 5528 Qui
437 5480 582 5520 cum
611 5465 836 5520 caeteris
857 5464 1142 5522 bonorum
1164 5482 1405 5538 operum
1424 5464 1636 5521 studiis
1658 5482 1801 5521 vera:
1825 5467 1965 5522 exti-

308 5548 458 5608 terat
479 5555 712 5608 amator
734 5554 1098 5623 innocentiai,
1114 5556 1195 5610 ita
1211 5570 1443 5628 quoque
1468 5559 1532 5610 ut
1552 5554 1643 5609 sui
1662 5555 1970 5611 commoda

309 5640 684 5713 praeteriens,
744 5648 1071 5701 exterorum
1140 5660 1349 5701 causas
1412 5642 1693 5700 libentius
1751 5649 1964 5719 ageret,

2077 4759 2132 4810 to
2157 4755 2214 4809 in
2239 4753 2486 4810 salutem
2510 4755 2892 4821 credentium,
2919 4752 3293 4826 przcsentium
3315 4752 3536 4808 scilicet
3554 4770 3617 4807 ac
3642 4755 3727 4809 fu-

2078 4850 2363 4909 turorum,
2392 4842 2821 4914 multiplicibus
2843 4842 3103 4899 veritatis
3137 4842 3610 4913 cooperatoribus
3634 4841 3725 4897 in-

2076 4934 2328 5005 digebat.
2355 4932 2460 4997 Qui
2485 4930 2749 4986 videlicet
2784 4930 3162 4986 beatissimus
3199 4935 3395 5002 pastor
3428 4931 3724 4985 universa-

2076 5025 2149 5078 lis
2182 5021 2448 5076 Ecclesiae
2488 5026 2675 5074 totum
2722 5020 3008 5074 mundum
3041 5036 3212 5091 quem
3248 5038 3280 5073 a
3312 5018 3557 5075 Domino
3584 5018 3726 5075 Jesu

2076 5110 2305 5167 Christo
2336 5109 2447 5163 sibi
2482 5109 2767 5163 creditum
2798 5114 3119 5179 acceperat,
3145 5108 3476 5163 daemonum
3517 5107 3726 5163 errori-

2077 5201 2187 5256 bus
2212 5197 2444 5267 involvi,
2462 5212 2528 5251 ac
2551 5197 2855 5251 subditum
2873 5213 3000 5252 esse
3022 5196 3416 5269 illacrymans,
3435 5195 3729 5267 perfectis-

2078 5288 2260 5344 simos
2287 5300 2551 5357 quosque
2573 5283 2751 5338 divini
2779 5284 2935 5338 verbi
2973 5301 3265 5357 przecones
3297 5283 3603 5349 ordinavit,
3626 5282 3727 5354 qui

2078 5395 2111 5432 a
2141 5393 2202 5432 se
2234 5375 2293 5429 in
2326 5373 2573 5429 Galliam
2597 5372 2883 5444 dirigendi
2913 5372 3125 5429 virtute
3155 5372 3492 5428 constantia:
3515 5374 3572 5425 et
3593 5370 3728 5426 fidei

2078 5464 2417 5522 testimonio
2447 5462 2830 5533 comprobati,
2851 5461 3172 5518 Galliarum
3194 5459 3441 5534 populos
3462 5459 3561 5530 qui
3577 5459 3724 5531 jugo

2076 5554 2430 5611 tenebantur
2459 5549 2674 5607 diaboli
2704 5555 2991 5618 eruerent,
3014 5553 3070 5604 et
3099 5549 3174 5604 ad
3203 5548 3383 5603 divini
3414 5546 3608 5603 cultus
3638 5563 3728 5605 sa-

2079 5647 2380 5702 cramenta
2435 5645 2832 5714 provocarent.
2875 5639 2956 5696 Ex
3006 5637 3185 5711 hujus
3231 5638 3430 5711 itaque
3478 5652 3722 5701 numero

3474 5832 3505 5859 δ
