4060 6170
349 379 468 440 623

1445 375 1774 438 ADSONIS
1816 371 2248 435 DERVENSIS
2295 374 2646 436 ABBATIS.

3642 375 3756 436 624

347 511 572 582 collegii
607 512 840 567 beatum
864 511 1213 578 Maternum,
1235 511 1546 568 'I‘revcricae
1567 507 1818 565 civitatis
1850 524 1992 580 pon-
2023 506 2080 572 Α
2108 505 2180 560 ad
2219 507 2613 580 cognitionem
2647 507 2767 563 veri
2799 507 2901 562 Dei
2933 523 2966 562 a
2997 507 3517 580 superstitionibus
3545 507 3759 564 daemo-

347 599 586 666 tilicem,
623 600 1099 672 Rhemorumquc
1137 603 1407 656 sanctum
1441 597 1746 666 Sinicium,
1780 595 2000 653 Medio-

345 689 724 745 matricorum
755 706 888 746 vero
919 689 1303 758 Clementem,
1338 687 1586 744 Felicem
1617 692 1793 758 atque
1822 683 2000 740 lee-

345 780 518 846 stem,
543 777 888 832 Memmium
913 781 1108 835 autem
1131 775 1650 832 Catalaunensium
1681 775 1864 831 fuisse
1883 790 2000 830 non

345 863 870 922 dubitamus.Cum
899 867 1116 938 quibus
1144 867 1318 922 etiam
1350 865 1508 920 hunc
1540 865 1777 920 beatum
1808 863 2001 917 virum

346 953 632 1009 consortis
681 953 994 1010 ministerii
1026 953 1309 1027 collegam
1361 955 1769 1025 deputaverat;
1803 955 2003 1023 utpote

346 1042 520 1113 longo
542 1041 871 1114 apostolica:
907 1041 1292 1098 sublimitatis
1323 1041 1596 1098 exercitio
1617 1042 1915 1106 edoctum,
1938 1055 2005 1094 ac

350 1130 603 1186 cmlestis
631 1129 953 1202 magisterii
976 1131 1332 1203 experientia
1353 1132 1412 1186 in
1440 1130 1668 1186 cunctis
1699 1130 2006 1185 adsumme

352 1219 818 1290 comprobatum.

993 1327 1225 1382 CAPUT
1273 1327 1364 1382 IV.

357 1415 519 1488 Quod
548 1416 639 1470 hic
662 1417 822 1486 prius
859 1433 889 1470 α
931 1415 1078 1488 beato
1114 1417 1273 1471 Petro
1311 1418 1426 1488 ipse
1461 1415 1766 1488 ordinatus,
1805 1413 2009 1470 Gallias

564 1490 864 1558 ingressus,
898 1487 1233 1543 Leuchorum
1261 1489 1452 1544 urbem
1480 1487 1813 1559 aggreditur.

423 1578 607 1642 Quem
639 1574 906 1631 videlicet
939 1576 1184 1647 majoris
1229 1575 1534 1648 dignitatis
1563 1580 1622 1630 et
1651 1574 1852 1646 gratia:
1882 1589 2012 1630 esse

351 1665 688 1734 decernens,
722 1664 1075 1737 pontificalis
1115 1665 1485 1721 auctoritatis
1525 1663 1830 1737 privilegio
1874 1679 2016 1735 Prae-

351 1753 622 1820 munivit,
645 1757 710 1808 ut
728 1752 1160 1825 praedicationis
1183 1753 1392 1809 divina:
1427 1751 1894 1808 emolumentum
1917 1767 2010 1806 sa-

2109 611 2252 650 num
2289 597 2620 664 revocabat;
2655 595 2876 669 eligens
2906 597 3103 668 potius
3134 595 3384 654 diversis
3403 597 3760 652 cruciatibus

2109 699 2176 739 ac
2199 683 2505 756 suppliciis
2527 700 2740 758 corpus
2761 701 2889 741 esse
2918 685 3294 753 tradendum,
3312 701 3493 757 quam
3525 684 3586 740 id
3609 683 3763 758 quod

2109 772 2264 829 beati
2287 772 2530 844 apostoli
2555 773 2824 846 magistri
2842 773 2933 829 sui
2958 771 3146 829 edicto
3164 776 3520 844 susceperat,
3539 777 3766 829 aeterna:

2111 859 2320 918 salutis
2337 861 2734 918 ministerium
2755 862 3095 918 declinaret.
3116 862 3379 918 Instabat
3396 862 3582 936 igitur
3600 877 3770 936 nego-

2110 949 2192 1004 tio
2213 955 2653 1021 perseveranter
2673 951 2829 1024 quod
2853 951 3402 1024 coeperat.Cumque
3430 950 3768 1022 supradicto

2112 1039 2344 1110 negotio
2375 1039 2682 1096 indefessas
2705 1038 2951 1096 solertia:
2974 1039 3203 1095 dierum
3228 1039 3573 1112 subigerent
3591 1038 3774 1095 curri-

2113 1127 2246 1182 cula
2277 1127 2621 1199 plurimum,
2654 1128 2911 1184 rumoris
2959 1127 3140 1200 hujus
3186 1127 3466 1183 solemnis
3498 1127 3773 1200 frequen-

2113 1217 2196 1270 tia
2225 1217 2297 1271 ad
2330 1217 2600 1272 notitiam
2634 1218 2848 1290 regium
2885 1218 3195 1290 profertur,
3229 1216 3324 1272 cui
3356 1215 3680 1272 familiares
3707 1234 3772 1272 ac

2117 1305 2416 1360 domestici
2445 1306 2779 1379 adjungunt
2805 1305 2946 1361 talia
2976 1307 3308 1372 referentes,
3337 1306 3543 1361 adesse
3573 1305 3776 1360 videli-

2117 1396 2207 1449 cet
2237 1395 2579 1465 quemdam,
2610 1395 2800 1467 patria
2843 1395 3081 1467 quidem
3132 1394 3528 1467 peregrinum,
3561 1410 3774 1466 genere

2117 1482 2410 1554 ignotum,
2449 1484 2628 1539 aifatu
2677 1483 3052 1551 dissimilem,
3084 1483 3248 1538 vultu
3295 1485 3353 1538 et
3399 1481 3608 1538 habitu
3659 1481 3775 1538 sibi

2118 1571 2352 1644 penitus
2375 1589 2490 1628 non
2517 1589 2644 1629 esse
2666 1577 3022 1644 consortem,
3037 1572 3370 1628 conditione
3395 1576 3595 1627 tamen
3617 1570 3780 1626 Chri-

2117 1661 2323 1720 stiana:
2346 1661 2480 1717 ﬁdei
2501 1677 2629 1718 esse
2650 1659 2954 1730 cultorem,
2981 1661 3054 1716 ab
3083 1660 3259 1717 Italia:
3291 1659 3528 1732 penitus
3547 1660 3781 1716 venien-

2121 1753 2261 1819 tem,
2295 1750 2367 1806 ab
2401 1765 2466 1806 eo
2497 1765 2674 1822 quem
2715 1750 3113 1806 Romanorum
3153 1765 3290 1822 pars
3340 1749 3602 1805 maxima
3629 1763 3775 1806 vera

352 1842 666 1898 cerdotatis
697 1841 874 1897 ofﬁcii
923 1842 1274 1912 praecederet
1333 1846 1802 1940 sacramentum.‘
1824 1840 2012 1912 Impe-
2043 1874 2092 1940 Β
2123 1838 2256 1894 ﬁdei
2287 1838 2633 1938 signiferum
2653 1843 2711 1896 et
2739 1855 2954 1912 papam
2975 1839 3274 1940 sequitur;
3308 1837 3617 1940 se‘a‘Petro
3645 1853 3774 1896 esse

353 1931 509 1984 rium
541 1930 738 2000 itaque
786 1929 1052 2002 magistri
1093 1930 1410 1986 eminentis
1451 1935 1761 1986 exsecutus
1791 1928 1890 2000 lat.
1926 1945 2016 1988 ex.

356 2017 644 2088 sequitur]
715 2017 965 2089 perfecte
1033 2017 1396 2090 discipulus,
1469 2023 1732 2074 armatus
1800 2017 2012 2084 edicto,

357 2107 685 2162 instructus
714 2105 965 2178 eloquio,
991 2107 1266 2164 obediens
1305 2107 1364 2162 in
1405 2105 1732 2179 praeceptis,
1770 2106 1922 2162 fidus
1954 2105 2014 2161 in

359 2193 872 2267 promissionibus,
907 2194 1092 2250 Roma
1141 2211 1434 2267 egressus,
1485 2211 1588 2266 per
1635 2194 2014 2268 longissimos

354 2284 480 2356 jam
511 2283 650 2338 dicti
679 2283 909 2340 itineris
939 2284 1238 2340 anfractus
1259 2301 1293 2338 a
1313 2283 1481 2338 beato
1515 2283 1680 2340 Petro
1703 2282 2009 2357 corporali,

361 2389 478 2428 non
513 2373 727 2429 mentis
759 2373 978 2428 intuitu
1003 2376 1328 2444 separatus,
1348 2371 1664 2444 longinque
1686 2372 2013 2445 peregrina-

367 2461 506 2516 tioni
540 2477 642 2532 pro
664 2461 879 2517 Christi
905 2477 1082 2533 regno
1114 2478 1174 2517 se
1207 2461 1360 2516 ultro
1391 2461 1730 2532 subjiciens,
1759 2461 2016 2518 Leucho-

364 2567 496 2605 rum
529 2549 692 2606 urbis
713 2567 774 2606 se
797 2551 1023 2622 civibus
1042 2549 1260 2632 intulit,
1287 2549 1346 2605 in
1368 2550 1568 2606 omnia
1588 2549 2012 2622 suppliciorum

361 2639 704 2710 perferenda
723 2643 1082 2710 preparatus
1104 2655 1336 2711 genera.
1361 2640 1496 2706 Qua:
1515 2637 1784 2695 videlicet
1810 2639 2012 2696 civitas

360 2728 531 2798 aquis
557 2727 796 2800 irrigua,
828 2727 1064 2799 pascuis
1097 2727 1412 2796 uberrima,
1447 2743 1751 2782 murorum
1783 2727 2010 2784 ambitu

350 2815 635 2887 jucunda,
655 2815 803 2872 seris
819 2821 876 2872 et
889 2817 1154 2872 turribus
1171 2833 1338 2872 secus
1360 2816 1619 2887 undique
1637 2817 2009 2888 praemunita,

357 2905 646 2960 idolorum
678 2908 874 2960 tamen
905 2905 1180 2961 sordibus
1201 2921 1622 2978 usquequaque
1648 2904 1872 2977 polluta
1893 2906 2012 2962 fue-

357 2998 446 3048 rat
465 2999 522 3048 et
543 2995 804 3049 confusa.
826 2993 1009 3049 Metas
1031 2994 1228 3065 itaque
1250 2995 1486 3066 praefato
1507 2994 1759 3050 civitatis
1777 2994 2008 3051 Christo

356 3081 502 3136 duce
547 3098 612 3135 ac
656 3081 810 3136 beati
843 3081 993 3136 Petri
1027 3082 1240 3152 prmvia
1287 3081 1631 3137 auctoritate
1679 3083 2004 3156 ingressus,

357 3169 724 3224 barbaricam
758 3168 1199 3224 multitudinem
1239 3168 1386 3225 nihil
1418 3170 1660 3238 veritus,
1691 3188 1836 3226 verae
1869 3173 2004 3229 fidei

2125 1929 2375 1984 missum
2394 1928 2678 1984 veraciter
2692 1931 3070 1998 asserentem,
3086 1928 3272 1983 Deum
3292 1925 3420 1984 coeli
3442 1927 3773 1984 hominum-

2124 2033 2236 2088 que
2265 2018 2542 2074 factorem
2575 2017 2793 2091 apertis
2825 2021 2998 2089 atque
3019 2017 3278 2074 assiduis
3306 2015 3549 2073 vocibus
3576 2014 3772 2088 praedi-

2125 2112 2375 2164 cantem.

2194 2195 2456 2267 Cumque
2485 2195 2606 2252 haec
2635 2199 2692 2252 et
2721 2195 2940 2252 similia
2970 2194 3050 2250 rei
3082 2211 3240 2250 nova:
3276 2193 3664 2250 admiratione
3693 2207 3777 2248 re-

2123 2285 2443 2340 ferentibus
2465 2285 2674 2360 regina:
2697 2284 2932 2357 gentilis
2955 2284 3188 2340 animus
3220 2282 3416 2356 aliquo
3439 2283 3612 2340 modo
3634 2283 3775 2340 ﬂec-

2122 2377 2341 2429 teretur
2361 2375 2433 2430 ad
2466 2373 2845 2442 audiendum,
2869 2373 3131 2430 absentis
3164 2372 3320 2446 regis
3341 2372 3434 2429 sui
3455 2371 3644 2429 libera
3675 2389 3774 2444 po-

2123 2463 2235 2520 sita
2265 2463 2562 2533 facultate,
2597 2469 2818 2520 secreto
2869 2481 2975 2519 usa
3005 2461 3262 2519 cuhiculi
3290 2463 3483 2520 virum
3516 2463 3620 2520 Dei
3661 2462 3774 2518 sibi

2122 2554 2394 2626 prazcepit
2433 2553 2915 2618 intromitti.Quaa
2947 2557 3055 2620 est,
3091 2553 3362 2624 inquens,
3387 2551 3510 2607 haec
3540 2569 3693 2608 nova
3721 2556 3778 2608 et

2123 2641 2406 2698 hactenus
2436 2641 2606 2698 nobis
2644 2640 2908 2697 inaudita
2949 2639 3174 2713 religio,
3207 2656 3386 2712 quam
3434 2644 3775 2697 nostrorum

2121 2729 2363 2786 culturae
2391 2731 2644 2786 duorum
2689 2729 3082 2802 superducere
3129 2729 3409 2802 gestiens,
3439 2727 3558 2784 alia
3600 2729 3774 2786 nobis

2119 2819 2362 2876 colenda
2409 2819 2744 2887 denuntias,
2777 2835 2904 2890 quae
2936 2833 3124 2889 usque
3155 2817 3214 2871 in
3264 2833 3524 2888 praesens
3571 2817 3770 2890 generi

2119 2913 2317 2964 nostro
2331 2911 2390 2964 et
2406 2907 2702 2980 incognita
2721 2909 3068 2980 permanent
3082 2910 3140 2960 et
3155 2903 3414 2961 inculta?
3430 2905 3770 2978 Intelligens

2117 3001 2313 3052 autem
2333 2997 2422 3052 vir
2441 2997 2647 3052 beatus
2669 2995 3053 3051 intentionem
3075 2993 3287 3066 reginae
3309 2993 3692 3062 seiscitantis,
3714 2999 3770 3050 et

2115 3102 2280 3157 spem
2297 3085 2520 3142 habens
2540 3085 2601 3140 in
2631 3102 2700 3140 ea
2717 3084 2846 3140 vita:
2875 3083 3274 3156 regenerantis
3297 3099 3311 3138 :
3337 3082 3765 3155 Deum,inquit,

2115 3190 2302 3228 unum
2334 3179 2394 3230 et
2421 3191 2624 3230 verum
2649 3174 2710 3228 in
2733 3171 3108 3228 distinctione
3137 3171 3317 3227 trium
3339 3187 3726 3243 personarum
3751 3189 3764 3228 :

357 3263 792 3314 sacramentum
816 3263 873 3313 et
889 3257 1233 3314 Christianae
1256 3258 1556 3331 religionis
1579 3235 1804 3316 cultum
1822 3261 2006 3333 genti-
2034 3235 2078 3302 Ο
2116 3263 2304 3319 Patris
2333 3262 2577 3331 scilicet,
2607 3261 2758 3331 Filii,
2782 3278 2850 3318 ac
2871 3261 3126 3332 Spiritus
3151 3235 3362 3328 sancti,
3393 3261 3664 3316 omnium
3690 3278 3769 3318 re-

357 3347 468 3402 bus
497 3347 813 3419 praedicare
843 3347 1017 3419 coepit
1041 3364 1054 3401 :
1080 3345 1236 3402 idola
1261 3363 1411 3402 vana
1429 3364 1578 3416 esse,
1604 3349 1784 3424 surda
1802 3353 1860 3405 et
1879 3366 2004 3405 mu-

355 3441 436 3504 ta,
471 3451 650 3491 manu
680 3435 874 3508 potius
926 3435 1078 3491 facta
1117 3435 1422 3492 hominum
1454 3441 1512 3492 et
1539 3441 1871 3494 commento
1902 3437 1999 3512 [αι.

355 3525 871 3598 cmmento],quam
891 3541 1025 3582 vere
1055 3525 1298 3582 rationis
1319 3525 1628 3582 existentia
1657 3525 1998 3599 primordio,

355 3613 502 3670 nihil
537 3613 716 3670 divini
759 3613 1052 3684 habentia,
1088 3631 1194 3670 nec
1237 3613 1309 3671 ad
1359 3614 1592 3671 beatam
1640 3614 2000 3683 felicitatem,

354 3719 481 3776 qua:
538 3702 690 3760 hanc
734 3701 1040 3760 mortalem
1089 3703 1269 3759 vitam
1317 3708 1591 3760 secutura
1635 3708 1744 3774 est,
1777 3703 2000 3778 aliquid

351 3791 687 3862 attinentia;
721 3808 908 3848 unum
941 3791 1126 3849 Deum
1173 3792 1372 3865 potius
1401 3791 1784 3866 colerent,qui
1814 3799 2000 3852 terras

350 3885 408 3938 et
437 3881 624 3938 maria
652 3881 1031 3954 condidisset,
1054 3882 1155 3955 qui
1179 3881 1306 3938 cmli
1337 3881 1762 3938 sublimitatem
1793 3899 1902 3940 sua
1919 3884 2002 3940 di-

347 3970 504 4028 tione
533 3974 775 4040 teneret,
801 3971 899 4043 qui
931 3971 1273 4044 corporibus
1295 3970 1474 4027 vitam
1501 3976 1635 4042 post
1656 3975 1902 4049 mortem
1926 3973 1999 4028 fe-

346 4060 521 4116 licius
544 4064 844 4131 przestarct
863 4059 1091 4114 vivendi
1119 4059 1484 4128 facultatem;
1509 4064 1808 4116 tantorum
1832 4060 2002 4118 falso-

250 4157 257 4161 '
349 4163 482 4204 rum
504 4147 746 4202 deorum
768 4146 1060 4202 culturam
1085 4146 1385 4204 horrendae
1403 4147 1679 4204 vanitatis
1701 4165 1831 4206 esse
1852 4149 2000 4206 ludi-

348 4237 496 4304 bria,
512 4235 846 4291 animarum
866 4235 1193 4308 dispendia,
1208 4237 1553 4309 perennium
1571 4241 1996 4295 tormentorum

348 4325 495 4381 nihil
527 4325 684 4380 aliud
717 4340 894 4396 quam
925 4324 1125 4380 futura
1155 4325 1541 4382 irritamenta.

1005 4431 1237 4490 CAPUT
1275 4431 1343 4487 V.

417 4523 565 4592 Quod
597 4525 713 4595 regi
738 4530 791 4578 et
813 4523 1272 4598 reginw‘necnon,
1293 4530 1346 4578 et
1374 4523 1920 4598 urbiqprincz‘pibus,

512 4593 684 4650 unum
713 4603 765 4650 et
791 4593 981 4650 verum
1008 4593 1179 4650 Deum
1209 4595 1478 4650 instanter
1505 4593 1818 4654 annuntiat.

410 4687 546 4742 Erat
571 4689 710 4740 tunc
743 4669 1022 4756 temporis
1055 4686 1378 4740 memorata
1403 4683 1604 4740 civitas
1633 4686 1983 4758 populorum

337 4776 553 4848 stipata
583 4773 847 4841 catervis,
871 4788 1068 4828 rerum
1102 4771 1399 4828 ditissima
1423 4773 1630 4845 copiis,
1649 4791 1714 4829 ac
1745 4777 1984 4835 diverse

334 4864 714 4938 supellectilis
753 4864 961 4918 referta
1003 4860 1392 4916 commerciis.
1427 4861 1546 4917 Rex
1583 4879 1812 4936 quoque
1843 4881 1981 4938 gen-

331 4955 454 5012 tilis
486 4959 543 5011 et
581 4951 924 5008 barbaricus
953 4966 1089 5006 cum
1131 4966 1238 5006 sua
1279 4950 1545 5023 conjuge,
1579 4953 1691 5008 Leo
1723 4955 1978 5026 nomine,

331 5044 516 5100 Deum
549 5043 849 5116 ignorans,
882 5055 1016 5096 cum
1047 5038 1208 5094 omni
1257 5038 1470 5112 populo
1503 5057 1608 5096 suo
1641 5040 1978 5100 idololatria-3

329 5132 584 5190 cultibus
616 5131 988 5203 subjugatus.
1021 5129 1105 5184 Ad
1141 5144 1315 5200 quem
1356 5145 1492 5184 cum
1531 5129 1792 5202 perlatus
1823 5139 1978 5192 esset

327 5223 514 5280 sancti
545 5221 653 5278 viri
685 5221 991 5289 adventus,
1025 5223 1082 5275 et
1111 5233 1289 5291 quam
1327 5233 1430 5289 per
1469 5219 1719 5292 populos
1747 5223 1977 5280 serebat

2116 3369 2248 3406 rum
2272 3349 2758 3408 incommutabile
2779 3349 3158 3423 principium,
3183 3349 3282 3421 qui
3315 3353 3404 3404 est
3423 3349 3553 3404 fons
3575 3354 3636 3405 et
3659 3350 3764 3405 ori-

2111 3458 2184 3515 go
2205 3442 2522 3507 bonorum,
2543 3459 2578 3496 a
2598 3457 2714 3512 quo
2734 3441 2908 3496 om'ne
2923 3455 3112 3512 genus
3129 3437 3466 3494 mortalium
3481 3438 3759 3494 existendi

2111 3530 2372 3604 sumpsit
2401 3529 2661 3598 initium,
2687 3529 2859 3600 cujus
2879 3530 3138 3600 potestas
3159 3543 3265 3583 nec
3293 3527 3470 3600 coepit
3486 3543 3638 3594 esse,
3656 3543 3759 3584 nec

2111 3619 2328 3676 desinit
2374 3619 2434 3676 in
2483 3623 2800 3686 aeternum;
2850 3633 2956 3690 per
3004 3631 3181 3688 quem
3229 3616 3497 3688 pereunti
3543 3617 3760 3673 mundo

2110 3713 2337 3765 aeternae
2387 3706 2809 3780 redemptionis
2850 3706 3010 3762 venit
3055 3704 3402 3772 remedium,
3446 3709 3760 3778 postquam

2109 3799 2264 3856 Deus
2285 3803 2344 3854 et
2361 3796 2646 3854 Dominus
2677 3800 2876 3852 noster
2893 3795 2926 3852 J
2929 3810 3068 3851 esus
3082 3793 3352 3851 Christus
3373 3792 3559 3851 Filius
3579 3793 3762 3851 omni-

2108 3887 2364 3963 potentis
2395 3886 2582 3943 Patris
2613 3885 2684 3942 de
2714 3883 2876 3941 cmlis
2905 3883 3147 3952 missus,
3179 3883 3252 3938 ad
3281 3887 3469 3939 terras
3499 3899 3608 3956 per
3637 3887 3758 3940 ute-

2107 3994 2240 4034 rum
2262 3977 2491 4032 intacta:
2513 3973 2771 4047 Virginis
2791 3988 2967 4028 carne
2980 3972 3229 4029 vestitus
3246 3971 3531 4039 humana,
3550 3975 3758 4028 morta-

2107 4066 2265 4124 libus
2295 4063 2543 4122 visibilis
2573 4067 2866 4131 ostensus,
2891 4060 3165 4134 plurimis
3189 4065 3247 4116 et
3271 4059 3561 4117 mirandis
3579 4060 3757 4116 virtu-

2105 4161 2232 4213 tum
2265 4154 2451 4228 signis
2475 4151 2822 4218 declaratus,
2844 4151 2918 4207 ad
2944 4149 3220 4206 ultimum
3243 4154 3310 4206 ut
3329 4147 3546 4206 diaboli
3569 4149 3756 4205 exclu-

2106 4245 2268 4301 deret
2281 4239 2831 4308 dominationem,in
2852 4253 3024 4294 cruce
3045 4237 3384 4295 Judacorum
3406 4235 3753 4294 inﬁdelitate

2105 4336 2428 4405 spontanea
2445 4327 2882 4402 dispensatione
2912 4327 3005 4384 sui
3029 4325 3258 4383 consilii
3289 4341 3751 4399 appensus,pre-

2103 4421 2184 4478 tio
2207 4420 2321 4478 fusi
2345 4417 2651 4493 sanguinis
2670 4417 2742 4476 ab
2773 4434 2965 4475 errore
2997 4417 3329 4472 daamonum
3351 4432 3452 4472 eos
3479 4414 3748 4483 absolvit,

2104 4528 2252 4585 quos
2267 4511 2394 4567 vita:
2415 4493 2690 4581 perennis
2709 4506 2968 4563 haeredes
2988 4506 3218 4562 futuros
3239 4503 3587 4578 prmﬁnivit?
3603 4503 3748 4570 Quid

2019 4608 2067 4674 D
2097 4603 2267 4678 plura
2281 4599 2310 4656 ?
2331 4597 2550 4670 Regina
2572 4594 2834 4664 credidit,
2859 4598 2917 4649 et
2935 4593 3052 4650 nisi
3071 4594 3284 4666 pagani
3307 4592 3463 4665 regis
3487 4597 3745 4664 potestas

2095 4690 2450 4756 obstitisset,
2497 4681 2756 4758 legitimb
2803 4700 3028 4740 annexa
3076 4681 3454 4738 matrimonio
3506 4680 3744 4754 purgari

2094 4799 2210 4838 non
2241 4778 2549 4836 desisteret
2577 4775 2734 4830 fonte
2771 4773 3036 4830 salutari.
3071 4773 3293 4830 Tamen
3334 4786 3466 4844 rege
3497 4769 3742 4826 aliarum

2093 4885 2290 4927 rerum
2321 4865 2626 4923 eventibus
2656 4867 2714 4920 et
2742 4863 2900 4919 curis
2927 4861 3242 4934 applicato,
3272 4860 3503 4933 quoties
3533 4858 3742 4932 regina:

2090 4959 2244 5017 seria
2275 4958 2606 5029 opportuna
2646 4951 3044 5020 considerant,
3076 4949 3267 5006 virum
3316 4949 3417 5006 Dei
3467 4949 3742 5020 frequen-

2087 5048 2206 5105 tius
2237 5045 2510 5113 ascitum,
2543 5041 2699 5098 viam
2730 5039 2940 5098 salutis
2985 5039 3325 5097 intendebat
3371 5043 3612 5096 strenue
3643 5035 3739 5093 de-

2090 5136 2538 5193 monstrantem.

2725 5236 2956 5294 CAPUT
3000 5233 3096 5292 VI.

326 5311 504 5370 divini
539 5308 870 5402 praedicatio
899 5307 1081 5376 verbi,
1106 5306 1323 5380 sprevit
1343 5310 1400 5402 et
1427 5307 1654 5377 abnuit,
1687 5314 1753 5402 et,
1770 5326 1972 5402 verum
2083 5331 2233 5402 ραοά
2262 5331 2407 5402 regis
2433 5328 2586 5402 μεμε
2612 5326 2877 5402 parvulus
2904 5326 3020 5402 νξιμ
3037 5326 3212 5402 θεμείδ
3241 5325 3570 5402 (Fungar;
3598 5319 3740 5402 ερ-άε

324 5405 546 5456 aeternae
577 5397 810 5455 deitatis
859 5412 1182 5470 praeconem
1223 5396 1402 5452 surda
1431 5413 1571 5452 aure
1619 5401 1966 5470 prmteribat.

319 5489 422 5544 Vir
450 5493 646 5546 autem
694 5487 927 5544 Domini
970 5483 1214 5541 instanti
1246 5485 1580 5543 constantia
1625 5486 1964 5559 reluctatus,

317 5594 498 5651 prope
542 5577 758 5634 muenia
787 5575 1037 5633 civitatis
1067 5573 1285 5646 exiguae
1329 5573 1710 5634 habitationis
1739 5577 1850 5635 sibi
1883 5596 1965 5638 re-

2149 5392 2468 5460 consis'tori'o
2497 5392 2626 5472 ejus"
2653 5399 2835 5472 vicino
2862 5396 3011 5472 urbi,
3038 5392 3110 5452 ad
3139 5395 3280 5469 quod
3321 5409 3465 5467 smpe
3507 5392 3736 5450 canibus

2148 5472 2402 5547 impulsae
2428 5467 2663 5542 agrestes
2689 5469 2830 5540 [erm
2857 5467 3216 5540 conﬂuerent.

2145 5581 2283 5638 Erat
2309 5575 2488 5651 igitur
2516 5575 2611 5633 his
2640 5573 2918 5649 parvulus
2963 5573 3142 5646 ﬁlius,
3175 5573 3276 5648 qui
3317 5570 3736 5629 instituebatur

317 5664 642 5740 ceptorium
673 5664 1042 5740 praeparavit,
1073 5665 1433 5737 cunctosque
1464 5664 1537 5722 ad
1572 5681 1634 5724 se
1665 5668 1964 5732 venientes
2072 5669 2146 5730 ad
2167 5668 2348 5729 ritum
2368 5667 2681 5741 parentum
2701 5664 3107 5741 profanorum,
3128 5663 3300 5738 cujus
3318 5659 3590 5722 videlicet
3623 5657 3735 5720 exi‘
