4060 6170
410 280 531 346 625

1228 283 1331 344 DE
1373 282 1557 345 VITA
1602 284 1667 345 S.
1716 283 2123 345 MANSUETI
2167 284 2366 344 LIBRI
2412 286 2594 347 DUO.
2642 320 2719 330 —
2762 286 2910 346 LIB.
2959 284 3005 346 Ῑ.

3698 280 3818 345 626

404 433 523 492 gua
538 415 790 490 pueritia
811 419 1075 490 tempora
1094 416 1229 475 licet
1248 418 1464 474 teneris
1495 423 1689 492 ageret
1708 420 1919 475 natura
1948 418 2057 475 sub
2088 417 2144 486 Α
2172 421 2342 476 sorde
2364 419 2581 492 duplici
2605 436 2846 475 mmrore
2858 424 2913 475 et
2928 418 3123 475 labore
3136 418 3498 490 consumptis
3520 419 3818 488 omnibus,

405 505 600 574 annis,
635 506 978 578 parentibus
1034 511 1250 575 tamen,
1287 512 1354 563 ut
1384 513 1515 579 post
1556 508 1745 579 patuit
1801 526 1916 574 res,
1948 508 2060 564 fuit

401 595 638 651 initium
671 598 728 650 et
758 601 1072 667 proventus
1124 597 1331 652 tandiu
1378 596 1567 651 dilatae
1608 596 1971 653 credulitatis
2001 602 2059 652 et

401 683 860 741 salutis.Beatus
880 689 1077 739 autem
1102 685 1358 756 pontifex
1380 686 1437 740 in
1461 690 1769 757 prospectu
1794 686 2059 753 urbis,ut

400 772 990 841 diximus,umbrosis
1012 773 1291 829 silvarum
1312 774 1615 831 frondibus
1636 778 1965 831 contectum
1984 774 2060 830 lo-

402 878 539 918 cum
563 860 877 933 delegerat,
899 865 957 917 et
987 866 1300 930 remotum,
1336 862 1394 917 in
1418 879 1533 934 quo
1554 862 1661 918 soll
1686 863 1931 920 Domino
1961 882 2057 919 va-

403 968 542 1007 cans
576 949 880 1018 attentius,
916 967 1063 1022 opus
1112 951 1265 1022 quod
1316 957 1588 1023 cmpcrat,
1621 951 1771 1007 votis
1801 952 2058 1008 assiduis

404 1040 719 1097 deferebat.
746 1039 855 1106 Qui
877 1057 992 1096 non
1010 1044 1240 1095 tantum
1263 1039 1387 1096 suis
1410 1046 1698 1113 quantum
1730 1041 1905 1096 etiam
1929 1059 2058 1097 ma-

402 1129 571 1204 gistri
596 1128 688 1184 sui
712 1127 1112 1200 apostolorum
1136 1128 1416 1202 principis
1429 1128 2059 1200 subsidiisinnixus,si-

400 1217 534 1292 gnis
559 1221 615 1273 et
634 1217 957 1272 virtutibus
977 1218 1340 1273 coruscabat.
1373 1217 1578 1274 Clarus
1608 1219 2057 1289 aspectu,mori-

400 1307 514 1363 bus
546 1305 1018 1377 dulcis,alloquio
1049 1307 1230 1373 mitis,
1255 1306 1584 1362 constantia
1618 1306 1801 1376 fortis,
1827 1308 2055 1379 patien-

400 1396 485 1450 tia
515 1394 895 1467 longanimis,
928 1395 1195 1451 castitate
1251 1396 1602 1468 przecipuus,
1637 1395 1696 1450 in
1756 1396 2056 1452 beneficiis

398 1484 621 1558 largus,
654 1500 973 1556 egenorum
1006 1483 1261 1540 miseriis
1292 1483 1804 1558 pronus,consiliis
1825 1488 2053 1553 cautus,

397 1573 804 1630 misericordia
831 1572 1062 1645 plenus,
1095 1572 1514 1646 hospitalitatis
1569 1573 1821 1646 gratiam
1852 1590 2053 1630 conse-

396 1665 613 1729 ctatus,
635 1661 696 1716 in
717 1661 1084 1717 orationibus
1106 1662 1473 1727 assiduus,in
1505 1660 1757 1717 lectione
1786 1662 2051 1729 devotus,

394 1751 459 1806 in
480 1750 759 1823 lacrymis
791 1750 1087 1821 profusus,
1113 1749 1172 1805 in
1203 1751 1396 1807 cordis
1428 1752 1875 1824 compunctione
1896 1751 2056 1807 attri-
2083 1788 2131 1854 Β

398 1844 519 1907 tus,
545 1838 606 1894 in
628 1836 850 1894 caeteris
889 1839 1059 1895 bonis
1100 1838 1327 1896 actibus
1359 1840 1639 1913 probatus
1679 1845 1854 1913 atque
1873 1840 2049 1914 perfe-

403 1933 557 1986 ctus.
589 1927 771 1999 Cujus
829 1927 1103 1983 virtutem
1135 1944 1268 1983 cum
1302 1929 1361 1983 in
1394 1930 1567 1985 rebus
1599 1930 1891 1995 maximis,
1924 1935 2051 1985 tum

398 2018 581 2075 etiam
604 2016 664 2071 in
698 2014 961 2071 minimis
992 2021 1049 2071 et
1077 2017 1137 2071 in
1168 2016 1382 2073 vilibus
1412 2035 1725 2075 causarum
1748 2019 2053 2076 eventibus

399 2106 600 2179 plures
630 2109 774 2161 sunt
802 2105 1045 2177 experti.
1078 2105 1227 2161 Nam
1276 2122 1409 2162 cum
1440 2107 1500 2162 in
1530 2106 1770 2179 agendis
1797 2106 2052 2163 ferarum

398 2192 893 2262 exsecutionibus,
929 2192 1203 2265 qualibet
1232 2194 1510 2250 animalia
1540 2212 1752 2251 canum
1779 2196 2055 2253 violentia

401 2283 548 2341 illud
606 2281 916 2338 hominum
974 2296 1160 2355 genus
1217 2282 1642 2355 insequeretur,
1678 2284 1777 2356 qui
1833 2284 2052 2341 talibus

399 2371 691 2431 exercitiis
722 2370 990 2443 impliciti
1050 2372 1423 2439 tenebantur,
1455 2388 1640 2444 usque
1670 2374 1742 2428 ad
1773 2389 1908 2429 eum
1940 2390 2054 2446 quo

399 2463 489 2517 vir
516 2460 618 2517 Dei
658 2460 937 2517 manebat
990 2460 1184 2516 locum
1243 2462 1663 2532 pervenientes,
1697 2463 2054 2535 stupefactos

405 2566 674 2608 cerneres
706 2549 978 2622 riguisse,
1004 2566 1108 2604 nec
1131 2548 1287 2605 ultra
1316 2554 1595 2623 exempta:
1626 2567 1824 2606 necem
1860 2551 2055 2607 inten-

401 2644 525 2695 tare
558 2639 1036 2710 capturaa.Quare
1068 2655 1220 2710 saepe
1251 2638 1410 2711 regia
1439 2638 1745 2711 indignata
1773 2645 2055 2712 potestas,

404 2731 676 2784 sanctum
707 2725 941 2782 Domini
985 2726 1318 2798 pontificem
1378 2728 1710 2783 decreverat
1753 2729 2057 2785 trucidan-

405 2817 549 2872 dum
574 2832 788 2888 ;quem
820 2819 1018 2871 tamen
1048 2815 1243 2871 divina
1268 2816 1458 2872 virtus
1490 2816 1644 2871 inter
1672 2833 1836 2872 arma
1855 2817 2059 2872 barba-

404 2905 526 2960 rica
560 2909 619 2959 et
665 2919 857 2959 mores
891 2903 1285 2959 ferocissimos
1315 2905 1387 2959 ad
1420 2905 1800 2960 erudiendam
1830 2905 2057 2977 plebem

406 2991 694 3061 fidelium,
726 2996 785 3047 et
812 2991 1159 3064 expiandum
1221 2993 1427 3048 urbem
1486 2992 1723 3049 faecibus
1770 2993 2059 3050 idolorum

408 3082 796 3140 conservabat
822 3080 1097 3150 illaesum,
1131 3081 1334 3138 nolens
1364 3083 1541 3138 vitam
1575 3084 1703 3154 ejus
1734 3084 1891 3139 brevi
1922 3101 2059 3139 con-

408 3187 708 3229 summare
738 3169 985 3227 articulo
1016 3171 1299 3244 martyrii,
1332 3171 1433 3227 sed
1467 3171 1707 3244 prolixis
1729 3177 2059 3244 temporum
2089 3143 2134 3213 α

408 3260 725 3318 sudoribus
765 3259 1203 3329 immerentem,
1234 3260 1490 3316 fructum
1522 3260 1726 3317 afferre
1775 3261 2059 3334 copiosio-

409 3352 619 3417 rem,et
637 3365 841 3403 navem
873 3347 1142 3404 Ecclesia:
1173 3366 1350 3421 quam
1382 3352 1650 3405 recturus
1679 3354 1822 3417 erat,
1854 3349 2062 3405 multi-

409 3439 582 3495 modo
614 3437 966 3494 commercia
996 3438 1365 3507 referentem,
1399 3440 1470 3495 ad
1506 3455 1752 3512 regnum
1812 3440 2062 3496 transire

411 3526 708 3584 ccelorum.

1044 3632 1278 3689 CAPUT
1317 3633 1439 3689 VII.

411 3725 675 3797 Delapsa
697 3724 860 3794 pueri
888 3725 951 3777 in
979 3722 1253 3797 Mosellam
1298 3725 1555 3792 ﬂuvium,
1586 3733 1638 3779 et
1665 3725 1805 3797 quod
1847 3732 2065 3781 sanctus

484 3795 793 3850 Mansuetus
817 3810 919 3866 per
966 3796 1145 3859 visum
1200 3803 1520 3866 conquestus
1548 3797 1622 3851 sit
1648 3795 1943 3868 utrumque
1966 3814 2065 3869 pa-

488 3873 715 3923 rentem.

490 3974 719 4029 Interea
748 3988 928 4028 causa
958 3972 1199 4039 exstitit,
1223 3990 1340 4045 qua
1371 3990 1469 4029 rex
1489 3978 1547 4030 et
1576 3973 1861 4046 populosa
1890 3975 2072 4048 genti-

421 4063 567 4118 lium
597 4060 914 4117 multitudo
946 4060 1102 4117 ludis
1133 4060 1256 4117 suis
1308 4061 1628 4118 solemnem
1685 4062 2069 4133 frequentiam

420 4155 682 4224 agerent,
714 4154 772 4205 et
804 4150 1099 4206 consuetis
1127 4150 1227 4206 otii
1288 4150 1379 4207 sui
1433 4151 1725 4207 exercitiis
1779 4154 2069 4207 vacarent.

419 4241 684 4310 Cumque
716 4236 932 4293 talibus
964 4238 1172 4294 intenti
1200 4242 1555 4307 tenerentur,
1572 4239 1784 4295 accidit
1814 4240 2071 4312 prmdicti

422 4328 576 4401 regis
603 4327 844 4382 unicum
867 4326 1171 4399 parvulum
1195 4328 1382 4383 filium
1402 4344 1469 4383 ex
1488 4328 1760 4384 murocui
1779 4332 1905 4384 tum
1929 4329 2077 4385 forte

422 4418 756 4489 superstare
784 4414 1109 4484 videbatur,
1128 4434 1196 4471 ea
1210 4416 1479 4472 videlicet
1506 4420 1669 4488 parte
1698 4434 1814 4488 qua
1839 4417 2076 4473 reducto

2171 514 2338 566 nocte
2368 511 2623 565 irruente
2652 509 2777 564 dies
2807 508 3120 564 clauditur.
3154 509 3418 579 Cumque
3451 508 3602 562 fessa
3632 521 3821 561 mem-

2169 601 2274 656 bra
2303 604 2437 672 post
2459 602 2687 654 tantum
2743 597 3003 652 laborem
3066 596 3211 652 lecto
3262 596 3630 662 reclinarcnt,
3662 599 3822 667 gravi

2170 692 2416 761 uterque
2467 704 2681 759 parens
2730 703 2937 742 somno
2977 686 3367 756 deprimitur;
3401 701 3537 739 eum
3569 702 3700 739 ecce
3731 701 3824 740 re-

2169 782 2342 850 pente
2354 777 2667 833 dormienti
2692 777 2843 847 regis
2854 777 2981 846 conj
2994 793 3025 829 u
3033 775 3087 845 gi
3105 779 3167 829 ut
3183 776 3355 829 ambo
3369 774 3819 841 decumbebant,

2168 867 2375 922 beatus
2434 867 2779 921 Mansuetus
2837 881 2940 935 per
2994 865 3183 919 visum
3241 862 3535 934 apparuit,
3570 862 3817 917 dicens:

2168 955 2393 1023 Merito,
2419 954 2638 1028 regina,
2662 954 2939 1018 turbaris,
2962 953 3168 1008 merito
3200 951 3593 1015 confunderis,
3611 950 3817 1006 merito

2169 1044 2333 1099 triste
2384 1042 2487 1098 filii
2543 1042 2629 1097 tui
2685 1043 2860 1097 funus
2889 1041 3171 1109 exsolvis;
3208 1057 3341 1095 nam
3374 1040 3422 1095 si
3449 1040 3815 1095 Conditorem

2166 1138 2338 1189 tuum
2355 1149 2749 1203 cogaosceres,
2782 1135 2838 1185 et
2852 1130 3043 1185 verbis
3063 1129 3201 1184 olim
3223 1130 3371 1186 meis
3394 1133 3457 1183 tu
3479 1133 3535 1183 et
3551 1146 3647 1182 rex
3679 1132 3817 1184 tuus

2169 1224 2345 1277 fidem
2378 1222 2700 1287 adhiberet,
2733 1221 2804 1275 ab
2838 1220 2945 1275 hoc
3005 1220 3199 1275 forsan
3258 1218 3575 1273 infortunio
3634 1217 3817 1273 libera

2166 1310 2399 1379 fuisses,
2421 1311 2510 1366 vel
2546 1310 2730 1366 multo
2763 1308 3061 1364 salubrius
3093 1308 3211 1362 hmo
3242 1307 3813 1379 contingerent,du1n

2166 1400 2425 1457 animam
2457 1399 2633 1455 simul
2664 1415 2798 1454 cum
2829 1414 3068 1469 corpore
3101 1397 3417 1469 pereuntis,
3452 1397 3621 1451 beata
3649 1396 3815 1467 quies

2165 1489 2450 1561 exciperet
2472 1488 2600 1543 vitae
2624 1486 3004 1543 renascentis.
3021 1486 3131 1541 Sed
3145 1485 3285 1558 quid
3296 1486 3422 1556 jam
3438 1501 3595 1540 nunc
3615 1485 3814 1554 facies,

2165 1578 2215 1633 si
2247 1576 2334 1633 vel
2367 1594 2579 1650 corpus
2609 1575 2876 1632 exstincti
2927 1574 3181 1646 recipere
3229 1574 3506 1629 merearis
3526 1574 3554 1628 ?
3584 1575 3654 1629 At
3682 1589 3815 1628 vero

2165 1667 2267 1723 illa
2290 1684 2352 1723 se
2373 1667 2660 1722 devoveas
2681 1669 2947 1721 acturam
2980 1664 3134 1736 quod
3166 1663 3647 1734 imperaret,eum
3679 1679 3816 1734 pro-

2165 1756 2371 1812 lixiora
2401 1754 2589 1811 sancti
2616 1754 2725 1810 viri
2752 1754 3004 1809 ambiret
3054 1751 3361 1823 colloquia,
3397 1752 3524 1823 ejus
3552 1751 3696 1807 visio
3728 1753 3814 1806 in-

2161 1850 2250 1902 ter
2280 1844 2557 1901 atl‘amina
2585 1842 2988 1914 rumpitur.At
3016 1840 3116 1897 illa
3146 1841 3415 1913 protinus
3446 1858 3651 1896 somno
3674 1841 3819 1895 exci-

2161 1938 2305 2000 tata,
2324 1932 2533 1989 marito
2557 1932 2711 2004 quod
2740 1931 2964 1986 viderat
2992 1947 3060 1986 ex
3090 1928 3294 1984 ordine
3323 1929 3813 1984 intimavit.Tunc

2163 2022 2260 2079 ille
2294 2040 2305 2078 :
2339 2023 2383 2077 Ο
2414 2022 2461 2077 si
2495 2020 2743 2094 possim,
2773 2019 2990 2090 inquit,
3021 2019 3151 2089 ejus
3179 2034 3353 2090 quem
3411 2021 3679 2072 sanctum
3713 2017 3815 2072 Dei

2162 2113 2392 2178 edoces,
2425 2110 2741 2183 promereri
2791 2107 3182 2181 praesentiam,
3216 2107 3491 2180 polliceor
3535 2106 3691 2161 enim
3724 2121 3816 2160 me

2162 2202 2291 2273 ejus
2322 2200 2496 2255 dictis
2520 2213 2829 2255 assensum
2862 2198 3265 2270 praebiturum,
3298 2199 3530 2251 tantum
3556 2212 3659 2266 per
3679 2209 3813 2249 eum

2164 2290 2459 2347 obtineam
2493 2292 2557 2343 ut
2586 2289 2830 2343 cadaver
2858 2287 3126 2341 exanime
3154 2290 3211 2342 et
3237 2284 3514 2340 lanianda
3552 2283 3816 2339 membra

2165 2378 2470 2453 gurgustio
2503 2393 2617 2432 non
2640 2391 2834 2431 carere
2865 2374 3153 2448 sepulcro.

2424 2553 2429 2557 _
2778 2482 3010 2537 CAPUT
3048 2482 3196 2537 vm.

2169 2576 2317 2645 Quod
2346 2577 2408 2629 Β.
2440 2573 2768 2645 Mansuetus,
2802 2571 2980 2625 triduo
3027 2573 3306 2645 qua’situs,
3343 2570 3555 2645 tandem
3604 2570 3814 2624 iureni-

2238 2589 2317 2631 ma
2346 2589 2408 2629 υ.
2440 2589 2768 2642 mansuetus,
2802 2589 2980 2625 mauu
3062 2589 3306 2635 ua’suus,
3343 2589 3555 2624 tanacm
3604 2589 3814 2624 mrem-

2238 2656 2345 2711 tur,
2381 2648 2596 2715 locoque
2623 2643 2731 2715 sibi
2761 2650 2985 2707 ostenso,
3021 2589 3268 2713 [fluctuque
3298 2644 3709 2711 oratione,puer
3729 2656 3817 2696 su-

2233 2734 2332 2791 per
2358 2714 2533 2771 undas
2556 2714 2852 2781 reducitur,
2885 2721 2936 2768 et
2967 2715 3119 2768 vivus
3147 2715 3295 2784 patri
3322 2714 3648 2767 restituitur.

2238 2826 2394 2881 Inter
2413 2823 2556 2889 haec,
2584 2825 2751 2877 nocte
2774 2818 3247 2886 decedente,dies
3279 2816 3592 2873 adducitur
3622 2816 3822 2871 crasti-

2168 2932 2301 2971 nus.
2335 2912 2625 2979 Quaeritur
2652 2910 2740 2963 vir
2760 2913 3001 2964 sanctus
3028 2924 3062 2962 a
3092 2907 3267 2979 regiis
3296 2904 3644 2961 ofﬁcialibus
3669 2923 3682 2971 ;
3718 2906 3818 2961 sed

2169 3020 2235 3060 eo
2263 3002 2355 3058 die
2386 3000 2629 3055 minime
2659 2997 2896 3069 reperiri
2930 2996 3138 3069 potuit.
3167 2996 3354 3051 Labor
3385 2995 3603 3050 frustra
3657 3010 3818 3066 qum-

2170 3091 2425 3149 rentium
2456 3105 2642 3161 usque
2676 3088 2734 3142 in
2765 3086 2918 3142 diem
2950 3085 3190 3141 tertium
3221 3082 3564 3156 protelatus,
3578 3085 3823 3155 jamque

2171 3198 2305 3254 spes
2328 3177 2655 3234 inveniendi
2676 3192 2820 3248 pene
2838 3173 3606 3230 subtrahitur.lllucescente
3624 3175 3821 3227 autem

2170 3271 2264 3327 die
2294 3268 2463 3325 tertio
2495 3267 2731 3321 tandem
2764 3281 2867 3337 pro
2900 3263 3067 3318 libitu
3098 3262 3184 3317 vir
3235 3261 3467 3317 Domini
3526 3262 3818 3329 inventus,

2171 3358 2347 3433 regiis
2375 3355 2680 3412 obtutibus
2712 3355 3115 3425 praesentatur.
3144 3350 3249 3406 Cui
3282 3351 3377 3406 ille
3403 3350 3662 3423 pristina:
3692 3350 3824 3405 feri-

2170 3448 2310 3505 tatis
2341 3446 2530 3518 rigore
2562 3442 2826 3515 deposito
2862 3458 2874 3496 :
2909 3442 2953 3496 0
2985 3444 3207 3508 sancte,
3240 3440 3449 3512 inquit,
3492 3438 3615 3506 Dei,
3648 3454 3823 3511 quem

2174 3535 2350 3594 saluti
2380 3538 2591 3590 nostrae
2619 3532 2690 3588 ab
2723 3530 2934 3587 exteris
2967 3529 3233 3602 partibus
3289 3529 3617 3601 gaudemus
3661 3528 3826 3584 adve-

2174 3626 2354 3691 nisse,
2388 3622 2664 3677 miserere
2696 3620 2881 3674 orbati
2931 3619 3209 3690 parentis,
3244 3618 3520 3673 miserere
3555 3617 3821 3674 exstincti

2175 3712 2319 3777 nati,
2354 3709 2545 3766 adhuc
2577 3708 2687 3763 sub
2718 3706 2888 3778 aquis
2927 3704 3191 3761 lethifere
3237 3706 3662 3761 decumbentis.
3691 3705 3825 3761 Jam

2176 3815 2396 3875 pronus
2427 3802 2554 3854 asto
2586 3801 2643 3852 et
2672 3793 2966 3862 credulus,
2992 3810 3123 3850 aras
3155 3793 3414 3860 destruo,
3438 3792 3660 3864 templa
3679 3796 3737 3847 et
3756 3792 3828 3849 si-

2177 3888 2441 3946 mulacra
2473 3886 2767 3949 subverto,
2800 3884 3133 3937 dzemonum
3161 3882 3439 3953 ﬁgmenta
3468 3885 3679 3936 cuncta
3697 3898 3829 3936 con-

2178 3984 2397 4045 temno,
2430 3972 2834 4029 immolatitios
2893 3987 3128 4025 cruores
3187 3969 3395 4035 devito,
3441 3969 3617 4023 fidem
3647 3985 3826 4040 quam

2180 4066 2463 4142 praedicas
2485 4060 2953 4132 suscipio,Deum
2977 4058 3307 4129 cmli,quem
3340 4057 3499 4113 orbis
3528 4058 3828 4113 Romanus

2174 4159 2301 4231 jam
2336 4155 2500 4211 Petro
2527 4152 2768 4207 docente
2799 4148 3110 4220 prosensit,
3136 4148 3501 4203 adorandum
3535 4147 3826 4219 spondeo;

2182 4250 2373 4311 etme,
2400 4238 2751 4314 etpopulum
2770 4253 2966 4293 meum
2991 4236 3205 4292 divinis
3224 4236 3453 4309 legibus
3476 4237 3827 4309 subjugabo,

2186 4335 2326 4389 dum
2349 4348 2452 4404 per
2472 4335 2525 4385 te
2549 4345 2775 4384 merear
2786 4330 3016 4381 tantum
3037 4325 3123 4403 vel
3148 4325 3499 4381 exstinctum
3512 4325 3827 4396 suscipere,

2187 4437 2360 4494 quem
2392 4421 2621 4474 constat
2650 4420 2768 4470 tam
2800 4413 3112 4470 creduliter
3134 4413 3475 4486 perdidisse.
3502 4412 3605 4466 Vir
3637 4413 3834 4483 itaque

423 4504 733 4579 paululum
765 4503 902 4560 sinu
930 4520 1105 4575 quem
1152 4522 1280 4561 sors
1337 4505 1761 4561 aedificantibus
1820 4506 2077 4574 dederat,
2110 4518 2160 4581 ι)
2189 4506 2555 4577 sanctus,qui
2570 4507 2693 4576 jam
2718 4505 2975 4576 profecto
3006 4506 3242 4559 noverat
3270 4502 3424 4573 quod
3460 4502 3722 4556 facturus
3744 4515 3833 4555 es-

425 4593 579 4651 muri
614 4592 872 4649 ambitus
902 4594 1219 4665 quemdam
1251 4593 1561 4649 deﬂexerat
1587 4593 1891 4666 angulum,
1927 4612 1957 4650 e
1987 4612 2080 4651 su-

425 4682 592 4739 blimi
614 4681 741 4737 loco
762 4681 1103 4754 prolapsum
1135 4699 1275 4737 casu
1310 4682 1367 4737 in
1400 4682 1641 4737 fluvium
1673 4682 1923 4739 Mosella:
1941 4684 2083 4739 ceci-

427 4771 607 4827 disse.
640 4770 745 4837 Qui
772 4770 995 4826 scilicet
1037 4770 1250 4826 fluvius
1277 4770 1421 4827 alvei
1451 4771 1543 4827 sui
1574 4788 1750 4828 cursu
1783 4770 1909 4827 loca
1938 4772 2082 4827 vici-

429 4860 599 4917 niora
613 4858 1092 4932 possidens,tunc
1108 4860 1388 4932 temporis
1409 4876 1588 4932 prope
1604 4858 1819 4916 muenia
1835 4860 2084 4916 civitatis

428 4948 735 5005 inﬂuebat.
759 4949 1066 5022 Tantaque
1096 4953 1220 5006 erat
1239 4948 1361 5005 illic
1382 4964 1668 5021 aquarum
1691 4949 2080 5021 profunditas,

431 5042 499 5094 ut
527 5036 871 5109 absorptum
902 5038 1012 5094 hac
1039 5038 1315 5111 voragine
1344 5052 1593 5110 puerum
1624 5040 1747 5093 arte
1776 5026 1833 5093 et
1862 5055 1966 5110 spe
1986 5036 2097 5095 de-’

432 5125 708 5184 scisceret
737 5126 1126 5197 quaerentium
1148 5125 1331 5182 solers
1352 5124 1644 5180 industria
1677 5125 1957 5181 virorum.
1989 5126 2086 5182 Ci-

427 5213 582 5270 vitas
610 5217 731 5269 tota
759 5215 878 5269 ruit
905 5214 965 5269 in
997 5215 1222 5283 funera,
1255 5213 1477 5270 clamor
1519 5211 1807 5267 attollitur
1835 5215 2087 5271 rustico-

432 5304 762 5373 rum,pater
780 5307 839 5357 et
861 5308 1050 5359 mater
1078 5321 1224 5376 pene
1252 5302 1550 5359 exanimes
1582 5300 1931 5370 referuntur,
1966 5308 2089 5359 tra-

434 5391 618 5465 gedia:
650 5398 969 5462 personant
989 5390 1613 5461 mulierum,falsorum
1646 5391 1866 5445 frustra
1894 5409 2090 5462 provo-

437 5483 645 5535 cantur
675 5480 784 5535 sub
817 5482 1008 5553 specie
1038 5483 1281 5539 deorum
1300 5482 1454 5548 ;dies
1476 5478 1720 5534 vertitur
1747 5477 1807 5532 in
1840 5478 2088 5547 luctum,

437 5565 562 5626 ludi
615 5566 677 5624 in
733 5569 1061 5639 miseriam,
1111 5570 1458 5629 solemnitas
1516 5569 1574 5623 in
1634 5583 1980 5638 maerorem;
2012 5571 2093 5627 ita

2188 4598 2395 4666 set,his
2420 4594 2661 4651 vocibus
2690 4591 3011 4659 motus,his
3044 4589 3319 4661 lacrymis
3347 4587 3839 4661 compunctus,si-

2190 4688 2315 4745 mul
2345 4686 2603 4744 sentiens
2650 4685 2814 4738 tanta
2862 4681 3027 4753 fruge
3058 4679 3405 4751 populorum
3438 4678 3694 4733 divinam
3726 4676 3837 4731 sibi

2191 4777 2397 4833 adesse
2423 4773 2718 4836 virtutem,
2752 4770 2823 4823 ad
2846 4768 2997 4822 muri
3040 4766 3235 4822 locum
3272 4783 3332 4821 se
3363 4765 3599 4837 perduci
3623 4781 3839 4836 prmce-

2192 4864 2376 4938 pit,de
2399 4863 2570 4934 cujus
2589 4855 2843 4915 culmine
2864 4855 3136 4928 princeps
3158 4854 3462 4910 devolutus
3483 4853 3840 4926 pueringur-

2192 4953 2371 5027 gitem
2403 4947 2735 5006 decidisset.

2265 5042 2330 5097 In
2354 5056 2470 5112 quo
2498 5034 2764 5092 videlicet
2790 5033 2915 5089 loco
2946 5033 3267 5089 orationem
3300 5033 3571 5097 fundens,
3604 5047 3669 5085 ac
3691 5046 3841 5102 pra:-

2195 5130 2364 5200 eipue
2403 5126 2590 5181 fidens
2622 5123 2680 5177 in
2712 5121 2979 5185 Domino,
3014 5121 3235 5175 devotis
3262 5120 3531 5192 precibus
3552 5116 3840 5187 incubuit,

2196 5218 2581 5285 invocatoque
2603 5209 2815 5266 Christi
2843 5207 3335 5277 nominc,cunctis
3365 5208 3465 5281 qui
3500 5208 3696 5263 littora
3714 5206 3844 5261 cin-

2196 5308 2400 5363 xerant
2418 5300 3078 5375 aspicientibus,corpus
3091 5299 3347 5370 jacentis
3370 5298 3532 5371 pueri
3550 5294 3843 5370 apparuit,

2200 5400 2256 5451 et
2287 5412 2320 5449 a
2351 5388 2655 5466 profundis
2704 5388 2980 5443 eductum
3008 5387 3143 5441 ferri
3177 5405 3353 5460 super
3391 5404 3624 5459 mquora
3652 5383 3843 5455 cmpit.

2201 5484 2362 5550 Quod
2394 5479 2657 5537 celeriter
2698 5477 2768 5531 ab
2802 5475 2977 5530 undis
3006 5480 3291 5547 ereptum,
3326 5479 3457 5531 ante
3490 5476 3663 5548 pedes
3694 5471 3847 5529 beati

2200 5573 2308 5630 viri
2330 5570 2599 5645 protinus
2630 5571 2717 5624 est
2746 5564 2995 5621 illatum.
3031 5566 3173 5621 Ecce
3204 5565 3614 5638 habes,inquit
3644 5563 3716 5621 ad
3748 5579 3849 5634 pa-
