4104 6172
311 170 315 184 ’
339 200 456 264 627

337 422 497 496 plere
519 425 840 481 decreveris
864 427 1019 497 quod
1042 427 1426 498 spopondisti,
1451 428 1636 482 aderit
1655 444 1886 500 quoque
1907 429 1986 484 di-

335 512 472 568 vina
502 512 832 580 clementia,
864 530 990 585 quze
1025 514 1127 568 tibi
1161 515 1352 569 adhuc
1382 515 1572 570 valeat
1604 517 1786 572 multo
1843 535 1984 590 pra:-

337 605 494 658 stare
524 603 764 675 majora.
792 603 936 656 Nam
959 619 1063 674 ego
1091 603 1160 656 ad
1190 603 1295 656 hoc
1320 605 1467 670 veni,
1495 606 1564 658 ad
1588 603 1695 660 hoc
1729 609 1986 677 pcregri-

337 692 630 747 nationem
665 696 889 746 tantam
921 691 1249 762 assumpsi,
1279 696 1340 745 ut
1363 709 1464 763 per
1486 710 1577 748 me
1601 695 1764 749 vobis
1797 700 1987 766 pateat

337 778 781 850 cmlcstisjauua
805 779 986 851 regni.
1004 781 1048 833 Α
1077 778 1334 851 principe.
1355 781 1748 850 apostolorum
1769 786 1987 842 missus

335 867 546 923 salutis
577 873 780 923 vestrae
819 869 1049 940 negotia
1109 886 1447 939 prosequor,
1481 875 1805 926 vestrarum
1839 889 1981 944 gau-

335 956 662 1012 denslucra
696 957 1024 1011 animarum
1059 974 1272 1027 qu:rro.
1297 959 1460 1012 Tunc
1486 965 1668 1028 pater,
1702 966 1758 1015 et
1790 964 1983 1016 cuncti

335 1045 435 1116 qui
455 1046 1082 1108 aderant,unanimitcr
1099 1047 1463 1116 proﬁtentur,
1485 1047 1770 1104 abdicatis
1789 1049 1982 1116 idolis,

333 1133 453 1190 veri
479 1133 578 1188 Dei
613 1136 840 1188 futuros
874 1150 935 1190 se
967 1151 1094 1189 esse
1140 1133 1410 1196 cultores.
1446 1137 1492 1189 si
1545 1136 1592 1189 is
1628 1139 1724 1208 qui
1754 1139 1986 1209 jacebat

337 1223 860 1293 exauimis,spiritu
897 1223 1194 1288 redeunte,
1219 1229 1647 1278 monstraretur
1675 1233 1804 1296 post
1829 1245 1985 1284 mor—

335 1315 454 1365 tem
479 1311 548 1366 ad
575 1329 822 1383 superos
845 1327 1014 1384 posse
1038 1310 1342 1381 respirare.
1367 1311 1510 1366 Hinc
1532 1319 1771 1370 sanctus
1802 1318 1989 1386 ponti-

334 1399 661 1470 fex,plenus
683 1415 918 1470 semper
935 1399 1257 1454 visceribus
1281 1401 1536 1471 pietatis,
1570 1402 1624 1456 id
1650 1405 1801 1474 quod
1828 1409 1984 1476 pete-

335 1487 509 1543 batur
539 1504 642 1560 per
692 1487 975 1560 Spiritum
1037 1487 1312 1561 intelligit
1357 1491 1738 1561 operandam.
1772 1492 1985 1550 Iterum

333 1593 485 1649 genu
512 1577 680 1642 flexo,
705 1576 761 1632 in
781 1575 1102 1633 orationem
1138 1576 1344 1631 divinae
1378 1579 1668 1650 majestati
1701 1580 1986 1653 supplica-

330 1669 499 1720 turus
558 1664 723 1721 humi
784 1665 1198 1738 prosternitur,
1228 1670 1284 1722 et
1313 1666 1679 1724 Christianos
1729 1670 1824 1742 qui
1860 1674 1984 1727 tum

329 1753 474 1810 forte
502 1755 670 1826 pauci
705 1753 1022 1809 admodum
1058 1771 1300 1810 numero
1324 1756 1586 1824 aderant,
1622 1757 1776 1813 idem
1800 1759 1986 1815 facere

329 1843 478 1896 votis
500 1842 837 1898 coelestibus
858 1842 1228 1914 praemunivit
1251 1842 1406 1914 (forte
1429 1845 1777 1915 praemonuit)
1800 1868 1818 1913 ;
1851 1865 1984 1904 cum

332 1929 595 1984 oratione
623 1929 851 2001 expleta
872 1936 1142 1985 mortuus
1165 1936 1400 2002 repente
1430 1931 1590 1988 vitali
1625 1933 1762 1989 flatu
1797 1952 1983 1990 mem-

334 2017 458 2073 bris
490 2018 844 2084 concutitur,
879 2023 1053 2090 atque
1081 2019 1151 2073 ad
1186 2019 1371 2074 sancti
1431 2019 1537 2074 viri
1580 2021 1891 2093 imperium
1925 2024 1982 2079 in

333 2107 510 2178 pedes
537 2106 799 2178 erigitur,
829 2110 886 2162 et
916 2107 1144 2162 cunctis
1175 2106 1607 2164 admirantibus
1647 2112 1794 2182 patri
1825 2113 1981 2169 inco-

332 2194 512 2252 lumis
529 2195 827 2277 redditur.

974 2345 1204 2402 CAPUT
1255 2347 1340 2403 IX.

332 2472 492 2547 Quod
537 2473 606 2527 ad
663 2473 1134 2547 resuscimtioncm
1177 2475 1357 2544 pueri,
1379 2487 1573 2547 omnes
1609 2490 1737 2547 Apr-.1,
1782 2479 1980 2547 gaudio

398 2545 529 2613 ﬂere
557 2545 826 2616 arpcrint,
860 2551 911 2600 ct
936 2543 1001 2599 de
1032 2544 1160 2622 locis
1179 2543 1192 2544 ί
1211 2544 1515 2616 pwnalibus
1560 2543 1654 2600 ubi
1681 2543 1862 2617 fuchn
1889 2550 1979 2606 de-

397 2623 638 2687 putatus.

399 2777 563 2834 Tunc
594 2775 850 2832 universi
881 2775 980 2846 qui
1015 2776 1086 2831 ad
1120 2775 1228 2832 hoc
1261 2776 1659 2848 spectaculum
1699 2795 1980 2836 convene-

327 2865 809 2937 rant,manifesta
835 2864 934 2920 Dei
968 2863 1180 2920 virtute
1201 2865 1336 2920 ﬁere
1359 2882 1472 2936 pra:
1496 2867 1730 2937 gaudio,
1765 2884 1978 2926 nomen

324 2954 538 3011 Christi
573 2955 632 3008 in
662 2970 974 3008 commune
1003 2952 1191 3018 fateri,
1225 2957 1284 3008 et
1309 2953 1476 3008 illum
1531 2971 1645 3024 prae
1704 2958 1979 3014 omnibus

323 3059 451 3098 esse
485 3041 818 3106 colendum,
845 3041 944 3112 qui
977 3041 1206 3096 cunctis
1236 3041 1584 3098 mortalibus
1613 3043 1974 3116 spiraculum

321 3131 451 3186 vitae
471 3129 714 3197 dedit,et
736 3132 870 3200 post
900 3127 1140 3184 lethalia
1169 3129 1373 3184 funera
1403 3133 1971 3205 mortuorum,spiri-

322 3223 423 3274 tus
473 3216 719 3289 imperio
775 3221 1022 3284 coercet,
1057 3221 1232 3288 atque
1271 3216 1504 3285 iterum,
1541 3235 1675 3274 cum
1704 3219 1970 3290 voluerit,

321 3305 592 3362 redivivis
613 3304 955 3378 corporibus
978 3306 1048 3359 ad
1073 3322 1316 3377 superos
1339 3307 1592 3362 revocari
1608 3308 1971 3380 jubet.Tunc

319 3393 511 3452 ﬁdelis
567 3393 800 3449 Domini
856 3393 1127 3448 sacerdos
1167 3393 1238 3448 ad
1273 3393 1690 3450 resuscitatum
1721 3413 1968 3468 puerum

318 3499 635 3540 conversus
669 3498 681 3535 :
717 3481 957 3549 Accede,
1012 3480 1225 3553 inquit,
1277 3481 1540 3554 propius,
1573 3485 1632 3538 et
1660 3500 1764 3554 per
1793 3488 1971 3543 temet

315 3588 525 3628 enarra
554 3569 894 3643 parentibus
925 3568 1064 3641 quid
1096 3569 1331 3636 videris,
1365 3569 1448 3625 vel
1482 3571 1581 3626 ubi
1615 3571 1964 3640 fueris,cun-

314 3662 425 3718 ctis
456 3659 630 3716 simul
655 3663 921 3731 patenter
952 3660 1210 3714 ostende.
1247 3660 1409 3714 Tunc
1433 3659 1547 3727 ille,
1568 3664 1633 3714 ut
1663 3677 1860 3717 recens
1893 3665 1964 3719 ab

312 3748 514 3806 inferis
534 3749 809 3823 prodiens
842 3751 1159 3804 emerserat
1192 3747 1438 3818 umbris,
1473 3749 1542 3802 ad
1578 3753 1785 3806 nutum
1810 3753 1963 3806 anti-

311 3839 467 3896 stitis
487 3855 588 3894 ora
613 3835 927 3904 resolvens,
951 3841 1125 3908 atque
1151 3855 1182 3892 a
1203 3841 1400 3892 tenero
1433 3842 1664 3908 pectore
1693 3837 1810 3894 alta
1839 3858 1965 3897 sus-

309 3925 460 3999 piria
490 3926 750 3994 trahens,
783 3924 963 3981 libere
996 3923 1172 3996 cmpit
1201 3925 1424 3980 edicere
1473 3923 1615 3996 quid
1647 3924 1703 3980 in
1737 3927 1962 3984 inferno

309 4015 538 4086 positus
566 4013 654 4068 vel
689 4018 951 4068 senserat
979 4013 1066 4068 vel
1097 4013 1340 4068 vidisset
1366 4032 1378 4080 ;
1405 4012 1591 4068 multa
1620 4014 1884 4072 videlicet
1905 4023 1962 4073 et

309 4100 766 4156 innumerabilia
783 4106 1206 4156 tormentorum
1231 4103 1621 4172 genera,inter
1642 4109 1961 4162 tax-taraeos

309 4190 475 4263 ignes
499 4189 924 4244 ﬁammivomos
946 4191 1139 4262 vigere
1161 4195 1481 4259 serpentes,
1501 4191 1820 4249 immensas
1843 4210 1960 4251 reo-

307 4294 439 4334 rum
463 4276 875 4333 multitudines
904 4276 1147 4334 divcrsis
1173 4277 1478 4349 suppliciis
1501 4281 1957 4354 mancipatos.ac

306 4365 655 4423 miserorum
674 4365 916 4438 spiritus
935 4367 1088 4422 inter
1106 4365 1375 4420 ﬂammas
1399 4371 1454 4421 et
1477 4367 1692 4439 frigora
1709 4375 1958 4427 coarcta-

304 4460 397 4512 tos
421 4455 672 4512 stridore
703 4455 968 4522 deﬁcere,
1002 4459 1176 4526 atque
1210 4470 1277 4509 ex
1307 4472 1412 4510 suo
1445 4456 1672 4512 defectu
1704 4459 1774 4513 ad
1809 4460 1956 4515 redi-
1989 4448 2035 4514 Ι)

301 4544 430 4600 viva
457 4544 670 4600 iterum
703 4545 976 4600 incendia
1007 4543 1289 4609 renovari,
1324 4545 1425 4598 ubi
1471 4545 1540 4598 ad
1582 4545 1760 4602 vitam
1795 4549 1956 4605 nulla

299 4633 794 4705 recuperatio,sed
819 4633 1086 4688 omnium
1117 4631 1404 4686 bonorum
1428 4632 1792 4699 oblivio,sola
1818 4653 1955 4706 prai-

299 4719 553 4776 sentium
586 4736 892 4792 pwnarum
923 4716 1334 4774 inenarrabilis
1365 4720 1760 4789 cruciatio;ad
1775 4740 1951 4794 quam

295 4806 420 4879 ipse
441 4825 672 4881 quoque
704 4826 800 4864 rex
821 4814 878 4864 et
900 4809 1120 4881 regina,
1155 4823 1478 4879 omnesque
1520 4809 1618 4878 qui
1638 4815 1951 4879 prtesentos

296 4897 560 4966 aderant,
593 4896 794 4969 procul
827 4897 1006 4952 dubio
1035 4901 1234 4952 essent
1263 4897 1620 4968 perventuri,
1654 4897 1765 4953 nisi
1798 4898 1951 4956 beati

293 4984 580 5042 antistitis
637 4985 811 5042 dictis
852 4990 911 5042 et
943 4985 1111 5041 factis
1161 4985 1486 5052 crederent,
1521 4989 1579 5040 et
1607 4984 1948 5042 Christianae

291 5071 425 5127 ﬁdei
457 5071 609 5129 colla
636 5075 1044 5146 subjugarcut,
1064 5089 1243 5145 seque
1270 5071 1465 5144 ipsum
1498 5073 1568 5128 ad
1604 5075 1810 5130 eadem
1836 5092 1951 5148 pcn-

293 5177 501 5216 narum
537 5160 662 5216 loca
693 5163 1010 5218 deductum
1044 5166 1334 5234 perpetua:
1368 5161 1765 5220 damnationis
1797 5169 1948 5219 teuc-

289 5247 412 5305 bris
440 5250 625 5306 fuisse
659 5251 1152 5323 deputatum,nisi
1178 5250 1328 5306 beati
1353 5251 1702 5307 confessoris
1725 5252 1940 5308 Christi

288 5335 825 5394 citiusintercessio
857 5339 1245 5403 subvenisset,
1271 5355 1397 5410 qua:
1429 5356 1562 5394 cum
1595 5357 1628 5393 a
1661 5340 1937 5412 malignis

282 5425 588 5497 spiritibus
620 5433 792 5500 atque
817 5427 890 5483 ab
923 5426 1310 5482 infernalibus
1359 5426 1632 5484 claustris
1661 5427 1928 5502 eriperet,

273 5515 333 5578 et
366 5515 438 5570 ad
471 5532 712 5584 superos
744 5521 1054 5572 revocaret.

1446 206 1776 269 ADSONIS
1820 205 2255 298 DERVENSIS
2304 209 2634 273 ABBATIS

337 337 508 401 trem,
543 352 753 407 corpus
785 335 1048 391 examine
1094 338 1247 408 quod
1297 339 1512 408 petisti.
1547 337 1602 393 Si
1642 344 1836 394 tamen
1869 339 1976 394 im-
2007 340 2062 406 Α

3625 212 3741 276 628

2679 380 2683 385 -
2751 343 2981 400 CAPUT
3022 345 3082 400 X.

2099 440 2264 508 Quod,
2296 459 2464 513 puero
2487 442 2766 515 baptisato,
2801 459 2981 498 omnes
3012 441 3194 499 indole
3223 445 3543 516 proﬁciunt,
3576 454 3626 501 et
3655 446 3742 502 ba-

2167 516 2434 584 ptimmtis
2482 523 2879 588 sacramentum:
2911 517 2969 569 in
2996 531 3282 570 commune
3336 519 3666 588 suscipiunt,
3696 527 3744 575 et

2167 589 2424 668 unanimi
2457 595 2567 641 voto
2600 590 2657 641 in
2702 587 2880 641 sedem
2933 588 3288 658 episcopalem
3317 588 3379 641 B.
3409 587 3746 670 qusuctum

2167 665 2516 712 constituunt.

2171 755 2296 807 Hzee
2319 754 2398 809 ita
2419 760 2474 810 et
2509 755 2673 826 plura
2705 755 2920 811 similia
2953 763 3296 828 prosccutus
3320 758 3387 811 ad
3415 760 3593 829 pedes
3626 777 3750 814 san-

2096 843 2169 896 cti
2203 843 2607 914 gemebundus
2640 861 2784 916 puer
2813 845 3233 912 substernitur,
3266 851 3323 900 et
3353 846 3512 902 fonte
3543 847 3748 903 salutis

2096 931 2254 985 ablui
2287 932 2589 986 humiliter
2609 949 2674 987 ac
2697 934 2898 987 devote
2921 934 3242 1004 profitetur.
3283 935 3514 990 Patrem
3543 953 3609 990 ac
3637 953 3751 992 ma-

2097 1025 2246 1074 trem
2279 1025 2631 1093 crateresque
2662 1038 2911 1094 quorum
2944 1020 3248 1077 sollicitior
3277 1024 3488 1091 fuerat,
3512 1031 3573 1078 ut
3596 1025 3748 1080 idem

2097 1108 2353 1163 facerent
2384 1110 2528 1164 votis
2559 1115 2614 1163 et.
2646 1109 2886 1165 monitis
2919 1111 3133 1181 quibus
3166 1115 3391 1182 poterat
3441 1113 3749 1180 suadebat,

2098 1196 2295 1252 dicens
2329 1215 2502 1252 suum
2535 1197 2870 1269 pontiﬁcem
2906 1215 2936 1252 a
2969 1199 3084 1252 Deo
3144 1199 3326 1254 fuisse
3387 1199 3750 1255 destinatum

2097 1285 2314 1352 urbi,in
2341 1286 2590 1341 salutem
2625 1285 2848 1341 venisse
2883 1286 3126 1352 civibus,
3149 1292 3445 1357 pastorem
3479 1293 3752 1343 sanctum

2097 1373 2190 1427 aui
2201 1391 2429 1429 marum
2454 1378 2734 1430 rectorem
2759 1377 2932 1446 atquc
2963 1375 3264 1430 custodem
3289 1375 3484 1430 divina
3507 1376 3755 1449 disposi-

2097 1462 2252 1518 tione
2274 1468 2331 1518 ct
2351 1462 2674 1535 apostolica
2703 1463 3072 1519 institutione
3103 1462 3352 1519 electum
3381 1481 3396 1531 ;
3427 1464 3601 1536 cujus
3633 1465 3755 1537 ipse

2095 1556 2154 1606 et
2179 1555 2302 1607 tota
2321 1553 2716 1607 communiter
2735 1551 2940 1608 civitas
2965 1550 3287 1608 salvaretur
3306 1553 3756 1610 adventu.Tunc

2097 1639 2276 1712 igitur
2303 1639 2458 1695 inter
2489 1641 2664 1695 verba
2695 1640 2948 1713 pueri,et
2977 1639 3482 1696 evidentissimum
3507 1643 3759 1699 resusci-

2017 1711 2066 1776 B
2096 1711 2332 1784 tationis
2353 1730 2482 1800 ejus
2503 1711 2802 1795 virtutem,
2825 1733 3000 1784 tanta:
3018 1728 3290 1785 novitatis
3315 1729 3554 1786 insolito
3577 1732 3756 1787 mira-

2093 1817 2224 1873 culo
2245 1818 2554 1891 stupefacti
2579 1834 2804 1884 omnes,
2829 1817 3090 1873 videntes
3113 1818 3490 1875 manifestam
3517 1819 3625 1876 Dei
3649 1821 3756 1876 vir-

2091 1910 2296 1974 tutem,
2317 1907 2410 1962 cui
2435 1906 2706 1962 resistere
2734 1911 2792 1961 et
2824 1906 2880 1961 in
2913 1905 3108 1978 aliquo
3140 1908 3542 1964 contradicere
3581 1925 3750 1965 nemo

2093 2011 2294 2050 eorum
2353 1999 2598 2068 poterat,
2633 1993 2790 2050 idola
2843 1999 3154 2067 respuunt,
3204 2013 3336 2051 aras
3380 1997 3750 2066 subvertant,

2093 2090 2333 2140 cunctas
2355 2083 2570 2139 diaboli
2593 2085 2858 2139 ofﬁcinas
2881 2089 3279 2156 prosternunt,
3304 2091 3363 2141 et
3385 2103 3603 2143 manus
3629 2106 3752 2160 pro-

2091 2173 2392 2228 tendentes
2415 2171 2628 2228 Christi
2651 2189 2861 2228 nomen
2895 2173 3290 2228 communiter
3321 2171 3667 2242 inclamare,
3699 2181 3753 2233 et

2092 2259 2296 2317 laudes
2327 2262 2387 2316 in
2421 2260 2562 2316 scr-lo
2589 2277 2903 2332 personare
2950 2267 3264 2333 cceperaut.
3298 2262 3521 2320 Deinde
3578 2264 3751 2323 claris

2090 2349 2327 2405 vocibus
2340 2348 3110 2422 erumpentes,baptismatis
3123 2355 3746 2426 sacramentum,quod

2091 2439 2253 2511 prius
2277 2439 2651 2512 pertinaciter
2673 2439 3043 2506 recusabant,
3074 2437 3380 2495 humiliter
3414 2458 3625 2498 omnes
3655 2461 3748 2499 ex-

2091 2528 2406 2600 postulant.
2427 2528 2590 2582 Tunc
2613 2545 2746 2582 vero
2768 2527 3092 2584 secundum
3117 2527 3468 2584 catholicam
3493 2531 3748 2604 discipli-

2091 2633 2226 2673 nam
2260 2634 2294 2672 a
2323 2616 2490 2670 beato
2523 2616 2786 2672 antistite
2843 2620 3054 2672 sanctae
3105 2615 3240 2671 ﬁdei
3284 2617 3551 2691 regulam
3584 2621 3744 2692 prius

2089 2705 2300 2772 edocti,
2336 2721 2402 2759 ac
2433 2704 2644 2760 deinde
2674 2705 2925 2776 gratiam
2965 2704 3341 2777 baptismatis
3372 2711 3514 2762 sunt
3545 2725 3741 2765 conse-

2089 2795 2336 2862 cuti,rex
2357 2792 2581 2850 scilicet
2603 2798 2661 2849 et
2683 2793 2905 2866 regina,
2929 2794 3240 2866 omnisque
3270 2811 3474 2850 eorum
3499 2797 3732 2860 familia.

2089 2883 2280 2940 omnis
2311 2881 2583 2937 militaris
2615 2881 2774 2948 ordo,
2810 2882 3083 2938 universa
3133 2883 3497 2938 rusticorum
3553 2885 3735 2942 multi~

2087 2973 2248 3040 tudo,
2282 2977 2340 3026 et
2372 2972 2588 3027 factum
2623 2977 2711 3026 est
2740 2971 3022 3043 gaudium
3059 2985 3342 3044 magnum
3377 2973 3436 3028 in
3474 2973 3577 3030 illa
3607 2958 3736 3031 civi-

2003 3077 2048 3147 α
2087 3068 2223 3118 tate.
2257 3063 2422 3118 Tunc
2461 3061 2654 3117 omnis
2683 3060 3128 3117 candidatorum
3162 3062 3357 3128 turba,
3391 3067 3451 3116 et
3479 3063 3742 3122 cmlestes

2085 3155 2142 3210 in
2165 3151 2335 3208 laude
2359 3150 2570 3206 Christi
2593 3149 3100 3218 cohortes,novum
3115 3149 3538 3222 redemptionis
3555 3169 3740 3224 genus

2082 3240 2296 3312 adepti,
2331 3244 2388 3294 et
2407 3242 2633 3294 vetusto
2657 3237 2897 3309 anguini
2936 3237 3214 3312 tegminis
3238 3237 3511 3310 squalore
3533 3257 3739 3314 empo-

2079 3332 2227 3398 liati,
2277 3329 2536 3385 divinam
2595 3329 2916 3400 potentiam
2973 3327 3356 3394 admirantes,
3390 3333 3448 3384 et
3478 3330 3738 3401 gloriosa

2078 3421 2231 3477 beati
2263 3416 2551 3474 Mansueti
2582 3415 2793 3472 merita
2821 3416 3132 3490 magniﬁce
3162 3417 3576 3488 praedicantes,
3611 3421 3734 3492 pari

2075 3513 2206 3566 voto
2228 3507 2472 3580 parique
2503 3523 2793 3561 consensu
2827 3511 3098 3561 sanctum
3129 3504 3320 3560 virum
3346 3507 3530 3562 totius
3551 3508 3740 3565 Eccle-

2076 3599 2174 3653 size
2206 3611 2507 3653 summum
2541 3600 2826 3650 rectorem
2850 3593 3078 3666 eligunt
3093 3611 3160 3649 ac
3182 3599 3478 3666 pastorem
3497 3597 3734 3667 justum

2073 3704 2222 3752 esse,
2258 3683 2356 3758 qui
2387 3684 2458 3738 ad
2493 3683 2674 3738 totius
2707 3683 2906 3754 populi
2949 3681 3200 3737 salutem
3259 3689 3522 3752 venerat,
3554 3687 3736 3742 totius

2071 3773 2349 3830 electione
2381 3770 2578 3844 populi
2632 3771 2884 3842 pastoris
2909 3771 3047 3840 jura
3081 3775 3300 3826 teneret
3329 3791 3341 3838 ;
3376 3788 3444 3827 ac
3477 3772 3565 3828 sic
3597 3775 3734 3828 uni-

2069 3863 2219 3918 versi
2263 3861 2678 3923 acclamantes,
2711 3859 2868 3914 hunc
2926 3876 3052 3914 esse
3111 3859 3380 3931 dignum,
3415 3859 3575 3917 hunc
3605 3879 3732 3918 esse

2070 3950 2414 4022 gloriosum,
2433 3947 2590 4003 hunc
2616 3964 2717 4018 per
2736 3948 2935 4003 omnia
2955 3947 3185 4003 civibus
3205 3948 3583 4020 profuturum
3617 3968 3729 4006 non

2059 4041 2188 4110 jam
2211 4037 2379 4109 quasi
2405 4037 2806 4108 peregrinum,
2826 4036 2926 4090 sed
2948 4041 3229 4108 tanquam
3267 4041 3568 4108 pastorem
3604 4056 3732 4110 pro-

2068 4128 2262 4199 prium
2285 4123 2616 4196 apostolica:
2649 4124 2984 4195 prazt'ultum
3009 4123 3310 4196 privilegio
3334 4123 3726 4198 dignitatis,in

2068 4215 2263 4272 sedem
2297 4217 2563 4269 statuunt
2595 4211 2948 4283 pontiﬁcalis
2982 4213 3242 4268 honoris.

2350 4316 2358 4324 '
2705 4309 2938 4365 CAPUT
2993 4309 3080 4365 XI.

2067 4409 2226 4484 Quod
2256 4426 2354 4464 rc.r
2384 4411 2644 4484 inomncs
2671 4424 2789 4484 suae
2817 4407 3246 4484 (liti'oniqurtcs
3276 4409 3474 4465 salutis
3504 4412 3728 4484 verbum

2136 4483 2462 4536 annuntiari
2480 4482 2730 4552 jusserit,
2765 4487 2816 4535 et
2842 4479 2986 4552 quod
3022 4478 3084 4552 BL
3117 4478 3427 4535 Mansuetus
3473 4483 3652 4552 signis
3677 4493 3731 4540 et

2137 4498 2460 4536 annummrz
2515 4498 2730 4546 usserit,
2765 4498 2816 4535 es
2843 4498 2986 4550 quoa
3024 4498 3084 4533 σ.
3117 4498 3427 4535 mansuetus
3473 4498 3652 4552 signis
3677 4498 3727 4540 ει

2137 4553 2427 4607 virtutibus
2455 4498 2786 4617 dictaratus,
2817 4550 2954 4605 duas
3015 4551 3265 4606 basilicas
3317 4555 3465 4607 intra
3523 4557 3727 4610 mamia

2135 4623 2288 4678 urbis
2317 4628 2756 4680 constmwerunt.

2133 4722 2297 4777 'l‘unc
2325 4738 2422 4775 rex
2458 4725 2515 4776 et
2559 4717 2856 4791 principes
2911 4719 3040 4790 ejus
3081 4719 3208 4790 jam
3267 4719 3559 4778 catholica
3611 4723 3724 4779 ﬁde

2061 4809 2309 4874 fundati,
2353 4826 2456 4880 per
2512 4824 2716 4863 omnes
2777 4807 3200 4864 dominationis
3259 4825 3382 4863 sum
3437 4811 3723 4868 terminos

2059 4897 2228 4970 longe
2251 4897 2480 4968 lateque
2512 4896 2754 4952 verbum
2785 4894 2996 4952 salutis
3029 4895 3257 4953 cunctis
3288 4895 3504 4954 inferre
3529 4898 3724 4970 praeci-

2039 4971 2250 5058 piunt,
2275 4986 2354 5040 ita
2375 4983 2634 5040 volentes
2659 4983 3040 5057 nolentesque
3071 4989 3173 5040 aut
3201 5001 3334 5040 vere
3366 4991 3720 5043 convertan-

2055 5078 2171 5140 tur,
2203 5076 2307 5128 aut
2355 5073 2544 5146 patria
2581 5070 3002 5143 propellantur,
3039 5089 3143 5128 nec
3173 5069 3334 5128 ullus
3365 5073 3520 5129 infra
3548 5073 3721 5131 relin-

2055 5166 2271 5234 quatur
2299 5161 2398 5233 qui
2429 5165 2531 5216 aut
2562 5177 2676 5215 non
2702 5159 3156 5232 baptizatur,aut
3176 5177 3292 5214 non
3325 5160 3718 5233 baptizandus

2053 5252 2125 5305 ad
2152 5251 2322 5305 ﬁdem
2349 5250 2668 5306 imbuatur.
2705 5248 2801 5304 Sic
2831 5249 3013 5321 igitur
3041 5249 3128 5303 vir
3158 5247 3260 5304 Dei
3291 5247 3514 5306 electus
3544 5250 3714 5323 prius

2047 5340 2287 5411 quidem
2313 5339 2507 5394 Roma:
2530 5338 2842 5410 episcopus
2863 5343 3240 5393 consecratus
3263 5355 3277 5404 ;
3304 5343 3438 5410 post
3457 5354 3614 5410 vero,
3648 5340 3708 5396 in

2041 5428 2232 5483 verbis
2254 5425 2718 5498 praecedentibus
2743 5431 2919 5496 patet,
2939 5425 3197 5497 generali
3217 5425 3577 5498 populorum
3608 5445 3708 5484 ca-

2039 5515 2385 5573 clamatione
2418 5514 2604 5588 signis
2637 5518 2814 5586 atque
2839 5513 3124 5587 prodigiis
3154 5514 3228 5572 ad
3261 5514 3549 5585 pontiﬁcii
3574 5515 3712 5574 cul-
