4060 6170
269 306 388 371 629
1085 309 1187 374 DE
1228 308 1413 376 VITA
1460 308 1522 375 S.
1568 311 1970 377 MANSUETI
2015 313 2223 377 LIBRI
2266 315 2448 380 DUO.
2495 352 2573 364 —
2612 316 2763 381 LIB.
2804 314 2867 379 l.‘
3551 313 3671 381 630

269 463 405 502 men
433 442 797 501 Leuchorum
820 441 980 500 urbis
1005 452 1369 518 assumptus,
1386 464 1652 504 sermone
1676 466 1789 503 non
1814 464 1911 519 po-
1941 449 1998 514 Α
2030 467 2271 505 numero
2295 451 2692 523 apostolorum
2716 450 2951 523 eligitur
2968 449 3518 524 primus,confessor
3539 452 3667 510 Filii

267 540 387 592 test
414 533 827 606 comprehendi
860 538 1079 604 quanta
1100 538 1157 590 et
1178 534 1378 607 qualia
1400 535 1683 591 divinitus
1704 537 1921 591 meruit
2029 538 2129 594 Dei
2163 540 2370 605 factus,
2397 540 2637 595 humani
2662 540 2891 613 generis
2920 543 3118 612 pastor
3137 539 3379 609 electus,
3410 540 3678 597 Ecclesia

265 625 527 681 liberari.
560 621 957 678 Misericordia
987 640 1241 697 namque
1271 628 1328 681 et
1357 624 1545 698 pietas
1597 641 1829 698 semper
1860 625 1919 681 in
2029 628 2504 697 fundamentum,
2537 627 2947 684 clavicularius
2969 628 3133 702 regni
3156 630 3682 697 ccelorum,Christi

266 715 398 786 ejus
426 730 524 769 ore
554 716 612 767 et
632 714 826 766 mente
846 713 1323 783 versabatur,nec
1347 713 1697 786 episcOpalis
1718 717 1917 770 aucto-

267 804 413 859 ritas
444 800 672 875 pristjni
708 799 917 873 rigoris
948 804 1007 856 et
1036 800 1404 857 abstinentiae
1453 803 1615 867 frena
1661 801 1915 871 resolvit,

265 895 469 949 noctes
482 891 725 962 diesque
737 889 1077 945 continuata
1092 891 1274 946 oratio
1293 908 1444 963 saepe
1465 892 1913 947 consummavit.

266 982 462 1038 Motus
493 978 675 1035 animi
692 982 854 1034 tanta
875 978 1326 1034 mansuetudine
1343 981 1678 1045 coarctavit,
1694 983 1758 1035 ut
1781 998 1914 1037 cum

269 1071 446 1128 sciret
458 1068 743 1136 misereri,
760 1068 1215 1137 nesciretirasci,
1230 1070 1622 1141 omnibusque
1637 1069 1915 1137 clemens,

268 1159 662 1230 omnibusque
693 1156 1046 1213 misericors.
1079 1158 1528 1213 Advenientium
1574 1175 1708 1213 vero
1740 1160 1913 1215 mise-

266 1249 386 1304 rias
416 1247 498 1302 ita
528 1247 873 1319 perferebat,
899 1251 964 1301 ut
995 1247 1332 1318 quicunque
1364 1263 1617 1303 moerens
1634 1248 1910 1313 venisset,

266 1324 532 1410 apprime
562 1334 897 1390 consolatus
942 1334 1125 1390 laetior
1172 1336 1412 1391 rediret.
1444 1336 1777 1408 Languores
1811 1354 1912 1392 au-

263 1432 385 1482 tem
398 1442 548 1498 aegre
562 1440 623 1480 se.
636 1423 979 1479 habentium
1000 1441 1114 1479 non
1136 1423 1325 1480 solum
1346 1441 1455 1480 sua
1475 1424 1908 1491 intercessione,

265 1516 367 1573 sed
398 1517 575 1571 etiam
610 1513 765 1569 beati
799 1514 945 1568 Petri
978 1513 1238 1586 Apostoli
1280 1516 1519 1586 accepta
1567 1513 1913 1571 auctoritate

262 1604 447 1661 libere
471 1602 739 1660 curabat.
776 1602 861 1658 Ita
891 1605 1089 1673 pastor
1118 1603 1173 1657 in
1209 1601 1440 1675 populis
1470 1620 1599 1660 vere
1647 1603 1911 1660 medicus

264 1693 693 1769 agnoscebatur
720 1706 849 1747 esse
866 1689 1095 1746 salutis.
1112 1691 1272 1746 Sicut
1291 1696 1485 1747 autem
1506 1693 1563 1746 in
1581 1693 1763 1765 gestis
1782 1694 1910 1765 ejus

263 1799 392 1856 qua:
417 1779 605 1837 multo
627 1784 762 1836 ante
778 1795 885 1835 nos
902 1780 1234 1852 conscripta
1248 1782 1407 1849 sunt,
1423 1780 1687 1836 studioso
1711 1779 1908 1838 lectori

263 1869 540 1946 perfacile
571 1872 661 1925 est
690 1867 959 1934 inveniri,
984 1867 1320 1933 emundata,
1341 1871 1408 1922 ut
1428 1884 1608 1941 supra
1630 1869 1909 1939 diximus,

263 1960 469 2017 eadem
482 1956 848 2015 Leuchorum
862 1957 1004 2012 urbe
1017 1957 1172 2013 omni
1190 1956 1480 2012 idolorum
1499 1958 1911 2030 superstitiosa

261 2047 566 2121 spurcitia,
598 2044 903 2101 aedificavit
933 2044 1085 2101 intra
1117 2045 1333 2101 maznia
1351 2044 1601 2102 civitatis
1624 2048 1908 2120 templum

261 2136 531 2204 Domino,
551 2134 610 2189 in
632 2134 852 2190 honore
871 2133 1135 2189 videlicet
1158 2133 1461 2206 genitricis
1481 2135 1581 2191 Dei
1602 2140 1658 2191 et
1679 2136 1907 2192 Domini

263 2226 447 2283 nostri
477 2225 617 2281 Jesu
662 2222 878 2279 Christi
929 2240 994 2279 ac
1043 2227 1334 2295 perpetuae
1392 2223 1636 2296 virginis
1693 2224 1909 2295 Mariae,

262 2330 489 2373 necnon
538 2317 597 2370 et
642 2313 827 2369 sancti
889 2312 1334 2384 protomartyris
1387 2313 1687 2385 Stephani.
1736 2313 1908 2370 Aliud

260 2421 397 2462 vero
429 2401 713 2476 templum
735 2400 1062 2457 construxit
1083 2415 1150 2456 ex
1170 2399 1349 2457 latere
1374 2399 1433 2455 in
1460 2406 1621 2473 parte
1644 2402 1908 2469 australi,

262 2494 420 2567 quod
453 2489 701 2548 solemni
752 2488 1105 2562 populorum
1157 2488 1485 2561 frequentia
1533 2490 1822 2546 dedicavit
1850 2491 1911 2546 in

262 2583 484 2639 honore
506 2585 568 2636 et
596 2579 964 2635 veneratione
993 2578 1175 2633 sancti
1209 2577 1452 2634 Joannis
1484 2579 1774 2652 Baptistae.
1812 2581 1910 2635 ubi

265 2672 484 2727 dicitur
514 2669 586 2724 ad
616 2669 849 2724 Fontes.
874 2667 1093 2723 Deinde
1115 2670 1309 2723 autem
1333 2682 1435 2739 per
1455 2683 1688 2723 omnem
1712 2670 1914 2725 dimce-

269 2763 353 2820 sis
383 2777 502 2818 suae
534 2757 890 2832 provinciam
925 2755 1211 2829 plurimas
1241 2756 1568 2813 construxit
1597 2758 1870 2814 ecclesias
1896 2777 1910 2825 ;

266 2848 553 2909 ordinatis
583 2845 940 2920 presbyteris
972 2849 1030 2900 et
1060 2845 1425 2912 diaconibus,
1445 2846 1544 2901 ubi
1568 2845 1775 2902 divinae
1798 2863 1914 2903 ma-

258 2938 466 3013 jestati
498 2936 694 2992 debita
720 2934 851 2991 laus
882 2933 1165 3001 redditur,
1185 2937 1241 2989 et
1259 2932 1623 3006 glorificatur
1642 2936 1796 2992 Deus
1817 2937 1915 2992 ad-

266 3025 554 3086 mirabilis
584 3024 643 3080 in
666 3023 887 3079 mnctis
913 3022 1058 3088 suis,
1076 3036 1264 3095 usque
1285 3021 1343 3077 in
1366 3028 1710 3095 praesentem
1734 3025 1909 3081 diem.

266 3112 338 3173 In'
360 3132 429 3173 eo
458 3131 592 3173 vero
623 3113 668 3170 lc
778 3112 878 3167 ubi
924 3112 1183 3184 primum
1234 3110 1565 3179 adveniens,
1600 3128 1666 3168 eo
1714 3112 1913 3169 minus

266 3206 326 3263 in
359 3201 643 3262 suburbio
692 3183 946 3257 civitatis
989 3199 1128 3267 cibi,
1161 3204 1228 3256 ut
1275 3199 1909 3274 diximus,,bospitium
1940 3183 1986 3252 C

270 3293 714 3369 praeparaverat,
766 3290 994 3346 diurnis
1053 3289 1291 3361 quidem
1344 3288 1406 3344 in
1454 3288 1685 3346 civitate
1735 3290 1912 3348 divini

268 3381 553 3457 pabulum
583 3378 743 3435 verbi
776 3378 935 3453 gregi
978 3376 1092 3434 sibi
1140 3378 1456 3434 commisso
1503 3377 1751 3436 sollicite
1804 3381 1914 3436 mi-

270 3470 591 3537 nistrabat;
625 3468 927 3525 nocturnis
955 3470 1152 3523 autem
1179 3467 1563 3539 temporibus,
1586 3473 1652 3524 ut
1673 3468 1916 3525 liberius

270 3558 519 3619 orationi
552 3559 816 3625 instaret,
849 3557 922 3613 ad
955 3556 1110 3612 idem
1141 3560 1424 3628 tanquam
1467 3548 1770 3613 conscium
1803 3558 1914 3615 sibi

266 3646 675 3706 habitaculum
732 3645 1145 3702 revertebatur.
1200 3644 1309 3701 Ubi
1356 3644 1580 3702 scilicet
1633 3645 1915 3719 lacryma-

269 3755 403 3795 rum
461 3734 766 3793 affluentia
820 3733 1102 3801 diluebat,
1149 3734 1197 3788 si
1257 3733 1399 3805 quid
1458 3735 1613 3790 circa
1666 3734 1915 3791 aliorum

270 3827 523 3884 salutem
543 3827 880 3896 occupatus,
900 3823 1010 3881 sibi
1034 3823 1221 3895 ipsius
1239 3822 1468 3878 diurnis
1492 3823 1698 3895 spatiis
1721 3824 1918 3880 minus

270 3916 524 3991 perfecte
554 3918 944 3988 procurasset.
1066 3900 1077 3907 ’

894 4018 1126 4075 CAPUT
1176 4018 1295 4075 XII.

274 4111 426 4182 Quod
487 4113 628 4166 cives
708 4110 1043 4182 Tnilcnsium
1115 4110 1230 4182 sint
1290 4110 1406 4182 ejus
1468 4111 1793 4180 apostolatus
1860 4112 1916 4164 in

344 4184 582 4246 Domini,
641 4188 692 4238 et
746 4179 831 4237 (ιε’
874 4181 1176 4235 constantia
1239 4178 1320 4235 δι’
1354 4178 1599 4236 doctrina
1652 4182 1714 4235 Β.
1773 4182 1921 4237 Petri

349 4254 586 4327 Apostoli
593 4294 606 4307 .

344 4360 549 4417 Tantis
593 4359 773 4433 igitur
816 4374 881 4413 ac
931 4357 1173 4423 talibus,
1206 4361 1269 4412 ut
1317 4357 1712 4430 praediximus,
1746 4358 1919 4431 longe

273 4448 557 4523 temporis
588 4445 858 4504 exercitio
891 4447 1124 4501 divinus
1154 4450 1425 4518 operator
1454 4447 1819 4503 incessanter
1838 4447 1921 4502 in-

2028 717 2263 773 Domini
2295 718 2660 774 confessione
2680 718 2980 790 probatus,
3006 718 3277 790 passione
3299 721 3677 792 postmodum

2027 808 2359 875 coronatus,
2394 805 2705 874 Galatiam,
2731 807 3007 874 Pontum,
3026 806 3683 881 Cappadociam,Bithy-

2027 897 2209 964 niam,
2242 896 2440 951 Asiam
2473 899 2649 967 atque
2680 894 2906 952 Italiam
2940 896 3289 969 evangelicis
3308 895 3476 967 plene
3497 896 3677 969 reple-

2024 989 2187 1041 verat
2217 984 2586 1040 documentis
2620 1001 2631 1037 :
2668 984 2767 1056 qui
2801 1000 2933 1039 cum
2967 985 3076 1039 sub
3099 984 3277 1057 priori
3299 984 3540 1041 Claudio
3562 986 3676 1042 Ca:-

2026 1091 2153 1130 care
2184 1074 2601 1130 Antiochenam
2631 1074 2744 1128 fide
2783 1071 3070 1129 catholica
3112 1073 3371 1145 primum
3422 1075 3674 1145 perfecte

2025 1163 2329 1219 fundasset
2359 1161 2698 1229 Ecclesiam,
2732 1178 2980 1233 eamque
2997 1177 3100 1233 per
3121 1164 3339 1232 septem
3365 1161 3672 1218 continuos

2025 1258 2249 1325 regeret
2265 1269 2334 1306 an
2345 1268 2469 1317 nos,
2488 1250 2742 1307 Simonis
2765 1249 2919 1322 Magi
2939 1250 3672 1322 versutias,quiveritatem

2025 1340 2354 1413 apostolicae
2372 1338 3267 1410 institutionisubiquelocorum
3292 1338 3674 1412 fugitans,sa-

2023 1447 2109 1485 nas
2143 1429 2420 1486 doctrinas
2452 1428 2646 1484 radios
2678 1428 2802 1484 suis
2824 1427 3083 1483 tenebris
3105 1426 3400 1484 maculare
3422 1430 3671 1485 conaba-

2022 1522 2152 1586 tur;
2179 1518 2400 1590 Spiritu
2435 1520 2635 1574 saneto
2657 1518 2899 1572 edoctus
2924 1516 3566 1588 perveniens,eumdem
3591 1519 3674 1574 Si-

2022 1623 2257 1663 monem
2281 1607 2517 1679 Magum
2542 1606 2786 1662 Romam
2807 1609 3149 1678 persecutus
3187 1604 3535 1678 ingreditur,
3570 1608 3674 1662 ibi-

2020 1713 2134 1769 que
2165 1695 2446 1751 electione
2478 1693 2741 1750 tldelium
2761 1699 2960 1767 pastor
2978 1692 3246 1750 Ecclesia:
3270 1694 3669 1758 factus,Evan-

2018 1784 2237 1859 gelium
2269 1781 3669 1857 prmdicans,vigintietquinqueannisejusurbis

2019 1874 2210 1929 tenuit
2240 1872 2657 1946 principatum.
2690 1870 2901 1927 Contra
2921 1871 3093 1943 cujus
3114 1870 3503 1929 clarissimam
3528 1890 3673 1947 pne.

2020 1962 2391 2030 dicationem,
2426 1964 2493 2017 ut
2522 1960 2778 2017 historias
2807 1959 3087 2026 referunt,
3114 1960 3269 2016 idem
3290 1961 3491 2017 Simon
3512 1963 3672 2019 Anti-

2019 2051 2223 2109 christi
2255 2051 2589 2107 membrum
2619 2049 2826 2122 utique
2855 2048 3285 2116 factus,rabido
3308 2066 3403 2106 ore
3426 2068 3669 2108 consur-

2019 2157 2184 2216 gens,
2218 2139 2463 2196 Neronis
2493 2142 2553 2194 et
2577 2138 2842 2212 Agrippce
2893 2137 3147 2211 prafecti
3204 2138 3349 2195 fisus
3402 2139 3666 2208 audacia,

2020 2228 2400 2303 apostolicam
2456 2226 2839 2284 assertionem
2900 2228 2991 2283 sui
3042 2228 3327 2300 pravitate
3378 2230 3668 2286 mendacii

2020 2320 2367 2393 impugnare
2382 2333 2497 2374 non
2517 2315 2762 2384 destitit,
2776 2316 2934 2372 unde
2955 2316 3199 2390 magicis
3220 2318 3445 2375 artibus
3459 2319 3669 2375 cmlum

2022 2407 2409 2464 conscendere
2457 2405 2718 2473 molitus,
2751 2404 2967 2461 virtute
3014 2411 3071 2461 et
3121 2405 3383 2463 oratione
3422 2409 3484 2464 Β.
3519 2409 3673 2465 Petri

2021 2496 2292 2570 apostoli,
2329 2496 2471 2551 dum
2532 2495 2719 2550 fertur
2763 2508 2866 2566 per
2913 2510 3067 2561 aera,
3117 2496 3187 2552 ad
3236 2497 3421 2553 terras
3469 2514 3672 2555 amens

2022 2587 2243 2643 corruit
2273 2586 2331 2639 in
2364 2587 2557 2656 partes
2613 2581 2952 2649 elidendus;
2984 2584 3198 2654 quibus
3244 2586 3411 2652 actis,
3445 2587 3671 2643 Nerone

2012 2675 2281 2748 jubente,
2316 2671 2681 2745 proscriptus
2712 2674 2874 2724 sexto
2906 2675 2964 2724 et
2996 2671 3294 2727 tricesimo
3334 2689 3489 2729 anno
3537 2680 3671 2747 post

2022 2763 2356 2838 passionem
2388 2759 2620 2816 Domini
2660 2759 2720 2813 in
2770 2758 2912 2813 urbe
2960 2759 3163 2827 Roma,
3199 2762 3266 2816 ut
3310 2760 3435 2832 ipse
3482 2763 3670 2821 voluit

2022 2856 2297 2910 deorsum
2329 2848 2662 2915 cruciﬁxus,
2683 2850 2818 2918 post
2837 2846 3221 2919 apostolicum
3253 2850 3530 2906 meritum
3563 2869 3668 2909 su-

2022 2953 2335 3016 pernorum
2365 2936 2645 2994 calorum
2673 2949 2854 3008 regna
2883 2933 3212 3008 ingreditur
3238 2936 3489 3012 glorioso
3511 2955 3665 2999 mar-

2021 3030 2153 3105 tyrii
2184 3027 2471 3102 sanguine
2500 3025 2820 3082 laureatus.

2635 3114 2867 3171 CAPUT
2906 3114 3053 3171 XIII.

2554 3206 2629 3261 De
2655 3204 2804 3261 obitu
2836 3203 2978 3260 beati
3004 3206 3134 3259 viri.

2094 3298 2272 3369 Cujus
2304 3295 2364 3351 in
2394 3298 2517 3351 toto
2548 3296 2837 3349 terrarum
2870 3292 3008 3348 orbe
3041 3293 3249 3350 merito
3299 3296 3669 3357 recolendam

2022 3389 2234 3443 beatus
2262 3387 2604 3440 Mansuetus
2632 3386 2914 3455 tanquam
2967 3380 3297 3440 ﬁdissimus
3344 3384 3673 3460 discipulus

2025 3473 2291 3550 magistri
2323 3471 2567 3529 audiens
2598 3471 2968 3544 passionem;
3001 3467 3128 3527 loco
3150 3487 3264 3544 quo
3295 3474 3674 3545 praediximus

2025 3566 2262 3620 beatum
2282 3563 2472 3616 virum
2496 3576 2611 3616 non
2634 3559 2807 3633 longe
2827 3559 2899 3615 ab
2923 3557 3067 3614 urbe
3091 3575 3193 3631 pro
3217 3565 3475 3633 tempore
3491 3564 3675 3623 fuisse

2026 3649 2406 3724 hospitatum,
2441 3662 2616 3720 quem
2646 3647 2821 3702 etiam
2856 3644 3005 3701 sacri
3035 3647 3269 3703 oratorii
3292 3650 3419 3720 jam
3445 3650 3671 3723 pridem

2026 3740 2196 3796 titulo
2231 3738 2642 3793 illustraverat.
2670 3734 3018 3791 nobiliorem
3050 3735 3357 3792 ecclesiam
3388 3739 3670 3808 condidit,

2027 3843 2205 3903 quam
2234 3824 2503 3883 videlicet
2531 3823 2590 3878 in
2621 3822 2839 3878 honore
2888 3827 2945 3877 et
2992 3824 3276 3879 memoria
3317 3826 3468 3881 beati
3522 3827 3672 3884 Petri

2028 3915 2275 3990 apostoli
2292 3914 2383 3969 sui
2402 3912 2603 3984 utique
2622 3910 2989 3983 praeceptoris
3006 3913 3293 3980 statuens,
3308 3913 3465 3968 sacri
3476 3914 3676 3986 pigno-

2028 4008 2111 4062 ris
2138 4006 2286 4076 ejus,
2322 4017 2499 4074 quam
2530 4016 2728 4055 secum
2754 3999 3021 4055 attulisse
3042 3999 3245 4068 fertur,
3269 4000 3673 4061 benedictione

2028 4092 2419 4159 consecravit;
2446 4089 2547 4145 ubi
2581 4088 2801 4145 scilicet
2833 4086 3040 4144 diebus
3062 4104 3129 4143 ac
3152 4088 3422 4147 noctibus
3443 4098 3675 4164 peracto

2029 4179 2383 4257 praedicandi
2414 4177 2603 4235 ofﬁcio
2636 4177 3005 4243 conveniens,
3039 4193 3105 4232 ac
3154 4176 3261 4233 soli
3309 4179 3424 4237 Deo
3471 4199 3677 4240 vacare

2030 4272 2388 4336 desiderans,
2404 4267 2602 4341 plures
2623 4270 2822 4339 postea
2843 4281 3022 4338 agens
3044 4283 3247 4335 annos,
3264 4269 3678 4327 multitudines

2030 4357 2365 4416 ﬁdeliumin
2378 4354 2593 4412 Christi
2612 4355 2725 4410 ﬁde
2747 4353 3125 4427 eolligensgd
3150 4357 3508 4413 consortium
3532 4375 3676 4430 pra:-

2029 4449 2193 4505 misit
2223 4446 2585 4519 angelorum.
2615 4443 2877 4515 Cumque
2901 4443 3029 4514 jam
3060 4443 3162 4499 Dei
3194 4443 3412 4501 athleta
3455 4446 3676 4504 electus

274 4540 514 4604 sistens,
545 4535 776 4609 fatigari
808 4551 923 4591 non
957 4538 1203 4607 poterat,
1238 4550 1413 4605 quem
1446 4536 1631 4590 sancti
1666 4535 1921 4608 Spiritus
1950 4553 1997 4618 ι)
2028 4537 2235 4611 plenus
2267 4539 2421 4592 esset
2450 4532 2697 4597 dierum,
2732 4536 2790 4588 et
2818 4535 3100 4604 provectae
3142 4531 3352 4601 aetatis,
3385 4534 3588 4590 multis
3621 4539 3679 4591 et

274 4627 463 4683 fervor
483 4624 871 4691 accendebat;
904 4623 1024 4696 qui,
1042 4623 1365 4679 secundum
1390 4623 1651 4697 Apostoli
1672 4624 1917 4692 dictum,

274 4720 335 4773 et
364 4715 414 4772 si
445 4713 578 4770 aliis
607 4728 724 4768 non
754 4717 881 4768 erat
900 4711 1220 4785 apostolus,
1240 4711 1377 4768 huic
1398 4717 1595 4769 tamen
1620 4712 1770 4786 plebi
1793 4728 1925 4769 vere

276 4801 581 4878 apostolus
611 4801 835 4858 exstitit
864 4802 910 4872 (ι
939 4800 1059 4857 Cor.
1095 4817 1172 4869 1x,
1204 4801 1464 4874 2),q'uam
1489 4803 1613 4874 ipse
1634 4806 1718 4858 tot
1739 4801 1924 4876 signis

276 4898 454 4966 atque
483 4889 819 4958 virtutibus,
851 4892 937 4946 tot
965 4890 1182 4946 laboris
1203 4893 1260 4946 et
1282 4889 1576 4947 instantiae
1608 4908 1726 4948 suae
1750 4892 1925 4948 sudo-

276 4981 443 5038 ribus
473 4980 590 5036 Deo
619 4978 950 5052 acquisivit,
973 4983 1030 5035 et
1052 4979 1321 5050 quamvis
1343 4978 1606 5034 moribus
1629 4980 1848 5036 nostris
1870 4985 1927 5037 et

277 5067 641 5127 conversioni
672 5067 859 5124 multa
890 5069 1093 5125 deesse
1110 5066 1503 5133 senserimus,
1534 5083 1661 5140 qum
1712 5067 1810 5123 ille
1841 5070 1929 5124 vir

276 5158 486 5215 beatus
508 5159 566 5213 et
588 5156 787 5212 docuit
802 5163 855 5212 et
873 5155 1142 5225 excoluit,
1160 5155 1327 5228 signa
1347 5158 1543 5211 tamen
1562 5156 1926 5229 apostolatus

275 5248 405 5319 ejus
437 5263 544 5301 nos
575 5262 781 5301 omnes
808 5245 869 5300 in
900 5245 1147 5301 Domino
1170 5261 1377 5299 sumus
1400 5242 1747 5317 (Ibid,),quia
1768 5246 1922 5318 quod

275 5334 375 5389 ille
405 5335 479 5388 ab
508 5332 635 5405 ipso
667 5332 1029 5404 primordiali
1052 5336 1267 5389 sanctae
1289 5337 1347 5387 et
1366 5331 1710 5387 universalis
1733 5333 1923 5388 Eccle-

276 5422 376 5478 siae
411 5422 670 5494 sumpsit
698 5421 1024 5489 exordium,
1058 5422 1168 5477 hoc
1200 5422 1573 5494 postmodum
1589 5423 1929 5496 generinos—

275 5515 368 5568 tro
399 5510 584 5567 libera
615 5511 959 5567 auctoritate
990 5510 1385 5583 perfuditﬁde
1417 5511 1614 5583 potius
1664 5516 1939 5567 armatus'

277 5615 458 5671 quam
481 5598 939 5656 €erro.Prteterea
959 5598 1167 5655 beatus
1191 5597 1394 5655 Petrus
1417 5597 1845 5671 apostolus,qui
1866 5598 1928 5656 in

2032 4625 2259 4681 diurnis
2308 4624 2594 4679 bonorum
2652 4634 2893 4693 operum
2950 4618 3267 4675 sudoribus
3312 4624 3369 4677 et
3407 4619 3677 4679 laborum

2031 4712 2344 4778 exercitiis,
2368 4715 2434 4767 ut
2453 4708 2852 4784 praediximus,
2877 4706 3176 4781 fatigatus,
3200 4707 3516 4767 virtutibus
3541 4727 3681 4783 quo-

2033 4819 2148 4875 que
2179 4806 2237 4858 et
2267 4798 2683 4856 miraculorum
2725 4795 2911 4869 signis
2960 4795 3278 4852 admodum
3326 4797 3676 4869 declaratus,

2032 4895 2315 4965 tanquam
2348 4887 2537 4944 fidelis
2585 4902 2785 4942 servus
2816 4890 2874 4942 et
2904 4885 3182 4958 prudens,
3216 4885 3317 4958 qui
3364 4886 3681 4944 Βοωίιιὶοω

2033 4979 2267 5036 familiae
2289 4991 2629 5033 mensuram
2650 4973 2828 5029 tritici
2849 4973 2910 5029 in
2932 4978 3193 5046 tempore
3217 4991 3324 5030 suo
3345 4983 3682 5050 erogaverat

2036 5070 2185 5140 (Luc.
2218 5084 2320 5137 xu,
2353 5064 2464 5137 32),
2499 5065 2570 5120 ad
2603 5060 3003 5134 accipiendam
3034 5066 3258 5118 cateruae
3280 5081 3684 5139 recompensa-

2035 5158 2212 5214 tionis
2246 5154 2570 5211 mercedem
2618 5152 2865 5208 Domino
2902 5151 3148 5223 jubente
3193 5157 3453 5224 vocatus,
3487 5156 3681 5213 carnis

2034 5262 2208 5302 onere
2238 5242 2501 5315 deposito
2521 5258 2584 5296 ιιι
2615 5241 2912 5296 Nonarum
2945 5240 3377 5311 Septembrium
3408 5244 3682 5315 spiritum

2036 5333 2177 5389 coelo
2208 5331 2482 5395 reddidit,
2514 5335 2570 5385 et
2600 5330 2809 5385 stolam
2843 5330 3021 5384 beaten
3053 5329 3514 5390 immortalitatis
3545 5352 3679 5390 cum

2036 5420 2281 5478 Domino
2295 5435 2400 5475 suo
2414 5417 2745 5491 perenniter
2765 5421 3116 5491 regnaturus
3140 5421 3487 5493 accepit,ubi
3510 5426 3682 5481 modo

2038 5511 2251 5585 gaudet
2282 5507 2621 5582 angelorum
2652 5505 2898 5564 coetibus
2928 5507 3238 5578 admistus,
3274 5513 3449 5585 atque
3488 5515 3682 5571 ovium

2038 5615 2280 5657 suarum
2298 5597 2485 5656 adhuc
2499 5597 2559 5654 in
2571 5598 2740 5655 terris
2758 5598 3116 5672 degentium,
3135 5600 3319 5660 multo
3337 5601 3527 5675 magis
3544 5621 3687 5677 pm.
