4028 6172
415 327 528 389 631

1528 329 1858 392 ADSONIS
1903 329 2339 393 DERVENSIS
2384 331 2587 392 ABBA
2599 331 2720 394 TIS

3703 334 3820 399 632

416 463 675 522 stantius
706 466 762 520 et
793 461 1083 536 potentius
1117 461 1464 520 intercessor
1492 463 1750 534 effectus,
1784 464 1856 519 ad
1889 464 2058 536 cujus
2087 463 2144 532 Α
2174 481 2288 519 non
2311 469 2368 520 et
2389 482 2566 538 quam
2599 465 2770 521 multi
2803 466 3047 524 diversis
3067 472 3124 524 et
3151 467 3684 525 innumerabilibus
3705 469 3825 528 lan-

415 554 824 626 exsequiarum
858 551 1115 608 solemne
1165 553 1581 606 commercium
1625 553 1752 624 jam
1801 553 1912 607 diei
1946 571 2060 608 non

413 648 606 718 potest
635 645 852 715 quanta
883 640 1199 696 multitudo
1233 640 1492 696 fidelium
1526 648 1894 708 convenerat,
1915 660 2061 714 quos

409 732 675 788 videlicet
704 731 828 803 ipse
849 729 1067 806 laboris
1083 729 1468 785 suiinstantia
1485 729 1543 784 in
1559 729 1710 785 filios
1733 730 2064 802 adOptionis

408 837 512 896 per
541 820 792 892 Spiritus
823 819 1007 875 sancti
1042 819 1293 890 gratiam
1336 819 1751 875 transfuderat.
1786 821 2062 876 Cerneres

407 911 695 966 maximas
727 909 1074 982 populorum
1111 913 1371 962 catervas
1403 926 1515 962 non
1532 909 1658 978 jam
1694 909 1983 980 peregrini
2007 913 2064 964 et

409 1001 616 1072 ignoti,
640 999 738 1054 sed
773 998 990 1070 proprii
1024 997 1206 1068 patris
1227 1001 1282 1050 et
1304 997 1554 1067 pastoris
1579 997 1668 1052 sui
1693 998 1858 1053 triste
1883 998 2062 1053 funus

412 1090 684 1161 stipasse,
700 1085 1174 1142 etlamentabilcs
1195 1085 1500 1156 exsequias
1523 1087 1783 1157 undique
1809 1088 2060 1158 quodam

415 1177 586 1250 quasi
620 1175 934 1248 przecinctu
971 1175 1234 1230 ﬂentium
1258 1179 1429 1246 atque
1452 1174 1774 1230 dolentium
1799 1175 2062 1232 confusio

415 1269 619 1324 ordine
651 1265 942 1322 micuisse.
978 1266 1062 1321 Ita
1093 1265 1474 1336 pra‘cuntium
1499 1269 1671 1336 atque
1693 1265 2061 1336 sequentium

415 1359 648 1432 agmine
678 1371 867 1428 usque.
899 1356 970 1409 ad
1003 1354 1197 1410 locum
1243 1354 1491 1426 sepulcri
1545 1371 1756 1426 corpus
1805 1355 2064 1409 defertur

413 1446 702 1511 exanime,
735 1450 792 1500 et
823 1444 882 1498 in
914 1461 979 1499 eo
1010 1443 1133 1498 loco
1166 1460 1280 1514 quo
1311 1460 1444 1498 cum
1501 1443 1878 1514 praediximus
1909 1443 2061 1499 beati

399 1535 564 1592 ‘Petri
593 1532 992 1607 apostolorum
1025 1529 1309 1602 principis
1331 1529 1549 1584 honore
1572 1534 1628 1584 et
1647 1529 1853 1586 merito
1876 1529 2065 1586 Eccle-

410 1625 559 1682 siam
592 1623 914 1689 dedicasse,
947 1617 1291 1692 dignissime
1321 1618 1574 1673 traditur
1612 1617 2062 1690 sepultura).Ubi

409 1713 566 1770 enim
595 1717 680 1768 tot
709 1709 1097 1768 certaminum
1130 1712 1186 1763 et
1230 1707 1499 1763 laborum
1551 1711 2064 1762 consummaverat

409 1819 672 1870 cursum,
703 1801 784 1856 ibi
824 1798 1072 1856 Domino
1123 1797 1470 1868 disponente
1525 1795 1784 1852 debitam
1833 1796 2059 1868 corpori

405 1891 591 1948 voluit
621 1891 834 1946 habere
874 1885 1261 1959 sepulturam.
1293 1887 1476 1952 Quem
1524 1884 1792 1940 videlicet
1837 1884 2055 1954 locum,

408 1979 636 2037 meritis
665 1980 794 2050 ejus
825 1975 1253 2042 obtinentibus,
1287 1990 1356 2029 ex
1384 1979 1522 2029 tunc
1555 1977 1612 2028 et
1640 1974 1813 2029 modo
1862 1973 2058 2030 divina

407 2073 668 2145 potestas
697 2067 771 2124 ad
803 2065 1036 2122 laudem
1068 2067 1126 2120 et
1152 2063 1399 2136 gloriam
1432 2063 1522 2118 sui
1565 2061 1820 2118 nominis
1871 2061 2055 2136 signis

409 2163 468 2218 et
496 2155 811 2214 virtutibus
862 2153 1140 2220 illustrat,
1172 2155 1238 2206 ut
1285 2151 1630 2207 ostendatur
1678 2155 1964 2223 quantum
1996 2152 2054 2208 in

409 2250 725 2321 conspectu
761 2247 985 2300 acterna:
1035 2240 1318 2297 claritatis
1367 2239 1426 2294 in
1476 2239 1634 2296 caelis
1684 2239 1923 2314 fulgeat,
1955 2242 2054 2314 qui

406 2341 706 2396 tantarum
723 2331 983 2406 quotidie
999 2332 1281 2386 virtutum
1298 2330 1355 2385 in
1380 2335 1693 2402 conspectu
1718 2330 2054 2387 mortalium

408 2425 794 2484 admiratione
824 2423 1111 2476 coruscat.
1144 2418 1325 2491 Cujus
1370 2417 1577 2474 merita
1625 2417 1877 2492 gloriosa
1927 2437 2054 2489 nos,

407 2515 508 2590 qui
536 2530 670 2570 oves
701 2514 758 2568 et
785 2526 925 2582 grex
953 2509 1081 2581 ejus
1115 2525 1497 2575 sumus,cum
1519 2506 1729 2562 humili
1754 2509 2056 2565 devotione

405 2603 600 2662 debito
629 2601 850 2656 honore
876 2614 1240 2665 veneremur,
1259 2599 1324 2652 ut
1347 2595 1533 2668 ipsius
1555 2596 2053 2654 intercedentibus

402 2691 638 2750 meritis
668 2690 796 2746 sine
828 2689 942 2744 fine
973 2703 1108 2742 cum
1139 2703 1206 2742 eo
1235 2687 1492 2759 gaudere
1521 2687 2053 2742 mereamur.Nunc

400 2797 656 2857 quoque,
690 2778 830 2852 quia
856 2777 981 2834 vita:
1011 2781 1068 2832 et
1097 2774 1491 2832 conversionis
1523 2775 1650 2848 ejus
1681 2775 1742 2830 in
1775 2792 1948 2832 carne
1979 2776 2050 2832 de

395 2871 588 2947 gentis
619 2887 689 2926 ex
716 2871 880 2943 parte
909 2867 1084 2922 finem
1116 2866 1482 2939 agnovimus,
1515 2863 1648 2936 quis
1700 2865 1829 2937 ejus
1876 2865 2052 2920 fuerit

395 2977 701 3020 successor
729 2957 1144 3028 compendiosa
1166 2955 1446 3010 brevitate
1466 2953 1602 3009 huic
1621 2954 1937 3011 narrationi
1963 2955 2048 3010 in-

397 3065 587 3106 serere
617 3047 863 3120 dignum
887 3044 1306 3117 judicavimus.

1016 3132 1248 3188 CAPUT
1288 3131 1430 3186 XIV.

2170 553 2452 624 guoribus
2479 553 2672 608 infecti
2709 552 2916 610 salutis
2939 557 3153 627 gaudia
3176 558 3386 613 horum
3409 557 3739 614 interventu
3764 576 3826 616 se

2171 643 2466 714 gaudeant
2494 643 2562 698 ad
2599 643 2831 715 propria
2862 644 3130 701 retulisse
3152 665 3165 714 ;
3190 648 3263 702 ad
3288 663 3540 719 quorum
3562 647 3833 704 videlicet

2126 737 2138 745 ’
2173 732 2584 802 patrocinium,
2619 749 2820 804 regum
2845 749 2908 788 ac
2932 734 3265 806 principum
3289 735 3542 807 legimus
3565 737 3834 808 frequen-

2172 819 2314 874 tiam
2359 820 2731 888 confluxisse,
2767 837 2833 876 ac
2865 821 3006 877 viris
3058 822 3182 878 suis
3233 824 3404 879 xenia
3451 823 3708 896 plurima
3757 827 3830 882 ad

2171 907 2593 964 sublevandam
2625 927 2926 965 servorum
2958 911 3059 966 Dei
3089 915 3147 967 et
3185 929 3510 984 pauperum
3561 913 3830 986 indigen-

2171 995 2311 1050 tiam
2345 998 2546 1052 devote
2579 997 2920 1066 contulisse,
2955 999 3052 1054 ubi
3084 1001 3261 1056 etiam
3288 999 3534 1056 diversis
3553 1002 3831 1075 tempori-

2172 1085 2304 1152 bus,
2369 1087 2617 1142 mirifica
2678 1091 2818 1142 sunt
2875 1092 3112 1144 ostensa
3167 1090 3452 1144 virtutum
3513 1093 3830 1147 amborum

2172 1175 2396 1230 meritis
2431 1175 2706 1247 insignia.
2742 1176 2850 1230 Sed
2884 1177 2974 1232 vel
3005 1183 3244 1251 propter
3293 1179 3650 1251 irruptiones
3694 1181 3828 1235 bar-

2171 1263 2380 1318 barum
2408 1264 2693 1336 gentium,
2727 1264 2813 1320 vel
2846 1270 3000 1320 certe
3032 1271 3270 1339 propter
3297 1267 3650 1340 scriptorum
3695 1269 3830 1324 ino-

2173 1351 2489 1423 piain,sine
2521 1352 2698 1408 dubio
2731 1359 2872 1408 sunt
2901 1355 3296 1426 praetermissa
3315 1355 3403 1410 vel
3425 1356 3830 1427 perdita.Cum

2170 1440 2345 1497 etiam
2395 1441 2547 1496 hanc
2599 1443 2934 1498 noverimus
2985 1443 3189 1499 urbem
3241 1445 3314 1500 ob
3367 1443 3830 1502 inhabitantium

2170 1530 2582 1586 enormitatem
2615 1530 2926 1604 scelerum,
2947 1532 3125 1588 simul
3147 1549 3284 1589 cum
3307 1533 3483 1589 rebus
3503 1533 3832 1592 Wandalo-

2171 1637 2302 1675 rum
2337 1623 2623 1690 vastatam
2657 1621 3059 1692 persecutione
3103 1621 3434 1678 crudelium
3465 1639 3533 1678 ac
3564 1628 3831 1697 postmo-

2171 1709 2314 1764 dum
2347 1709 2574 1782 antiqui
2607 1709 2795 1766 hostis
2826 1709 3058 1766 insidiis
3103 1711 3399 1768 atrocibus
3449 1711 3829 1771 ﬂammarum

2173 1797 2459 1854 incendiis
2493 1801 2947 1855 concrematam.

2239 1887 2356 1942 Hoc
2389 1891 2583 1942 tamen
2618 1905 2733 1943 non
2759 1892 2848 1943 est
2876 1887 3107 1945 silentio
3137 1889 3629 1962 supprimendum
3663 1893 3824 1964 quod

2167 1991 2263 2031 ore
2281 1976 2604 2048 quorumda
2616 1993 2673 2030 m
2694 1973 2864 2032 nobis
2880 1975 3128 2033 fideliter
3146 1982 3237 2034 est
3253 1977 3824 2038 relatum.Martinus

2166 2065 2536 2120 Turonorum
2568 2069 2809 2121 sanctus
2841 2065 3150 2138 episcopus
3176 2070 3298 2123 toto
3327 2068 3487 2138 orbe,
3520 2072 3586 2124 ut
3617 2073 3824 2128 notum

2165 2157 2274 2222 est,
2293 2152 2960 2220 famosissimum,beato
2985 2153 3302 2212 Maximino
3327 2157 3702 2215 Trevirorum
3725 2177 3823 2216 an-

2163 2241 2330 2298 tistiti
2361 2243 2682 2298 admodum
2712 2242 2900 2300 fuerat
2918 2242 3440 2315 familiarissimus,
3467 2245 3550 2303 ita
3582 2251 3646 2304 ut
3668 2265 3820 2322 saape

2164 2331 2388 2388 collatis
2419 2332 2753 2388 fruerentur
2781 2331 3074 2406 alloquiis,
3097 2337 3155 2390 et
3176 2333 3414 2390 beatum
3448 2335 3688 2393 Petrum
3713 2339 3818 2394 Ro-

2164 2438 2322 2477 mam
2363 2421 2582 2494 pariter
2629 2421 2866 2490 adituri,
2900 2421 3129 2478 mutuis
3175 2421 3378 2478 viatim
3428 2423 3822 2484 inniterentur

2163 2509 2710 2582 colloquiis.Beatus
2726 2509 3203 2583 igiturMartinus
3215 2512 3514 2568 communi
3533 2513 3820 2587 disposito

2162 2599 2417 2672 quodam
2447 2603 2707 2671 tempore
2737 2598 2795 2654 id
2830 2603 3095 2667 acturus,
3129 2601 3450 2658 oratorium
3471 2603 3628 2658 beati
3653 2603 3817 2661 Man-

2162 2687 2314 2744 sueti
2344 2688 2414 2743 ad
2447 2688 2602 2760 quod
2635 2687 3028 2746 declinaverat
3057 2688 3314 2746 divinam
3339 2695 3683 2748 exoraturus
3701 2693 3814 2751 cle-

2162 2775 2463 2845 mentium,
2517 2777 2760 2833 devotus
2811 2779 2876 2832 ut
2920 2780 3064 2845 erat,
3107 2777 3466 2851 ingreditur;
3498 2796 3632 2836 cum
3680 2799 3814 2840 ecce

2160 2869 2395 2938 repente
2421 2866 2732 2937 cujusdam
2774 2865 3242 2923 sanctimonialis
3287 2867 3531 2940 spiritus
3573 2869 3801 2942 puella,

2159 2954 2332 3026 cujus
2362 2971 2573 3026 corpus
2605 2971 2720 3010 non
2744 2953 2914 3027 longe
2933 2957 3068 3012 ante
3085 2955 3577 3028 sepultumeoloci
3589 2957 3797 3029 fuerat,

2160 3041 2421 3116 repetitis
2451 3043 2692 3098 vocibus
2721 3044 2907 3099 sancti
2937 3041 3045 3098 viri
3077 3061 3290 3100 nomen
3320 3062 3390 3102 ex
3419 3046 3682 3120 sepulcro
3707 3048 3804 3104 iu—

2157 3132 2438 3205 geminat.
2469 3132 2652 3204 Cujus
2673 3133 2945 3204 precibus
2967 3149 3100 3188 cum
3122 3132 3212 3188 vir
3229 3133 3437 3190 beatus
3457 3133 3806 3206 intenderet,

395 3227 471 3283 De
497 3232 680 3281 sancto
705 3224 904 3279 Amone
935 3223 1084 3278 beato
1112 3222 1233 3276 vivo
1263 3222 1322 3275 in
1363 3223 1670 3293 episcOpatu
1711 3223 2040 3280 succedente.
2073 3205 2116 3272 (ἶ
2155 3221 2422 3293 protinus
2453 3220 2554 3276 illa
2575 3220 2996 3293 subsequitur:
3022 3205 3809 3299 Sanctissime,inquit,pon¥

469 3315 606 3371 Post
633 3313 951 3386 gloriosum
981 3309 1134 3366 beati
1165 3309 1456 3365 Mansueti
1480 3310 1660 3382 hujus
1683 3311 1846 3367 urbis
1868 3312 2041 3384 primi

395 3402 692 3478 pontificis
720 3417 790 3456 ex
819 3400 926 3455 hoc
958 3399 1178 3454 mundo
1209 3399 1280 3452 ad
1313 3397 1488 3454 cwlos
1520 3398 1858 3465 transitum,
1893 3399 2045 3456 sicut

390 3491 456 3550 in
475 3490 656 3564 gestis
682 3487 1138 3564 praecedentium
1169 3488 1494 3542 Leucorum
1529 3486 1690 3543 urbis
1711 3487 2040 3554 antistitum

392 3581 706 3649 invenitur,
741 3581 983 3634 sanctus
1012 3594 1078 3632 ac
1109 3575 1490 3632 beatissimus
1534 3577 1742 3646 Amen,
1777 3577 1876 3634 Dei
1907 3596 2038 3651 pro-

387 3671 620 3730 vidente
651 3666 982 3733 clementia,
1015 3663 1075 3720 in
1110 3665 1218 3721 hac
1250 3666 1388 3721 sede
1418 3666 1716 3721 communi
1749 3667 2040 3724 universo-

385 3777 520 3818 rum
548 3763 679 3816 voto
708 3760 882 3830 atque
905 3772 1195 3812 consensu
1219 3753 1524 3811 ordinatus
1546 3755 2035 3828 episcopus,beati

382 3848 490 3906 viri
515 3865 820 3906 successor
841 3846 1114 3912 effectus;
1139 3845 1238 3916 qui
1263 3844 1707 3916 prmdcccssoris
1729 3846 1818 3900 sui
1843 3863 2035 3903 mores

381 3942 442 3997 et
469 3938 741 3994 instituta
779 3937 851 3992 ad
903 3951 1163 4008 unguem
1211 3938 1542 4000 exsecutus,
1577 3949 1692 3989 non
1742 3934 1894 3990 valet
1939 3953 2034 3990 ex-

381 4027 586 4101 plicari
619 4031 852 4100 quantm
885 4024 1165 4080 bonitatis
1217 4027 1272 4078 et
1323 4022 1652 4078 sanctitatis
1696 4023 1870 4078 fuerit
1899 4042 2033 4096 ope-

381 4115 549 4171 ribus
569 4113 1004 4186 comprobatus.
1021 4113 1124 4168 Hic
1145 4129 1399 4184 namque
1422 4111 1819 4183 pontificalem
1843 4112 2031 4185 digni-

381 4205 562 4260 tatem
595 4201 656 4257 in
688 4206 901 4257 cuncta
931 4217 1162 4256 morum
1195 4199 1500 4255 honestate
1531 4217 2031 4272 exsuperans,non

383 4289 577 4350 solum
600 4289 793 4346 verbis
805 4288 1154 4360 etexemplis
1183 4289 1508 4359 subjectum
1540 4289 1766 4362 plebem
1791 4290 2034 4346 circum-

384 4395 620 4453 quaque
650 4377 1049 4450 competenter
1086 4375 1358 4444 excoluit,
1391 4378 1490 4432 sed
1542 4379 1717 4434 etiam
1769 4378 1934 4435 miris
1967 4397 2032 4436 ac

383 4469 718 4542 magnificis
773 4465 1088 4522 virtutibus
1147 4465 1482 4521 illustravit.
1514 4467 1622 4532 Qui
1667 4467 1750 4522 sic
1801 4485 2032 4541 quoque

2154 3308 2311 3377 tifex,
2348 3310 2489 3366 coelo
2541 3309 2830 3383 terrisque
2877 3314 3228 3383 praepotens,
3263 3311 3472 3368 anima:
3524 3314 3807 3372 miserere

2152 3397 2386 3471 sepulti.
2419 3399 2640 3472 Corpus
2671 3399 2912 3471 quidem
2934 3399 3030 3456 hic
3051 3399 3270 3472 tegitur
3289 3401 3480 3470 terris,
3505 3403 3609 3458 sed
3633 3405 3808 3477 spiri-

2153 3493 2250 3544 tus
2297 3487 2488 3544 adhuc
2543 3492 2812 3545 versatur
2865 3488 2925 3543 in
2985 3487 3206 3561 pomis;
3239 3489 3451 3546 adhibe
3512 3490 3573 3546 in
3635 3494 3809 3550 auxi-

2151 3575 2296 3632 lium
2329 3576 2688 3633 sanetissimi
2719 3576 3009 3634 Mansueti
3059 3581 3116 3634 et
3162 3581 3329 3634 tunm
3379 3581 3801 3651 patrocinium,

2149 3665 2415 3738 hancque
2447 3664 2728 3721 salvatam
2759 3665 3097 3734 credideris,
3129 3683 3264 3723 cum
3288 3684 3805 3738 reversus,vocem

2146 3773 2260 3811 non
2285 3753 2540 3811 audieris
2563 3754 2970 3827 supplicantis.
2998 3755 3142 3811 Hine
3163 3755 3260 3812 ille
3281 3757 3628 3825 abiens,iter
3645 3762 3804 3833 quod

2146 3848 2397 3916 cmperat
2418 3843 2772 3916 aggreditur,
2797 3844 3013 3915 petenti
3042 3844 3330 3918 praecipue
3356 3845 3675 3904 subvenire
3697 3849 3809 3906 ml-

2146 3933 2364 3989 licitus.
2381 3933 2609 3988 Interea
2619 3936 2740 3989 toto
2756 3933 3015 3988 confecto
3035 3931 3134 3988 illo
3153 3933 3376 4002 itinere,
3393 3951 3529 3990 cum
3544 3937 3800 4006 rediens,

2143 4020 2374 4094 glebam
2407 4020 2733 4076 beatissimi
2785 4021 3096 4092 Mansueti,
3131 4026 3196 4077 nt
3243 4026 3370 4078 erat
3413 4023 3652 4094 solitus,
3687 4045 3803 4083 non

2145 4110 2481 4182 praeteriret,
2497 4113 2554 4164 et
2568 4107 2734 4182 signa
2761 4110 3011 4181 petentis
3036 4096 3321 4188 defunctae
3330 4112 3458 4184 jam
3481 4113 3651 4169 nulla
3673 4133 3801 4188 per-

2141 4197 2412 4270 cepisset,
2446 4198 2667 4270 gratias
2698 4197 2980 4254 Salvatori
3012 4198 3456 4272 persolvit,quia
3485 4203 3804 4277 utriusque

2145 4286 2472 4343 interventu
2503 4286 2788 4343 salvatam
2819 4288 3070 4360 agnovit.
3105 4288 3236 4344 Haec
3257 4289 3414 4345 enim
3439 4289 3635 4362 perire
3662 4309 3800 4366 quo-

2142 4377 2314 4432 modo
2345 4379 2588 4449 poterat,
2614 4377 2705 4432 cui
2741 4376 2886 4433 tales
2921 4376 3336 4434 intercessores
3369 4377 3669 4436 immensa
3699 4381 3799 4438 Dei

2142 4463 2540 4522 misericordia
2597 4465 2966 4522 contulerat?
3012 4465 3113 4522 llis
3161 4467 3241 4522 ita
3289 4467 3492 4541 gestis,
3529 4468 3678 4540 quia
3723 4471 3798 4526 ad

381 4573 518 4614 cum
549 4558 713 4614 daret
745 4557 804 4611 in
836 4553 1323 4611 celebrationibus
1345 4554 1616 4623 decus,et
1635 4561 1869 4612 ornaret
1891 4561 2032 4613 tem-
2062 4576 2107 4640 Ι)
2140 4554 2253 4611 alia
2277 4555 2593 4622 tendimus,
2630 4554 2689 4610 in
2720 4554 2812 4611 his
2843 4572 3075 4628 quoque
3101 4573 3204 4628 pro
3235 4559 3366 4612 voto
3397 4557 3575 4613 finem
3611 4558 3794 4616 facia-

382 4663 545 4720 pora,
579 4650 645 4702 ut
693 4645 979 4718 scriptum
1028 4646 1118 4699 est
1162 4643 1348 4714 (Ereti.
1381 4660 1553 4710 van,
1591 4645 1702 4716 12),
1737 4661 1922 4717 usque
1955 4648 2026 4701 ad

380 4735 950 4792 consummationem
981 4731 1129 4805 vitae,
1165 4731 1441 4788 recedens
1473 4733 1544 4787 ab
1577 4733 1686 4788 hoc
1731 4733 1938 4790 saeculo
1967 4734 2026 4790 in

374 4824 652 4894 oratorio,
681 4824 836 4896 quod
869 4821 1142 4894 superius
1166 4820 1420 4877 diximus
1443 4821 1597 4877 beati
1622 4823 1772 4877 Petri
1795 4828 2025 4894 aposto-

372 4913 565 4972 lorum
599 4912 882 4986 principis
913 4911 1130 4966 honore
1163 4929 1197 4966 a
1227 4915 1432 4967 sancto
1462 4910 1585 4967 viro
1615 4912 1747 4967 stud
1759 4911 1876 4968 iose
1895 4930 2026 4968 con-

370 5007 683 5071 structum,
699 5018 832 5058 cum
846 5001 1049 5057 eodem
1072 5000 1498 5072 praedecessore
1519 5018 1625 5056 suo
1648 5001 2032 5066 sanctissimo

371 5091 661 5164 condigne
677 5091 931 5147 traditus
943 5095 1032 5146 est
1045 5089 1551 5162 scpulturze.Undc
1573 5108 1804 5164 quoque
1825 5092 2021 5147 ambo-

364 5197 498 5236 rum
528 5181 756 5237 meritis
787 5187 844 5236 et
873 5178 1394 5235 intercessionibus
1427 5181 1499 5234 ad
1549 5178 1783 5236 laudem
1835 5179 2016 5235 divini

369 5270 626 5325 nominis
659 5271 814 5325 idem
847 5269 1010 5324 locus
1039 5285 1108 5322 ex
1127 5287 1192 5324 co
1222 5272 1480 5339 tempore
1507 5269 1835 5340 magnificis
1855 5269 2016 5325 visus

366 5363 457 5416 est
487 5357 790 5414 miraculis
819 5356 1130 5425 effulsisse,
1155 5374 1287 5412 cum
1313 5355 1535 5412 scilicet
1555 5375 1835 5413 crecorum
1862 5359 2012 5414 oeuli

367 5446 646 5502 diuturna
677 5446 925 5519 caligine
957 5445 1165 5517 pressi,
1198 5450 1429 5516 epatam
1469 5446 1727 5518 expulsis
1760 5448 2015 5504 tenebris

366 5532 578 5602 lucem,
609 5535 904 5592 variarum
937 5538 1099 5606 peste
1131 5533 1386 5589 cladium
1439 5534 1782 5606 languentes
1831 5535 2009 5603 exuti,

367 5623 631 5680 attractis
663 5640 894 5694 quoque
925 5622 1117 5679 nervis
1148 5620 1344 5693 plures
1373 5627 1638 5694 repentes
1668 5625 1852 5694 humi,
1881 5643 2011 5682 ncc-

2137 4660 2292 4700 mus.

2212 4733 2327 4788 IIoc
2353 4733 2531 4788 etiam
2561 4749 2674 4787 non
2704 4731 2940 4804 indigne
2972 4732 3192 4805 placuit
3222 4734 3794 4809 inserendum,un

2135 4821 2425 4894 frequenti
2458 4819 2792 4877 testimonio
2823 4820 3128 4895 vulgatum
3161 4823 3353 4879 adhuc
3374 4821 3526 4879 inter
3545 4841 3651 4880 ora
3673 4842 3799 4882 ven

2135 4914 2300 4966 satur
2327 4909 2737 4982 plurimorum.
2769 4911 2850 4964 Ex
2880 4911 3292 4967 transmarinis
3322 4913 3630 4969 Scotorum
3657 4914 3794 4970 fini-

2132 5000 2266 5068 bus,
2301 4999 2408 5055 has
2438 5003 2635 5071 partes
2666 4999 2848 5054 moris
2880 5004 3004 5055 erat
3031 5001 3320 5072 expetisse
3351 4999 3796 5071 multorum,in-

2129 5093 2217 5145 ter
2247 5107 2395 5162 quos
2427 5105 2492 5145 eo
2525 5092 2788 5161 tempore
2814 5087 2908 5159 vip
2940 5089 3195 5160 quadam
3229 5106 3451 5160 pauper
3476 5105 3613 5145 cum
3647 5108 3792 5147 con-

2117 5179 2261 5251 juge
2284 5177 2499 5234 dicitur
2519 5175 2872 5244 accessisse;
2894 5177 3124 5250 antiqui
3148 5177 3306 5233 enim
3331 5179 3614 5250 temporis
3637 5179 3796 5236 mul-

2125 5271 2214 5322 tos
2251 5269 2404 5322 fama
2431 5266 2682 5322 excierat
2711 5283 2828 5321 sure
2859 5266 3052 5338 gentis
3083 5265 3273 5322 virum
3307 5266 3788 5324 sanctissimum.

2125 5355 2477 5427 Scottigenis
2509 5372 2747 5428 peregre
2779 5356 2950 5412 solito
2988 5355 3365 5423 abeuntibus,
3401 5356 3789 5427 potissimum

2123 5445 2536 5516 expetendum.
2583 5443 2746 5498 Unde
2793 5443 2887 5499 hic
2938 5443 3232 5512 conscius,
3269 5449 3335 5500 ut
3382 5461 3584 5500 rumor
3629 5451 3784 5514 erat,

2123 5533 2342 5588 amoris
2374 5535 2430 5588 ct
2453 5531 2674 5605 gratiae,
2709 5549 2823 5588 non
2855 5531 3026 5606 longe
3054 5533 3126 5588 ab
3159 5533 3280 5588 aede
3311 5532 3464 5589 beati
3488 5531 3593 5588 viri
3629 5535 3789 5605 poti-

2122 5628 2218 5679 tus
2234 5619 2488 5694 hospitio
2507 5619 2769 5678 voluerat
2787 5621 3277 5680 mansitare.Huic
3299 5623 3360 5680 in
3377 5622 3550 5680 rebus
3572 5621 3782 5680 dome-
