4028 6172
292 321 469 386 633'

1097 317 1199 380 DE
1242 318 1428 381 VlTA
1474 318 1540 380 S.
1588 316 1991 379 MANSUETI
2036 316 2244 378 LIBRI
2287 316 2469 377 DUO.
2513 349 2590 359 —
2632 314 2776 376 LIB.
2824 314 2902 376 Π.

3584 316 3702 379 634

294 454 463 513 stiois
492 453 703 527 exigua
731 453 919 510 fuerat
948 453 1266 509 admodum
1300 450 1943 524 supellectilis,tantum
1973 453 2029 521 Α
2128 448 2366 507 Interim
2398 448 2547 505 latro
2579 449 2783 505 avidus
2813 448 3095 505 miserum
3126 448 3270 506 illud
3319 448 3535 505 animal
3576 451 3700 523 jam

291 544 447 601 inter
468 545 547 600 rei
566 542 871 600 familiaris
888 543 1336 609 commodagnon
1355 557 1579 613 magna:
1602 540 1945 612 quantitatis

290 634 504 691 solitus
530 632 684 689 alere
716 632 1038 705 porculam,
1060 632 1272 688 futuris
1303 630 1414 685 sibi
1439 647 1706 685 escarum
1740 629 1946 685 usibus

288 723 678 779 inferendam.
713 723 785 778 Ut
815 725 1010 777 autem
1042 720 1256 777 assolet
1286 720 1344 775 in
1378 724 1540 774 tanta
1571 718 1948 773 multitudine

290 810 624 879 hominum,
640 812 890 866 amicam
913 810 1218 866 bestiolam
1244 826 1377 864 cum
1399 808 1702 864 absentem
1726 807 1947 862 diutius

246 892 261 897 ’
289 899 770 972 conspicit,furto
792 898 903 954 sibi
927 898 1220 953 sublatam
1253 914 1472 969 pauper
1504 894 1796 967 intelligit.
1833 895 1947 950 Fu-

293 989 480 1045 rantis
506 991 703 1043 autem
734 1003 1043 1060 personam
1077 1003 1210 1041 cum
1238 1002 1532 1056 nusquam
1559 983 1951 1056 deprehende-

294 1082 402 1145 ret,
426 1076 627 1133 damni
662 1077 750 1132 sui
775 1094 889 1145 non
910 1076 1100 1131 ferens
1121 1074 1598 1148 dispendium,ad
1629 1090 1855 1129 sacram
1875 1090 1947 1127 a3-

293 1166 430 1222 dem
447 1166 719 1234 tendit,et
740 1165 1025 1233 etferis,ut
1047 1166 1354 1220 Scotorum
1388 1167 1599 1218 natura
1620 1161 1949 1232 est,animis

290 1255 523 1311 tumulo
553 1254 737 1309 sancti
772 1272 833 1310 se
864 1257 1137 1309 mmstum
1173 1253 1392 1325 injecit,
1412 1256 1467 1308 et
1487 1252 1724 1324 plenum
1755 1251 1948 1323 queri-

294 1344 605 1411 moniis,et
635 1348 699 1398 ut
729 1342 931 1399 rustici
972 1342 1163 1398 verbis
1213 1341 1490 1414 eloquar:
1517 1341 1561 1397 Ο
1593 1346 1793 1398 sancte
1824 1340 1946 1407 Dei,

292 1434 557 1501 Scotum,
580 1432 918 1504 inquam,tc
948 1433 1187 1487 Scotum
1221 1434 1279 1486 et
1309 1447 1422 1498 me,
1445 1430 1607 1503 genti
1630 1430 1949 1503 Scotigenm

290 1521 583 1595 propitius
615 1520 908 1577 miserere.
929 1521 1019 1575 Me
1048 1519 1280 1575 eminus
1313 1520 1569 1591 positum
1594 1519 1736 1574 forte
1744 1518 1950 1590 juvare

293 1610 616 1678 debueras;
650 1624 781 1665 ecce
811 1624 1052 1682 peregre
1084 1608 1495 1674 constitutum,
1523 1607 1665 1679 quid
1699 1606 1950 1679 aporiari

294 1698 543 1772 pateris;
577 1697 719 1770 quid
742 1698 917 1754 rebus
948 1696 1187 1752 destitui
1210 1695 1544 1769 permittis?
1568 1695 1952 1763 Redde,obse—

295 1803 412 1855 cro,
448 1787 605 1859 quod
635 1786 883 1859 perdidi,
918 1785 1094 1841 redde
1116 1785 1269 1858 quod
1293 1785 1387 1840 fur
1405 1784 1624 1857 impius
1660 1784 1807 1839 forte
1821 1785 1949 1855 jam

296 1877 575 1933 absumit.
598 1875 729 1932 Haec
758 1879 816 1931 et
845 1875 939 1930 his
969 1873 1188 1931 similia
1218 1873 1405 1929 multa
1428 1889 1789 1947 prosequens
1814 1889 1951 1948 pau-

296 1982 398 2040 per
424 1964 545 2034 ille,
578 1964 764 2022 tristis
795 1964 1073 2038 recipitur
1102 1962 1377 2038 hospitio.

2060 539 2209 596 ferro
2238 540 2666 611 praefocaverat,
2689 556 2793 610 spe
2823 539 3085 611 gaudens
3115 538 3419 596 eaturandi
3449 538 3705 611 gutturis

2056 646 2124 685 ex
2152 628 2247 685 his
2278 630 2446 701 quias
2478 630 2630 685 furto
2663 628 2997 700 sublegerat
3038 628 3282 701 rapinis.
3316 630 3431 684 Nec
3461 629 3561 683 diu
3593 630 3708 685 dis-

2057 719 2193 774 tulit
2242 722 2481 773 sanctus
2531 716 2622 772 sui
2673 717 3070 789 querimonias
3120 717 3413 789 pauperis.
3443 719 3589 772 Nam
3644 723 3708 773 ut

2057 808 2342 864 exstincta
2369 808 2559 863 bestia
2589 807 2893 879 tegebatur
2923 805 3202 873 latibulis,
3237 806 3448 862 virtute
3494 807 3703 874 sancti,

2058 896 2199 951 flatu
2257 895 2554 961 redeunte,
2589 895 2648 949 in
2696 895 2873 966 pedes
2919 895 3165 967 erigitur
3214 895 3477 966 furisque
3532 896 3706 951 domo

2056 984 2339 1039 violenter
2385 984 2659 1054 eripitur;
2692 1000 2758 1038 ac
2806 982 3221 1037 contubernale
3265 982 3563 1038 stabulum
3610 983 3705 1038 in-

2057 1091 2281 1147 gressa,
2316 1090 2430 1128 non
2478 1072 2604 1127 sine
2662 1072 2984 1127 multorum
3043 1071 3428 1127 admiratione
3474 1073 3708 1144 proprio

2061 1163 2297 1218 domino
2316 1162 2444 1217 viva
2482 1167 2538 1216 et
2574 1160 2887 1216 incolumis
2919 1160 3265 1216 restituitur.
3282 1161 3377 1222 Sic
3400 1159 3603 1217 delusa
3622 1167 3711 1217 est

2061 1251 2244 1323 iniqui
2279 1250 2425 1307 furis
2456 1246 2866 1322 prmsumptio;
2902 1249 2985 1304 sic
3016 1266 3237 1321 pauper
3282 1252 3575 1305 recreatus
3622 1253 3713 1306 est

2059 1358 2166 1397 suo
2198 1341 2352 1413 quod
2386 1340 2576 1395 fuerat
2606 1356 2818 1412 passus
2846 1338 3004 1411 gravi
3036 1337 3383 1406 infortunio;
3419 1340 3503 1394 sic
3534 1339 3709 1395 etiam

2061 1426 2429 1484 admirabilis
2460 1428 2611 1483 facta
2641 1432 2731 1482 est
2759 1443 2874 1481 non
2899 1430 3129 1482 tantum
3156 1426 3212 1480 in
3240 1428 3513 1483 maximls
3534 1446 3710 1501 quam

2059 1517 2237 1572 etiam
2262 1517 2319 1571 in
2352 1517 2527 1573 rebus
2556 1515 2794 1583 vilibus,
2815 1515 3003 1571 sancti
3036 1517 3350 1588 Mansueti,
3381 1517 3429 1572 si
3464 1517 3577 1574 fide
3607 1536 3710 1590 pe-

2058 1606 2227 1677 titur,
2245 1604 2686 1662 evidentissima
2703 1604 2987 1661 virtus.Si
3010 1605 3145 1678 quis
3162 1622 3295 1662 vero
3334 1606 3471 1662 hnic
3511 1606 3592 1662 rei
3628 1605 3712 1662 in-

2061 1693 2335 1751 credulus
2366 1711 2494 1751 esse
2523 1693 2787 1762 voluerit,
2822 1693 2967 1749 nihil
3018 1699 3220 1751 nostra
3267 1694 3549 1764 intererit,
3574 1713 3709 1751 cum

2059 1784 2169 1839 hoc
2200 1784 2249 1839 si
2271 1783 2523 1839 siscitari
2555 1783 2865 1856 placuerit,
2898 1783 3219 1843 multorum
3252 1785 3443 1843 adhuc
3490 1784 3714 1845 relatio-

2060 1873 2235 1931 nibus
2257 1872 2678 1949 comprobabit.

1491 2344 1831 2430 LIBER
1901 2343 2545 2431 SECUNDUS.

943 2699 1175 2756 CAPUT
1195 2699 1311 2755 XV.

301 2792 497 2864 Incipit
523 2791 846 2863 opusculum
878 2789 1053 2864 libelli
1079 2790 1373 2861 sequentis,
1396 2789 1460 2845 de
1480 2790 1565 2845 his
1586 2806 1704 2862 qua:
1720 2805 1819 2862 per
1833 2805 1959 2845 eum

782 2868 905 2933 post
929 2861 1136 2916 obitum
1164 2868 1310 2932 gesta
1337 2869 1484 2917 sunt.

381 2951 668 3018 Quoniam
703 2951 760 3007 in
791 2948 1099 3006 anterioris
1129 2950 1499 3006 exsecutione
1550 2951 1763 3022 operis,
1788 2953 1962 3022 prout

314 3040 511 3097 divina
540 3038 878 3097 sublimitas
916 3039 988 3094 ad
1021 3039 1366 3095 memoriam
1396 3039 1773 3111 prazsentium
1813 3043 1958 3094 tem-

305 3146 516 3204 porum
556 3129 955 3186 renovandum
1004 3126 1307 3201 exiguitati
1356 3131 1567 3184 nostra:
1612 3128 1958 3199 contulerat,
1994 3123 2037 3190 C

306 3236 496 3293 pauca
551 3235 621 3275 ex
676 3217 946 3291 pluribus
995 3216 1247 3273 breviter
1301 3216 1711 3290 explicuimus,
1745 3234 1813 3273 ea
1850 3216 1962 3273 sci-

308 3308 443 3364 licet
485 3324 613 3380 quze
667 3307 810 3363 dum
858 3309 1122 3362 maneret
1169 3305 1229 3360 in
1275 3322 1534 3378 corpore,
1565 3305 1668 3362 Dei
1716 3309 1806 3361 est
1843 3304 1963 3360 vir-

307 3401 432 3453 tute
485 3399 779 3468 operatus,
812 3393 1049 3451 omissis
1110 3393 1206 3450 hic
1265 3412 1391 3467 qua:
1460 3393 1546 3451 vel
1604 3394 1853 3461 incuria,
1875 3394 1962 3450 vel

309 3485 542 3560 prolixae
572 3484 883 3541 vetustatis
919 3482 1145 3539 desidia
1174 3482 1353 3539 tacita
1378 3487 1519 3539 sunt
1546 3482 1633 3538 vel
1678 3482 1961 3557 neglecta.

307 3576 379 3632 ad
408 3592 479 3632 ea
508 3590 743 3647 quoque
774 3589 899 3645 quae
932 3575 1135 3628 nostra
1163 3576 1330 3628 aetate
1359 3576 1526 3644 gesta
1574 3576 1731 3641 sunt,
1765 3589 1961 3628 susce-

305 3664 390 3738 pti
446 3661 665 3737 negotii
715 3661 979 3718 studium
1039 3664 1489 3730 convertamus;
1524 3678 1651 3733 quae
1698 3660 1966 3716 videlicet

306 3758 471 3811 tanto
531 3752 798 3809 securius
846 3751 1220 3825 proferimus,
1271 3755 1492 3823 quanto
1550 3751 1674 3806 haec
1734 3768 1966 3824 quoque

304 3842 557 3899 vicinius
588 3840 769 3898 fuisse
798 3841 955 3896 facta
980 3839 1106 3896 sine
1138 3840 1315 3895 dubio
1338 3844 1636 3909 tenemus;
1672 3840 1728 3894 in
1756 3839 1964 3912 primis

308 3933 357 3989 si
417 3931 752 4004 quidem....
802 3930 942 3997 sive,
975 3934 1042 3984 ut
1090 3929 1367 3997 diximus,
1396 3928 1701 3984 barbarica
1744 3929 1961 3984 irrum-

306 4025 574 4096 pente....
608 4020 839 4076 feritate
880 4019 1168 4092 gentium,
1194 4036 1297 4075 seu
1346 4018 1523 4073 etiam
1566 4017 1964 4073 celeberrimis

304 4108 459 4166 inter
489 4126 552 4165 se
581 4106 1115 4164 consectationibus
1147 4105 1497 4180 pepulerum
1520 4123 1623 4178 per
1646 4107 1962 4162 succeden-

307 4198 391 4254 tia
419 4202 685 4271 tempora
715 4197 903 4252 isdem
925 4195 1091 4252 locus
1115 4197 1293 4252 rebus
1325 4197 1606 4268 privatus,
1629 4194 1965 4251 munitioni-

305 4288 419 4344 bus
462 4285 805 4359 dissipatus,
831 4302 978 4358 pene
1016 4286 1088 4341 ad
1139 4284 1392 4340 nihilum
1434 4285 1623 4340 fuerat
1670 4285 1963 4350 redactus,

306 4377 638 4448 frequenter
656 4374 833 4431 etiam
863 4374 1119 4433 virorum
1165 4372 1535 4429 saacularium
1581 4372 1965 4429 dominationi

2062 2682 2298 2756 ligionis
2331 2683 2595 2738 ordinem
2628 2683 2942 2740 committit
2973 2687 3388 2757 reparandum.
3424 2688 3531 2753 Qui
3564 2688 3719 2745 vide-

2064 2771 2203 2828 licet
2257 2773 2345 2827 vir
2399 2772 2767 2842 venerabilis,
2800 2778 2865 2829 ut
2912 2777 3035 2829 erat
3076 2773 3576 2847 religiosissimus,
3610 2778 3721 2833 sub

2067 2860 2511 2932 prmpositorum
2529 2878 2705 2917 manu
2720 2861 3140 2918 monachorum
3163 2862 3391 2935 aliquos
3413 2863 3719 2936 delegavit,

2067 2953 2124 3004 et
2153 2950 2292 3022 quia
2313 2949 2429 3005 illis
2458 2950 2751 3021 stipendia
2780 2967 2846 3005 eo
2886 2954 3147 3023 tempore
3187 2948 3427 3007 deerant
3464 2953 3719 3025 propriis

2070 3038 2409 3094 monasterii
2441 3038 2531 3094 sui
2556 3037 2891 3111 sumptibus
2921 3038 3161 3095 alendos
3191 3036 3546 3098 instituerat.

2698 3145 2930 3202 CAPUT
2967 3146 3109 3203 XVI.

2070 3235 2145 3289 De
2192 3234 2426 3307 quadam
2477 3251 2643 3301 cwca,
2674 3250 2799 3318 qna;
2845 3243 2971 3318 ante
3005 3236 3244 3318 jaauam
3292 3238 3434 3293 beati
3461 3237 3725 3296 Mansueti

2679 3307 2994 3363 illuminata
3009 3307 3117 3364 est.

2144 3394 2368 3449 Praefati
2402 3394 2583 3468 igitur
2610 3394 2934 3451 felicissimi
2966 3396 3248 3453 antistitis
3273 3397 3506 3454 Domini
3547 3397 3725 3455 Gauz-

2072 3480 2178 3535 lini
2212 3486 2491 3554 tempore,
2527 3483 2667 3538 dum
2695 3482 2882 3539 isdem
2918 3483 3080 3540 locus
3113 3484 3222 3540 sub
3255 3486 3721 3559 praepositorum,

2073 3573 2139 3625 ut
2184 3570 2461 3638 diximus,
2495 3572 2761 3628 custodia
2819 3576 3035 3645 ageret,
3069 3590 3195 3645 quae
3250 3577 3386 3630 ante
3434 3593 3465 3631 e
3513 3574 3721 3644 vicino,

2071 3658 2159 3714 vel
2193 3664 2324 3731 post
2360 3659 2491 3715 visu
2538 3659 2627 3717 vel
2676 3660 2882 3716 auditu
2932 3660 3300 3733 contigerint,
3334 3663 3479 3719 satis
3523 3664 3600 3718 sit
3639 3664 3726 3719 vel

2072 3765 2261 3821 pauca
2289 3748 2358 3803 de
2407 3748 2611 3803 multis
2663 3750 2953 3821 expedire.
2985 3750 3297 3806 Widonem
3348 3751 3520 3807 istius
3562 3752 3725 3809 urbis

2073 3837 2245 3894 multi
2279 3842 2562 3893 noverunt
2586 3838 2881 3894 comitem.
2916 3838 3019 3893 Hic
3056 3839 3358 3894 vinculum
3409 3842 3723 3913 quemdam

2073 3927 2360 3983 habuerat
2388 3928 2460 3982 ab
2488 3927 2632 3983 urbe
2688 3944 2803 3982 non
2856 3926 3025 4000 longe
3055 3926 3347 3999 positum;
3384 3946 3557 4001 quem
3588 3930 3728 4002 quia

2074 4016 2200 4088 ipse
2230 4020 2655 4084 construxerat,
2672 4032 2860 4087 usque
2880 4015 2938 4070 in
2960 4033 3217 4088 praesens
3240 4020 3471 4090 tempus
3513 4036 3725 4076 nomen

2071 4105 2342 4161 Widonis
2374 4105 2568 4161 habet.
2604 4106 2666 4160 In
2696 4105 2804 4161 hoc
2836 4106 3103 4178 quendam
3127 4106 3341 4162 ancilla
3369 4108 3497 4180 ejus
3515 4109 3722 4178 fuerat,

2074 4212 2201 4266 qua:
2224 4196 2351 4267 jam
2384 4212 2487 4267 pcr
2515 4212 2701 4250 annos
2732 4211 2882 4250 cwca
2913 4199 3136 4267 septem
3182 4197 3580 4268 permanebat,
3603 4197 3725 4254 hinc

2074 4288 2131 4340 et
2158 4284 2469 4356 conjugom
2492 4288 2548 4338 et
2570 4283 2722 4338 filios
2744 4283 2939 4355 potius
2965 4285 3035 4339 ad
3060 4283 3438 4352 calumniam,
3455 4302 3633 4357 quam
3651 4288 3722 4342 ad

2075 4372 2435 4445 adjutorium
2467 4372 2992 4445 possidebat.Quid
3017 4376 3215 4445 ageret
3235 4372 3471 4429 omnino
3504 4373 3723 4430 nescie-

306 4465 629 4545 subjectus.
663 4464 887 4520 Interea
917 4462 1092 4535 longa
1113 4460 1341 4518 evoluta
1371 4478 1603 4533 quoque
1633 4465 1963 4534 temporum
1998 4500 2041 4564 Β
2073 4461 2194 4529 bat,
2229 4460 2491 4518 omnium
2514 4465 2571 4517 et
2601 4460 2852 4517 maxime
2881 4478 3123 4517 suorum
3147 4462 3346 4518 infelix
3368 4466 3572 4534 patens
3595 4480 3726 4518 con-

304 4553 479 4621 serie,
507 4557 640 4626 post
682 4553 1034 4627 Drogonem,
1078 4550 1363 4625 inclytum
1416 4552 1739 4607 Leucorum
1800 4552 1962 4607 urbis

305 4643 948 4716 episcopumtdomnus
982 4639 1259 4697 Goslinus
1296 4640 1681 4697 nobilissimis
1722 4641 1963 4697 Franco-

304 4749 439 4789 rum
458 4730 751 4788 natalibus
778 4735 963 4799 ortus,
979 4730 1196 4803 pietate
1216 4734 1272 4786 et
1287 4728 1566 4802 religione
1583 4729 1958 4801 conspicuus,

305 4821 638 4878 litterarum
671 4820 887 4876 studiis
919 4818 1183 4893 apprime
1214 4819 1500 4887 eruditus,
1533 4834 1638 4891 per
1674 4818 1775 4875 Dei
1828 4836 1958 4891 pro-

303 4909 626 4966 videntiam
656 4909 897 4978 electus,
931 4908 991 4963 in
1022 4908 1131 4964 hac
1182 4908 1318 4963 sede
1360 4912 1450 4963 est
1508 4907 1768 4979 pontifex
1814 4907 1963 4963 ordi-

302 5003 505 5068 natus,
536 4998 637 5071 qui
670 4998 981 5072 diligenter
1007 4996 1228 5053 clerum
1261 4997 1598 5065 instituens,
1626 4996 1780 5052 viros
1822 5014 1959 5069 pru-

307 5089 510 5144 dentes
540 5088 932 5160 undecunque
971 5086 1273 5160 colligens,
1309 5085 1515 5141 urbem
1556 5086 1732 5140 rebus
1779 5087 1958 5153 auxit,

308 5176 597 5250 sapientia
629 5177 942 5246 decoravit,
976 5173 1301 5248 providenti
1345 5173 1782 5246 dispensatione
1832 5191 1959 5229 mu-

308 5266 473 5323 nivit.
494 5266 598 5321 Hic
630 5265 823 5337 itaque
866 5265 1172 5336 praefatum
1196 5263 1390 5318 locum
1422 5261 1687 5330 diversis,
1724 5266 1789 5317 ut
1809 5263 1960 5318 dixi—

307 5372 463 5422 mus,
495 5353 733 5410 casibus
767 5353 1095 5425 lapsantem
1127 5350 1526 5420 considerans,
1561 5351 1743 5406 aseito
1765 5350 1875 5406 sibi
1894 5370 1961 5406 ex

304 5444 429 5500 loco
458 5442 645 5499 sancti
677 5442 814 5514 Apri
845 5441 1196 5498 confessoris
1227 5440 1439 5497 Christi
1473 5438 1709 5513 egregii,
1743 5441 1959 5495 domno

305 5530 765 5589 Herchemboldo
793 5530 943 5604 patri
973 5530 1314 5598 venerabili,
1346 5546 1522 5601 quem
1569 5528 1693 5601 ipsc
1726 5545 1960 5600 quoque

303 5620 426 5677 illic
456 5618 727 5677 abbatem
756 5623 890 5677 ante
920 5619 1321 5686 constituerat,
1349 5617 1545 5674 locum
1571 5616 1729 5674 hunc
1760 5616 1821 5673 in
1869 5635 1956 5676 re-

2074 4554 2318 4623 temptu,
2338 4550 2608 4622 prmsenti
2641 4551 2914 4621 subjectae
2943 4550 3171 4623 inepim.
3216 4552 3439 4607 Interea
3466 4551 3725 4608 instabat

2070 4639 2194 4696 dies
2226 4657 2340 4711 qur
2373 4640 2862 4711 exspectabantur
2887 4640 2947 4695 in
2978 4640 3298 4695 crastinum
3333 4657 3539 4695 annua:
3570 4641 3721 4696 beati

2070 4727 2363 4785 Mansueti
2393 4727 2787 4785 solemnitatis
2816 4729 3050 4801 gaudia.
3074 4730 3225 4785 Tum
3274 4728 3375 4785 illa
3420 4729 3721 4785 inimicam

2070 4818 2387 4874 caecitatem
2420 4820 2741 4891 perferens,
2776 4818 2991 4874 turmis
3041 4836 3102 4875 se
3150 4818 3390 4875 miscuit
3435 4819 3726 4875 conﬂuen-

2070 4908 2240 4976 tium,
2274 4908 2463 4964 alieno
2493 4907 2629 4963 duci
2662 4907 2953 4977 innititur,
2986 4908 3137 4964 beati
3167 4909 3460 4981 pontificis
3480 4909 3721 4966 domum

2069 4996 2442 5070 gemebunda
2471 4995 2819 5069 ingreditur,
2836 4997 3073 5052 fletibus
3104 4998 3344 5071 profusa
3373 4997 3601 5067 faciem,
3635 4998 3721 5053 di-

2068 5086 2214 5141 vinae
2263 5085 2588 5157 majostatis
2645 5086 2902 5141 amicum
2953 5086 3200 5155 invocat,
3254 5086 3415 5143 mitis
3470 5086 3722 5160 pastoris

2071 5175 2388 5230 affuturam
2422 5173 2530 5229 sibi
2565 5173 2933 5231 clementiam
2967 5179 3182 5231 exorat.
3217 5176 3481 5250 Cumque
3512 5178 3569 5232 in
3602 5188 3725 5233 era-

2069 5263 2217 5318 torio
2249 5266 2587 5333 pernoctare
2609 5263 2870 5333 cupiens,
2886 5264 2958 5318 ab
2979 5263 3233 5319 ecclesize
3256 5267 3562 5337 praeposito
3585 5283 3719 5321 cum

2070 5350 2291 5406 creteris
2321 5350 2669 5417 excluditur,
2704 5355 2837 5406 ante
2875 5353 3123 5421 januam
3174 5353 3448 5409 vallatam
3490 5353 3720 5426 populis

2068 5440 2335 5504 excubat,
2366 5439 2589 5494 habens
2636 5438 2693 5493 in
2749 5456 2815 5494 eo
2873 5441 3150 5496 ﬁduciam
3197 5442 3256 5497 in
3308 5458 3483 5514 quem
3534 5447 3718 5498 totam

2070 5531 2325 5584 mentem
2375 5526 2682 5583 direxerat.
2706 5528 2852 5584 Cum
2901 5545 3033 5585 ecce
3092 5533 3258 5585 nocte
3318 5529 3509 5586 media
3567 5530 3719 5587 elata

2066 5634 2203 5677 voce
2234 5618 2349 5679 Deo
2392 5617 2612 5689 gratias
2664 5617 2802 5691 agit,
2836 5617 3163 5679 interventu
3212 5619 3399 5677 sancti
3447 5619 3717 5683 lucernas
