4060 6170
405 219 522 282 635

1507 217 1841 280 ADSONIS
1885 217 2318 280 DERVENSIS
2366 219 2694 284 ABBATIS

3695 223 3814 290 636

403 354 674 410 ardentes
705 353 816 410 sibi
867 357 1061 425 patere
1110 352 1336 416 asserit,
1369 351 1490 416 Eia,
1529 351 1820 422 inquiens,
1855 355 2052 405 sancte
2080 352 2135 416 Α
2165 352 2238 407 ad
2263 351 2548 407 seniorem
2586 353 2905 420 revertiiur,
2937 358 2993 408 et
3013 353 3139 425 jam
3172 370 3353 410 sanus
3385 355 3574 413 factus
3625 357 3814 415 colore

402 443 525 513 Dei,
559 459 770 500 czecam
800 442 1168 509 illuminasti,
1197 442 1491 496 inﬁrmam
1527 439 2054 509 solidasti,tristem

402 532 674 590 reiov-isti.
713 533 935 588 Amodo
960 548 1050 587 me
1073 531 1194 586 tuis
1215 530 1514 602 obsequiis
1537 529 1748 586 habeto
1771 527 2059 586 famulano

401 629 542 692 tem,
576 640 752 695 super
781 639 957 694 quam
1009 625 1170 676 tuam
1227 619 1548 691 potentiam
1595 619 1925 675 ostendisti.
1970 622 2055 676 Ita

401 731 526 786 quae
572 712 761 767 alieno
793 711 939 766 duce
990 714 1242 777 venerat,
1274 709 1494 765 collatae
1544 707 1692 764 lucis
1741 709 2052 764 Auctorem

397 802 581 858 libera
612 801 841 858 rediens
873 799 1148 856 omnibus
1179 797 1550 870 praedicabat.

1008 906 1239 962 CAPUT
1278 904 1449 960 XVII.

528 1003 602 1056 De
629 1000 858 1055 muliere
885 1005 1097 1061 sanata,
1129 1012 1250 1068 qua:
1279 1012 1315 1068 tt
1339 995 1679 1051 d.:cmonibus
1707 1003 1897 1050 vexata

935 1067 1154 1124 sensum
1186 1067 1512 1139 perdiderim

467 1162 800 1234 Stephanus
825 1158 1063 1230 quidam
1094 1158 1263 1213 miles
1294 1155 1446 1212 inter
1487 1173 1626 1210 suos
1655 1173 1771 1211 non
1805 1157 2046 1212 inﬁmus

395 1269 513 1308 non
544 1250 715 1322 longe
746 1249 818 1304 ab
853 1249 994 1303 urbe
1041 1263 1174 1302 rurc
1222 1245 1452 1318 proprio
1485 1247 1921 1312 commanebat;
1950 1247 2046 1302 hic

391 1355 460 1395 ex
504 1337 750 1408 conjuge
799 1334 976 1390 ﬁliam
1027 1337 1348 1404 acceperat,
1382 1349 1559 1405 quam
1609 1337 1805 1388 tenero
1847 1350 2044 1390 amore

393 1427 694 1500 diligebat,
729 1428 803 1490 et,
839 1429 905 1479 ut
936 1423 1081 1479 solet
1111 1421 1298 1478 hostis
1330 1421 1594 1477 chariora
1627 1423 1896 1494 persequi
1929 1423 2042 1480 ele-

389 1520 483 1574 cta
511 1515 886 1581 confundere,
921 1511 1157 1568 incauta
1206 1525 1600 1583 perrumpere,
1644 1510 1895 1582 peccatis
1925 1511 2040 1568 exi-

389 1605 663 1682 gentibus
691 1620 793 1659 vas
824 1600 1026 1675 puella:
1057 1599 1325 1656 diabolus
1356 1599 1700 1672 ingreditur,
1735 1600 2043 1657 confundit

2163 438 2226 495 in
2255 440 2572 513 pristinum
2603 458 2898 521 converso,
2933 443 3275 516 deposuisse
3303 449 3496 502 cutem
3545 447 3817 520 gravisus

2163 531 2248 586 est
2279 528 2430 586 male
2463 529 2832 588 albicantem.

2782 619 3014 678 CAPUT
3051 621 3191 677 XIX.

2561 711 2633 766 De
2661 711 2856 766 clerico
2883 727 2918 766 a
2947 710 3190 782 febribus
3219 719 3417 786 erepto.

2232 797 2330 854 Est
2392 814 2599 870 quo....
2651 799 2870 854 simum
2923 799 3078 856 hunc
3136 801 3374 858 beatum
3421 802 3602 859 vir....
3638 805 3818 862 etiam

2161 887 2413 958 quaesita:
2447 887 2716 944 sanitatis
2748 887 3071 960 saepissime
3104 891 3428 947 remedium
3461 893 3815 964 contulisse;

2159 978 2216 1030 et
2240 980 2304 1030 ut
2337 968 2472 1032 nota
2493 976 2788 1048 replicem,
2821 976 3077 1034 vidimus
3099 996 3163 1034 ex
3186 978 3336 1036 clero
3363 997 3478 1037 non
3502 983 3819 1042 mediocris

2159 1066 2482 1120 secundum
2506 1065 2784 1120 saeculum
2803 1083 3113 1137 personam
3137 1065 3458 1140 dignitatis,
3475 1087 3652 1142 quem
3677 1087 3818 1144 quo-

2158 1169 2270 1224 que
2291 1170 2427 1209 cum
2448 1158 2610 1210 tanta
2632 1155 2720 1210 vis
2743 1154 2992 1210 febrium
3016 1159 3134 1210 toto
3153 1157 3538 1214 tremebundo
3571 1175 3816 1233 corpore

2156 1243 2459 1298 ardentius
2503 1243 2916 1312 inﬂammaret,
2949 1249 3016 1298 ut
3069 1244 3192 1300 dies
3243 1250 3563 1319 noctesque
3604 1265 3814 1320 quam-

2155 1329 2352 1402 plures
2384 1333 2508 1386 sine
2543 1332 2669 1386 cibo
2697 1332 2954 1396 duceret,
2977 1331 3107 1387 vitae
3125 1333 3250 1404 jam
3276 1349 3423 1406 pene
3443 1335 3812 1408 desperatus,

2153 1419 2226 1474 ad
2261 1435 2485 1476 sacram
2519 1420 2780 1475 defertur
2808 1419 2989 1475 sedem
3019 1421 3297 1478 manibus
3345 1422 3812 1494 famulantium;

2152 1509 2492 1581 compositis
2523 1509 2864 1565 stramentis
2895 1525 3065 1565 secus
3088 1509 3241 1565 beati
3268 1527 3431 1566 aram
3454 1511 3702 1570 sedulus
3722 1531 3813 1572 ex-

2152 1598 2396 1654 cubator
2425 1597 2751 1670 exponitur.
2787 1597 2873 1654 Ita
2902 1613 2968 1653 eo
3002 1595 3128 1654 loco
3160 1596 3338 1655 biduo
3384 1606 3814 1672 commoratus,

387 1699 667 1760 mentem,
692 1691 846 1748 tollit
876 1691 1158 1764 vigorem,
1194 1689 1428 1761 penitus
1475 1695 1718 1745 evacuat
1767 1707 2037 1752 sensum.
2071 1721 2122 1789 Β
2150 1686 2319 1760 pulso
2349 1687 2554 1742 ardore
2585 1685 2825 1755 torrido,
2851 1685 2935 1742 sic
2966 1685 3272 1758 praesensit
3299 1703 3471 1760 opem
3502 1691 3812 1750 medicinae

388 1784 495 1842 Illa
514 1786 792 1854 consepta
808 1779 1074 1845 nexibus,
1094 1779 1312 1852 stipata
1331 1777 2039 1847 custodibus,sanctorum

387 1891 419 1929 a
440 1871 784 1946 parentibus
801 1868 964 1924 illata
985 1865 1341 1940 patrociniis,
1359 1868 1598 1924 tandem
1631 1869 1689 1922 in
1721 1867 2037 1926 oratorium

387 1960 574 2018 sancti
623 1957 912 2016 Mansueti
963 1955 1331 2030 perducitur;
1363 1955 1518 2012 intra
1563 1955 1866 2012 basilicam
1903 1974 2038 2015 vero

386 2048 674 2122 permissa
704 2049 1044 2121 pernoctare
1077 2061 1193 2100 uno
1223 2043 1558 2116 superstite,
1585 2045 1802 2117 pressis
1833 2063 2039 2119 sopore

387 2137 632 2204 cazteris,
665 2153 732 2192 ea
762 2139 926 2208 parte
955 2150 1073 2206 qua
1104 2132 1201 2189 illa
1231 2132 1354 2189 solo
1387 2134 1763 2201 decubuerat,
1789 2152 2035 2209 evagan-

385 2231 472 2285 tes
503 2243 682 2298 supra
717 2227 938 2280 tectum
968 2222 1222 2279 ecclesiae
1253 2223 1565 2289 dannones,
1587 2221 1804 2278 mirum
1833 2223 1992 2281 dictu
2017 2225 2030 2280 l

382 2331 552 2372 voces
583 2312 935 2370 ululantium
959 2329 1025 2368 ac
1044 2311 1236 2367 varios
1257 2311 1554 2367 imitantes
1577 2312 1804 2368 sonitus
1825 2313 2038 2370 bestia-

384 2421 515 2461 rum
565 2401 758 2459 mistis
801 2419 937 2458 aera
979 2400 1275 2474 complent
1321 2399 1694 2467 clamoribus,
1731 2403 2034 2474 conquesti

384 2491 616 2566 publice
648 2491 790 2547 nihil
825 2489 938 2546 sibi
979 2495 1033 2546 et
1064 2503 1264 2545 sancto
1298 2489 1621 2558 convenire,
1657 2507 1761 2546 nec
1812 2491 2032 2548 donum

383 2581 594 2638 salutis
625 2597 802 2654 quam
854 2577 967 2652 ipsi
1015 2579 1224 2634 merito
1268 2577 1668 2645 abstulissent,
1695 2579 1813 2635 ullo
1859 2581 2030 2637 modo

381 2688 556 2745 posse
597 2672 908 2742 reportare.
947 2666 1045 2724 Ille
1094 2667 1490 2736 tremefactus,
1524 2671 1759 2725 czsteros
1797 2668 2028 2738 excitat,

381 2764 448 2817 ut
475 2765 535 2818 et
563 2758 675 2832 ipsi
704 2773 874 2815 voces
905 2757 1269 2830 perciperent
1297 2773 1445 2828 quas
1489 2755 1586 2812 ille
1635 2756 1930 2814 audiebat.
1959 2759 2032 2814 At

377 2866 510 2906 vero
543 2847 626 2903 illi
659 2864 795 2904 cum
837 2863 940 2919 per
966 2844 1190 2917 aliquot
1218 2843 1392 2900 horas
1427 2843 1619 2916 palam
1651 2843 2026 2915 insultarent,

377 2938 594 3012 egressi
645 2935 963 2992 terroribus
1011 2935 1320 2990 daemones
1345 2932 1599 3007 fugiunt,
1631 2932 1886 3005 puellam
1937 2935 2030 2990 de-

377 3029 600 3093 serunt,
631 3023 842 3079 virtute
861 3022 1056 3078 sancti
1092 3020 1359 3093 protinus
1409 3025 1798 3090 evanescunt;
1832 3021 2028 3094 puella

2147 1775 2456 1838 salvantis,
2487 1779 2552 1832 ut
2580 1775 2765 1832 libera
2795 1773 3074 1832 facultate
3103 1775 3346 1832 domum
3391 1777 3609 1835 rediret
3654 1780 3811 1840 inco-

2146 1865 2347 1931 lumis,
2381 1883 2414 1921 a
2456 1881 2572 1938 qua
2613 1864 2776 1938 prius
2825 1863 3014 1920 elatus
3061 1864 3254 1921 fuerat
3299 1880 3514 1938 passus
3543 1867 3806 1941 ignifera;

2145 1957 2437 2010 tormenta
2468 1952 2778 2027 passionis.
2810 1953 2924 2010 Nec
2953 1951 3014 2008 in
3043 1951 3154 2025 hoc
3180 1951 3303 2010 solo
3331 1953 3521 2012 virtus
3566 1961 3806 2016 ostensa

2146 2047 2235 2100 est
2251 2041 2594 2115 hujusmodi
2613 2041 2849 2098 morbos
2869 2040 3344 2112 excludendi,sed
3366 2047 3522 2101 certe
3541 2045 3790 2120 frequen

2144 2131 2372 2188 tissime
2402 2131 2510 2187 hoc
2550 2147 2764 2204 angore
2789 2147 3023 2204 pressos
3053 2131 3389 2204 aspeximus
3423 2133 3612 2190 sancti
3652 2153 3797 2208 pon-

2143 2221 2320 2278 tiﬁcis
2350 2219 2631 2278 auxilium
2659 2219 3021 2292 implorasse,
3057 2235 3206 2292 quos
3237 2219 3508 2277 alacriter
3553 2223 3799 2298 contigit

2143 2312 2351 2383 optatae
2382 2307 2806 2366 incolumitatis
2835 2305 3049 2382 gaudia
3078 2313 3425 2380 reportasse.
3443 2308 3501 2365 Si
3535 2311 3631 2366 cui
3665 2329 3797 2369 vero

2142 2402 2262 2455 tam
2293 2399 2410 2454 cita
2437 2397 2598 2455 salus
2626 2414 2742 2454 non
2773 2396 3112 2463 occurrerit,
3130 2395 3277 2454 sciat
3295 2395 3383 2454 vel
3406 2415 3520 2455 non
3553 2401 3788 2470 mereri,

2115 2488 2228 2545 -vel
2254 2487 2450 2560 potius
2479 2487 2538 2542 in
2565 2489 2901 2560 provectum
2934 2485 3173 2542 differri.

2211 2577 2426 2633 Eodem
2462 2577 2576 2632 fere
2605 2579 2934 2648 tempore...
2969 2579 3028 2631 to
3060 2590 3293 2648 quoque
3337 2575 3510 2633 miles
3559 2578 3797 2636 notissi-

2140 2683 2462 2722 mus........
2497 2665 2686 2721 fuerat
2724 2663 3028 2734 oriundus,
3065 2663 3249 2736 hujus
3295 2664 3546 2738 gratiam
3603 2670 3791 2725 sancti

2139 2754 2434 2828 pontificis
2481 2758 2571 2810 est
2615 2751 2863 2826 pleniter
2891 2755 3184 2825 expertus.
3217 2752 3326 2820 Qui
3355 2752 3629 2812 videlicet
3658 2773 3792 2813 cum

2136 2848 2292 2902 esset
2337 2843 2398 2900 in
2447 2843 2622 2900 rebus
2671 2839 3027 2897 militaribus
3057 2844 3338 2898 strenuus
3366 2845 3427 2897 et
3455 2847 3786 2918 promptus,

2138 2948 2253 2990 non
2285 2932 2483 2989 minus
2511 2934 2707 2987 tamen
2738 2933 2864 2986 erat
2891 2928 3008 3004 fide
3033 2933 3094 2988 et
3121 2929 3380 2988 bonitate
3409 2931 3786 3006 conspicuus.

2135 3022 2240 3080 Hic
2303 3021 2560 3078 irruente
2616 3018 2871 3075 febrium
2930 3023 3112 3091 peste,
3175 3034 3324 3092 pene
3399 3019 3475 3076 ad
3531 3025 3791 3079 extrema

377 3113 565 3186 surgit
590 3111 794 3177 libera,
819 3115 876 3166 et
904 3113 1168 3183 reparato
1197 3125 1374 3165 sensu
1397 3125 1596 3166 secum
1620 3109 1748 3182 ipsa
1779 3110 2026 3168 miratur
2053 3087 2098 3164 C
2137 3111 2495 3184 perducitur,
2527 3113 2703 3182 atque
2730 3107 2968 3164 amissis
3012 3087 3196 3164 totius
3240 3106 3464 3165 viribus
3505 3111 3788 3184 corporis,

378 3202 593 3276 quibus
623 3200 840 3256 tradita
870 3199 1060 3255 fuerat
1090 3197 1365 3252 inimicis.

973 3286 1200 3344 CAPUT
1235 3281 1434 3345 XVII‘;

927 3378 1004 3433 De
1031 3376 1238 3450 leproso
1265 3383 1472 3432 curato.

444 3467 568 3524 Alio
601 3483 832 3540 quoque
861 3470 1123 3538 tempore
1153 3463 1496 3536 elephantis:
1527 3465 1769 3537 quidam
1821 3467 2024 3523 morbo

375 3556 688 3633 percussis,
709 3555 878 3629 cujus
913 3554 1067 3611 cutis
1099 3553 1285 3609 instar
1308 3551 1746 3626 nivis,speciem
1778 3557 2023 3628 praeten-

373 3648 538 3705 derat
565 3645 964 3719 pmnitentcm,
982 3647 1102 3700 toto
1133 3641 1400 3714 trepidus
1429 3658 1667 3716 corpore
1689 3644 1843 3700 beati
1868 3643 2024 3700 Man-

374 3735 524 3793 sueti
584 3731 932 3805 suﬁ‘ragium
991 3729 1222 3785 censuit
1269 3729 1676 3802 expetendum.
1714 3732 1838 3797 Quo
1885 3747 2022 3787 cum

373 3823 750 3896 pervenisset,
782 3819 1126 3894 praepositus
1157 3817 1410 3874 ecclesia:
1436 3817 1599 3874 visus
1629 3822 1718 3874 est
1745 3835 1850 3892 pro
1882 3819 2022 3875 fori-

372 3913 484 3969 bus
515 3912 806 3976 astitisse;
841 3911 1010 3981 cujus
1055 3907 1149 3964 ille
1189 3907 1429 3980 cupiens
1477 3907 1724 3980 pedibus
1757 3924 2024 3979 procum-

374 4001 530 4066 bere,
561 3999 723 4055 visus
751 4003 840 4054 cst
869 3999 1008 4070 quid
1040 3996 1232 4067 vellet,
1265 4000 1366 4052 aut
1396 3995 1537 4068 quid
1568 4001 1851 4070 quaereret
1878 3997 2024 4054 indi-

374 4103 526 4144 care.
579 4089 651 4142 At
707 4086 802 4142 ille
837 4104 848 4141 :
885 4086 1002 4141 Heu
1079 4102 1192 4153 me,
1242 4085 1452 4156 inquit,
1503 4085 1805 4154 miserum,
1857 4087 2022 4144 vivus

375 4175 809 4248 quodammodo
842 4174 1086 4230 artubus
1109 4173 1267 4228 omni
1289 4190 1356 4228 ex
1391 4178 1554 4246 parte
1576 4180 2018 4246 pramortuum,

373 4264 465 4321 cui
497 4263 615 4320 vita
643 4261 703 4318 in
735 4263 923 4335 pcnnis
953 4261 1204 4326 ducitur,
1226 4278 1358 4317 caro
1389 4260 1672 4318 lethiferis
1704 4265 2020 4337 angoribus

372 4351 732 4410 coarctaturl
761 4352 845 4407 Ad
877 4351 986 4406 hoc
1017 4350 1172 4406 enim
1203 4351 1356 4418 veni,
1381 4354 1446 4406 ut
1468 4353 1653 4408 sancti
1687 4352 1886 4426 hujus,
1912 4355 2019 4411 etsi

2135 3199 2280 3257 nihil
2311 3199 2422 3256 sibi
2453 3211 2780 3271 superesse,
2812 3195 2926 3252 nisi
2957 3200 3206 3252 mortem
3253 3195 3506 3254 vicinam
3555 3200 3790 3273 conspi-

2133 3293 2318 3348 catur.
2349 3287 2497 3356 Quid
2549 3285 2924 3360 potissimum
2975 3284 3310 3342 faciendum
3360 3289 3534 3354 esset,
3587 3293 3788 3345 mente

2133 3379 2380 3436 confusa
2427 3376 2788 3432 versabatur.
2840 3371 3056 3430 Vitalia
3113 3389 3325 3430 exosus
3379 3373 3678 3447 alimenta,
3731 3381 3788 3432 et

2134 3465 2348 3541 quietis
2397 3463 2732 3538 impatiens,
2767 3465 2838 3520 de
2893 3461 3018 3519 sola
3065 3465 3253 3519 morte
3293 3461 3608 3537 cogitabat.
3639 3464 3789 3521 Cum

2131 3574 2262 3614 ecce
2309 3554 2461 3610 inter
2514 3551 2814 3610 lethiferos
2869 3549 3121 3607 febrium
3173 3550 3487 3621 anhelitus,
3520 3557 3580 3610 et
3638 3554 3790 3627 ignis

2131 3641 2742 3716 ardentisj'stridentia
2796 3639 3088 3708 acumina,
3115 3639 3295 3696 menti
3323 3639 3556 3716 ‘incidit
3600 3645 3788 3700 sancti

2131 3737 2311 3808 hujus
2359 3736 2622 3805 expetere
2667 3729 3021 3804 perfugium,
3071 3733 3129 3785 et
3172 3729 3338 3786 vobis
3387 3731 3788 3804 prmeuntibus

2131 3823 2444 3897 implorare
2473 3819 2843 3892 suffragium.
2876 3817 3202 3874 Adducitur
3220 3818 3403 3892 igitur
3419 3825 3625 3878 vectus
3651 3822 3787 3879 sub.

2131 3913 2281 3970 sidio
2330 3909 2716 3974 servulorum,
2749 3908 3169 3981 ingressusque
3211 3907 3500 3982 templum
3548 3926 3786 3966 venera-

2130 4001 2267 4070 bile,
2300 3999 2575 4072 imposito
2616 3995 2820 4053 cervici
2849 3995 3337 4069 vinculo,‘sancto
3383 4015 3446 4055 se
3487 4014 3556 4054 ex
3607 3999 3787 4056 libero

2132 4091 2192 4146 in
2243 4104 2476 4146 cervum
2535 4086 2784 4154 dedicat,
2817 4091 2877 4142 et
2918 4089 3118 4142 votum
3177 4085 3449 4143 censuale
3497 4087 3594 4144 die
3634 4093 3786 4145 certo

2131 4180 2388 4235 devovet.
2422 4177 2633 4248 Sicque
2691 4177 2860 4230 nocte
2904 4173 3004 4230 illa
3055 4179 3188 4230 ante
3233 4191 3396 4231 aram
3442 4175 3785 4248 provolutus

2129 4267 2378 4324 excubat
2407 4268 2584 4338 atque
2615 4263 2674 4320 in
2707 4263 3032 4318 crastinum
3064 4263 3220 4319 inter
3249 4279 3418 4320 sacra
3465 4263 3781 4322 missarum

2130 4351 2436 4417 solemnia,
2473 4350 2650 4407 livido
2699 4351 2826 4422 jam
2886 4349 3080 4406 furore
3129 4355 3354 4420 erutus,
3379 4353 3625 4408 domum
3672 4371 3783 4426 qua

372 4459 486 4500 non
521 4458 764 4504 merear,
797 4439 885 4496 vel
917 4455 1123 4512 parum
1175 4439 1414 4496 remedii
1464 4439 1743 4498 beneﬁcio
1777 4443 2020 4500 Deitatis
2049 4457 2098 4524 D
2126 4447 2327 4501 vectus
2359 4441 2564 4510 fuerat,
2593 4439 2742 4496 liber
2770 4439 3080 4496 revertitur
3109 4443 3166 4496 et
3181 4457 3388 4507 sanus;
3424 4458 3539 4498 non
3563 4442 3782 4500 oblitus

370 4531 676 4603 attingam.
709 4531 792 4586 Ad
825 4546 999 4602 quem
1031 4527 1224 4584 senior
1251 4529 1441 4600 specie
1465 4528 1842 4586 intentantis:
1870 4532 2019 4599 Quid
2130 4539 2262 4608 post
2287 4533 2408 4588 haec
2439 4527 2722 4602 ereptoris
2751 4527 2844 4586 sui
2875 4528 3164 4598 beneficii,
3191 4545 3307 4602 quo
3334 4536 3456 4586 tam
3485 4531 3782 4590 evidenter

370 4619 572 4688 habes,
603 4618 816 4692 inquit,
849 4619 1053 4674 offerre
1082 4617 1140 4672 in
1174 4617 1471 4672 donariis?
1501 4617 1605 4674 Cui
1633 4618 1750 4688 ille,
1783 4625 2018 4678 ostensa

369 4707 638 4782 protinus
666 4707 1009 4764 summitate
1040 4722 1156 4778 qua
1207 4705 1509 4778 tegebatur
1533 4707 1712 4764 vestis
1747 4725 1760 4763 :
1789 4708 1893 4776 En,
1929 4710 2016 4766 in-

371 4813 572 4870 quam,
587 4796 728 4853 salis
755 4796 1031 4869 exiguum
1055 4793 1424 4850 sublevanda;
1454 4793 1663 4867 inopiae
1686 4795 2020 4856 miserantis

369 4887 556 4961 gratia
610 4886 1021 4942 condonatum.
1084 4883 1262 4952 Vade,
1317 4883 1526 4958 inquit,
1574 4901 1816 4942 sumens
1874 4887 2018 4944 illud

369 4975 554 5032 sacris
583 4975 971 5030 inferendum.
1001 4972 1102 5028 His
1132 4971 1304 5030 dictis
1327 4977 1487 5029 ratus
1507 4972 1601 5030 ille
1624 4980 1890 5031 accurate
1910 4975 2024 5032 ista

369 5063 481 5120 sibi
502 5063 722 5136 juberi,
750 5081 876 5136 qua:
902 5063 1010 5119 sub
1041 5061 1298 5118 ludentis
1327 5062 1532 5118 habitu
1553 5062 1781 5136 prolata
1809 5064 2014 5122 audie-

367 5156 476 5220 rat,
505 5153 750 5209 festinus
776 5151 1060 5226 templum
1085 5150 1428 5224 ingreditur,
1453 5151 1673 5208 donum
1700 5153 1842 5210 salis
1878 5159 2016 5210 ante

369 5257 531 5298 aram
579 5241 894 5314 perfundit,
928 5239 1052 5313 ipse
1098 5239 1156 5295 in
1202 5257 1401 5312 preces
1449 5243 1880 5313 prosternitur:
1914 5243 2014 5316 qui

369 5329 490 5385 solo
515 5329 830 5398 decubans,
867 5329 1058 5386 subito
1082 5331 1246 5402 quasi
1273 5329 1476 5403 pedem
1510 5332 1868 5390 transeuntis
1891 5350 2016 5388 sen-

368 5417 446 5474 sit
469 5419 640 5474 dorso
671 5417 980 5491 vestigium
1014 5417 1400 5490 impressisse.
1437 5419 1582 5476 Hinc
1613 5420 1877 5480 concitus
1921 5440 2011 5480 as-

368 5521 788 5578 surgens,cum
819 5506 1112 5567 neminem
1145 5507 1602 5581 circumquaque
1633 5512 2009 5584 conspiceret,

2127 4622 2200 4679 ab
2230 4620 2349 4677 illis
2379 4617 2730 4676 stridoribus
2755 4621 3047 4674 meruerat
3076 4614 3316 4674 absolvi.

2199 4711 2478 4767 Praeterea
2507 4705 2968 4764 innumerabiles
3003 4723 3110 4764 nos
3136 4707 3354 4765 vidisse
3399 4709 3779 4768 meminimus

2127 4797 2471 4872 hujusmodi
2494 4795 2899 4854 vexationibus
2929 4797 3194 4870 detritos,
3228 4797 3328 4870 qui
3359 4797 3617 4854 ﬂammis
3643 4798 3778 4856 stri-

2130 4888 2404 4947 dentibus
2435 4886 2570 4942 totis
2601 4884 2770 4942 effusi
2802 4902 3112 4959 corporum
3141 4886 3365 4943 viribus
3415 4885 3609 4942 solum
3657 4887 3776 4944 exi-

2130 4983 2258 5035 tum
2290 4975 2661 5044 meditantes,
2695 4973 2875 5047 hujus
2905 4974 3132 5031 meritis
3174 4979 3233 5030 et
3279 4974 3538 5048 potentia
3566 4975 3775 5045 sancti,

2124 5065 2401 5124 redierint
2431 5065 2502 5120 ad
2534 5063 2769 5137 propria
2817 5063 2944 5120 sani
2985 5067 3042 5120 et
3089 5063 3414 5120 incolumes
3451 5063 3611 5121 facti.
3645 5067 3776 5132 Quae

2124 5154 2324 5212 omnia
2368 5152 2418 5210 si
2465 5151 2714 5209 velimus
2767 5151 2934 5226 plene
2983 5151 3278 5226 prosequi,
3313 5156 3450 5209 ante
3507 5151 3780 5210 deficient

2125 5245 2294 5301 nobis
2326 5248 2610 5314 tempora,
2640 5259 2818 5314 quam
2849 5242 3122 5297 universa
3173 5241 3470 5316 magnalia
3515 5242 3650 5314 ejus
3689 5258 3776 5296 va-

2123 5332 2280 5390 leant
2308 5329 2519 5388 litteris
2551 5329 2988 5402 comprehendi.

2193 5423 2413 5494 Tamen
2437 5420 2486 5478 si
2507 5417 2780 5492 cupimus
2810 5418 2990 5492 hujus
3013 5418 3198 5478 nostri
3225 5417 3570 5492 protectoris
3605 5417 3773 5475 meri.

2120 5513 2198 5570 tis
2227 5510 2482 5586 provehi,
2516 5507 2814 5566 beneﬁciis
2842 5509 3124 5581 adjuvari,
3159 5526 3266 5568 nos
3297 5509 3368 5566 ab
3423 5509 3552 5581 ejus
3583 5507 3768 5566 laudi-
