4028 6172
184 277 292 339 637

967 284 1068 345 DE
1110 285 1290 347 VITA
1342 287 1406 347 S.
1454 287 1859 351 MANSUETI
1903 290 2111 353 LIBRI
2154 294 2333 355 DUO.
2384 331 2460 342 --
2499 298 2646 361 LIB.
2695 300 2773 363 II.

3457 312 3577 376 638

178 415 284 471 bus
313 418 371 470 et
401 413 700 487 obsequiis
730 432 846 472 non
879 420 1146 474 convenit
1192 426 1449 477 exsortes
1499 422 1761 493 deputari
1801 441 1812 477 :
1846 425 1900 489 Α
1930 426 2158 482 stabulo
2188 431 2439 501 proprio,
2475 432 2688 490 virtute
2721 436 2782 491 B.
2818 439 3111 508 pontificis
3152 440 3454 501 celerrime
3488 465 3575 505 re-

177 504 328 575 quod
354 502 415 558 in
446 521 563 559 uno
596 504 719 561 solo
752 505 921 562 facile
949 512 1039 563 est
1070 509 1445 581 deprehendi,
1481 513 1635 583 quod
1678 530 1820 569 con-

172 608 386 665 gruum
420 594 696 650 duximus
731 596 994 669 adjungi.

240 683 506 749 Quodam
541 686 820 756 tempore,
857 689 922 740 ut
952 687 1135 742 moris
1166 692 1255 743 est
1289 688 1663 755 rusticorum,
1689 692 1819 762 qui-

169 772 303 827 dam
333 774 705 828 Barrcnsium
736 774 993 845 partium
1021 793 1134 831 non
1160 794 1333 848 parvo
1356 794 1599 834 numero
1618 781 1820 835 rustici

167 877 344 935 grege
390 863 560 929 facto,
596 868 850 936 sumptis
904 865 1210 932 vehiculis,
1263 870 1319 922 et
1368 883 1563 922 rerum
1613 868 1818 940 copiis,

165 951 324 1006 vicos
358 953 716 1023 expetierant
744 952 1077 1009 Salinarum
1121 956 1650 1024 (l’ic-aux-Salines)
1678 976 1689 1023 ;
1725 959 1820 1013 da-

164 1041 364 1112 tisque
396 1042 454 1095 in
484 1042 909 1113 coemptionem
944 1060 1138 1098 rerum
1168 1043 1461 1099 venalium
1513 1052 1816 1101 convecta-

164 1131 457 1197 tionibns,
487 1131 557 1185 ad
592 1148 698 1185 sua
730 1132 917 1187 redire
947 1133 1269 1204 cupientes,
1306 1131 1446 1188 salis
1469 1136 1819 1191 commercia

165 1220 581 1285 referebant,et
604 1222 728 1292 jam
761 1238 829 1276 ex
863 1221 1117 1277 maxima
1147 1224 1309 1294 parte
1340 1223 1564 1294 expleto
1586 1223 1815 1291 itinere,

164 1308 449 1364 Guudulﬁ
478 1309 677 1365 villam
703 1309 1089 1377 (Gomlrcville)
1112 1311 1561 1384 transgressi,ad
1589 1312 1814 1369 alveum

164 1398 424 1455 Mosellae
457 1416 588 1453 cum
606 1398 703 1454 illa
724 1417 831 1454 sua
846 1400 1027 1454 rheda
1045 1399 1379 1471 squalentes
1401 1400 1594 1457 labore
1614 1403 1816 1459 rustici

163 1488 692 1561 pervenerunt.Ubi
725 1489 957 1560 objectu
988 1490 1392 1544 transmeandi
1426 1490 1687 1546 ﬂuminis
1710 1491 1815 1548 ali-

163 1576 521 1649 quantulum
553 1575 997 1641 intricati,aloci
1026 1576 1409 1633 illiusincolis
1438 1579 1661 1635 duriter
1675 1587 1816 1637 sunt

162 1665 398 1732 invecti,
432 1682 539 1721 cur
563 1681 630 1720 eo
661 1666 755 1720 die
781 1663 1065 1721 rotalibus
1107 1666 1336 1723 actibus
1380 1667 1723 1725 insudantes
1753 1670 1814 1727 in

1930 520 2223 572 vocatum.

2002 605 2276 663 Gloriosa:
2326 627 2458 667 vero
2509 618 2569 668 et
2614 614 2796 671 felicis
2847 616 2903 671 in
2951 624 3232 677 aeternum
3281 626 3575 681 memoria:

1929 694 2181 751 domnus
2212 698 2487 755 Gozlinus
2534 720 2685 776 saepe
2731 705 2925 761 dictus
2975 709 3307 782 episcopus,
3341 714 3456 784 piis
3508 733 3575 770 ac

1929 784 2323 841 sanctissimis
2354 790 2627 859 operibus
2678 796 3054 865 approbatus,
3089 798 3297 869 plenus
3346 803 3573 858 dierum

1928 875 1983 925 et
2016 872 2302 929 bonarum
2318 877 2603 934 virtutum
2623 881 3102 953 insignibus,suze
3122 887 3419 959 complens
3434 894 3576 946 tem-

1926 977 2068 1030 pora
2099 962 2471 1036 vitze,magno
2504 984 2747 1024 mmrore
2769 974 2825 1025 et
2850 970 3008 1027 luctu
3033 975 3575 1049 omnium,quadra-

1926 1048 2150 1120 gesimo
2182 1058 2389 1122 quarto
2407 1054 2789 1112 ordinationis
2810 1078 2926 1113 sua:
2949 1078 3100 1117 anno
3119 1064 3346 1121 delatus
3370 1084 3403 1121 a
3419 1068 3570 1124 clero

1926 1144 1983 1193 et
2016 1140 2226 1211 populo
2259 1141 2319 1195 in
2352 1143 2693 1201 Buxuriensi
2728 1149 3012 1219 cmnobio,
3038 1152 3192 1222 quod
3226 1152 3349 1224 ipse
3382 1172 3416 1209 a
3448 1155 3575 1211 fun-

1925 1228 2218 1285 damentis
2236 1229 2404 1304 longe
2418 1239 2552 1289 ante
2566 1239 2985 1306 construxerat,
2996 1239 3408 1311 dignissimam
3423 1243 3574 1300 sicut

1924 1313 2119 1370 vivens
2144 1317 2639 1392 jusserat,acc§pit
2673 1324 3039 1395 sepulturam
3065 1326 3216 1383 inter
3245 1330 3449 1386 choros
3466 1332 3574 1387 vir-

1924 1402 2150 1474 ginum,
2186 1423 2331 1478 quas
2364 1406 2479 1463 illic
2512 1409 2708 1481 plures
2745 1430 2987 1470 numero
3019 1418 3146 1471 vitae
3194 1418 3568 1478 districtioris

1923 1500 2355 1566 aggregaverat,
2390 1495 2580 1571 longis
2609 1500 2837 1556 saeculis
2870 1503 2929 1558 in
2963 1503 3063 1558 Dei
3098 1503 3374 1564 laudibus
3403 1524 3568 1565 cxco-

1922 1578 2365 1655 Iendam.Cujus
2397 1586 2521 1643 dies
2550 1589 2929 1661 depositionis
2948 1593 3179 1649 vnldus
3211 1595 3569 1667 Septembris

1922 1668 2135 1758 agitur,
2169 1673 2278 1729 sub
2309 1675 2550 1732 obtentu
2581 1678 2681 1734 Dei
2713 1679 3014 1753 genitricis
3045 1685 3102 1739 et
3140 1690 3430 1758 perpetuae
3454 1688 3567 1742 vir-

162 1754 311 1809 tanti
338 1753 525 1810 Patris
542 1771 669 1826 quae
684 1770 753 1810 ea
768 1753 859 1810 die
882 1771 1079 1811 annua
1095 1755 1395 1812 colebatur
1420 1755 1809 1827 solemnitate,
1843 1794 1892 1858 Β
1923 1756 2076 1829 ginis
2107 1759 2301 1818 Maria:
2334 1763 2391 1820 in
2425 1765 2705 1823 saeculum
2736 1753 3154 1841 permanentis:

159 1846 445 1915 tanquam
478 1841 809 1915 agrestibus
840 1842 1062 1899 animis
1111 1845 1442 1900 communis
1495 1844 1706 1901 laetitiae
1751 1864 1813 1904 se

162 1935 511 2004 paterentur
532 1949 645 1987 non
678 1947 807 1988 esse
836 1932 1387 1989 consortes.Rnstici
1418 1933 1541 1990 haec
1562 1950 1592 1991 e
1613 1940 1814 1992 contra

163 2019 437 2076 ludibriis
468 2020 1354 2093 prosequuntur,dicentes,hzec
1382 2039 1548 2079 sacra
1577 2023 1650 2079 ad
1682 2024 1813 2082 illos

165 2126 279 2165 non
307 2099 618 2181 pertinere,
654 2126 758 2165 nec
789 2109 1113 2182 quidquam
1158 2127 1293 2166 cum
1341 2111 1449 2166 hac
1478 2111 1813 2171 celebritate

167 2198 381 2254 habere
406 2214 738 2265 commune,
775 2214 950 2271 quam
986 2198 1126 2254 solis
1167 2200 1531 2257 Leuchorum
1581 2203 1813 2275 populis

166 2290 409 2343 nossent
435 2286 693 2345 debitam
726 2292 784 2343 et
811 2286 965 2342 votis
996 2286 1266 2343 civilibus
1291 2289 1687 2346 excolendam.
1710 2293 1811 2348 His

168 2376 247 2432 ita
278 2375 702 2432 contumaciter
726 2376 1179 2448 persistentibus
1210 2376 1355 2432 ultio
1386 2377 1582 2434 divina
1610 2397 1811 2451 prose-

172 2465 387 2537 quitur,
405 2465 554 2520 mira
584 2464 849 2521 dicturus
879 2467 1227 2521 sum.Tanta
1256 2466 1448 2522 subito
1481 2468 1668 2524 rabies
1701 2470 1809 2525 mi-

167 2554 312 2609 seris
344 2554 463 2609 illis
495 2552 853 2610 animalibus
881 2553 1167 2621 incubuit,
1203 2560 1269 2609 ut
1298 2573 1361 2610 se
1391 2555 1634 2612 invicem
1668 2574 1808 2613 con-

167 2644 338 2699 certis
372 2643 657 2699 cornibus
706 2646 1067 2716 appeterent,
1101 2648 1159 2700 et
1206 2645 1433 2700 cunctis
1474 2632 1808 2704 videntibus

166 2731 485 2788 maximum
518 2736 796 2788 terrorem
828 2732 1174 2788 incuterent.
1342 2718 1357 2733 ’

231 2821 497 2877 Infelices
527 2838 659 2877 vero
691 2821 892 2877 rustici
922 2838 1069 2894 pene
1101 2821 1174 2877 ab
1219 2822 1496 2879 humanis
1536 2825 1808 2882 sensibus

164 2910 524 2976 excedentes,
547 2908 1013 2982 circumquaque
1040 2910 1372 2984 vagabundi
1406 2911 1692 2981 feruntur,
1714 2919 1808 2970 bo-

165 3006 371 3071 vesque
402 2998 554 3053 versi
586 2997 645 3052 in
679 2996 992 3054 amentiam
1027 3015 1228 3070 pmnas
1279 3016 1520 3055 suorum
1568 2999 1806 3058 luerunt

165 3088 552 3143 dominorum.
586 3086 657 3141 At
686 3084 769 3141 illi
802 3086 861 3141 in
895 3086 1111 3158 quibus
1141 3087 1356 3160 vigoris
1388 3089 1565 3144 animi
1583 3088 1802 3163 aliquid

2552 1854 2785 1913 CAPUT
2820 1857 2933 1916 ΧΧ.

1920 1935 1997 1991 De
2025 1937 2112 1994 his
2143 1956 2264 2012 qum
2293 1951 2411 2027 ach
2440 1952 2569 2027 sunt
2584 1946 2738 2027 ρεαιί
2764 1947 3030 2027 ﬂammati
3067 1952 3297 2027 meritis,
3334 1961 3567 2027 tempore

2357 2014 2547 2071 damni
2576 2017 2804 2074 ϐατανιῆ
2829 2022 3123 2091 pontiﬁcis.

1996 2098 2069 2154 Ut
2108 2117 2240 2157 vero
2290 2103 2482 2161 adhuc
2533 2112 2870 2179 competens
2918 2108 3174 2165 historiae
3223 2117 3433 2169 nostra:
3484 2115 3565 2170 rei

1920 2186 2134 2245 veritas
2164 2195 2221 2246 et
2248 2192 2390 2249 ordo
2420 2200 2833 2268 consequatur,
2869 2197 3047 2270 hujus
3097 2202 3481 2258 sanctissimae
3510 2208 3568 2260 et

1922 2275 2276 2335 intemeratae
2307 2280 2551 2355 virginis
2583 2285 2777 2340 Maria:
2811 2291 3105 2359 prmeunte
3146 2291 3335 2362 gratia
3366 2297 3423 2348 et
3450 2292 3564 2347 vir-

1920 2366 2063 2433 tute,
2097 2385 2321 2424 necnon
2355 2376 2411 2426 et
2436 2373 2589 2428 beati
2622 2377 3066 2449 protomartyris
3100 2378 3381 2451 Stephani
3429 2399 3563 2438 san-

1919 2453 2095 2523 guine
2126 2465 2489 2526 coruscante,
2513 2462 2605 2515 cui
2640 2464 2781 2520 urbs
2809 2468 2932 2520 tota
2960 2464 3564 2534 innititur,universus

1921 2543 2171 2614 populus
2203 2549 2429 2604 meritis
2460 2551 2859 2607 sanctificatnr
2878 2548 2933 2608 et
2964 2554 3337 2625 regitur.Ha3c
3360 2559 3563 2615 eadem

1920 2632 2286 2691 Leuchorum
2319 2637 2521 2694 civitas
2554 2657 2682 2710 suo,
2706 2646 2772 2695 ut
2800 2641 3023 2697 dictum
3040 2647 3377 2709 est,rectore
3394 2646 3567 2703 desti-

1917 2725 2066 2788 tuta,
2102 2740 2476 2797 nequaquam
2509 2727 2733 2784 diutius
2762 2734 2871 2795 est,
2905 2730 3018 2786 Deo
3052 2730 3410 2803 disponente,
3431 2752 3562 2807 pes-

1917 2812 2180 2867 sumdari
2215 2816 2523 2886 permissa.
2556 2817 2702 2872 Nam
2742 2819 2893 2873 votis
2942 2818 3248 2892 utriusque
3297 2821 3559 2879 fidelium

1916 2899 2140 2955 ordinis
2179 2903 2475 2975 aspirante
2521 2905 2712 2978 gratia
2751 2907 2957 2961 divina)
2980 2908 3325 2981 majestatis,
3356 2912 3561 2967 trium-

1915 2988 2176 3060 phatoris
2208 2991 2403 3047 invicti
2428 2994 2627 3049 domui
2655 2994 2919 3051 videlicet
2940 2996 3168 3054 Ottonis
3196 2999 3442 3071 Augusti
3468 3001 3561 3056 de-

1914 3082 2071 3134 creto
2102 3084 2629 3155 statuente,agente
2648 3100 2878 3157 quoque
2895 3101 3174 3157 germano
3191 3087 3318 3158 ejus
3339 3088 3556 3144 domno

165 3174 783 3245 resederat,ecclesiam
818 3175 975 3231 Beati
1008 3175 1306 3247 pontificis
1334 3176 1801 3236 celeriusirrum-

1913 3165 2177 3225 Brunone
2207 3171 2502 3242 pontifice,
2526 3171 2819 3229 Gerardus
2831 3171 3076 3229 Colonias
3090 3173 3342 3231 civitatis
3357 3176 3557 3232 oriun-

165 3270 379 3338 pentes,
396 3268 624 3320 reatum
647 3280 823 3319 suum
845 3263 1078 3337 publice
1098 3265 1467 3338 proﬁtentur,
1490 3266 1640 3323 votis
1659 3284 1720 3323 se
1742 3274 1801 3326 et

163 3352 683 3426 supplicationibus
696 3352 1127 3427 astringunt;de
1138 3358 1345 3410 caetero
1358 3354 1477 3412 fore
1488 3355 1796 3427 cautiores,

162 3441 205 3497 si
223 3444 409 3514 pomis
424 3441 812 3514 praesentibus
827 3441 1033 3513 erepti,
1067 3440 1235 3498 liberi
1250 3443 1437 3500 redire
1448 3443 1795 3516 poiuissent.

160 3530 268 3586 Nec
296 3529 531 3588 distulit
560 3533 803 3587 sanctus
829 3546 999 3586 voces
1031 3530 1234 3586 audire
1262 3531 1642 3605 gementium,
1677 3533 1799 3606 qui-

158 3619 263 3676 bus
292 3623 352 3675 et
381 3620 599 3675 misera
630 3622 895 3675 armenta
915 3619 1256 3691 restituit,et
1287 3620 1539 3677 abeundi
1563 3621 1800 3679 faculta-

157 3712 266 3764 tem
295 3708 553 3765 donavit.

222 3796 449 3853 Praefati
495 3797 697 3853 domui
747 3796 970 3854 Gozlini
1016 3796 1311 3869 pontificis
1361 3798 1625 3867 obtentu,
1668 3800 1795 3855 Gri-

154 3884 423 3941 mauldus
454 3887 695 3959 quidam
725 3885 811 3940 vir
840 3886 969 3940 vita:
1001 3884 1636 3957 venerabilis,quodam
1656 3890 1798 3942 tem-

154 3988 283 4043 pore
312 3991 381 4030 ex
411 3973 835 4029 monachorum
868 3974 1053 4029 sancti
1086 3975 1222 4046 Apri
1257 3972 1526 4047 religioso
1552 3974 1794 4048 collegio

155 4062 781 4135 assumptus,ejusdem
816 4062 923 4118 loci
935 4062 1045 4129 ,sui
1070 4063 1302 4120 abbatis
1332 4062 1796 4136 impcrio,rector

155 4154 205 4204 et
231 4152 583 4225 pracpositus
617 4151 806 4206 fuerat
843 4152 1224 4218 constitutus,
1257 4152 1355 4224 qui
1389 4151 1659 4208 ﬁdelicet
1690 4170 1792 4225 pro

157 4239 348 4296 merito
364 4240 580 4297 charus
597 4240 872 4296 omnibus
889 4238 1231 4313 principalis
1243 4240 1583 4296 obedientie
1602 4242 1791 4298 titulis

158 4325 333 4383 fuerat
363 4325 1054 4399 insignitus,disciplinis
1078 4327 1445 4401 regularibus
1478 4330 1787 4400 pretiosus.

159 4412 252 4471 Hic
278 4416 473 4489 itaque
501 4416 560 4471 in
593 4416 800 4471 usibus
831 4416 1176 4472 necessariis
1194 4417 1369 4471 unius
1397 4432 1583 4472 vaccae
1606 4418 1792 4473 subsi-

1910 3256 2107 3320 dus,in
2139 3257 2292 3315 clero
2312 3274 2521 3331 genere
2542 3264 2599 3316 et
2619 3261 2900 3333 religione
2921 3262 3555 3335 praclarumdcstituta:

1869 3394 1882 3402 .
1911 3345 2275 3403 Leuchorum
2308 3349 2408 3404 ubi
2442 3350 2677 3406 futurus
2708 3350 3053 3424 designatur
3082 3351 3412 3426 episcopus.
3445 3354 3554 3421 Qui

1908 3432 1958 3489 si
1974 3435 2211 3506 quidem
2230 3452 2364 3492 cum
2383 3442 2536 3493 esset
2552 3436 2960 3495 ecclesiasticis
2984 3439 3274 3497 institutis
3290 3442 3557 3516 apprime

1906 3523 2483 3599 eruditus,regnante
2513 3526 2572 3582 in
2595 3532 2943 3601 perpetuum
2967 3528 3214 3585 Domino
3237 3530 3553 3601 Salvatore,

1907 3613 2050 3668 dum
2074 3614 2557 3686 nongentesimus
2595 3615 2999 3689 sexagesimus
3037 3617 3250 3674 tertius
3284 3620 3551 3691 ejusdem

1838 3714 1844 3735 '
1906 3708 2119 3757 sancta:
2167 3703 2592 3759 lncarnationis
2641 3708 2912 3776 ageretur
2959 3709 3289 3777 temporum
3320 3724 3549 3776 cursus,

1904 3792 2169 3847 omnium
2186 3793 2573 3849 unanimitate
2595 3793 2952 3849 acclamante
2969 3794 3317 3861 fidelium,in
3342 3796 3451 3852 hac
3466 3813 3554 3853 ea-

1905 3878 2037 3933 dem
2060 3880 2196 3935 sede
2214 3879 2601 3936 intronizatus
2625 3880 2841 3953 pariter
2860 3885 2918 3936 et
2934 3886 3296 3953 assumptus.
3320 3883 3422 3938 Hic
3443 3884 3550 3939 ita-

1904 3984 2017 4039 que
2040 3968 2333 4040 imprimis
2346 3970 2489 4024 dum
2504 3968 2613 4024 sibi
2630 3969 3005 4025 commissam
3020 3971 3225 4026 urbem
3240 3976 3546 4044 expeteret,

1902 4057 1963 4111 in
1995 4058 2301 4129 praefatum
2334 4058 2485 4114 beati
2516 4058 2802 4114 Mansueti
2847 4059 3184 4127 oratorium,
3220 4061 3374 4131 quod
3404 4061 3549 4119 forte

1902 4146 2139 4201 obvium
2163 4147 2663 4218 habuerat,primo
2686 4146 2955 4219 ingressu
2978 4146 3350 4217 divinitus,ut
3370 4151 3551 4206 credi-

1902 4239 2018 4303 tur,
2054 4237 2237 4291 menti
2270 4235 2494 4302 incidit,
2530 4236 2680 4307 quod
2714 4234 2832 4290 illic
2877 4236 3136 4308 requiem
3166 4236 3225 4291 in
3266 4238 3544 4294 szeculum

1901 4325 2185 4390 sarculi,et
2206 4324 2627 4379 habitationem
2647 4322 2888 4379 electam
2905 4325 3229 4380 secundum
3251 4325 3544 4399 Propheta:

1898 4412 2238 4469 vaticinium
2252 4414 2455 4469 eodem
2468 4417 2739 4468 currente
2753 4412 3039 4468 versiculo
3052 4412 3159 4469 sibi
3177 4416 3548 4487 praesignavit

158 4502 242 4558 dio
269 4505 714 4576 fruebatur,quo
740 4503 1011 4560 videlicet
1058 4504 1272 4561 animal
1316 4504 1657 4562 condiendis
1691 4523 1788 4578 po-
1819 4533 1867 4597 Β
1900 4503 2072 4597 (ι).ςαὶἶ
2105 4519 2291 4597 enim,
2338 4504 2443 4570 14),
2774 4506 2852 4597 ut
2884 4504 3044 4597 patet
3090 4500 3332 4597 liquido,
3388 4502 3542 4597 circa

159 4588 439 4648 tissimum
471 4591 729 4649 oleribus
759 4591 1046 4648 familiare
1078 4593 1389 4664 praestabat
1417 4594 1787 4666 obsequium.

159 4677 256 4734 Sed
285 4683 537 4752 quadam
569 4679 661 4736 die
677 4680 820 4736 dum
853 4680 996 4736 hora
1013 4682 1365 4753 competenti
1393 4687 1783 4754 exspectatur,

160 4782 261 4837 quo
290 4786 405 4825 non
438 4769 661 4837 aderat,
693 4769 1029 4825 diversitate
1060 4770 1341 4841 quaeritur
1370 4770 1631 4827 locorum
1661 4776 1784 4827 stu-

159 4853 240 4910 dio
269 4857 1160 4914 famulantinm.Resestincerta
1190 4860 1361 4931 cujus
1387 4860 1541 4915 idem
1564 4860 1783 4916 animal

162 4941 512 5003 fraudulenta
541 4947 717 5002 fuerit
737 4947 985 5003 factione
1007 4947 1131 5002 trad
1143 4949 1535 5003 uctum.Tunc
1567 4966 1784 5021 praepo-

168 5026 288 5090 situs
316 5034 511 5107 inquit
539 5035 612 5090 ad
652 5034 1011 5101 ministrum,
1050 5035 1147 5107 qui
1195 5039 1334 5090 tunc
1386 5035 1533 5090 forte
1583 5037 1781 5092 damni

175 5111 442 5179 familiaris
472 5122 775 5179 nuntiator
800 5127 1046 5179 moestus
1076 5124 1388 5178 advenerat
1419 5140 1431 5177 :
1466 5122 1624 5179 Vade
1673 5126 1779 5199 igi-

174 5201 255 5275 tur,
284 5211 376 5266 dic
405 5216 611 5267 sancto
642 5210 723 5266 illi
759 5211 858 5284 qui
892 5211 1109 5267 nostris
1141 5212 1329 5266 utitur
1359 5211 1781 5279 ministeriis,si

170 5300 340 5354 nostra:
368 5299 507 5355 velit
522 5301 732 5356 amodo
750 5316 1060 5356 commune
1082 5300 1379 5355 servitutis
1406 5299 1775 5371 obsequium,

166 5388 404 5445 restituat
430 5388 605 5444 citius
637 5388 854 5444 animal
889 5387 1310 5453 necessarium,
1337 5387 1541 5459 iniqua
1574 5389 1776 5446 fraude

160 5470 575 5543 30blatum,Nec
599 5494 790 5533 sermo
804 5477 861 5531 in
872 5494 1089 5533 vanum
1103 5476 1558 5534 eecidit.Namin
1578 5478 1775 5533 crasti-

154 5562 273 5621 num
299 5566 550 5638 raptoris
585 5567 737 5623 idem
770 5565 990 5623 animal
1022 5570 1291 5623 exactum
1320 5564 1774 5632 vinculo,fertur

1900 4592 2172 4648 eumdem
2195 4590 2386 4646 locum
2410 4590 2649 4661 potioris
2668 4589 2988 4645 devotionis
3004 4606 3181 4644 causa
3199 4588 3444 4660 fuitpari
3455 4594 3543 4645 ter

1896 4684 1953 4737 et
1965 4679 2174 4735 salutis
2185 4682 2567 4751 augmentum
2578 4678 2943 4733 .Namrerum
2957 4693 3083 4732 com
3090 4677 3412 4749 petentium
3427 4677 3542 4733 dis-

1895 4769 2237 4841 pensatione
2257 4768 2723 4838 composita,non
2742 4766 2913 4837 longo
2936 4765 3217 4837 temporis
3235 4765 3540 4837 interjectu

1894 4856 2210 4914 laudabilis
2235 4856 2526 4912 memoriae
2550 4855 2781 4911 abbatis
2812 4854 3126 4910 Huncberti
3151 4853 3413 4921 consilio,
3440 4854 3538 4927 qui

1892 4951 2034 5002 tunc
2050 4947 2327 5019 temporis
2340 4944 2543 5016 B.Apri
2568 4943 2816 5015 gloriose
2829 4942 3066 5016 regebat
3085 4944 3536 5011 monasterium;

1893 5037 2064 5108 cujus
2092 5052 2327 5102 nomen,
2346 5039 2412 5089 ut
2441 5049 2747 5105 speramus
2774 5037 2830 5086 et
2860 5031 3152 5103 cupimus,
3176 5031 3324 5087 libro
3356 5033 3537 5088 beata:

1891 5124 2020 5179 vita:
2042 5128 2273 5179 tenetur
2304 5123 2504 5177 fixum.
2538 5122 2791 5176 Suorum
2845 5121 3022 5175 etiam
3074 5136 3363 5177 consensu
3396 5123 3536 5177 ﬁde-

1891 5212 2035 5268 lium
2048 5212 2381 5284 ,quemiam
2396 5209 2528 5266 boni
2545 5209 2865 5266 testimonii
2879 5209 3068 5263 virum
3080 5210 3263 5264 Adam
3277 5211 3534 5279 nomine,

1888 5302 2269 5371 moribusque
2290 5297 2829 5371 fulgentem,verbis
2846 5298 3143 5353 etactibus
3167 5297 3506 5353 institutum
3521 5342 3533 5366 ,

1886 5390 2074 5446 eidem
2104 5388 2229 5443 loco
2262 5387 2531 5441 abbatem
2583 5385 2842 5457 praefecit
2889 5390 2947 5440 et
2995 5387 3411 5447 rectorem..Ex
3442 5385 3534 5440 his

1882 5495 2016 5535 vero
2049 5494 2175 5549 qua:
2209 5475 2278 5530 ad
2311 5490 2372 5529 se
2402 5474 2752 5529 videbantur
2780 5474 3067 5545 pertinere
3108 5474 3303 5539 rebus,
3337 5473 3530 5528 locum

1885 5568 2155 5623 decenter
2185 5562 2506 5634 ampliavit,
2537 5568 2593 5617 et
2624 5579 2935 5621 numerum
2967 5562 3084 5619 Deo
3111 5560 3528 5620 famulantium
