4060 6170
193 349 307 410 641

1007 349 1107 412 DE
1150 348 1335 413 VITA
1382 351 1445 413 S.
1492 344 1895 414 MANSUETI
1940 345 2147 409 LIBRI
2192 351 2372 413 DUO.
2407 387 2484 397 —
2514 354 2669 415 LIB.
2718 356 2793 416 ΙΙ.

3494 363 3612 423 642

192 481 515 538 videretur.
549 481 732 555 Cujus
761 481 844 541 rei
874 484 1042 540 testis
1072 501 1187 540 non
1228 486 1353 541 sine
1384 486 1473 540 sui
1508 485 1728 557 pudore
1755 499 1841 538 re-
1873 480 1928 547 Λ
1958 480 2254 552 conjubilo
2270 486 2874 557 gressibus,vallatam
2893 492 3153 564 undique
3169 493 3412 549 catervis
3428 494 3617 550 sancti

192 570 328 639 fert,
352 571 497 644 quid
527 571 589 627 in
619 571 721 627 illo
752 573 829 628 sit
858 590 1068 645 passus
1094 579 1317 630 secreto
1340 573 1616 640 cubiculi,
1639 572 1850 629 virtute
1906 620 1915 627 .
1956 567 2063 623 Viri
2096 568 2326 642 glebam
2357 574 2428 630 ad
2470 576 2765 649 propriam
2812 580 3036 649 sedem,
3072 599 3188 637 non
3221 581 3347 638 sine
3377 583 3493 638 voti
3524 581 3617 638 sui

190 660 501 733 praestanti
535 660 689 717 beati
721 661 1033 719 Mansueti.

270 749 385 805 Sed
415 765 534 821 qua
561 748 749 821 gloria
778 751 933 823 regis
970 756 1061 806 est
1108 751 1295 807 celare
1322 753 1585 817 verbum,
1619 750 1850 806 Domini

191 840 395 894 autem
425 836 777 911 investigare
798 856 1159 909 sermonem;
1190 840 1419 896 veniam
1444 840 1517 895 ad
1548 838 1691 894 illud
1716 856 1852 911 quo-

192 943 313 1000 que
333 927 490 999 quod
514 943 583 982 ea
604 928 715 983 sub
733 932 1102 1000 tempestate,
1123 929 1302 1001 hujus
1324 928 1477 985 beati
1499 928 1607 983 viri
1629 926 1854 985 meritis

194 1014 386 1072 fuisse
415 1016 698 1088 probatur
728 1018 1054 1077 ostensum.
1079 1017 1201 1073 Non
1227 1017 1411 1073 multo
1441 1020 1573 1089 post
1594 1022 1855 1088 tempore

196 1103 559 1160 ulciscendis
575 1105 827 1160 obnoxia
847 1104 1205 1161 facinoribus
1227 1107 1491 1161 omnium
1509 1105 1715 1162 divinzc
1738 1104 1857 1161 ani-

194 1192 627 1249 madversionis
657 1195 934 1249 severitas
966 1200 1202 1266 peccata
1231 1195 1649 1266 perstrinxerat
1681 1211 1858 1266 popu-

192 1281 419 1337 lorum.
445 1282 723 1337 Morbosae
744 1282 1099 1338 calamitatis
1122 1283 1319 1339 clades
1348 1286 1478 1337 acta
1507 1283 1607 1337 Dei
1630 1282 1856 1354 judicio

192 1387 303 1443 per
352 1369 601 1442 populos
648 1370 1049 1425 incanduerat.
1085 1372 1230 1425 Nam
1278 1370 1466 1427 instar
1513 1370 1854 1443 inguinarize

192 1460 410 1531 pestis,
440 1475 568 1530 qua:
598 1460 897 1531 quondam
948 1459 1196 1531 populos
1246 1460 1422 1515 Italia:
1472 1460 1851 1532 corripuerat,

191 1548 447 1620 quidam
476 1546 748 1604 litterulis
775 1546 838 1621 [Γ.
863 1548 1144 1621 lateralis]
1169 1548 1333 1604 dolor
1363 1550 1578 1621 ubique
1605 1548 1855 1604 redivivo

191 1636 465 1710 gemine
494 1636 812 1709 spargitur,
836 1654 903 1693 ac
934 1636 1216 1694 lethiferis
1244 1637 1604 1694 invalescens
1632 1654 1856 1694 succes-

192 1724 392 1795 sibus,
407 1725 712 1798 regionum
735 1726 953 1782 ﬁnibus
972 1726 1091 1783 Iate
1106 1731 1485 1799 pervagatur;
1505 1727 1705 1799 sicque
1722 1743 1860 1799 quo-

1959 673 2219 727 munere,
2255 663 2529 719 referunt.
2563 666 2707 721 Nam
2736 668 2950 724 coactis
2982 667 3139 725 inter
3169 687 3304 727 aera
3333 671 3616 741 nubibus,

1958 748 2159 803 tantus
2198 749 2361 819 prius
2402 751 2751 824 imploratus
2805 755 2994 813 imber
3041 758 3182 814 coelo
3243 760 3616 831 profluxerat,

1962 841 2221 906 quantus
2243 839 2427 894 arenti
2456 845 2622 896 terrae
2654 844 2922 900 sufﬁcere
2947 845 3114 916 plene
3139 847 3447 918 potuisset.
3473 848 3619 903 Tan-

1965 923 2097 979 dem
2127 924 2308 997 igitur
2350 929 2549 1002 templi
2596 931 2839 1002 januam
2880 950 3014 989 cum
3060 933 3338 992 laudibus
3377 936 3620 1008 propin-

1964 1013 2304 1084 quantibus,
2324 1032 2458 1071 mox
2480 1021 2654 1074 tantae
2692 1018 2975 1076 claritatis
2998 1022 3181 1093 jubar
3210 1023 3353 1078 illud
3384 1041 3620 1080 venera-

1964 1100 2078 1157 bile
2109 1119 2321 1175 corpus
2341 1105 2531 1161 visum
2573 1112 2661 1163 est
2706 1109 3095 1179 praecessisse,
3120 1116 3185 1165 ut
3212 1114 3334 1166 tota
3365 1111 3620 1168 ecclesia:

1964 1191 2136 1247 domo
2157 1194 2517 1267 effulgurans
2540 1197 2846 1253 manifeste
2870 1200 3033 1254 daret
3065 1199 3311 1273 intelligi
3338 1217 3515 1271 quam
3539 1199 3621 1256 di-

1964 1282 2161 1338 vinum
2189 1290 2341 1340 esset
2367 1288 2522 1357 quod
2563 1287 2780 1359 templo
2802 1294 3005 1343 sancto
3048 1290 3354 1345 videbatur
3397 1290 3619 1346 inferri.

1966 1373 2128 1426 Tunc
2151 1374 2344 1427 sonitu
2370 1375 2623 1430 confusa:
2648 1376 3047 1431 multitudinis
3072 1378 3367 1449 rumpitur
3383 1395 3624 1433 concen-

1964 1465 2059 1516 tus
2073 1467 2271 1534 empta:
2291 1464 2740 1534 modulationis;
2760 1466 3058 1539 versisque
3074 1467 3133 1521 in
3149 1467 3439 1523 contraria
3450 1467 3618 1536 votis,

1965 1555 2269 1621 coeperunt
2285 1551 2485 1624 plures
2508 1553 2642 1610 flere
2665 1571 2780 1625 pra:
2801 1555 3187 1628 gaudio,dum
3212 1556 3505 1612 nescirent
3519 1573 3625 1613 cur

1966 1638 2101 1694 ﬂere
2124 1639 2484 1709 debuissent,
2510 1641 2623 1697 nisi
2646 1643 2802 1714 quod
2821 1644 3009 1698 sancti
3038 1643 3222 1715 pietas
3244 1661 3508 1716 supernae
3534 1644 3621 1700 in-

1968 1727 2216 1785 fusionis
2247 1729 2521 1785 affectum
2547 1747 2791 1787 suorum
2814 1731 3204 1788 concitaverat
3233 1732 3293 1787 in
3326 1732 3624 1790 mentibus

194 1815 339 1872 dam
356 1813 515 1871 malo
531 1814 1858 1888 auspicio,serieeumulatamorborum,plebes
1887 1851 1936 1917 B
1968 1815 2249 1872 ﬁliorum.
2286 1817 2400 1873 Nec
2430 1834 2565 1874 vero
2605 1836 2860 1891 praesens
2893 1820 3139 1876 antistes
3167 1820 3442 1894 laerymis
3470 1825 3627 1879 tem-

186 1899 471 1976 'pereunt,
486 1902 688 1976 populi
711 1903 1049 1972 concidunt,
1064 1904 1190 1959 sine
1207 1904 1536 1960 differentia
1552 1906 1859 1977 utriusque

194 2009 381 2048 sexus
399 1996 457 2047 et
476 1991 719 2060 ordinis,
745 1991 1058 2049 volvuntur
1078 1993 1315 2064 agmina
1335 1997 1722 2049 mortuorum.
1747 1994 1859 2050 Nec

195 2082 248 2138 is
271 2082 381 2153 qui
401 2080 503 2137 tali
526 2080 723 2137 dolore
746 2081 1062 2153 corripitur
1082 2080 1239 2137 ultra
1266 2081 1529 2137 triduum
1550 2082 1642 2137 vix
1664 2098 1861 2155 super-

195 2186 331 2227 esse
367 2169 487 2226 ullo
530 2171 701 2226 modo
751 2170 1130 2241 permittitur.
1159 2170 1231 2226 Et
1260 2170 1401 2242 quid
1434 2171 1492 2224 in
1525 2169 1653 2226 aliis
1698 2172 1862 2226 ﬁeret

197 2265 498 2317 terrarum
528 2259 795 2331 partibus
821 2259 1130 2314 incertum.
1154 2258 1312 2314 Hanc
1334 2259 1540 2315 urbem
1562 2260 1753 2315 clades
1780 2260 1861 2315 ita

196 2348 627 2421 superveniens
659 2348 970 2419 irruperat,
998 2352 1062 2402 ut
1085 2348 1157 2402 ad
1190 2364 1373 2402 unum
1406 2348 1751 2420 quemlibet,
1773 2365 1861 2404 ex-

195 2437 393 2509 ceptis
435 2436 568 2493 aliis
620 2436 982 2492 diversarum
1030 2435 1432 2504 ecclesiarum,
1462 2435 1677 2491 locum.
1712 2437 1866 2493 sicut

198 2526 367 2582 idem
390 2525 649 2597 pontifex
665 2542 779 2581 non
797 2525 923 2581 sine
939 2525 1162 2597 gemitu
1183 2524 1565 2594 memorabat,
1582 2526 1762 2581 denos
1777 2525 1865 2581 vel

198 2620 488 2687 septenos
509 2620 876 2670 mortuorum
900 2613 1122 2671 loculos
1145 2615 1255 2671 sub
1277 2613 1463 2670 oculis
1480 2615 1763 2687 aspiceret
1784 2614 1868 2670 in-

198 2703 345 2760 ferri
367 2702 772 2759 tumulandos.
792 2706 1065 2759 Arctatur
1085 2702 1343 2776 pontifex
1361 2702 1750 2775 plurimorum
1775 2721 1868 2777 pe-

198 2790 397 2848 riculo
422 2791 1090 2848 morientium.Tandem
1112 2791 1171 2848 id
1194 2791 1423 2848 consilii
1451 2793 1631 2853 menti
1664 2794 1866 2849 infun-

198 2880 392 2950 ditur,
408 2884 475 2935 ut
495 2879 762 2936 videlicet
785 2881 941 2936 idem
964 2885 1255 2953 protector
1276 2881 1482 2938 beatus
1503 2883 1864 2955 Mansuetus,

203 2987 275 3026 ex
306 2986 433 3042 quo
466 2970 655 3026 fuerat
684 2970 912 3042 positus
943 2969 1069 3026 loco
1102 2970 1315 3026 iterum
1348 2976 1713 3044 assumptus,
1736 2977 1868 3027 tan-

202 3076 396 3131 quam
427 3058 580 3113 inter
598 3058 853 3114 viventes
884 3062 942 3114 et
972 3062 1236 3115 mortuos
1266 3060 1496 3115 medius
1520 3066 1866 3132 cpponatur.

203 3148 421 3219 Itaque
452 3147 721 3203 triduano
752 3148 1052 3220 prmmisso
1076 3149 1329 3220 jejunio,
1351 3149 1623 3204 consultu
1647 3150 1865 3219 habito,

1968 1908 2152 1976 perat,
2180 1905 2283 1977 qui
2319 1905 2477 1962 illius
2500 1905 2827 1964 dulcedinis
2850 1925 3223 1965 communem
3244 1926 3379 1965 cum
3410 1909 3623 1982 populo

1969 1993 2295 2050 ubertatem
2328 1993 2474 2050 mire
2502 1996 2808 2051 sentiebat.
2835 1997 2905 2052 Et
2931 2013 3063 2053 ecce
3093 1996 3289 2053 clades
3318 1997 3421 2054 illa
3444 2014 3625 2070 quam

1973 2123 1985 2135 .
2033 2123 2045 2135 .
2093 2124 2105 2135 .
2153 2124 2165 2135 .
2213 2123 2225 2136 .
2273 2124 2285 2135 .
2319 2082 2628 2157 hominum
2659 2084 2905 2139 effusam
2937 2102 3065 2141 esse
3096 2084 3372 2153 diximus,
3397 2086 3626 2142 favente

1971 2170 2140 2225 istius
2174 2170 2355 2227 nostri
2389 2171 2732 2243 protectoris
2772 2173 2997 2228 meritis
3027 2174 3217 2245 gratia
3246 2174 3479 2230 Domini
3511 2175 3626 2231 Re-

1969 2258 2310 2330 demptoris,
2338 2259 2421 2315 sic
2453 2261 2576 2317 suis
2608 2261 2871 2317 desuevit
2902 2263 3297 2333 processibus,
3331 2266 3396 2318 ut
3426 2263 3623 2336 palam

1974 2352 2347 2419 cognosceret
2376 2348 2683 2404 universus
2715 2349 2967 2421 populus
2999 2352 3153 2422 quod
3197 2368 3300 2422 pro
3332 2352 3506 2407 domo
3540 2352 3626 2407 Is-

1974 2434 2092 2490 rael
2126 2435 2182 2491 in
2211 2435 2302 2491 die
2334 2436 2563 2492 Domini
2589 2442 2769 2494 staret
2792 2456 2859 2495 ex
2887 2439 3128 2496 adverso
3160 2441 3218 2494 in
3251 2440 3436 2512 pretio
3467 2458 3631 2497 sanc-

1975 2530 2070 2579 tus
2131 2525 2472 2581 Mansuetus
2531 2543 2773 2581 suarum
2834 2528 3098 2583 omnium
3149 2529 3345 2585 ovium
3395 2531 3629 2602 adjutor

1976 2613 2501 2685 prmstantissimus
2534 2615 2744 2670 factus.

2049 2702 2214 2757 Libet
2244 2718 2475 2775 quoque
2498 2702 2641 2758 illud
2665 2702 2802 2759 huic
2831 2709 3041 2759 nostra:
3066 2705 3385 2762 narrationi
3416 2708 3629 2762 insere-

1978 2808 2060 2856 re,
2088 2791 2241 2862 quod
2266 2807 2411 2862 pene
2436 2790 2653 2847 nostris
2674 2792 2950 2847 omnibus
2972 2792 3319 2863 praecedenti
3343 2797 3624 2865 tempore,

1978 2880 2049 2934 ad
2084 2878 2315 2934 laudem
2348 2895 2579 2951 quoque
2611 2879 2783 2956 istius
2816 2880 2966 2935 beati
2994 2879 3101 2934 viri
3135 2882 3338 2934 notum
3365 2885 3455 2936 est
3484 2898 3627 2944 con-

1978 2967 2201 3040 tigisse.
2236 2967 2305 3023 Et
2337 2968 2475 3040 quia
2523 2968 2833 3039 praedictus
2877 2968 3187 3040 episcopus
3216 2973 3307 3023 est
3335 2969 3394 3024 in
3425 2984 3626 3039 causa,

1979 3073 2093 3113 non
2125 3057 2365 3129 derogat
2412 3073 2672 3128 persona:
2725 3056 3073 3128 prmcellenti
3104 3055 3399 3112 Divinitati
3431 3057 3630 3113 debita

1978 3144 2289 3201 clementia
2320 3150 2583 3217 porrecta
2626 3145 2935 3217 peecatori.
2968 3145 3281 3201 Severitate
3315 3146 3493 3217 igitur
3523 3146 3626 3202 lla-

201 3215 448 3291 videtur
466 3236 738 3308 episeopo
753 3215 1181 3309 congruum'nit
1202 3236 1460 3293 collectis
1481 3238 1670 3295 denuo
1692 3215 1870 3311 popu-
1898 3215 1941 3280 (ἶ
1978 3233 2113 3305 gelli
2134 3215 2430 3306 percussis
2450 3215 3087 3305 plebibus,sanctorum
3107 3215 3626 3307 meritisexempti,

200 3322 405 3380 lorum
430 3324 690 3397 undique
720 3326 989 3394 catervis,
1014 3326 1167 3381 beati
1197 3326 1302 3381 viri
1333 3343 1545 3399 corpus
1576 3328 1648 3383 ad
1678 3329 1864 3385 eccle-

200 3413 365 3470 siam
413 3414 590 3469 sitam
643 3413 935 3486 scropulis
966 3413 1253 3487 [Ecrouvcs
1278 3418 1403 3487 pres
1432 3415 1499 3471 de
1533 3416 1703 3490 Toul],
1738 3434 1865 3490 quae

200 3502 393 3559 beata:
424 3502 526 3558 Dei
558 3502 861 3575 genitricis
900 3502 1096 3559 Maria:
1128 3503 1343 3575 saepius
1392 3503 1539 3560 solet
1581 3504 1864 3562 illustrari

199 3590 539 3659 miraculis,
565 3591 773 3647 debeat
792 3591 1099 3657 destinari,
1122 3595 1407 3664 tanquam
1439 3594 1592 3665 apud
1616 3593 1867 3651 caelestis

198 3679 588 3752 Imperatoris
632 3696 928 3736 summam
973 3679 1700 3754 Imperatricem,matrem
1741 3700 1867 3739 om-

201 3768 379 3824 nium
411 3784 552 3827 sane
573 3785 816 3825 suarum
839 3768 1391 3837 ovium,eommissa
1419 3768 1708 3842 legatione
1738 3788 1867 3845 per-

200 3857 402 3930 fungi.
428 3857 640 3930 Sicque
670 3857 780 3914 hoc
812 3859 964 3914 facto
995 3857 1123 3914 visa
1151 3862 1240 3915 est
1269 3857 1463 3914 clades
1495 3858 1596 3915 illa
1625 3877 1731 3917 suo
1762 3860 1866 3917 ali-

201 3944 570 4019 quantulum
591 3947 784 4003 furore
806 3947 1130 4003 mitescere.
1156 3947 1267 4003 Sed
1292 3964 1396 4003 nec
1418 3947 1501 4004 sic
1531 3948 1865 4021 paventium

201 4033 563 4108 populorum
586 4038 772 4091 terror
792 4034 1183 4092 abscinditur:
1202 4052 1338 4091 nam
1355 4035 1567 4093 iterum
1586 4038 1740 4094 beati
1759 4037 1866 4094 viri

200 4123 445 4196 glebam
463 4123 727 4178 humeris
744 4124 822 4178 im
830 4124 1461 4197 ponentes,principale
1479 4127 1745 4197 ejusdem
1762 4128 1865 4184 Dei

200 4212 514 4283 genitricis
563 4211 945 4268 Buxeriarum
986 4211 1680 4290 [Bmiéres-aux-Dames]
1729 4233 1863 4272 cum

201 4300 406 4356 choris
427 4299 745 4371 permiscui
769 4299 993 4355 ordinis
1024 4299 1638 4372 psallentium,erectis
1667 4303 1725 4358 in
1745 4303 1865 4360 Do-

201 4390 440 4445 minum
457 4389 734 4445 cordibus
749 4393 1030 4462 expetunt
1045 4389 1602 4462 emnobium,ibique
1619 4408 1865 4463 praesen-

198 4480 256 4532 te
289 4477 510 4531 domno
542 4476 797 4533 Gerardo
835 4476 1109 4547 pontiﬁce
1140 4482 1339 4532 exacta
1377 4482 1544 4533 nocte
1574 4478 1697 4547 illa,
1720 4480 1862 4537 dum

1974 3322 2185 3378 caelesti
2219 3321 2540 3394 disciplima
2572 3324 2847 3395 praefatus
2877 3339 3113 3395 quoque
3145 3323 3403 3395 pontifex
3431 3324 3627 3380 subdi—

1975 3416 2091 3483 tur,
2110 3416 2175 3468 ut
2194 3416 2386 3468 tactus
2406 3430 2474 3468 ex
2488 3413 2723 3468 verbere
2745 3412 2993 3468 celerius
3015 3415 3295 3485 agnoscat
3311 3413 3451 3485 quia
3473 3430 3627 3471 unus

1974 3506 2065 3557 est
2094 3501 2380 3557 Dominus
2412 3506 2739 3574 praepotens
2763 3502 2863 3574 qui
2895 3502 3148 3573 percutit
3177 3505 3236 3557 et
3264 3507 3453 3558 sanat.
3477 3502 3627 3574 Ergo

1976 3594 2040 3645 ut
2060 3589 2229 3662 plura
2248 3590 2545 3657 reticeam,
2565 3590 2664 3662 qui
2685 3590 2890 3645 multis
2912 3589 3042 3646 aliis
3058 3589 3389 3646 orationum
3412 3591 3630 3647 fomen-

1974 3682 2036 3733 ta
2056 3681 2404 3750 porrexerat,
2429 3678 2589 3750 gravi
2610 3694 2849 3749 pressus
2868 3677 3238 3733 incommodo
3260 3678 3543 3752 valneque
3564 3695 3627 3737 se

1978 3764 2202 3821 habens
2231 3781 2400 3838 aegre,
2434 3765 2708 3821 inﬁrmus
2739 3765 3145 3821 decumbebat.

2048 3854 2219 3911 Nulla
2241 3852 2380 3910 huic
2404 3853 2615 3922 virtus,
2638 3853 2836 3910 nullus
2864 3854 3028 3927 vigor
3056 3858 3475 3925 permanserat,
3502 3858 3623 3911 toto

1976 3960 2215 4017 corpore
2237 3943 2672 4011 contabescens,
2694 3957 2799 3998 nec
2820 3958 3094 3998 somnum
3116 3958 3221 3998 nec
3242 3942 3439 3997 cibum
3462 3958 3626 4015 cape-

1976 4050 2036 4089 re
2067 4032 2235 4089 valde
2264 4031 2603 4088 debilitatus
2633 4034 2877 4103 poterat,
2909 4030 3090 4086 vitam
3135 4045 3369 4086 exesam
3401 4031 3622 4087 ducens

1975 4121 2129 4178 inter
2158 4118 2482 4194 angustias,
2515 4119 2586 4175 de
2630 4118 2961 4175 imminenti
3000 4119 3201 4175 funere
3251 4118 3621 4177 solummodo

1974 4210 2284 4283 cogitabat.
2317 4209 2466 4275 Quid
2500 4208 2734 4276 faceret,
2765 4224 2881 4280 quo
2911 4224 2973 4263 se
2999 4211 3248 4265 verteret
3277 4207 3486 4265 anxius
3522 4225 3620 4266 ne-
3674 4200 3677 4205 ’

1972 4300 2222 4368 sciebat;
2242 4297 2439 4372 plebes
2458 4297 2786 4366 absolvens,
2804 4297 2927 4370 ipse
2951 4314 2984 4353 a
3002 4297 3273 4370 plebibus
3291 4297 3617 4366 absolutus,

1972 4388 2164 4445 solum
2195 4387 2416 4443 exitum
2457 4391 2701 4443 moestus
2744 4387 3140 4457 exspectabat.
3162 4385 3342 4458 Cujus
3382 4386 3619 4457 quidem

1970 4476 2331 4533 inﬁrmitatis
2350 4475 2432 4531 ita
2452 4475 2835 4547 exprimimus
2856 4473 3248 4540 incommoda,
3270 4479 3333 4529 ut
3353 4473 3621 4532 videlicet

200 4565 463 4622 reditum
512 4564 793 4638 gestiunt,
829 4565 943 4621 dici
984 4567 1109 4637 jam
1138 4564 1257 4621 ullo
1288 4566 1459 4622 modo
1508 4584 1623 4622 non
1671 4572 1863 4641 potest
1890 4587 1939 4651 D
1970 4566 2349 4623 ostendamus
2362 4569 2581 4636 quanta
2598 4581 2700 4636 per
2718 4564 2954 4619 beatum
2978 4563 3350 4618 Mansuetum
3373 4561 3523 4651 hanc
3541 4562 3619 4616 sit

201 4671 388 4726 quam
433 4652 760 4709 incredibili
809 4652 1192 4709 multitudine
1241 4654 1468 4727 stipatae
1510 4655 1861 4728 populorum
1892 4650 1921 4651 ﬁ
1972 4655 2221 4728 gratiam
2256 4654 2761 4710 subsecuta.Nam
2792 4654 2895 4709 hac
2920 4652 3304 4706 invalescente
3328 4650 3616 4717 molestia,

202 4742 475 4799 cohortes
497 4744 738 4799 confuso
761 4742 964 4798 ordine
984 4743 1186 4798 turbas
1208 4742 1677 4814 miscuerunt,ex
1695 4746 1860 4815 vicis,

201 4847 272 4886 ex
292 4831 548 4901 agris,ex
565 4830 811 4887 diversis
833 4830 1100 4903 partibus
1122 4831 1181 4887 in
1200 4849 1385 4889 unum
1403 4838 1636 4906 repente
1656 4852 1863 4892 coeun-

202 4918 378 4973 tium.
428 4917 574 4974 Hinc
631 4935 809 4975 sacrae
863 4917 1138 4992 virgines,
1187 4919 1348 4976 illinc
1400 4922 1859 4981 innumerabiles

203 5006 549 5064 Christiana:
572 5008 707 5064 ﬁdei
730 5024 956 5081 greges,
973 5008 1045 5064 ad
1068 5008 1233 5065 littus
1262 5010 1577 5067 Murtensis
1600 5012 1860 5070 ﬂuminis

204 5110 395 5166 usque
424 5099 823 5168 properantes,
848 5095 950 5151 ubi
982 5097 1054 5152 ab
1087 5095 1293 5152 incolis
1336 5096 1446 5153 loci
1485 5096 1646 5155 illius
1673 5101 1860 5158 votive

203 5181 560 5253 petentibus,
593 5188 900 5255 acceptum
933 5187 1023 5240 est
1050 5183 1205 5239 beati
1234 5183 1343 5238 viri
1374 5184 1703 5242 venerabile
1733 5204 1858 5243 cor-

202 5287 339 5343 pus.
369 5271 605 5328 Etcum
644 5273 773 5344 jam
819 5273 964 5329 satis
1003 5272 1128 5328 visa
1155 5270 1272 5327 illis
1319 5273 1493 5330 fuerit
1538 5274 1867 5348 excrevisse,

204 5376 492 5431 aquarum
511 5361 904 5428 immensitas,
919 5360 1121 5417 liberis
1134 5359 1290 5417 inter
1303 5362 1492 5417 undas
1508 5362 1767 5420 vestibus
1785 5366 1857 5420 ad

203 5464 374 5505 renes
402 5465 592 5525 usque
622 5450 793 5523 aquis
823 5448 1139 5517 eonvoluti,
1166 5449 1307 5505 dicti
1337 5454 1478 5507 sunt
1503 5450 1733 5508 alveum
1764 5469 1860 5524 pe-

204 5534 378 5592 dibus
389 5537 811 5607 transmeasse,
826 5554 943 5594 non
960 5537 1089 5593 sine
1106 5536 1494 5596 admiratione
1511 5538 1853 5597 multorum.

204 5622 351 5682 Hinc
382 5625 577 5686 omnis
607 5625 708 5685 illa
744 5627 1045 5704 popularis
1074 5627 1270 5699 turba,
1293 5628 1673 5705 progrediens
1708 5628 1856 5691 laetis

1972 4760 2106 4799 eum
2129 4760 2274 4815 pene
2286 4744 2411 4815 jam
2427 4743 2669 4814 jamque
2692 4742 2750 4795 in
2774 4740 3045 4795 extremis
3067 4744 3282 4811 ageret,
3306 4742 3618 4811 ternaeque

1973 4831 2243 4890 continue
2273 4831 2668 4887 hebdomadas
2700 4830 2999 4884 insomnes
3038 4827 3331 4883 letbaliter
3358 4828 3614 4895 duceret,

1971 4922 2042 4978 ad
2073 4926 2275 4977 notum
2298 4919 2485 4977 sancti
2514 4917 2802 4974 Mansueti
2826 4916 3116 4988 refugium
3141 4920 3384 4988 urgente
3412 4916 3615 4971 morbo

1970 5025 2265 5067 recurrere
2297 4998 2547 5081 aegrotus
2586 5005 2887 5061 deliberat.
2921 5005 3125 5061 Obstat
3154 5021 3185 5060 e
3222 5008 3426 5060 contra
3455 5003 3615 5060 mili-

1968 5104 2095 5155 tum
2126 5096 2414 5154 familiare
2443 5094 2814 5166 obsequium,
2840 5111 2912 5150 ne
2940 5092 3205 5149 videlicet
3235 5093 3388 5149 sicut
3417 5110 3617 5150 rumor

1969 5188 2175 5255 fuerat,
2209 5184 2258 5241 si
2289 5182 2610 5258 contigeret
2637 5183 2953 5240 Dominum
3001 5181 3060 5237 in
3108 5183 3374 5238 ordinem
3406 5199 3616 5239 mona-

1968 5276 2181 5333 stieum
2211 5271 2488 5341 converti,
2511 5288 2609 5328 eos
2634 5288 2867 5343 quoque
2895 5271 3113 5344 pariter
3132 5271 3307 5327 rebus
3337 5271 3613 5327 domesti-

1967 5366 2052 5421 cis
2083 5380 2217 5419 cum
2264 5362 2513 5418 Domino
2550 5359 2785 5432 privari.
2818 5361 2952 5426 Quae
3000 5359 3223 5416 scilicet
3271 5377 3363 5416 res
3410 5376 3613 5417 eorum

1968 5458 2193 5509 mentes
2225 5451 2453 5508 animos
2484 5465 2597 5522 que
2626 5449 2988 5505 confuderat.
3020 5451 3093 5506 At
3121 5448 3218 5505 ille
3248 5448 3347 5521 qui
3377 5450 3494 5505 vim
3526 5448 3614 5505 la-

1966 5542 2124 5599 boris
2140 5539 2466 5613 torquentis
2487 5538 2836 5604 insenserat,
2859 5539 3081 5611 rumpit
3105 5537 3404 5595 obstacula
3424 5538 3614 5611 prohi-

1965 5627 2414 5700 bentium,beati
2425 5626 2531 5687 viri
2546 5625 2893 5703 sull‘ragium
2907 5626 3153 5687 festinus
3168 5625 3612 5702 impetit,totum
