4104 6172
499 345 616 411 643

1597 339 1958 418 ΑΒΞΟΝΙδ,
1979 339 2418 403 DERVENSIS
2462 337 2826 402 ABBATIS.

3803 343 3924 405 6M

495 493 559 534 se
599 479 727 550 ejus
765 478 919 548 apud
966 476 1150 532 Deum
1199 473 1606 530 interventioni
1657 471 1989 540 committit,
2016 477 2137 528 tam
2165 482 2222 550 Α
2253 473 2427 529 modo
2477 474 2814 547 depressus,
2852 489 3026 545 quam
3075 474 3294 546 potenti
3349 475 3678 531 interventu
3733 483 3927 547 sancti

770 567 1014 621 fratrum
1065 563 1430 620 orationibus
1489 561 1790 618 studiosus
1835 561 2145 630 incumbit,

2255 562 2542 618 exstiterit
2572 561 2792 617 cmlesti
2841 561 3130 618 medicina
3177 562 3460 618 salvatus.
3495 563 3568 619 Et
3619 565 3766 636 quia
3815 565 3929 620 ali-

492 661 744 726 votaque
776 671 885 709 sua
913 653 1030 708 Deo
1061 669 1129 708 ac
1159 655 1362 708 sancto
1413 651 1719 706 Mansuete
1751 650 1870 706 imo
1919 655 2150 722 pectore
2257 666 2376 722 qua
2405 650 2475 706 de
2523 649 2714 705 sancti
2761 649 2943 721 hujus
2971 650 3289 706 virtutibus
3317 651 3627 723 praesentis
3655 651 3722 707 in
3755 669 3930 710 carne

493 743 782 810 deferens,
826 757 942 796 non
991 741 1156 812 prius
1205 738 1433 795 abstitit
1479 755 1658 810 quam
1707 738 2006 794 redeuntis
2051 755 2149 796 sa-

491 829 655 897 lutis,
687 829 935 885 Domino
981 828 1323 896 miserante,
1358 827 1665 900 sanctique
1715 827 2005 882 Mansueti
2035 827 2149 882 vir-

2259 738 2555 812 pontificis
2615 744 2882 811 tempore
2947 743 3114 812 gesta
3179 739 3338 795 brevi
3400 738 3650 809 calamo,
3715 743 3788 796 ut
3851 743 3930 799 ita

2257 828 2476 895 dicam,
2509 827 2768 883 sodalem
2807 827 2919 883 sibi
2963 826 3223 884 libellum
3276 828 3407 899 ejus
3456 827 3707 900 imperio
3761 846 3926 886 exso-

445 909 616 975 ‘tute
655 919 1269 990 conferente,sperata
1314 916 1600 972 beneﬁcia
1640 915 1953 988 persensit.
1986 917 2147 982 Quod
2257 916 2511 984 luturus,
2547 933 2703 972 nunc
2749 916 2808 972 in
2850 915 2944 972 his
2977 932 3207 988 quoque
3257 917 3438 973 ﬁnem
3489 917 3788 974 faciamus
3819 919 3920 975 ad-

491 1023 681 1081 usque
712 1007 885 1064 hodie
915 1006 1071 1062 idem
1103 1005 1366 1078 pontifex
1396 1021 1516 1060 non
1547 1003 1672 1062 sine
1703 1003 1979 1077 suspiriis
2011 1003 2148 1061 soli-

491 1100 588 1153 tus
635 1100 723 1152 est
769 1095 1002 1164 referre,
1038 1099 1255 1168 quanto
1287 1110 1353 1150 eo
1385 1098 1647 1165 tempore
1695 1092 1871 1149 fuerit
1918 1093 2147 1150 incom-

2248 1006 2366 1076 juti
2397 1005 2527 1076 ejus
2557 1004 2944 1072 orationibus,
2977 1005 3270 1077 aspirante
3310 1005 3503 1079 gratia
3540 1005 3786 1063 Domini
3819 1007 3922 1065 Re-

2261 1091 2604 1165 demptoris.

1226 1439 1648 1576 VITA
1755 1436 2399 1578 SANCTI
2499 1438 3178 1578 BASOLI

1949 1683 2437 1742 CONFESSORIS

1735 1834 2173 1932 Auctore
2253 1828 2672 1934 Adsone

761 2029 946 2102 (Apud
983 2028 1228 2096 Mabill.,
1263 2029 1389 2084 Acta
1418 2028 1513 2082 SS.
1549 2026 1665 2082 0rd.
1698 2027 1754 2082 S.
1789 2026 2014 2097 Bencd.,
2047 2028 2170 2085 Sac
2203 2027 2276 2098 ll,
2309 2045 2366 2100 p.
2397 2029 2490 2097 06,
2521 2044 2591 2084 ca:
2619 2027 2954 2084 membranis
2980 2031 3295 2085 monasterii
3321 2030 3380 2085 S.
3410 2031 3646 2100 Basoli.)

1743 2317 2183 2390 PROLOGUS
2233 2315 2643 2391 AUCTORIS

561 2550 611 2604 1.
647 2549 931 2614 Quoniam
977 2547 1360 2603 describenda
1398 2547 1758 2602 sanctissimi
1791 2545 2141 2602 confessoris
2169 2547 2218 2614 B
2249 2545 2517 2602 ariditate
2557 2546 2858 2602 constricti
2903 2562 3132 2614 sumus,
3167 2552 3329 2603 tanto
3376 2547 3788 2606 vehementius
3835 2552 3900 2606 ad

489 2635 702 2692 Christi
727 2636 1059 2691 Basolivitaa
1077 2641 1430 2708 actuumqne
1453 2635 1708 2708 insignia
1729 2653 1844 2708 pra:
1863 2635 2138 2690 manibus
2247 2635 2465 2690 fontem
2515 2651 2805 2706 aquarum
2836 2634 3154 2691 viventium
3204 2635 3471 2693 sitientes
3519 2639 3900 2706 recurrimus,

490 2725 796 2794 habemus,
830 2741 896 2780 os
925 2729 981 2780 et
1009 2741 1108 2780 cor
1137 2729 1403 2780 nostrum
1449 2725 1508 2779 in
1550 2723 1760 2779 cmlum
1800 2724 2132 2796 dirigimus,

488 2812 646 2891 quia,
681 2817 929 2868 testante
962 2813 1284 2885 Scriptura,
1307 2813 1492 2869 Omne
1523 2813 1728 2869 datum
1758 2813 2047 2884 optimum
2077 2816 2137 2866 et

487 2918 660 2956 omne
690 2902 911 2956 donum
955 2901 1274 2972 perfectum
1313 2898 1628 2957 desursum
1657 2918 1784 2957 esse
1806 2902 1938 2973 (Jac.
1971 2918 2012 2967 1,
2047 2900 2134 2972 17)

488 2991 917 3062 cognoscimus.
951 2989 1033 3043 Ad
1083 2989 1190 3044 hoc
1221 2996 1416 3064 autem
1459 3007 1608 3062 opus
1635 2989 1848 3060 trepidi
1895 2989 2135 3044 omnino

489 3093 732 3132 manum
754 3078 1144 3143 extendimus,
1160 3079 1298 3149 quia
1327 3084 1502 3133 tanta:
1535 3079 1790 3132 materia:
1821 3077 2045 3132 meritis
2075 3081 2134 3132 et

488 3164 721 3238 ingenio
751 3165 1006 3236 impares
1029 3165 1252 3222 viribus
1281 3166 1448 3221 fracti
1466 3165 1930 3233 succumbimus,
1953 3183 2132 3236 quam

489 3253 590 3308 uni
607 3270 676 3309 ex
693 3253 920 3324 antiqui
941 3253 1224 3326 temporis
1239 3253 1596 3326 primoribus
1615 3255 1759 3310 satis
1780 3254 2132 3326 condignam

485 3359 616 3400 esse
653 3341 1091 3414 perpendimus.
1123 3341 1227 3397 Cui
1271 3342 1525 3409 etiamsi,
1558 3347 1624 3397 ut
1670 3341 1978 3414 gentilium
2025 3343 2131 3416 ﬁg-

488 3436 689 3487 menta
717 3430 995 3496 referunt,
1028 3430 1314 3487 Homerus
1352 3435 1456 3486 aut
1491 3430 1721 3488 Tullius
1749 3431 1948 3488 Cicero
1979 3432 2132 3487 redi-

490 3524 578 3576 ret
605 3520 677 3576 ab
707 3519 928 3587 inferis,
963 3536 1078 3575 non
1131 3525 1327 3592 posset
1353 3519 1544 3576 verbis
1593 3519 1890 3576 includere
1937 3537 2131 3589 omne,

489 3613 554 3664 ut
581 3613 813 3682 gestum
843 3613 952 3679 est,
981 3625 1128 3680 opus
1158 3609 1366 3666 divina:
1394 3609 1654 3677 virtutis;
1687 3615 1906 3681 quanto
1935 3609 2134 3667 minus

487 3713 594 3772 ego
615 3693 776 3753 solus
798 3697 1132 3765 homuncio,
1157 3697 1252 3756 cui
1273 3715 1376 3754 nec
1397 3699 1645 3755 scientia
1664 3703 1873 3770 praesto
1894 3704 2004 3767 est,
2025 3715 2133 3756 nec

487 3788 832 3843 meritorum
856 3785 976 3842 ulla
1006 3787 1248 3843 decusat
1277 3787 1446 3853 ratio,
1470 3803 1575 3842 nec
1608 3803 1694 3853 ea,
1721 3803 1848 3859 quae
1869 3788 1929 3844 in
1959 3788 2134 3844 rebus

486 3875 906 3933 excellentibus
935 3881 1026 3931 est
1071 3875 1236 3930 valde
1279 3876 1627 3943 necessaria,
1660 3876 1814 3931 docti
1846 3877 2134 3932 sermonis

487 3963 714 4020 oratio?
745 3963 894 4030 Quid
923 3963 1098 4036 ergo?
1127 3965 1235 4020 etsi
1267 3964 1493 4036 indigni
1522 3981 1751 4033 sumus,
1774 3964 2013 4019 omnino
2043 3969 2134 4020 ta—

488 4051 791 4108 cebimus?
808 4051 1072 4108 Forsitan
1095 4053 1251 4107 enim
1269 4051 1500 4124 culpam
1524 4052 1902 4120 incurrimus,
1915 4053 1965 4106 si
1981 4053 2131 4124 ejus,

487 4139 560 4194 de
591 4156 704 4211 quo
735 4155 966 4212 semper
1005 4140 1177 4212 digne
1224 4140 1382 4213 loqui
1433 4157 1770 4212 possumus,
1801 4141 2048 4196 virtutes
2075 4145 2136 4196 et

487 4244 665 4300 opera
679 4227 942 4283 silemus.
957 4228 1118 4294 Quod
1135 4228 1184 4282 si
1203 4245 1270 4283 ex
1293 4230 1460 4285 nobis
1479 4229 1700 4285 nullam
1717 4230 2133 4286 sufficientiam

2165 3912 2208 3978 C

2246 2726 2468 2793 qnanto
2497 2721 2901 2778 inardescente
2933 2723 3028 2778 siti
3075 2723 3236 2779 intus
3266 2729 3616 2794 aestuamus,
3645 2727 3704 2782 in
3738 2727 3900 2782 illum

2243 2810 2634 2882 suspirantes,
2667 2809 2728 2866 in
2775 2811 2942 2867 illum
2992 2817 3193 2868 nostra
3230 2813 3550 2884 praecordia
3593 2821 3898 2886 ponentes,

2245 2899 2317 2955 de
2346 2915 2463 2970 quo
2491 2899 2774 2955 veraciter
2815 2899 3104 2972 scriptum
3134 2905 3425 2969 tenemus,
3459 2903 3594 2974 quia
3641 2903 3700 2958 in
3748 2903 3894 2959 emlo

2243 2986 2419 3042 habet
2447 2987 2784 3044 cathedram
2816 2987 2917 3060 qui
2967 2989 3134 3044 docet
3177 2991 3353 3045 corda
3385 2989 3692 3046 hominum
3725 2995 3890 3058 (Ave.

2241 3084 2396 3131 tract.
2429 3077 2464 3131 3
2495 3079 2556 3132 in
2585 3093 2624 3130 ι.
2655 3077 2822 3148 Epist.
2850 3077 3006 3132 Joan.
3033 3079 3180 3134 circa
3207 3079 3414 3149 ﬁnem).

2317 3165 2523 3234 Quibus
2551 3165 2864 3221 auctoribus
2891 3168 3123 3238 scriptor
3160 3166 3302 3222 hanc
3326 3169 3494 3223 vitam
3519 3179 3828 3242 componat.

2311 3256 2368 3308 2.
2402 3253 2542 3309 Inde
2573 3254 2770 3326 itaque
2811 3253 3072 3327 accipere
3100 3255 3390 3323 volumus,
3427 3257 3586 3313 unde
3629 3259 3898 3315 innume-

2244 3342 2519 3398 rabilium
2571 3342 2788 3399 ﬂuenta
2840 3343 3192 3416 paginarum
3239 3361 3548 3402 emanasse
3599 3348 3900 3422 cognosci~

2242 3448 2398 3500 mus,
2422 3432 2594 3504 cujus
2623 3430 2823 3505 gratiae
2853 3436 3045 3488 totum
3075 3433 3332 3506 profecto
3371 3434 3760 3504 ascribimus,
3790 3454 3900 3509 quo

2243 3520 2483 3578 docente
2509 3519 2805 3592 egreditur
2826 3520 3113 3594 quidquid
3144 3523 3455 3595 profertur.
3481 3523 3596 3580 Sed
3621 3529 3683 3581 et
3702 3525 3753 3582 si
3777 3529 3902 3598 post

2245 3626 2359 3666 non
2381 3611 2578 3667 subito
2599 3608 2882 3682 prosiliat,
2911 3609 3010 3682 qui
3033 3627 3180 3684 opus
3201 3611 3310 3668 hoc
3333 3615 3605 3668 nostrum
3627 3615 3898 3687 evestigio

2243 3699 2591 3766 remordeat,
2625 3703 2691 3754 ut
2733 3703 2791 3756 et
2837 3699 2962 3772 ipse
3010 3699 3104 3756 his
3141 3700 3447 3758 venustius
3476 3702 3900 3774 componendis

2243 3785 2458 3858 eloquii
2490 3787 2581 3844 sui
2604 3791 2892 3844 torrentes
2913 3787 3141 3856 influat,
3164 3805 3293 3860 quis
3326 3806 3432 3846 nos
3461 3789 3670 3846 minus
3699 3790 3898 3849 idonee

2241 3875 2329 3930 vel
2361 3881 2578 3932 temere
2603 3875 3006 3948 composuisse
3036 3877 3372 3950 redarguat;
3409 3878 3656 3935 reducat
3687 3880 3764 3935 ad
3790 3895 3898 3936 me-

2245 3964 2516 4031 moriam,
2550 3963 2707 4036 quod
2738 3981 2852 4020 non
2884 3963 2992 4021 hoc
3024 3965 3296 4038 proprius
3327 3965 3620 4038 quidlibet
3649 3968 3898 4024 faciendi

2245 4051 2519 4124 impetus,
2551 4051 2654 4108 sed
2687 4058 3037 4124 praeceptum
3067 4051 3491 4112 venerabilium
3522 4055 3771 4114 Patrum
3800 4073 3898 4114 nos

2244 4139 2491 4207 duxerit,
2515 4140 2626 4196 sub
2647 4157 2896 4212 quorum
2923 4139 3168 4214 imperio
3200 4141 3560 4210 militamus;
3595 4147 3822 4218 quibus
3851 4146 3896 4202 si

2242 4227 2795 4298 contradiceremus,
2823 4228 3062 4301 majoris
3091 4231 3396 4287 dementis:
3428 4233 3596 4289 nefas
3625 4250 3762 4291 esse
3793 4251 3900 4308 pu-

487 4316 794 4383 habemus,
829 4315 1125 4371 credimus
1168 4320 1384 4385 tamen,
1421 4323 1486 4373 ut
1515 4318 1828 4391 Gregorius
1859 4319 2132 4374 Romanae
2241 4317 2516 4373 tavimus.
2542 4317 2807 4390 Ipsorum
2830 4334 2965 4392 ergo
2985 4322 3190 4374 contra
3219 4320 3416 4376 omnia
3449 4321 3776 4394 inepinataa
3809 4324 3899 4379 ob-

486 4421 587 4462 rex
616 4404 959 4476 eloquentiae
1009 4403 1232 4470 scribit,
1269 4407 1406 4476 quia
1442 4406 1611 4474 vires,
1646 4424 1794 4479 quas
1841 4407 2136 4479 imperitia
2234 4404 2509 4476 jectionis
2530 4403 2732 4476 jacula
2761 4405 3097 4462 defensione
3118 4406 3492 4477 confidimus,
3518 4411 3748 4481 quibus
3778 4414 3900 4468 obe~

486 4495 752 4566 denegat,
787 4493 1042 4548 Charitas
1088 4491 1403 4549 ministrat.
1438 4495 1506 4549 Et
1546 4495 1793 4551 fortasse
1822 4512 1888 4552 eo
1927 4497 2134 4551 facun-

487 4583 679 4638 diores
701 4582 1074 4654 erimus,quo
1097 4583 1332 4654 propria
1355 4583 1564 4653 virtute
1591 4583 1672 4638 nil
1693 4584 1962 4648 fidimus;
1996 4584 2136 4657 quia

487 4675 706 4742 quanto
729 4671 862 4742 quis
883 4671 1184 4726 humiliter
1213 4671 1365 4726 intra
1390 4689 1559 4727 suam
1581 4689 1642 4728 se
1663 4673 1940 4744 deprimit
1969 4673 2133 4746 igno-

487 4759 758 4827 rantiam,
786 4764 946 4815 tanto
977 4759 1316 4815 sublevatur
1345 4759 1589 4815 interius
1619 4777 1722 4832 per
1750 4761 2033 4832 Spiritum
2064 4762 2132 4818 il-

485 4847 896 4914 luminantem,
929 4854 985 4902 et
1013 4848 1378 4903 auditoribus
1399 4849 1596 4904 animo
1618 4847 1820 4904 utilius
1843 4848 1990 4905 solet
2010 4867 2136 4922 pro-

487 4938 655 4992 desse
677 4939 830 5009 quod
865 4937 1126 5010 procedit
1145 4938 1400 4993 exterius
1430 4954 1499 4993 ex
1524 4953 1657 4993 vera
1687 4936 2038 4994 humilitate.
2061 4940 2134 4994 At

485 5041 620 5080 vero
651 5026 834 5080 oratio
866 5043 992 5098 qua:
1022 5042 1088 5081 ex
1135 5027 1287 5080 fastu
1327 5025 1614 5099 superbiae
1645 5026 1856 5098 prodit,
1892 5027 2131 5083 audien-

485 5118 604 5169 tem
656 5131 770 5170 non
816 5116 1070 5186 adjuvat,
1105 5115 1204 5170 sed
1255 5115 1498 5171 fastidit.
1534 5115 1682 5187 Ergo
1733 5115 1871 5188 quia
1918 5115 2132 5171 mentis

558 5256 668 5326 (15)
701 5256 1066 5312 Frodoardus
1111 5257 1170 5315 in
1214 5257 1426 5313 Chron.
1461 5256 1534 5312 ad
1573 5273 1668 5312 an.
1701 5256 1826 5311 052.
1859 5257 2131 5326 Artoldus,

485 5327 696 5400 inquit,
730 5328 1164 5410 archiepiscopus
1193 5330 1247 5383 in
1282 5330 1610 5384 monasterio
1639 5328 1696 5384 8.
1729 5329 1915 5384 Basoli
1941 5345 2130 5386 mona-

485 5399 609 5455 chos
639 5401 824 5458 mittit.
855 5400 1102 5458 extmtsts
1129 5400 1344 5456 clericis
1387 5402 1484 5458 aui
1521 5399 1827 5456 serviebant
1856 5401 1956 5458 ibi.
1987 5417 2129 5458 com-

485 5399 609 5455 chos
639 5401 824 5464 mittit,
855 5399 1102 5524 exilvutsis
1129 5400 1344 5456 clericis
1387 5402 1484 5472 qui
1521 5399 1827 5456 serviebant
1856 5401 1956 5466 ibi,
1987 5417 2129 5458 com-

482 5473 701 5526 mittens
735 5469 874 5552 illud
924 5472 1289 5552 nin‘cmaroet
1317 5471 1566 5552 Retinere
1613 5471 1917 5552 abbatibus.
1951 5470 2129 5527 Hinc-

487 5558 693 5614 marus
717 5541 902 5614 abbas
923 5542 987 5614 S._
1009 5541 1258 5614 Remigii
1289 5543 1443 5614 apud
1471 5543 1705 5614 Remos,
1728 5546 1787 5598 et
1817 5543 2131 5614 Rotmarus

485 5611 932 5670 Altivillacensis
963 5611 1106 5670 forte
1127 5611 1344 5686 abbas,
1354 5611 1658 5672 monachis
1678 5611 1832 5690 apud
1856 5613 2132 5674 Basolum

2243 4495 2474 4551 dientia:
2506 4511 2656 4550 onus
2697 4495 3034 4551 auctoribus
3065 4495 3432 4552 tolerandum
3461 4514 3597 4554 esse
3636 4500 3896 4571 suscepi-

2243 4600 2397 4650 mus,
2417 4582 2518 4655 qui
2539 4588 2672 4656 post
2692 4583 2926 4656 longam
2951 4585 3286 4640 monasticae
3306 4584 3706 4644 institutionis
3729 4589 3900 4644 aboli-

2243 4675 2363 4726 tam
2395 4671 2758 4728 bonestatcm
2791 4672 2898 4728 hac
2925 4663 3125 4728 nostra
3155 4679 3318 4728 (etate
3349 4674 3641 4747 regularis
3678 4677 3898 4732 militia:

2242 4765 2380 4816 sunt
2429 4765 2793 4833 reparatores
2851 4765 3026 4832 atque
3082 4767 3436 4818 mercatores
3485 4765 3624 4832 (13).
3675 4766 3899 4831 Quibus

2241 4863 2376 4904 cum
2405 4847 2872 4915 obedimus,vita:
2905 4853 3112 4904 nostrae
3139 4848 3406 4904 ordinem
3433 4849 3807 4908 bonoramus
3837 4867 3899 4907 ac

2243 4941 2451 4992 nostra:
2475 4935 2772 4992 servitutis
2795 4936 3158 5008 propositum
3183 4935 3430 4992 illaesum
3451 4954 3896 4995 conservemus.

2241 5024 2386 5081 Cum
2416 5042 2548 5080 vero
2579 5025 2652 5080 ab
2685 5041 2886 5081 eorum
2907 5025 3238 5081 obedientia
3265 5031 3480 5082 temere
3502 5025 3896 5093 declinamus,

2240 5115 2424 5172 Deum
2443 5115 3051 5184 oﬂ‘endimus,animas
3069 5120 3298 5172 nostras
3314 5115 3610 5186 laedimus,
3625 5133 3736 5189 pro
3760 5135 3900 5174 mer-

2241 5258 2532 5330 restitutis
2575 5258 3012 5330 praeﬁciendum
3041 5262 3345 5330 curarunt
3381 5257 3673 5316 Odoleum
3718 5262 3900 5318 abba—

2241 5336 2380 5396 tem,
2413 5329 2504 5385 cui
2535 5329 2690 5384 Adso
2723 5329 2997 5386 Gerberto
3037 5329 3352 5386 Remorum
3383 5329 3637 5388 antitisti
3670 5349 3902 5388 eozevus

2240 5401 2546 5468 successit,
2563 5399 2983 5472 aediﬁcavitque
3001 5400 3304 5458 basilicam
3321 5400 3513 5472 qualis
3531 5403 3723 5460 etiam
3747 5420 3902 5459 nunc

2239 5477 2527 5566 superest,
2563 5474 2625 5526 ut
2657 5472 3088 5566 Euphemus-3n
3133 5472 3308 5566 epist;
3338 5472 3374 5526 7
3417 5477 3696 5566 testatur.
3753 5476 3904 5566 Legg

2241 5543 2618 5674 Gtuggelmum
2649 5543 2840 5600 Marlot
2869 5544 2928 5600 in
2960 5543 3059 5598 lib.
3093 5560 3150 5600 ιγ
3172 5543 3428 5618 ὶηοῒνορ.
3453 5543 3649 5616 Rem.,
3675 5563 3810 5620 cap.
3833 5543 3906 5604 25

2241 5631 2271 5674 e
2402 5657 2415 5674 .
