4060 6170
248 379 366 440 645

1553 389 1655 450 DE
1699 388 1887 453 Vl'l‘A
1932 389 1995 452 S.
2043 392 2347 457 BASOLl.

3551 412 3667 472 646

246 511 794 567 cedeinobedientizn
810 514 1898 590 damnationisjudiciumsustinemus.
1930 526 1986 593 Α
2015 527 2235 582 domini
2267 531 2564 586 confessor
2594 534 2652 586 in
2687 535 2899 605 populo
2931 536 3154 604 lateret,
3188 540 3377 594 effecit
3401 558 3414 606 ;
3441 540 3541 612 qui
3575 542 3669 597 his

245 600 392 672 Ergo
426 600 484 654 in
518 600 624 656 hac
656 607 819 673 parte
852 620 1023 659 nemo
1054 607 1311 663 mordaci
1336 611 1671 682 prmjudicio
1706 612 1764 667 in
1793 628 1901 668 nos

235 687 438 760 jacula
458 693 856 762 contorqueat,
892 693 1032 764 quia
1059 694 1374 768 vituperari
1398 715 1512 753 non
1537 699 1819 755 debemus
1850 701 1901 757 si

242 776 531 832 institutae
590 777 889 834 servitutis
936 779 1239 839 humiliter
1268 784 1529 842 officium
1561 786 1897 859 implemus.

790 877 1038 934 Auctoris
1066 880 1349 937 modestia.

310 973 366 1029 3.
387 972 499 1029 Sed
523 988 711 1046 neque
748 979 986 1032 econtra
1028 975 1386 1036 laudationis
1410 982 1699 1055 cujusque
1730 983 1899 1042 funes

238 1060 620 1130 innectimus,
654 1062 794 1135 quia
841 1066 1078 1122 omnino
1101 1067 1328 1125 laudari
1349 1086 1383 1125 a
1404 1088 1701 1143 quoquam
1734 1089 1897 1130 recu-

238 1149 570 1223 samus,qui
592 1149 958 1210 laudandum
982 1172 1285 1227 nunquam
1307 1157 1529 1230 aliquid
1562 1177 1668 1217 nos
1700 1162 1889 1233 egisse

237 1239 644 1295 meminimus.
678 1239 741 1295 In
770 1240 878 1298 hoc
912 1260 1165 1315 namque
1212 1245 1313 1301 tali
1346 1249 1578 1320 negotio
1610 1267 1723 1305 non
1748 1256 1836 1306 est
1864 1268 1900 1308 a

235 1327 497 1383 dictante
518 1330 835 1400 quzewnda
856 1330 1138 1402 laudatio,
1160 1335 1262 1390 sed
1293 1336 1579 1392 virtutum
1614 1337 1899 1395 imitanda

232 1417 559 1489 proportio,
592 1423 648 1473 et
674 1434 875 1474 rerum
907 1426 1208 1492 gestarum
1241 1440 1376 1479 cum
1405 1425 1647 1481 veritate
1705 1428 1896 1497 profe-

232 1507 419 1562 renda
448 1508 714 1563 assertio.
750 1508 808 1564 Si
854 1509 1036 1582 igitur
1093 1512 1266 1566 debet
1325 1514 1458 1584 quis
1516 1513 1763 1585 laudari,
1799 1515 1894 1571 ille

228 1595 512 1652 laudetur
531 1596 602 1651 de
630 1613 745 1669 quo
779 1615 885 1654 nos
918 1598 1123 1654 famuli
1155 1599 1474 1673 loquimur,
1500 1601 1597 1659 ille
1624 1602 1897 1660 laudetur

228 1685 336 1758 qui
392 1685 641 1741 virtutes
696 1691 994 1760 operatur,
1026 1687 1124 1743 ille
1156 1689 1257 1761 qui
1301 1692 1429 1762 jam
1460 1690 1896 1765 triumphaliter

226 1774 499 1848 pervenit
522 1776 596 1832 ad
629 1780 889 1848 portum,
912 1794 1027 1833 non
1072 1778 1170 1834 ille
1201 1780 1304 1851 qui
1343 1780 1534 1837 adhuc
1555 1780 1616 1837 in
1648 1782 1893 1850 incerto,

2013 616 2263 672 Francus
2288 622 2556 691 partibus
2579 628 2633 678 et
2654 625 3072 682 monachorum
3105 628 3367 685 imitator
3396 632 3668 704 egregius

2010 705 2434 773 exstitit,totius
2447 710 2644 782 populi
2662 713 2752 768 sui
2773 714 2928 786 apud
2953 715 3267 772 Dominum
3292 720 3670 792 semperpiis-

2010 793 2199 850 simus
2230 797 2516 854 mediator
2535 800 2664 856 erit.

2097 903 2251 959 Fides
2282 904 2445 977 hujus
2478 907 2725 966 historia?
2754 910 2951 1036 Auctpr
2979 929 3161 968 rerum
3196 913 3444 970 ordinem
3472 932 3583 972 non

2731 997 2886 1036 serva
2916 1024 2928 1036 .

2731 997 2928 1037 servat.

2080 1063 2131 1117 4.
2161 1064 2436 1129 Quaedam
2466 1065 2646 1139 igitur
2674 1069 2889 1126 tradita
2917 1086 2987 1126 ex
3017 1073 3395 1144 antiquorum
3426 1090 3653 1132 memo-

2007 1150 2094 1205 ria
2123 1152 2417 1224 copiosius
2452 1155 2780 1223 retulimus,
2812 1160 3078 1230 quaedam
3139 1177 3272 1217 vero
3320 1162 3392 1217 ab
3426 1179 3492 1218 eo
3522 1164 3666 1220 iide-

2008 1238 2152 1294 lium
2177 1240 2357 1298 relata
2379 1244 2513 1298 stilo
2536 1246 2768 1316 proprio
2792 1249 3364 1318 commendavimus,
3384 1250 3668 1308 nonnnlla

2005 1345 2236 1401 quoque
2267 1332 2477 1388 addere
2503 1332 2675 1389 libuit
2696 1336 2911 1406 quibus
2934 1341 2991 1391 et
3010 1336 3121 1409 ipsi
3156 1339 3662 1405 interfuimus,sed

2004 1423 2061 1473 et
2081 1419 2183 1475 illa
2220 1420 2469 1476 breviter
2497 1424 2753 1478 exsecuti
2786 1442 2996 1480 sumus
3030 1444 3158 1497 quae
3193 1428 3370 1483 rebus
3401 1428 3666 1483 testimo-

2005 1506 2102 1561 nio
2131 1510 2507 1580 praesentium
2566 1512 2922 1583 astipulante
2968 1514 3306 1570 didicimus.
3346 1517 3408 1571 In
3440 1516 3662 1571 descri-

2003 1597 2198 1668 ptione
2215 1602 2410 1653 autem
2429 1602 2628 1656 nostra
2650 1601 2915 1657 ordinem
2937 1619 3166 1659 servare
3183 1604 3660 1676 supersedimus;

2001 1685 2323 1744 dummodo
2353 1688 2411 1743 id
2443 1704 2773 1762 ageremus,
2800 1696 2865 1747 ut
2892 1708 3020 1763 qum
3052 1709 3116 1749 se
3145 1698 3360 1749 nostrae
3381 1693 3663 1752 inferrent

2003 1773 2238 1842 notitiae,
2264 1777 2443 1833 surda
2473 1793 2572 1834 ore
2602 1795 2717 1834 non
2748 1782 3178 1837 transeundum
3213 1797 3343 1838 esse
3364 1782 3660 1855 judicare-

226 1862 387 1919 inter
414 1863 630 1920 fluctus
659 1864 863 1938 dirigit
893 1867 1316 1924 remum.Unus
1337 1874 1426 1924 est
1456 1869 1637 1942 igitur
1654 1885 1721 1927 ex
1742 1870 1885 1943 prin-

2007 1878 2141 1919 mns
2167 1881 2181 1931 ;
2215 1866 2482 1936 quamvis
2513 1883 2745 1940 quoque
2776 1886 2809 1924 a
2836 1868 3107 1940 pluribus
3140 1871 3422 1927 afﬁrmari
3453 1871 3657 1941 soleat,

228 1951 467 2025 cipibus
499 1954 921 2011 monachorum
955 1955 1506 2031 sublimium,quem
1530 1976 1638 2016 nos
1670 1960 1895 2017 Μοῃαε.
1923 1951 1969 1960 ”
2005 1954 2162 2024 quod
2194 1953 2376 2009 solers
2427 1954 2745 2027 antiquitas
2776 1974 2841 2011 ex
2872 1958 3027 2013 beati
3060 1958 3168 2013 viri
3200 1958 3427 2015 actibus
3459 1965 3660 2032 poste-

228 2042 362 2098 ticaa
394 2043 523 2098 vita:
556 2043 915 2115 professores
974 2046 1419 2120 indignissimos
1452 2048 1552 2119 qui
1584 2066 1684 2103 nec
1717 2049 1890 2105 mini-

228 2146 395 2187 mam
417 2132 760 2188 meritorum
790 2134 1139 2206 particulam
1172 2136 1738 2209 attigimus,oportet
1758 2138 1888 2195 lau-

224 2220 375 2276 dare
394 2225 453 2276 et
483 2220 734 2277 recolere
767 2224 987 2279 devotis
1020 2224 1376 2296 pectoribus.
1409 2226 1647 2281 Justum
1676 2226 1890 2300 quippe

223 2314 336 2376 est,
357 2314 423 2364 ut
440 2326 616 2382 quem
639 2310 929 2368 habemus
955 2330 1071 2385 pra:
1104 2314 1290 2369 oculis
1315 2315 1499 2369 nostri
1526 2316 1750 2370 ordinis
1782 2317 1888 2371 du-

222 2413 361 2454 cem
391 2398 774 2471 pmcipuum,
810 2417 926 2472 quo
957 2407 1213 2474 regente,
1268 2420 1372 2474 per
1411 2404 1601 2459 varios
1630 2421 1804 2460 casus
1835 2408 1892 2459 et

222 2490 312 2542 tot
345 2486 694 2543 discrimina
723 2504 918 2544 rerum
959 2491 1257 2546 tendimus
1289 2492 1361 2546 ad
1392 2493 1667 2564 patriam,
1702 2493 1889 2548 nostri

220 2575 601 2631 devotionem
631 2576 1011 2633 exhibeamus
1034 2580 1301 2651 obsequii
1326 2581 1621 2652 ritumque
1640 2581 1885 2648 colendi,

224 2668 288 2719 ut
322 2668 472 2719 tunc
503 2681 644 2721 suos
674 2682 802 2722 esse
852 2674 1248 2739 recognoscat,
1284 2685 1421 2724 cum
1454 2671 1511 2723 in
1537 2670 1764 2739 judicio
1792 2685 1889 2725 ve-

224 2753 405 2809 niens
416 2769 452 2808 a
464 2753 741 2809 servitute
753 2772 862 2810 sua
876 2773 988 2811 non
1009 2756 1190 2811 fuisse
1208 2761 1514 2813 extraneos
1536 2759 1886 2814 considerat.

223 2842 341 2908 Qui
369 2842 490 2897 hinc
522 2847 718 2899 autem
762 2842 990 2918 legerit,
1014 2844 1326 2919 intelligat,
1368 2847 1523 2918 quod
1558 2850 1757 2902 nostra
1787 2864 1889 2902 ex—

223 2930 473 2986 actioad
496 2929 807 3005 legendum
831 2949 965 2988 eum
989 2950 1105 2989 non
1130 2932 1729 3007 compellat,sciatque
1751 2934 1892 3006 quia

225 3017 355 3074 alia
388 3036 492 3091 pro
540 3019 673 3076 aliis
730 3038 844 3076 non
903 3020 1272 3077 introducere
1329 3021 1643 3091 voluimus,
1677 3023 1777 3077 sed
1809 3023 1888 3078 rei

224 3111 416 3180 gesta:
448 3107 711 3165 ordinem
744 3110 1192 3182 diligentissime
1224 3110 1667 3183 investigantes,
1697 3129 1889 3184 quan-

2003 2059 2199 2097 rorum
2226 2044 2520 2099 memoria:
2544 2061 2658 2099 non
2693 2045 2934 2101 modica:
2968 2047 3315 2119 quantitatis
3338 2048 3552 2104 librum
3579 2066 3661 2105 re-

2000 2130 2363 2203 liquerit,qui
2378 2137 2572 2189 tamen
2596 2134 2787 2188 adhuc
2812 2137 3028 2191 nostris
3049 2137 3459 2208 conspectibus
3472 2153 3659 2210 usque

2002 2218 2059 2272 in
2077 2236 2336 2291 praesens
2356 2221 2710 2294 deprehendi
2738 2241 2849 2278 non
2876 2225 3082 2295 potuit.
3100 2225 3210 2280 Sed
3244 2224 3361 2280 sive
3381 2226 3524 2281 illud
3546 2231 3654 2293 est,

2000 2308 2140 2379 sive,
2167 2316 2230 2364 ut
2259 2316 2431 2381 poeta
2462 2311 2639 2378 canit,
2680 2312 2982 2378 Audieras,
3027 2314 3128 2369 sed
3161 2312 3319 2369 fama
3349 2315 3494 2383 fuit;
3520 2332 3656 2387 spe-

2000 2396 2165 2452 cialis
2186 2399 2438 2469 pastoris
2465 2400 2649 2455 nostri
2672 2401 2919 2456 virtutes
2942 2408 2998 2456 et
3019 2418 3196 2473 opera
3218 2420 3326 2459 nos
3347 2401 3519 2459 silere
3551 2403 3658 2459 mi-

1998 2486 2155 2540 nime
2186 2488 2472 2555 convenit,
2507 2488 2607 2560 qui
2644 2494 2700 2543 et
2730 2494 2864 2546 ante
2922 2506 3134 2562 corpus
3190 2492 3321 2561 ejus
3378 2492 3655 2548 excubias

2000 2576 2231 2647 agimus
2262 2578 2396 2646 (14),
2428 2582 2484 2631 et
2514 2578 2823 2648 patrocinii
2856 2578 3261 2650 singularitate
3303 2582 3651 2654 gaudemus.

2000 2663 2112 2719 Nec
2138 2666 2305 2720 nobis
2327 2665 2435 2719 erit
2468 2666 2629 2719 oneri
2666 2670 3190 2738 quantumcunque
3224 2668 3415 2740 ipsius
3445 2686 3656 2742 prisco-

1999 2754 2098 2808 nia
2117 2752 2339 2809 scimus
2359 2754 2430 2808 ab
2461 2753 2591 2808 aliis
2620 2753 2852 2809 dilatari
2880 2772 2892 2808 :
2920 2755 3037 2810 imo
3069 2757 3265 2827 potius
3290 2762 3533 2829 surgent
3558 2758 3653 2811 in-

1998 2846 2294 2897 crementa
2313 2842 2587 2915 gaudii,si
2612 2842 2709 2898 ubi
2731 2859 2839 2898 nos
2859 2843 3187 2912 deficimus,
3211 2844 3521 2918 contigerit
3551 2861 3656 2918 per

1998 2931 2179 2986 alium
2203 2930 2541 3005 adimpleri;
2572 2931 2713 3004 quia
2737 2931 2980 2987 virtutes
3011 2933 3141 3003 ejus
3160 2950 3306 3005 quas
3329 2932 3473 2989 cmlo
3506 2936 3655 2988 teste

1998 3024 2089 3075 est
2109 3026 2402 3093 operatus,
2436 3020 2586 3076 sicut
2608 3019 2805 3075 nullus
2826 3021 3161 3077 mortalium
3185 3022 3372 3095 potuit
3401 3022 3649 3094 pleniter

1998 3109 2421 3183 agnoscere,ita
2437 3127 2627 3166 sermo
2645 3109 3031 3182 plurimorum
3058 3128 3173 3167 non
3194 3110 3346 3167 valet
3367 3112 3651 3166 omnimo-

224 3200 367 3252 tum
402 3198 667 3253 studium
698 3203 964 3255 nostrum
997 3199 1323 3273 pertingere
1353 3202 1565 3273 potuit,
1587 3217 1660 3256 ne
1692 3205 1891 3257 tantus
1919 3186 1965 3253 (ἶ
2000 3201 2093 3255 dis
2122 3198 2427 3272 explicare.

1699 3517 2176 3590 PBIFFATIO.

221 3735 494 3809 Exempla
522 3744 832 3793 sanctorum
862 3753 1026 3811 quam
1056 3737 1236 3865 uigilia.
1266 3739 1463 3793 Auctor
1492 3753 1685 3793 nomen
1723 3754 1887 3792 suum

952 3826 1127 3865 prem:
1156 3850 1169 3863 .

948 3826 1169 3881 premat.

292 3897 357 3951 5.
392 3895 473 3952 Ex
511 3896 683 3970 longo
727 3897 905 3970 hujus
937 3898 1423 3971 peregrinationis
1457 3899 1626 3953 tazdio
1659 3898 1882 3954 felicem

223 3984 294 4039 ad
318 3984 576 4058 patriam
600 3985 1273 4053 rcvertentes,habemus
1309 3987 1639 4042 necessaria
1670 3986 1882 4042 SS.Pa-

221 4078 391 4129 trum
411 4071 850 4146 exempla,quos
876 4075 1142 4129 novimus
1158 4075 1553 4146 promeruisse
1569 4074 1883 4130 virtutibus

222 4160 555 4235 gloriosum
587 4161 659 4216 ad
691 4162 866 4218 ccelos
894 4180 1224 4219 ascensum.
1254 4163 1355 4219 Hic
1388 4163 1886 4235 namque,utdici-

1996 3719 2160 3774 dium
2190 3719 2291 3775 nat
2328 3719 2697 3791 Redemptori
2728 3719 2984 3792 placens.
3020 3720 3175 3774 Bono
3206 3720 3419 3776 etenim
3453 3720 3644 3777 fructu

1994 3812 2332 3864 sanctorum
2364 3806 2707 3862 memoriam
2748 3806 3080 3873 recolimus,
3114 3808 3160 3861 si
3196 3808 3496 3864 fastidium
3529 3827 3644 3866 non

1994 3896 2068 3952 sit
2100 3895 2318 3951 imitari
2343 3895 2495 3966 quod
2520 3894 2762 3950 auribus
2784 3896 3251 3951 audimus.Bono
3284 3896 3470 3952 fructu
3504 3916 3644 3954 san-

1995 3990 2219 4041 ctorum
2250 3984 2617 4040 celebramus
2641 3982 2861 4051 festa,si
2894 3985 3333 4040 condimentum
3367 3986 3641 4043 innocen-

1996 4075 2087 4129 tiae
2118 4072 2328 4146 accipit
2357 4073 2449 4128 his
2495 4072 2691 4127 infelix
2749 4071 3104 4128 conscientia
3161 4080 3379 4130 nostra.
3418 4077 3645 4134 Festive

1996 4180 2249 4235 namque
2271 4162 2486 4235 gaudia
2512 4179 2626 4217 non
2654 4162 2915 4217 ciborum
2939 4160 3172 4234 vinique
3203 4164 3642 4237 afﬂuentia),sed

221 4251 505 4320 tur,inter
524 4250 877 4323 Charybdim
901 4251 1238 4324 Syllamque
1265 4254 1745 4326 navigantes,non
1759 4252 1884 4307 sine
1914 4255 1962 4320 D
1994 4258 2250 4308 mentem
2309 4250 2621 4323 purificaas
2682 4249 3034 4305 desiderium
3068 4252 3138 4307 de
3168 4252 3387 4325 Spiritu
3432 4261 3641 4312 sancto

223 4355 447 4412 magno
467 4338 726 4411 periculo
748 4340 857 4395 iter
878 4341 1139 4396 medium
1164 4342 1458 4412 ducimus,
1484 4347 1542 4396 et
1571 4339 1735 4396 valde
1766 4340 1879 4396 for-

222 4428 578 4485 midandum
601 4445 672 4484 ne
701 4427 759 4483 in
791 4428 1087 4485 dexteram
1110 4430 1228 4487 sive
1252 4431 1310 4485 in
1333 4434 1557 4502 partem
1581 4429 1881 4484 sinistram

220 4516 352 4573 vela
383 4515 732 4573 relaxemus.
768 4517 983 4573 Przesto
1013 4523 1153 4574 sunt
1185 4519 1339 4573 enim
1367 4518 1660 4588 utrimque
1681 4523 1878 4571 trucu-

220 4604 397 4662 lenta:
422 4604 642 4674 bestiae,
676 4623 803 4678 quze
836 4606 885 4663 si
919 4624 1024 4662 nos
1053 4608 1124 4663 ad
1157 4623 1217 4662 se
1250 4605 1607 4662 declinantes
1638 4621 1879 4677 aspexe-

221 4694 362 4762 rint,
398 4693 621 4766 patcnti
679 4694 958 4761 barathro
1014 4696 1306 4762 sorbeant,
1340 4698 1515 4766 atque
1572 4694 1877 4765 profundis

221 4781 560 4855 gurgitibus
588 4782 959 4856 immergant.
993 4784 1140 4850 Quia
1168 4784 1347 4856 igitur
1374 4782 1494 4838 hare
1527 4783 1732 4839 mortis
1754 4781 1878 4838 lati-

223 4867 367 4924 bula
398 4885 502 4941 per
530 4886 635 4925 nos
658 4874 826 4927 caute
856 4871 1066 4926 evitare
1100 4889 1213 4927 non
1246 4888 1582 4944 possumus,
1615 4871 1744 4927 ideo
1774 4888 1873 4926 cu-

222 4956 378 5014 riose
408 4956 631 5014 lumine
659 4963 991 5015 sanctorum
1023 4960 1473 5032 prmcedentium
1503 4960 1744 5014 semitas
1774 4975 1874 5013 ex-

223 5045 547 5117 ploremus,
582 5051 646 5102 ut
674 5048 782 5101 iter
821 5052 1012 5102 tutum
1036 5047 1185 5102 inter
1206 5052 1288 5102 tot
1310 5048 1653 5102 discrimina
1685 5054 1875 5102 tenea-

224 5150 381 5191 mus.
412 5136 575 5201 Quod
634 5140 775 5192 tunc
832 5136 1238 5191 convenienter
1290 5136 1541 5209 agimus,
1575 5134 1625 5190 si
1667 5149 1871 5190 eorum

220 5223 471 5280 virtutes
496 5228 552 5280 et
574 5241 749 5298 opera
768 5225 1228 5292 consideremus,
1257 5224 1538 5295 nobisque
1570 5240 1639 5279 ex
1669 5238 1871 5279 eorum

222 5309 550 5369 imitatione
608 5313 820 5370 salutis
876 5312 1140 5387 exempla
1192 5314 1533 5387 capiamus;
1588 5313 1636 5367 si
1678 5328 1872 5368 mores

224 5401 653 5473 componimus,
675 5402 857 5459 vitam
887 5404 1290 5473 emendamus,
1316 5406 1374 5458 et
1394 5400 1675 5474 quidquid
1704 5405 1793 5457 est
1810 5401 1870 5456 in

224 5487 395 5545 nobis
424 5489 540 5547 Dco
571 5488 1019 5563 displicens,per
1041 5496 1252 5547 sanctae
1275 5490 1731 5547 conversationis
1754 5494 1871 5546 stu-

297 5633 544 5706 (Mjliic
573 5634 835 5706 nomine
895 5635 1315 5692 monachorum
1349 5635 1406 5692 S.
1437 5634 1626 5706 Basoli
1680 5634 1869 5706 loqui-

223 5706 329 5762 tur
353 5704 504 5764 Adso
534 5704 716 5766 abbas
743 5705 1050 5768 Dervensis
1089 5707 1355 5781 coenobii,
1390 5706 1559 5783 vulgo
1587 5704 1867 5767 Monsti'cr-

1992 4341 2287 4413 componit
2317 4338 2534 4395 laetitia.

2060 4431 2114 4483 6.
2150 4429 2281 4484 Ideo
2312 4444 2448 4501 ergo
2480 4444 2585 4483 nos
2612 4428 2763 4483 beati
2788 4430 3037 4500 pastoris
3070 4432 3253 4486 nostri
3286 4449 3351 4487 ac
3377 4433 3639 4504 prazclari

1990 4518 2338 4573 confessoris
2377 4516 2591 4571 Christi
2626 4517 2814 4571 Basoli
2836 4518 3013 4572 vitam
3037 4525 3319 4591 actusque
3351 4522 3633 4577 describi-

1990 4611 2209 4674 mus,ut
2236 4624 2339 4679 per
2360 4607 2513 4679 quod
2540 4607 2649 4662 iter
2678 4607 2750 4661 ad
2785 4605 3029 4678 gloriam
3063 4607 3385 4679 pervenerit
3416 4609 3474 4663 in
3510 4626 3636 4665 me-

1988 4697 2232 4752 moriam
2269 4697 2637 4751 reducamus.
2666 4697 2809 4751 Ecce
2832 4696 3046 4751 etenim
3079 4694 3127 4749 si
3155 4701 3372 4767 quanta
3402 4697 3475 4752 sit
3507 4699 3637 4769 ejus

1986 4784 2172 4859 gloria
2202 4786 2258 4840 in
2290 4784 2432 4841 cwlo
2453 4784 2998 4848 consideremus,ad
3022 4800 3089 4839 ea
3114 4790 3309 4839 tamen
3343 4802 3469 4856 qua:
3500 4792 3635 4843 ante

1986 4875 2223 4947 pertulit
2245 4874 2433 4930 visum
2457 4874 2853 4939 reﬂectamus;
2876 4872 3011 4944 quia
3035 4872 3176 4928 nihil
3210 4873 3352 4928 mihi
3377 4876 3632 4945 prodest,

1985 4980 2118 5019 cum
2146 4965 2215 5019 de
2236 4962 2566 5018 cmlestibus
2590 4961 2782 5026 audio,
2812 4960 2859 5015 si
2883 4961 3001 5016 haec
3026 4963 3244 5032 quibus
3272 4963 3343 5017 ad
3376 4962 3635 5018 caelestia

1983 5053 2267 5118 tenditur,
2299 5052 2367 5106 ad
2402 5066 2615 5104 manus
2668 5064 2781 5103 non
2829 5048 3045 5105 evolvo.
3081 5049 3243 5104 Unde
3274 5050 3633 5107 sanctissimi

1982 5140 2161 5212 hujus
2186 5138 2371 5194 Patris
2390 5138 2569 5194 vitam
2596 5137 2869 5193 fidelibus
2891 5139 3163 5195 ducimus
3184 5139 3242 5194 in
3274 5139 3628 5212 exemplum,

1983 5228 2082 5299 qui
2104 5228 2257 5299 quod
2282 5225 2492 5282 diaboli
2517 5231 2875 5282 tentamenta
2897 5226 3119 5282 fortiter
3138 5228 3325 5293 evicit,
3351 5244 3413 5285 se
3436 5229 3633 5300 profe-

1981 5320 2072 5372 cto
2096 5315 2153 5369 in
2179 5315 2362 5370 ardua
2382 5314 2746 5386 sequendum
2772 5313 2922 5369 filios
2963 5315 3215 5371 edocuit.
3250 5318 3318 5371 Et
3350 5317 3630 5388 quoniam

1980 5402 2226 5478 gentiles
2258 5401 2587 5475 philosophi
2621 5401 2913 5473 prmclaris
2967 5420 3212 5459 suorum
3272 5404 3631 5460 facinoribus

1979 5491 2292 5565 provocati,
2325 5491 2436 5563 ipsi
2472 5490 2679 5563 perditi
2712 5491 2970 5562 perditos
3000 5493 3313 5563 quaesivere
3337 5492 3628 5549 memoriae

1978 5633 2479 5767 ἱη-ιὲὴθνηᾶίωοοεὶδ
2499 5632 3027 5704 Catalauncnsis,in
3058 5639 3248 5692 tractu
3280 5634 3561 5705 Partensi,
3583 5636 3632 5695 le

2026 5724 2091 5765 ar
2151 5722 2253 5766 0w.

2026 5722 2253 5766 arma».
