4104 6172
411 334 526 394 647
1526 317 1860 380 ADSONIS
1904 312 2075 375 DEll‘

2189 311 2342 374 κειε
2387 309 2724 371 ABBATIS
3721 306 3842 366 648

412 464 692 521 mandare
719 459 983 534 perenni,
1016 462 1082 512 ut
1110 456 1167 510 in
1211 470 1309 510 ore
1339 453 1644 508 hominum
1673 448 1932 504 viverent
1963 445 2066 519 qui
2093 445 2150 514 Α
2179 444 2396 514 itaque,
2428 442 2570 497 dum
2602 439 2687 496 sol
2711 439 3000 496 mundum
3025 457 3130 496 suo
3151 439 3376 496 lumine
3397 438 3838 514 cinxerit,apud

413 553 611 611 anima
639 557 697 606 et
719 527 962 621 corpore
995 545 1212 620 pariter
1243 541 1672 599 decessissent:
1709 541 1928 612 quanto
1960 553 2066 591 nos
2175 531 2442 588 homines
2468 529 2708 604 perenni
2731 528 2884 584 vivet
2901 527 2961 584 in
2983 527 3196 602 gloria;
3240 527 3410 584 illum
3452 543 3616 600 vero,
3649 532 3719 582 ut
3741 528 3847 613 fer;

2174 627 2294 688 tur,
2328 624 2553 676 aeternis
2601 617 2778 674 morti
2827 634 3059 691 semper
3097 617 3253 690 apud
3285 615 3513 673 interos
3541 616 3847 688 torquebit

2177 709 2411 766 Ixionea
2431 712 2577 763 rota.
2606 706 2798 779 Ipsius
2835 722 2971 780 ergo
3005 710 3172 780 gesta
3192 704 3447 762 breviter
3476 705 3537 760 in
3569 703 3846 760 notitiam

2177 797 2524 854 deducimus
2547 795 2880 864 hominum,
2902 794 2999 868 qui
3019 793 3294 850 laudibus
3323 793 3656 850 honoratur
3676 810 3848 868 ange~

2177 885 2391 943 lorum.
2425 884 2748 950 Praestabit,
2770 888 2838 940 ut
2859 883 3173 951 credimus,
3211 882 3414 939 lectori
3444 899 3554 940 suo
3577 898 3698 938 non
3731 882 3849 938 mi-

413 641 695 716 gloriosos
726 641 1062 694 sanctorum
1090 631 1426 704 triumphos
1455 628 1693 702 dignius
1717 625 2064 716 attollimus,

414 712 560 803 quos
583 727 640 783 in
663 724 986 782 aeternitate
1001 739 1136 778 cum
1159 722 1276 776 Deo
1293 734 1536 792 regnare
1552 733 1666 771 non
1685 714 2027 770 dubitamus
2039 712 2068 767 ?

413 801 480 876 lii
513 832 766 888 namque
799 817 931 886 post
962 817 1210 868 mortem
1243 808 1455 865 melius
1485 807 1704 873 vivunt,
1723 803 1845 858 illic
1867 801 1968 858 ubi
1989 801 2067 856 vi-

411 911 594 975 vunt;
627 921 762 961 cum
797 901 1083 960 exstincta
1113 915 1346 972 quoque
1379 912 1582 952 eorum
1616 909 1859 966 corpora
1887 890 2069 947 tantis

413 995 674 1070 quotidie
689 990 992 1048 miraculis
1014 1007 1149 1046 coru
1159 985 1470 1056 scant,illic
1482 983 1658 1040 etiam
1671 981 1772 1037 ubi
1787 985 2071 1052 tempora-

412 1084 548 1140 liter
559 1100 674 1140 non
687 1076 1239 1137 vivunt.Patientius
1255 1075 1413 1131 enim
1435 1072 1722 1129 actionem
1738 1069 2070 1140 recito,quze

417 1174 809 1227 confessorem
851 1185 1048 1224 meum
1098 1165 1506 1222 beatissimum
1549 1159 1818 1216 Basolum
1844 1161 2070 1212 aeterna:

408 1259 766 1332 jucunditati
781 1257 1099 1328 ascriptum
1123 1271 1255 1310 cum
1278 1252 1502 1308 civibus
1520 1253 1921 1319 narrat,quam
1940 1261 2070 1300 eam

417 1368 544 1422 qua:
569 1348 870 1404 Herculem
895 1347 1171 1416 gigantea
1200 1343 1339 1396 olim
1365 1339 1718 1396 enormitate
1759 1336 2070 1408 prwditum

415 1438 475 1493 in
501 1437 712 1494 ccelum
741 1435 1094 1492 translatum
1122 1448 1251 1487 esse
1284 1428 1648 1485 mendaciter
1673 1424 2072 1481 al'firmathte

2181 976 2405 1031 nimam
2435 973 2495 1028 in
2519 971 2856 1029 caelestibus
2877 971 3146 1045 gloriam,
3179 970 3524 1044 quicunque
3544 987 3686 1027 cum
3710 969 3853 1027 dile-

2181 1065 2370 1120 ctione
2394 1078 2562 1118 suam
2586 1061 2912 1117 recitaverit
2934 1059 3382 1116 lectionem.Sed
3410 1077 3486 1117 ne
3507 1059 3648 1133 styli
3676 1060 3852 1116 rusti-

2181 1154 2356 1209 citate
2379 1150 2564 1208 sancti
2586 1149 2691 1204 viri
2716 1149 2947 1204 actibus
2969 1148 3207 1204 vilitatis
3229 1147 3512 1220 injuriam
3543 1149 3848 1204 submini-

2181 1247 2350 1307 stret,
2382 1241 2566 1296 solam
2599 1244 2828 1293 tantum
2863 1239 3129 1310 praeferat
3159 1237 3612 1305 materiam,sed
3647 1243 3852 1293 tamen

2181 1329 2437 1387 auctoris
2465 1327 2717 1384 occultet
2747 1326 2960 1399 pagina
2989 1343 3222 1382 nomen.

1909 1607 2312 1626 ﬂ

1494 1744 2184 1885 INCIPIT
2299 1737 2754 1874 VITA.

2105 1985 2469 2082 Bniumque
2498 1983 2558 2038 in
2591 1996 2658 2038 eo
2710 1980 3000 2036 bonorum
3062 1976 3482 2035 decentissima
3540 1977 3833 2035 claritudo

2185 2073 2373 2132 Tanta
2403 2077 2578 2130 etiam
2611 2088 2673 2128 se
2703 2071 2756 2125 vi
2787 2073 3200 2138 coarctavcrat,
3218 2071 3282 2123 ut
3311 2066 3732 2124 ecclesiastica:
3763 2067 3848 2123 di-

2185 2163 2442 2237 sciplina:
2467 2159 2782 2217 nonnullos
2802 2158 3074 2216 exercitio
3095 2157 3373 2230 prmditos
3393 2155 3584 2212 animi
3617 2155 3850 2211 virtuti-

2185 2255 2296 2308 bus
2328 2252 2438 2308 sub
2469 2248 2568 2305 illo
2599 2264 2834 2321 quoque
2862 2247 3069 2303 habitu
3101 2245 3568 2301 transcenderet.

2373 2339 2456 2395 Ad
2482 2338 2540 2395 S.
2575 2339 2810 2409 Remigii
2836 2335 3146 2410 sepulcrum
3175 2334 3396 2391 devotus
3425 2333 3658 2390 accedit.

2253 2431 2306 2486 8.
2343 2429 2487 2484 Cum
2534 2425 2788 2498 denique
2835 2423 3142 2497 praedictos
3171 2422 3282 2478 hos
3309 2437 3519 2478 omnes
3551 2422 3846 2477 bonorum

2182 2517 2401 2590 gradus
2433 2514 2816 2589 pertransiret
2839 2510 3044 2569 florida
3073 2509 3402 2567 beatissimi
3426 2508 3625 2566 Basoli
3640 2511 3850 2581 juven-

2182 2609 2301 2674 tus,
2325 2604 2428 2662 Dei
2449 2607 2778 2676 przeventus
2799 2601 2952 2659 dono
2972 2599 3318 2656 accenditur
3335 2599 3465 2672 ejus
3487 2597 3758 2666 animus,
3789 2601 3850 2652 ut

2175 2695 2301 2766 jam
2327 2691 2557 2766 plenius
2578 2690 2918 2747 renuntiare
2939 2687 3243 2745 debuisset
3263 2687 3629 2756 mundo,sua
3647 2686 3848 2742 omnia

2183 2783 2495 2852 desereret,
2530 2779 2600 2836 de
2632 2779 2851 2835 finibus
2901 2778 3026 2834 suis
3055 2776 3276 2844 exiret,
3302 2790 3552 2848 regnum
3588 2774 3845 2830 Francia:

2183 2873 2534 2942 penetraret,
2568 2869 2916 2924 Remenscm
2938 2866 3141 2922 urbem
3165 2863 3502 2937 specialiter
3528 2865 3840 2935 expeteret,

2183 2975 2251 3016 ac
2281 2959 2432 3016 beati
2468 2956 2740 3030 Remigii,
2775 2957 2845 3013 de
2876 2957 3047 3028 cujus
3077 2953 3300 3010 sanctis
3329 2952 3558 3008 actibus
3603 2949 3755 3005 mira
3781 2954 3835 3005 et

2183 3049 2414 3120 egregia
2435 3048 2562 3120 jam
2594 3043 2734 3101 olim
2767 3043 2956 3100 multa
2986 3043 3376 3116 cognovisset,
3399 3039 3701 3096 tumulum
3721 3055 3846 3094 cor-

2187 3135 2464 3206 poraliter
2501 3133 2798 3202 inviseret,
2829 3132 3028 3204 ibique
3049 3131 3236 3186 sacris
3254 3128 3469 3201 vigiliis
3491 3133 3550 3183 et
3573 3124 3852 3182 orationi-

2188 3224 2299 3280 bus
2319 3223 2729 3280 excubaret.Et
2748 3220 3008 3293 quotidie
3029 3223 3251 3292 quanto
3271 3217 3461 3291 gratia
3481 3217 3686 3287 major
3715 3215 3848 3270 ineo

2183 3316 2530 3380 excreverat,
2583 3315 2748 3366 tanto
2788 3308 2966 3365 altius
2997 3309 3194 3364 animo
3221 3305 3572 3375 revolvebat,
3607 3305 3758 3378 quia
3783 3304 3850 3359 ad

2185 3398 2512 3456 claritatem
2535 3397 2777 3455 visionis
2798 3396 2900 3454 Dei
2932 3396 3104 3454 aliter
3134 3396 3448 3452 ascendere
3471 3410 3595 3449 non
3628 3397 3851 3466 posset,

2185 3489 2298 3546 nisi
2329 3489 2479 3545 liber
2505 3487 2782 3544 omnibus
2805 3485 3003 3543 saeculi
3021 3481 3854 3558 impedimentis,discipulum

2184 3594 2246 3634 se
2279 3578 2456 3634 faciat
2476 3575 2814 3645 Salvatoris,
2850 3573 2953 3647 qui
2992 3574 3224 3632 cunctis
3260 3573 3386 3630 suis
3403 3571 3560 3628 veris
3584 3570 3854 3644 sequaci-

2185 3665 2296 3722 bus
2329 3665 2470 3722 dicit
2502 3681 2516 3721 :
2547 3664 2747 3721 Discite
2772 3680 2809 3720 α
2832 3679 2921 3720 me
2979 3665 3112 3737 quia
3166 3664 3319 3719 mitis
3373 3677 3500 3718 sum
3538 3668 3599 3717 et
3623 3658 3856 3716 Munitis

2183 3754 2363 3824 corde,
2394 3762 2447 3811 et
2473 3755 2764 3810 invenietis
2817 3754 3064 3826 requiem
3089 3751 3381 3808 animabus
3411 3751 3614 3807 vntris
3646 3747 3851 3821 (lauti.

2184 3861 2227 3912 ι,
2237 3844 2352 3914 29).
2367 3843 2548 3915 Cujus
2562 3858 2761 3900 vocem
2785 3841 3165 3899 beatissimus
3174 3841 3265 3896 vir
3275 3837 3520 3898 Basolus
3531 3837 3856 3912 diligenter

2186 3931 2564 4006 amplectens,
2599 3931 2900 3987 metuebat
2922 3947 2985 3986 se
3007 3929 3160 3986 inter
3188 3928 3455 3985 turbines
3474 3925 3685 3983 saeculi
3701 3924 3857 3998 posi-

2185 4025 2314 4078 tum
2337 4021 2545 4078 anima:
2567 4036 2686 4076 sua:
2707 4018 2875 4076 facile
2897 4017 3215 4076 incurrisse
3230 4013 3859 4090 jacturam.Felicissi-

2187 4127 2356 4167 mum
2375 4109 2645 4166 vincendi
2684 4125 2872 4182 genus
2907 4123 3057 4177 esse,
3086 4106 3322 4164 fallaces
3362 4104 3576 4161 mundi
3621 4101 3859 4160 divitias

2189 4203 2582 4265 contemnere,
2607 4213 2818 4253 aurum
2838 4200 3010 4268 atque
3032 4198 3342 4268 argentum
3365 4208 3472 4249 nec
3494 4191 3726 4249 habere
3757 4206 3860 4247 nec

2188 4303 2466 4360 quaerere,
2481 4302 2679 4342 veram
2701 4289 3106 4360 paupertatem
3130 4283 3374 4350 ambire,
3407 4279 3858 4354 quaa‘caalorum

429 4391 627 4432 sacras
656 4373 949 4431 orationes
979 4373 1091 4430 sibi
1123 4376 1497 4446 perpetuans,
1528 4376 1816 4446 quantum
1864 4369 2076 4429 intelli-
2187 4376 2410 4432 tribuat,
2441 4374 2639 4448 ampla
2679 4373 2901 4448 palatia
2923 4373 3244 4447 possidere.
3277 4371 3406 4428 Haec
3436 4367 3628 4442 igitur
3658 4383 3860 4425 secum

429 4480 562 4536 gere
580 4467 947 4537 poterat,non
970 4461 1227 4536 segniter
1245 4462 1480 4534 agebat;
1501 4459 1866 4517 abstinentia:
1880 4463 2078 4515 autem
2100 4491 2106 4506 ι
2191 4481 2434 4521 versans
2456 4464 2514 4519 in
2537 4463 2973 4536 pectoreﬁdem
2994 4467 3170 4534 atque
3192 4457 3590 4516 constantiam
3612 4457 3857 4512 Abraha‘.

430 4551 895 4608 districtionibus
917 4550 1305 4618 deditus,cibo
1329 4556 1586 4623 potuque
1608 4555 1961 4621 temperans,
1979 4549 2078 4620 ju-
2110 4542 2158 4608 D
2189 4554 2414 4626 antiqui
2446 4571 2512 4610 ac
2544 4552 2757 4608 nobilis
2816 4550 3162 4625 patriarcha:
3216 4566 3332 4622 prae
3375 4545 3566 4603 oculis
3599 4550 3858 4611 revocat,

429 4641 684 4696 ventutis
707 4639 1076 4696 insolentiam
1101 4639 1265 4694 duris
1288 4640 1533 4695 nexibus
1555 4638 1962 4694 infrenaverat.
1979 4639 2082 4692 Pa-
2194 4641 2600 4715 qui,derelicto
2624 4641 2945 4698 nativitatis
2963 4639 3086 4696 solo
3102 4644 3277 4712 atque
3287 4640 3541 4711 paterna:
3564 4635 3863 4708 cognatio-

501 2006 558 2062 S.
592 2003 777 2062 Basoli
799 2002 982 2074 patria
1012 2007 1062 2055 et
1090 1997 1368 2123 nolzilitas.
1405 1995 1635 2051 Virtutes
1667 1993 1782 2064 ejus
1813 1988 1992 2046 adhuc

1195 2085 1324 2123 αισι.

1195 2085 1324 2123 αισι.

485 2169 542 2222 7.
563 2165 750 2238 Igitur
770 2159 1151 2218 beatissimus
1173 2154 1417 2212 Basolus
1438 2151 1757 2225 Aquitania
1777 2149 2074 2238 provincia

423 2236 638 2327 inclyte
669 2255 981 2324 parentum
1011 2245 1274 2319 germine
1295 2248 1550 2310 exortus,
1588 2238 1879 2297 territorio
1909 2236 2073 2294 urbis

419 2325 822 2406 Lemovicinai,
857 2342 1000 2392 natu
1033 2341 1090 2390 et
1121 2349 1330 2408 genere
1361 2331 1473 2388 fuit
1501 2329 1938 2395 nobilissimus.
1963 2325 2070 2392 Qui

418 2431 569 2487 felici
599 2427 861 2500 auspicio
902 2429 1090 2481 metas
1148 2420 1407 2478 infantia:
1465 2433 1902 2490 supergressus,
1936 2431 2072 2470 cum

420 2523 685 2590 tempora
708 2511 1112 2570 adolescentiae
1133 2508 1283 2565 sacri
1299 2506 1549 2562 tirocinii
1564 2505 1925 2561 incremento
1943 2518 2076 2557 con-

418 2603 969 2682 tigisset,addivina3
991 2599 1287 2656 servitutis
1308 2613 1456 2670 opus
1478 2599 1668 2651 totum
1691 2609 1753 2649 se
1765 2590 2070 2648 convertit.

417 2677 497 2751 Ac
530 2693 787 2768 primum
841 2696 1080 2746 terrenae
1129 2686 1352 2743 militia:
1392 2683 1586 2758 specie
1615 2683 1908 2749 detentus,
1939 2677 2072 2734 illos

421 2767 708 2859 primaevae
738 2779 926 2836 aetatis
958 2793 1143 2834 annos
1178 2777 1330 2832 inter
1359 2771 1675 2846 pepulares
1704 2775 1932 2826 turmas
1960 2767 2072 2824 sub

424 2857 622 2929 studio
653 2867 886 2944 pietatis
917 2865 1256 2922 exsolverat.
1282 2863 1390 2931 Qui
1425 2861 1560 2918 licet
1589 2857 1982 2917 communiter
2012 2857 2073 2911 in

420 2960 632 3017 saeculo
665 2956 1008 3030 aliquandiu
1039 2957 1434 3021 conversatus,
1467 2967 1583 3007 non
1616 2954 1810 3006 tamen
1843 2962 2073 3004 sacram

424 3047 878 3104 adolescentiam
898 3045 1055 3100 vitiis
1076 3043 1436 3109 subdiderat,
1453 3040 1670 3113 quibus
1689 3037 1791 3093 illa
1811 3041 1951 3091 mtas
1978 3035 2072 3090 ni-

424 3137 611 3191 mium
644 3131 934 3206 implicari
966 3131 1133 3188 solet.
1165 3131 1296 3186 Jam
1341 3134 1468 3184 tum
1517 3128 1754 3199 quidem
1815 3129 2072 3180 zestuans

423 3240 621 3279 amore
642 3220 987 3288 cmlestium,
1010 3235 1356 3291 semperque
1387 3217 1633 3272 tendens
1665 3216 1724 3270 in
1755 3217 2074 3286 augmenta

423 3312 706 3367 virtutum
716 3351 729 3364 .
751 3310 821 3365 Et
837 3309 1103 3381 quamvis
1115 3305 1410 3363 szecularis
1424 3305 1502 3360 rei
1517 3323 1584 3360 su
1592 3304 1731 3378 perd
1741 3307 1873 3358 ucta
1883 3302 2074 3374 specie

426 3395 1074 3468 teneretur,disciplinis
1101 3400 1296 3452 tamen
1327 3393 1664 3450 cmlcstibus
1693 3392 1956 3448 animum
1979 3392 2072 3446 in-

428 3485 1077 3559 screbat,evangelicam
1099 3484 1515 3557 perfectionem
1537 3483 1598 3538 in
1610 3481 1711 3538 illa
1721 3481 2072 3538 etiaminfir-

425 3577 628 3634 mitate
649 3574 762 3633 sibi
783 3592 899 3649 prae
929 3573 1116 3630 oculis
1155 3573 1429 3641 inferens,
1455 3576 1678 3645 patrem
1710 3575 2074 3642 matremque

424 3667 623 3724 minus
654 3665 954 3733 dilexerat,
978 3667 1046 3720 ut
1065 3663 1182 3720 Deo
1212 3680 1274 3719 se
1304 3649 1663 3736 approbante
1686 3659 1810 3716 fieri
1841 3659 2076 3734 dignior

423 3754 732 3830 potuisset.
752 3753 1028 3810 Ecclesiis
1049 3751 1152 3810 Dei
1172 3757 1273 3809 aut
1294 3750 1668 3808 monasteriis
1689 3748 1922 3806 animus
1943 3765 2072 3822 per-

421 3843 672 3919 vigilans
694 3844 751 3900 in
781 3843 1173 3901 adolescentia
1193 3842 1607 3909 meditabatur,
1641 3839 1797 3913 quod
1819 3841 2076 3912 postmo-

423 3935 566 3991 dum
583 3933 761 3991 altius
783 3931 1144 4006 impleretur.
1165 3931 1334 3988 Fides
1351 3930 1410 3986 in
1423 3931 1552 4002 ejus
1565 3933 1795 4002 pectore
1809 3925 2072 4000 amplum

423 4023 661 4096 regebat
680 4021 1014 4094 imperium,
1034 4020 1288 4078 cbaritas
1311 4025 1486 4092 atque
1507 4016 1738 4075 dilectio
1759 4017 1914 4089 apud
1938 4032 2073 4072 eum

426 4109 689 4183 perpetui
722 4109 942 4167 fomitis
977 4109 1330 4182 perurgebat
1373 4107 1752 4174 incendium;
1784 4103 2076 4162 castitatis

428 4201 625 4253 autem
656 4197 906 4253 candore
929 4198 986 4252 in
1019 4215 1080 4254 se
1111 4197 1425 4266 eminente,
1459 4214 1574 4252 non
1621 4195 1749 4252 ﬁxit
1777 4195 1982 4267 pedem
2014 4193 2075 4248 in

428 4286 660 4342 lubrico‘
676 4302 748 4342 ne
778 4285 1070 4342 maculam
1103 4284 1358 4341 traheret
1387 4285 1459 4340 ab
1479 4281 1986 4356 occulto.Vigilias
2011 4297 2076 4338 ac

432 4729 696 4785 tientiam
721 4746 951 4802 quoque
965 4729 1023 4784 in
1039 4727 1298 4784 adversis
1315 4727 1783 4784 intersaeculares
1797 4732 2084 4800 quantum

433 4817 702 4887 excoluit,
737 4835 1022 4890 exponere
1080 4834 1250 4873 nemo
1309 4817 1548 4874 sufficit.
1581 4816 1746 4871 Circa
1799 4833 2086 4888 pauperes

434 4913 599 4964 tanta
617 4907 667 4964 ei
691 4907 1012 4964 liberalitas
1033 4911 1250 4976 erat,ut
1281 4906 1567 4980 quidquid
1601 4921 1888 4962 concessa:
1912 4903 2088 4961 facul-

437 4997 576 5054 tatis
606 4997 816 5068 fuerat,
850 4997 906 5053 id
938 5001 1126 5053 totum
1161 5001 1370 5069 prazter
1407 4995 1812 5069 quotidianum
1843 4994 2084 5064 victum,

439 5086 744 5160 stipendiis
775 5086 1096 5142 effunderet
1127 5085 1496 5142 miserorum.
1530 5087 1668 5143 Erat
1715 5087 1909 5142 autem
1937 5084 2090 5142 inter

441 5175 560 5232 haec
581 5175 776 5232 animo
799 5176 1400 5249 piissimus,sermone
1418 5173 2088 5246 veracissimus,justitia

441 5263 709 5337 insignis,
745 5281 847 5336 spe
885 5263 1262 5337 longanimis,
1297 5269 1460 5321 motu
1507 5267 1802 5336 acceptus,
1854 5263 2085 5319 incessu

441 5353 1097 5421 verecundus,moribus
1118 5354 1331 5426 gravis,
1354 5353 1594 5410 lenitate
1615 5352 2087 5418 amabilis,verbo

443 5441 796 5509 communis,
828 5443 1102 5498 omnibus
1126 5442 1606 5515 aﬂ‘abilis,gratus
1627 5440 2090 5514 alloquio,hone-

445 5536 573 5587 stus
605 5530 664 5586 in
686 5531 1092 5598 domo,tardus
1113 5531 1170 5585 in
1194 5530 1446 5602 publico,
1481 5530 1932 5605 lacrymantium
1961 5528 2090 5585 dul-

447 5619 998 5692 cedo,imbecillium
1017 5619 1610 5694 fortitudo,stantium
1639 5620 2092 5691 beatitudo,om-

2196 4731 2288 4788 nis
2310 4731 2712 4804 domo,ignota
2732 4729 2844 4786 sibi
2869 4730 3114 4786 fidenter
3133 4726 3392 4801 expetiit,
3407 4728 3465 4780 et
3487 4741 3610 4796 quo
3631 4729 3729 4780 est
3740 4725 3864 4796 jus-

2196 4837 2299 4876 sus
2327 4819 2522 4877 exivit.

2638 4907 2835 4964 Omnia
2863 4908 3174 4982 relinquere
3200 4905 3404 4963 statuit.

2265 4999 2320 5054 9.
2374 4997 2519 5054 Hinc
2571 4997 2766 5070 itaque
2795 4996 2882 5054 vir
2911 5002 3150 5054 sanctus
3198 4995 3375 5053 altius
3404 4989 3584 5065 capit
3615 4985 3869 5062 ingemi-

2198 5103 2380 5156 scere,
2416 5087 2572 5160 quod
2612 5086 2722 5144 hoc
2755 5086 3026 5160 praecepti
3048 5103 3235 5160 genus
3259 5084 3512 5142 necdum
3532 5081 3739 5136 fuerat
3769 5094 3866 5134 ex-

2197 5174 2534 5250 pertus.Qui
2565 5175 2614 5232 si
2644 5179 2838 5232 mente
2867 5175 3272 5247 nativumjam
3297 5169 3585 5246 cespitem
3617 5166 3872 5240 relique-

2197 5270 2308 5335 rat,
2329 5265 2637 5338 reputabat
2664 5269 2860 5322 tamen
2886 5265 3025 5337 quia
3053 5263 3244 5321 adhuc
3260 5275 3500 5334 corpore
3513 5258 3863 5314 interesset.

2199 5355 2460 5412 Tandem
2483 5351 2662 5427 igitur
2692 5358 2951 5426 sumpta,
2975 5358 3041 5410 ut
3056 5353 3277 5420 ferunt,
3312 5345 3739 5407 tantummodo
3767 5341 3871 5399 illa

2199 5461 2308 5500 sua
2330 5460 2390 5500 re
2414 5442 2803 5515 militari,qua
2818 5442 3040 5516 primos
3064 5442 3236 5498 ﬂores
3257 5439 3730 5510 castajuventus
3753 5447 3870 5493 non

2199 5531 2500 5606 voluptate
2560 5530 2780 5599 saeculi,
2811 5531 2914 5587 sed
2960 5529 3355 5604 perfunctorio
3384 5524 3665 5584 exercitio
3695 5534 3873 5596 agere

2209 5623 2609 5690 consueverat,
2643 5619 2900 5680 nudatus
2945 5617 3307 5695 parentibus,
3339 5617 3443 5678 Dei
3498 5610 3872 5692 protectione
