4104 6172
350 372 475 433 653

1691 366 1792 426 DE
1834 365 2019 428 VITA
2065 366 2126 428 S.
2175 369 2475 431 BASOLI.

3669 373 3789 434 654

351 480 625 534 omnium
657 480 945 534 bonarum
960 478 1247 533 virtutum
1273 490 1519 531 suarum
1542 473 1835 544 optimum
1858 473 2026 528 falsa.
2052 476 2108 541 Α
2138 479 2226 530 tos
2256 477 2523 546 sudores,
2558 477 2813 530 fiuantos
2848 473 3094 529 subierit
3128 491 3231 547 pro
3280 474 3507 530 Christo
3538 476 3786 543 labores,

353 575 625 626 mentum
657 570 718 625 in
750 567 981 624 cunctis
1012 568 1125 624 sibi
1160 562 1582 629 adhibuit.Qui
1616 562 1689 617 ab
1720 561 1817 617 illo
1850 562 2026 634 pieta-

354 667 482 719 tum
519 661 677 716 fonte
710 658 989 731 primario
1019 656 1191 731 plene
1232 649 1666 719 decoratus,nil
1692 649 1852 706 aliud
1884 651 2023 706 foris

349 751 664 808 ostendere
698 748 907 821 potuit,
939 763 1119 820 quam
1150 743 1311 818 quod
1346 743 1513 796 intus
1545 741 1763 795 donum
1786 739 2023 813 pietatis

347 838 591 899 infudit.
647 839 779 896 Fuit
824 852 1081 909 namque
1138 833 1362 905 ubique
1425 829 1752 903 piissimus,
1803 828 2023 901 ubique

346 932 677 989 clementiae
728 929 994 985 ubertate
1050 925 1362 1000 profusus;
1397 921 1530 993 pius
1589 920 1647 975 in
1698 918 2021 992 epulentia,

344 1024 483 1098 pius
506 1022 568 1077 ln
593 1017 877 1077 mediocri
899 1013 1259 1079 substantia;
1284 1011 1424 1083 pius
1448 1007 1600 1065 circa
1616 1007 2024 1080 ditiores,pius

346 1111 744 1171 nihilominus
766 1109 921 1164 circa
933 1104 1327 1178 pauperiores.
1344 1099 1480 1155 Etsi
1502 1101 1825 1153 coarctatos
1847 1100 2023 1167 alque

344 1216 615 1268 extrema
674 1196 1023 1256 necessitate
1080 1206 1387 1264 possessos
1447 1205 1627 1242 manu
1678 1184 2023 1241 sublevante

343 1295 717 1357 instantibus
756 1305 872 1342 non
902 1285 1098 1357 posset
1144 1278 1440 1352 angustiis
1491 1292 1711 1343 eruere,
1746 1274 2023 1346 precibus

265 1365 274 1373 .
346 1384 671 1445 insistebat
702 1394 819 1452 quo
851 1388 1107 1445 superna
1146 1367 1405 1441 potentis
1451 1364 1712 1421 levamen
1765 1362 2020 1452 afferret.

347 1476 513 1535 Unde
537 1450 739 1543 usque
750 1464 925 1521 hodie
946 1458 1195 1533 quilibet
1218 1460 1322 1512 aut
1342 1470 1539 1543 rerum
1571 1452 1781 1543 pulsus
1804 1450 2022 1543 incom-

346 1564 561 1630 modis,
578 1539 686 1617 aut
713 1553 969 1625 alicujus
988 1545 1385 1605 malefactoris
1407 1540 1746 1630 fatigatione
1769 1539 2022 1630 constri:

342 1662 498 1726 ctus,
531 1627 640 1708 aut
669 1644 876 1703 morbo
924 1641 1167 1712 urgente
1196 1637 1459 1726 vexatus,
1494 1630 1543 1726 si
1592 1628 1765 1726 plena
1803 1629 1916 1683 fide
1947 1627 2018 1726 ad

242 1732 253 1743 ’
342 1716 529 1804 sancti
546 1738 735 1811 hujus
757 1727 1070 1788 accesserit
1090 1724 1414 1791 tumulum,
1432 1720 1570 1811 quia
1588 1718 1756 1792 pium
1781 1716 2022 1811 quae-sie-

201 1816 210 1855 ξ
343 1804 731 1903 rit,largitate
752 1817 986 1897 pietatis
1009 1812 1446 1911 indulgentiam
1463 1810 1641 1911 laetus
1673 1804 2017 1911 reportabit.
2049 1844 2096 1911 B

341 1896 503 1997 Saepe
533 1896 772 1992 quoque
819 1914 877 1965 et
923 1923 1027 1962 nos
1077 1903 1257 1960 tubas
1292 1899 1627 1997 populares
1650 1896 1724 1952 ad
1774 1908 2011 1997 sacrum

340 1986 570 2087 corpus
586 1986 739 2079 ejus,
755 2001 952 2058 coacto
974 2010 1149 2069 grege
1178 1991 1409 2047 venisse
1431 1986 1793 2087 aspeximus,
1811 1986 2015 2080 contra

341 2074 707 2161 adversarios
738 2106 881 2148 suos
910 2090 1039 2143 voto
1071 2100 1141 2139 ac
1172 2079 1448 2153 lacrymis
1479 2074 1847 2148 adjutorium
1898 2074 2011 2125 im-

340 2194 632 2268 plorasse;
668 2193 919 2257 quorum
950 2172 1223 2248 precibus
1269 2175 1514 2225 sanctus
1564 2164 1671 2264 Dei
1713 2161 2014 2268 confessor

343 2253 558 2358 pietate
579 2253 887 2351 permotus
914 2262 1236 2322 semineces
1251 2258 1454 2358 erexit,
1472 2253 1708 2358 miseris
1736 2253 2009 2358 occurrit.

343 2338 886 2431 vexatos‘absolvit,
916 2355 1117 2410 hostes
1167 2348 1403 2422 abjecit,
1438 2347 1641 2402 tristes
1693 2343 1754 2395 in
1799 2338 2015 2431 gaudia

345 2426 750 2521 commutavit,
784 2451 844 2505 et
866 2440 1205 2502 dolentibus
1254 2437 1448 2493 felicia
1498 2426 2009 2521 provenire_fecit.

347 2517 495 2611 llinc
518 2546 701 2620 igitur
720 2517 892 2597 facile
924 2544 1208 2604 cognosce
1228 2525 1371 2599 quia
1400 2524 1743 2620 quicunque
1774 2517 1846 2573 ad
1879 2531 2012 2571 eum

350 2658 487 2700 cum
518 2611 734 2712 pietate
765 2621 1081 2689 accessit,a
1110 2631 1354 2673 munere
1386 2611 1622 2687 pietatis
1652 2624 1876 2708 vacuus
1899 2622 2013 2712 non

350 2698 614 2794 recessit,
647 2719 790 2793 quia
818 2710 975 2787 quod
1008 2708 1096 2764 vir
1131 2706 1243 2762 iste
1292 2704 1501 2794 beatus
1552 2698 2015 2794 accep-ingratis

352 2785 545 2882 dedit;
565 2785 722 2885 quod
754 2785 1038 2878 possedit,
1057 2794 1307 2885 libenter
1327 2789 1562 2857 tribuit;
1584 2785 1739 2859 quod
1769 2785 2015 2839 obtineri

353 2905 569 2972 decuit,
586 2884 911 2968 nunquam
942 2884 1191 2959 negavit.

705 2983 785 3041 Ad
809 2977 1193 3054 perfectionem
1213 2973 1421 3045 jugiter
1447 2969 1679 3040 aspirat.

430 3088 518 3141 17.
552 3080 654 3137 Hic
673 3049 971 3147 siquidem
992 3065 1165 3137 longo
1186 3062 1336 3117 inter
1357 3061 1564 3150 fratres
1584 3055 1644 3150 in
1670 3049 2021 3150 monasterio

356 3180 624 3245 tempore
672 3142 895 3224 vivens,
947 3171 1013 3210 ac
1067 3151 1177 3207 sub
1236 3146 1572 3204 monastica:
1630 3142 2022 3245 institutionis

2134 570 2456 637 quantasve
2488 563 2885 639 spiritualium
2918 563 3307 619 certaminum
3357 563 3467 619 sibi
3518 564 3793 619 indixerit

2133 653 2463 724 passiones,
2487 653 2609 711 solo
2639 658 2790 709 teste
2821 651 2987 720 caelo,
3039 651 3162 707 solo
3194 652 3499 709 decertans
3542 651 3796 709 caelestis

2130 742 2349 797 Arbitri
2384 748 2595 799 cuncta
2625 744 2969 815 penetrante
3020 744 3240 797 secreto
3293 744 3469 813 atque
3516 738 3797 797 invisibili

2124 830 2375 901 judicio,
2411 832 2549 904 quia
2578 849 2694 887 non
2724 830 2878 886 valet
2910 833 3108 885 nostro
3141 845 3408 885 sermone
3439 828 3669 898 revolvi,
3703 829 3797 886 de-

2134 920 2492 976 cernendum
2528 920 2919 992 relinquimus
2952 917 3216 973 ﬁdelium
3243 917 3636 988 aestimationi,
3657 918 3797 991 quia

2133 1009 2324 1065 sancti
2360 1026 2474 1065 non
2508 1008 2797 1064 minuitur
2826 1007 3032 1080 gloria,
3050 1006 3149 1061 ubi
3182 1010 3391 1062 nostra:
3413 1006 3609 1061 deficit
3628 1007 3797 1080 copia

2132 1095 2371 1169 linguai.
2384 1097 2613 1169 Vigiliis
2636 1096 2921 1152 nimirum
2938 1099 2994 1150 et
3010 1094 3600 1167 orationibusjugiter
3613 1094 3795 1151 inten-

2135 1188 2256 1253 tus,
2288 1190 2389 1242 aut
2421 1187 2649 1260 legebat
2698 1203 2950 1256 semper,
2986 1190 3086 1238 aut
3145 1183 3232 1238 vir
3288 1188 3530 1239 sanctus
3567 1184 3790 1240 orabat.

2133 1275 2374 1330 Nullum
2408 1280 2641 1348 tempus
2673 1294 2707 1329 a
2739 1273 3119 1328 meditatione
3141 1272 3288 1345 legis
3310 1273 3411 1327 Dei
3435 1273 3792 1344 prmteriens.

2132 1363 2296 1420 nullo
2329 1369 2626 1420 momento
2660 1382 2694 1419 a
2723 1362 2933 1418 salutis
2982 1362 3260 1434 operibus
3292 1378 3552 1432 cessans,
3574 1361 3796 1419 lassata

2133 1453 2428 1509 continuis
2460 1451 2879 1508 afflictionibus
2902 1450 3169 1504 membra
3186 1450 3245 1504 in
3271 1450 3608 1506 servitutem
3627 1450 3798 1523 spiri-

2132 1546 2231 1597 tus
2264 1542 2581 1615 redigebat,
2616 1557 2852 1597 carnem
2902 1538 3160 1612 spiritui,
3211 1539 3486 1612 spiritum
3517 1540 3795 1596 curvabat

2132 1629 2621 1699 Salvatori,totus
2651 1630 2711 1684 in
2742 1628 3190 1696 1ectione,totus
3222 1627 3285 1683 in
3316 1628 3603 1697 oratione;
3638 1646 3792 1686 sem-

2132 1736 2237 1791 per
2258 1720 2315 1774 in
2338 1721 2466 1792 ejus
2497 1736 2593 1776 ore
2633 1716 2922 1784 Christus,
2943 1732 3176 1788 semper
3205 1717 3266 1772 in
3308 1718 3437 1790 ejus
3467 1719 3639 1774 corde
3670 1718 3794 1791 Spi-

2131 1811 2228 1861 tus
2260 1811 2530 1874 sanctus;
2564 1822 2797 1878 semper
2828 1804 2899 1859 ab
2932 1803 3058 1874 ejus
3108 1810 3343 1877 pectore
3394 1810 3617 1863 aeterna:
3660 1808 3791 1863 vita

2128 1895 2354 1951 monita
2387 1895 2798 1969 procedebant.

2294 2004 2564 2076 Populum
2596 2001 2754 2076 verba
2781 2008 2837 2076 _et
2862 2001 3106 2076 exemplo
3137 2002 3208 2057 ad
3236 2004 3480 2060 melioris
3511 2006 3633 2060 vitae

2656 2074 2965 2129 institutum
2990 2071 3260 2129 hortatur.

2195 2162 2284 2216 19.
2321 2162 2465 2217 Cum
2498 2168 2694 2218 autem
2717 2162 2845 2234 ejus
2864 2160 3058 2232 opinio
3083 2165 3357 2235 ccepisset
3385 2165 3467 2221 ire
3491 2180 3592 2235 per
3611 2181 3790 2238 popu-

2122 2250 2230 2318 los,
2268 2253 2408 2322 quia
2438 2253 2693 2324 profecto
2726 2251 2876 2306 tanti
2906 2250 3011 2304 viri
3044 2251 3322 2326 religiosa
3352 2256 3471 2311 vita
3509 2254 3787 2311 occultari

2124 2338 2225 2393 diu
2260 2356 2378 2395 non
2410 2343 2656 2411 poterat,
2678 2343 2977 2412 coeperunt
3005 2341 3076 2395 ad
3106 2358 3243 2399 eum
3276 2345 3632 2418 populorum
3654 2361 3787 2401 con-

2124 2428 2306 2483 ﬂuere
2339 2427 2772 2498 multitudines,
2790 2428 2998 2486 salutis
3029 2434 3086 2486 et
3105 2432 3235 2488 vita:
3258 2434 3540 2490 auxilium
3565 2436 3636 2491 ab
3659 2435 3785 2507 ipso

2123 2521 2484 2587 expetentes.
2519 2516 2628 2584 Qui
2662 2517 3040 2575 beatissimus
3072 2520 3175 2576 Dei
3211 2539 3414 2579 servus
3446 2540 3550 2597 per
3598 2523 3786 2579 sancti

2124 2604 2385 2676 Spiritus
2412 2606 2663 2678 gratiam
2696 2606 2990 2678 sapienter
3027 2608 3291 2679 edoctus,
3322 2611 3681 2668 venientium
3713 2611 3787 2668 ad

2125 2708 2187 2747 se
2216 2692 2581 2765 frequentias
2613 2692 2916 2748 hominum
2968 2694 3225 2767 effugere
3261 2714 3376 2752 non
3415 2697 3634 2767 valens,
3686 2714 3787 2754 eas

2127 2785 2469 2837 sanctarum
2482 2781 2961 2854 praedicationum
2980 2783 3163 2839 radiis
3176 2784 3785 2858 illustrabat,eloquiis

2128 2869 2362 2925 Domini
2391 2871 2813 2939 inflammabat,
2846 2875 3019 2943 atque
3048 2873 3121 2927 ad
3153 2890 3413 2930 amorem
3462 2873 3785 2930 cmlestium

2130 2960 2286 3030 quod
2311 2959 2485 3016 dictis
2515 2961 2881 3032 provocabat,
2915 2960 3197 3032 exemplis
3226 2962 3602 3017 informabat.
3637 2962 3787 3018 Gau-

2132 3047 2306 3103 debat
2332 3050 2582 3121 populus
2605 3050 2914 3105 universus
2936 3050 3008 3105 ad
3031 3050 3359 3106 doctrinam
3385 3051 3594 3124 ipsius,
3617 3051 3786 3108 bene-

2133 3136 2380 3192 dicendo
2412 3137 2587 3194 simul
2620 3143 2677 3193 et
2706 3138 2997 3193 laudando
3047 3139 3384 3207 Dominum,
3418 3140 3546 3213 qui
3570 3140 3683 3196 sibi
3711 3141 3783 3196 ad

860 3213 1085 3302 cmteris
1105 3240 1222 3294 Deo
1244 3236 1525 3299 militans,
1541 3234 1621 3287 ita
1651 3247 1713 3286 se
1745 3227 2011 3300 spiritua-
2042 3213 2090 3279 D
2129 3225 2378 3283 salutem
2412 3228 2733 3285 multorum
2761 3227 2819 3281 in
2852 3228 2998 3284 fines
3027 3245 3165 3284 suos
3190 3227 3670 3285 liberalissimum
3696 3229 3783 3284 di-

362 3319 531 3408 libus.
551 3340 818 3402 subdidit
841 3329 1148 3396 institutis,
1168 3332 1233 3383 ut
1263 3324 1527 3381 moribus
1558 3319 1860 3377 consocios
1883 3334 2021 3373 suos

365 3407 751 3499 antecederet,
768 3432 946 3497 atque
976 3417 1299 3494 prudentia:
1317 3416 1521 3471 decore
1540 3411 1692 3466 inter
1721 3408 1867 3499 alios
1898 3407 2023 3499 ipse

368 3497 789 3601 resplenderet.
810 3516 882 3572 Et
911 3509 1148 3601 cum-de
1175 3504 1485 3601 virtute-in
1521 3497 2025 3601 _virtut‘em.ﬁdelis

368 3586 602 3676 Domini
634 3609 807 3667 miles
833 3598 1165 3661 sublimitcr
1194 3593 1558 3658 excrevisset,
1584 3586 2026 3676 perfectissimis

370 3673 495 3781 ipse
526 3700 701 3775 erepit
729 3690 932 3752 haberi
964 3684 1296 3781 perfectior;
1330 3686 1387 3738 et
1415 3679 1808 3781 .caveret
1837 3691 1919 3781 ne.
1941 3673 2027 3781 Ade

369 3765 803 3860 fervorisatque
819 3775 1158 3839 constantia:
1175 3789 1292 3828 suae
1311 3765 1719 3844 gratia,divina
1734 3765 1793 3860 in
1814 3766 2031 3819 statera

364 3881 611 3957 justitiaa
645 3853 996 3933 examinatio
1040 3862 1238 3919 minus
1285 3856 1519 3930 aliquid,
1555 3853 1901 3957 invenisset,
1930 3868 2033 3924 per

372 3940 716 4047 quotidiana
739 3958 1098 4047 incrementa
1135 3965 1366 4047 semper
1400 3944 1679 4044 tendebat
1697 3942 1787 4047 ad‘
1802 3940 2029 4047 altiora,

373 4029 610 4133 semper
637 4055 696 4111 in
721 4048 1029 4108 sanctitate
1052 4039 1365 4103 ferventior
1384 4052 1450 4093 ac
1470 4033 1664 4133 seipse
1700 4029 2029 4133 sublimior.

379 4119 529 4209 Dan;
560 4160 696 4204 cum
728 4141 1009 4197 diuturna
1037 4127 1466 4189 examinatione
1497 4123 1557 4179 in
1589 4119 2034 4193 congregatione

383 4241 632 4296 fratrum
665 4225 996 4288 communis
1025 4217 1295 4278 exercitio
1329 4230 1538 4288 pugnae
1578 4212 1724 4267 bene
1756 4209 2034 4281 probatus

377 4333 437 4385 et
466 4324 729 4394 undique
755 4316 1004 4391 perfecte
1036 4309 1245 4365 fuisset
1271 4304 1563 4394 elimatus,
1595 4303 1660 4355 ut
1709 4297 2033 4394 secundum

378 4384 981 4487 Scripturamjustior
1001 4398 1238 4487 esset,et
1260 4391 1448 4487 magis
1470 4389 1664 4487 adhuc
1683 4384 2036 4487 sanctificari

380 4477 674 4579 potuisset
733 4477 911 4570 (Apoc.
943 4485 1230 4579 xxu,.tl),
1258 4481 1331 4537 ad
1389 4477 1714 4579 singulare“
1742 4479 2036 4574 certamen

2132 3320 2358 3371 rexerat
2388 3323 2722 3390 patronum.

2311 3409 2527 3463 Fontem
2561 3411 2618 3463 in
2646 3410 2845 3464 montis
2876 3410 3070 3465 vertice
3097 3410 3303 3475 caelitus
3335 3411 3603 3480 impetrat.

2204 3498 2293 3551 20.
2329 3496 2454 3552 Non
2501 3512 2634 3552 vero
2683 3501 2772 3552 est
2821 3496 2937 3553 ullo
2969 3499 3141 3553 modo
3188 3497 3605 3563 dubitandum,
3629 3497 3784 3569 quod

2137 3584 2199 3638 B.
2218 3584 2457 3640 Basolus
2479 3586 2578 3657 qui
2602 3590 2900 3642 tantorum
2923 3587 3210 3642 bonorum
3229 3586 3392 3657 prius
3414 3585 3642 3641 radices
3660 3586 3793 3641 fixe-

2138 3676 2245 3739 rat,
2267 3677 2439 3745 atque
2461 3673 2684 3729 intimis
2706 3674 3027 3729 virtutibus
3056 3674 3157 3730 Dei
3189 3673 3299 3729 soli
3331 3673 3560 3744 sibique
3594 3673 3793 3747 cegni-

2137 3762 2233 3813 tus
2268 3758 2456 3814 fuerat
2487 3774 2591 3830 per
2619 3758 2921 3832 signorum
2970 3776 3164 3816 ramos
3213 3760 3469 3815 exterius
3517 3759 3791 3827 diffusus,

2140 3864 2255 3904 non
2278 3846 2453 3902 etiam
2486 3846 2824 3903 hominibus
2844 3848 3278 3904 demonstratus
3297 3846 3609 3919 insigniter
3626 3848 3799 3902 mira-

2140 3935 2289 3991 culis
2307 3940 2655 3992 coruscaret.
2674 3935 2780 4001 Qui
2805 3935 2946 3990 dum
2970 3935 3029 3989 in
3054 3935 3329 4007 praedicto
3351 3934 3475 3989 loco
3493 3935 3553 3988 in
3579 3940 3796 3991 sancta:

2143 4024 2600 4082 conversationis
2622 4024 2852 4080 culmen
2877 4022 3133 4079 eminere
3150 4021 3669 4097 cmpisset,placuit
3689 4024 3799 4081 cle-

2143 4114 2371 4171 mentire
2404 4113 2722 4169 divinitatis
2743 4112 3316 4184 ostendere,quanta>
3350 4112 3503 4184 apud
3538 4128 3599 4168 se
3641 4118 3797 4169 esset

2141 4203 2377 4259 virtutis
2407 4206 2462 4259 et
2485 4202 2807 4274 meriti,qui
2830 4206 3060 4258 tantum
3085 4201 3139 4257 in
3164 4206 3318 4259 terra
3337 4217 3531 4259 coram
3562 4200 3795 4272 populis

2141 4293 2304 4348 visus
2336 4292 2543 4348 fuisset
2572 4290 3052 4347 humiliari.Nam
3075 4306 3209 4346 cum
3228 4290 3286 4344 in
3311 4305 3544 4346 summo
3577 4290 3796 4345 montis

2143 4381 2376 4448 vertice,
2412 4379 2564 4435 sicut
2594 4379 2989 4451 praediximus,
3027 4377 3428 4433 reconditioris
3476 4375 3796 4433 habitaculi

2145 4468 2417 4525 cellulam
2449 4468 2746 4538 erexisset,
2779 4471 2837 4523 et
2864 4483 3027 4539 aqua:
3056 4466 3303 4537 penuria
3332 4465 3419 4520 vir
3443 4468 3682 4521 sanctus
3713 4466 3798 4520 ni-

384 4553 888 4667 properat—con‘tra
917 4575 1217 4635 diabolum
1251 4571 1638 4642 pugnaturus,
1673 4563 1903 4619 Domini
1932 4565 2039 4619 vir-
2068 4582 2111 4649 ρ
2147 4560 2333 4614 mium
2363 4559 2679 4623 laboraret;
2706 4556 2961 4629 quadam
2983 4556 3075 4610 die
3097 4555 3154 4609 in
3181 4553 3278 4611 illo
3300 4558 3498 4608 monte
3518 4554 3686 4609 nisus
3707 4558 3797 4609 est

2156 4649 2203 4667 λέ
2245 4652 2256 4667 ι
2436 4647 2757 4667 ———'__--.:L__-
2794 4644 2859 4667 φηι
2899 4660 3033 4667 -.-⁸,
3067 4660 3210 4667 ______
3266 4658 3474 4667 ,λ’-,ΑΜ
3531 4643 3771 4667 ,ληωηη

382 4686 511 4739 tute
539 4676 834 4750 sapienter
861 4667 1145 4753 armatus.
1760 4742 1770 4753 .
1894 4741 1904 4753 .

462 4772 546 4826 18.
579 4746 792 4822 Veiens
848 4758 1045 4828 itaque
1101 4751 1421 4807 humanam
1471 4762 1574 4818 per
1616 4746 1814 4798 omnia
1855 4746 2033 4796 vitare

385 4853 885 4918 conversationem
942 4848 997 4900 et
1052 4838 1278 4914 ingredi
1335 4835 1512 4891 vitam
1574 4832 1914 4898 solitariam,
1975 4831 2033 4885 in

384 4943 680 5006 nemorosi
750 4936 966 4997 montis
1040 4928 1341 4987 cacumine
1412 4924 1600 4978 locum
1674 4938 1879 4976 rursus
1924 4918 2036 4976 sibi

385 5036 564 5109 elegit
637 5031 908 5093 alterum,
968 5022 1029 5076 in
1116 5034 1231 5090 quo
1317 5012 1725 5109 cellam‘cur‘n
1788 5009 2038 5065 oratorio

389 5097 741 5189 construxit,
774 5109 1145 5186 singulariter
1175 5099 1500 5159 conversari
1534 5097 1890 5189 desiderans,
1925 5114 2039 5169 quo

387 5209 687 5272 mandatis
723 5184 1063 5262 rcmlestibus
1112 5189 1424 5267 perfectius
1467 5190 1622 5242 esset
1663 5184 1945 5252 intentus,
1980 5189 2037 5239 et

388 5296 876 5371 contemplativos
910 5285 1145 5344 suavius
1175 5285 1232 5337 et
1262 5276 1467 5351 purius
1499 5278 1694 5346 posset
1717 5275 2037 5371 decerpere

394 5362 864 5452 fructusiQuo'in
886 5378 1012 5433 loco
1032 5370 1311 5429 secretius
1329 5382 1431 5439 per
1451 5362 1835 5435 quadraginta
1852 5379 2037 5416 annos

392 5477 688 5544 habitans,
721 5475 778 5529 et
807 5469 1009 5525 contra
1036 5459 1341 5530 antiquum
1373 5456 1701 5544 serpentem
1933 5466 2034 5544 xii,

393 5570 454 5638 9)
485 5570 551 5623 ut
579 5536 743 5622 fortis
774 5555 993 5618 athleta
1010 5548 1252 5638 viriliter
1264 5549 1447 5638 atque
1465 5538 1938 5638 ipsupera'b‘iliter
1958 5536 2041 5593 di-

399 5627 993 5727 micans,imperatori
1020 5657 1126 5700 suo
1153 5635 1398 5693 fideliter
1420 5629 1712 5689 militavit.
1733 5627 1837 5686 Ubi
1861 5644 2042 5703 quan-

2145 4649 2213 4704 de
2242 4652 2405 4703 terrae
2436 4647 2759 4703 visceribus
2791 4644 2862 4700 ad
2898 4660 3034 4698 suos
3067 4660 3212 4698 usus
3264 4658 3477 4715 aquam
3527 4643 3793 4699 educere.

2142 4738 2247 4803 Qui
2282 4754 2415 4791 cum
2448 4736 2519 4791 ad
2553 4735 2884 4790 fodiendam
2918 4736 3132 4787 terram
3166 4732 3480 4799 accederet,
3505 4736 3563 4786 et
3582 4748 3796 4804 aquam

2144 4826 2253 4880 sibi
2287 4826 2487 4880 deesse
2517 4822 2724 4878 anxius
2745 4824 2938 4891 ferret,
2958 4819 3180 4875 devotis
3204 4820 3472 4891 precibus
3495 4821 3566 4876 ad
3600 4820 3795 4875 Domi-

2146 4931 2288 4970 num
2322 4930 2636 4969 conversus
2670 4928 2803 4965 eum
2837 4910 3085 4975 invocat,
3119 4909 3220 4980 qui
3252 4909 3546 4981 quondam
3579 4907 3797 4981 populo

2149 5021 2256 5063 sua
2286 5020 2388 5074 per
2418 5003 2647 5057 deserta
2677 5000 2809 5055 sitis
2832 4997 3025 5069 inopia
3049 4997 3541 5070 fatigato,aquam
3563 4998 3633 5052 de
3650 4998 3798 5054 duro

2149 5092 2426 5165 dignatus
2456 5093 2546 5144 est
2577 5088 2897 5160 producere
2927 5104 3085 5142 saxo.
3122 5087 3251 5142 Mox
3280 5086 3436 5142 dicto
3465 5087 3639 5142 citius
3668 5086 3800 5143 fons

2144 5181 2202 5235 in
2234 5181 2436 5234 eodem
2468 5178 2593 5233 loco
2643 5178 2817 5248 cmpit
2869 5175 3415 5232 abundantissimus
3467 5175 3664 5243 fluere,
3696 5177 3798 5248 qui

2148 5286 2335 5340 usque
2366 5268 2423 5321 in
2460 5283 2717 5338 praesens
2748 5269 2982 5337 tempus
3013 5266 3085 5319 de
3115 5264 3515 5336 superioribus
3564 5265 3635 5319 ad
3681 5264 3801 5320 ima

2147 5356 2467 5423 delabitur;
2491 5356 2584 5410 cui
2606 5353 2872 5409 videlicet
2895 5354 3061 5420 fonti,
3088 5353 3158 5407 ad
3178 5353 3285 5407 viri
3308 5352 3407 5407 Dei
3444 5352 3797 5424 obsequium

2149 5445 2206 5499 in
2241 5449 2437 5499 monte
2471 5443 2792 5509 emananti,
2818 5447 2987 5498 vetus
3026 5458 3238 5498 nomen
3269 5446 3359 5497 est
3392 5458 3405 5495 :
3442 5440 3607 5515 Legit
3642 5458 3797 5498 ossa.

2151 5534 2258 5603 Qui
2279 5538 2476 5589 tamen
2498 5550 2613 5589 non
2635 5532 2858 5604 absque
2875 5532 3096 5589 ratione
3114 5531 3198 5587 sic
3218 5529 3498 5603 appellari
3516 5531 3801 5602 creditur;

2152 5640 2286 5681 nam
2314 5639 2418 5699 pro
2443 5638 2507 5680 eo
2529 5621 2686 5696 quod
2708 5638 2775 5680 ex
2795 5621 2984 5680 officio
3006 5618 3410 5679 medicaminis
3440 5618 3685 5697 depulsa
3714 5619 3806 5684 in-
