4060 6170
311 366 427 427 655

1417 366 1746 431 ABSONIS
1792 364 2230 429 DERVENSIS
2274 364 2609 429 ABBATIS

3594 368 3709 435 656

305 501 582 558 ﬁrmitate
613 502 873 560 humana
893 500 1035 575 ligat
1051 501 1276 570 ossa,id
1299 504 1385 557 cst
1405 501 1602 557 firmat
1621 505 1678 558 et
1718 500 1950 569 solidat,
1984 501 2040 569 Α
2066 499 2274 558 salutis
2304 501 2542 572 signum
2571 500 2989 556 continentem.
3026 502 3160 568 Quae
3192 500 3368 559 etiam
3401 519 3544 559 crux
3575 504 3713 561 inte-

302 591 377 648 ab
408 590 537 664 ipsa
567 607 675 646 sua
696 589 917 647 salubri
949 591 1244 662 potatione
1267 606 1478 647 nomen
1502 592 1553 647 ei
1578 591 1758 647 fuisse
1775 592 1957 663 impo-

303 680 484 738 situm
505 695 621 737 non
650 678 1011 735 dubitamus.
1036 679 1144 745 Qui
1176 678 1306 735 fons
1331 679 1474 735 olim
1508 681 1620 736 sub
1652 680 1841 736 sancti
1873 695 1959 736 se-

303 767 507 843 pulcro
532 765 827 833 exsiliens,
842 782 1000 822 nunc
1032 768 1288 840 quodam
1321 769 1491 840 quasi
1514 770 1585 824 de
1602 768 1838 825 vasculo
1855 785 1960 841 per

304 856 558 914 ecclesiis
584 872 647 913 se
671 855 1053 913 fundamenta
1085 859 1416 930 prorumpit
1435 860 1568 928 (17),
1586 857 1801 913 haustu
1833 856 1959 913 dul-

305 945 388 1002 cis
409 948 467 1001 et
495 944 567 1001 ad
598 944 921 1018 potandum
954 944 1229 1001 salubris.
1262 946 1343 1001 De
1375 962 1488 1018 quo
1539 944 1760 1003 scilicet
1803 947 1958 1002 sicut

306 1034 508 1092 multis
527 1034 844 1090 sanitatum
865 1032 1275 1105 experimentis
1288 1038 1651 1106 compertum
1665 1039 1955 1104 tenemus,

304 1125 355 1182 si
378 1124 511 1197 quis
532 1125 784 1196 aegrotus
815 1139 1162 1194 quacunque
1186 1124 1525 1179 infirmitate
1557 1126 1827 1181 detentus
1857 1125 1955 1179 dc-

307 1213 588 1270 siderium
622 1211 888 1283 potandi,
903 1210 986 1266 vel
1019 1229 1229 1283 corpus
1259 1229 1327 1267 ex
1347 1230 1413 1269 eo
1434 1213 1703 1269 habuerit
1723 1214 1959 1269 abluen-

307 1304 387 1372 di,
421 1303 493 1357 de
522 1301 734 1355 virtute
759 1300 945 1354 sancti
970 1299 1317 1357 confessoris
1348 1303 1624 1370 confisus,
1651 1303 1957 1375 adeptione

308 1394 552 1463 sperata:
583 1387 790 1444 salutis
822 1405 937 1445 non
970 1389 1077 1444 erit
1107 1389 1226 1446 ullo
1278 1392 1450 1447 modo
1499 1391 1695 1447 divina
1740 1392 1956 1465 pietate

307 1480 644 1538 frustratus.

730 1570 884 1626 Caeco
910 1575 1036 1624 nato
1066 1569 1247 1625 lumen
1277 1571 1532 1627 restituit.

375 1661 467 1716 21.
500 1658 669 1715 Aliud
694 1673 927 1730 quoque
948 1674 1063 1714 non
1088 1659 1450 1731 praeterimus
1471 1660 1700 1734 insigne
1721 1661 1953 1718 virtutis

304 1746 681 1817 miraculum,
709 1746 865 1820 quod
916 1747 987 1804 ad
1038 1749 1464 1804 ostendendum
1506 1749 1568 1805 Β.
1604 1750 1953 1807 confessoris

2062 588 2317 662 gerrima
2338 589 2417 645 ibi
2437 592 2740 662 permanet
2759 605 2943 662 usque
2963 591 3023 645 in
3044 595 3392 663 praesentem
3409 593 3565 649 diem
3581 594 3709 666 (18).

2067 675 2459 734 Lectoriolum
2491 693 2723 750 quoque
2750 678 3045 750 quoddam
3075 678 3339 752 ligneum
3383 680 3714 754 sculptor-iis

2065 766 2210 822 artis
2240 765 2639 839 pulcherrima
2686 766 2880 840 specie
2929 768 3320 840 compositum
3366 786 3568 826 secum
3617 769 3716 827 Dei

2066 855 2325 911 famulus
2355 854 2503 911 ferre
2535 860 2934 924 consueverat,
2950 856 3261 935 altitudine
3282 854 3479 931 palmo
3510 875 3545 915 a
3568 861 3722 915 terra

2064 943 2422 1017 prominenti
2456 961 2468 999 :
2504 943 2598 1000 cui
2648 943 2770 1000 sive
2819 945 3050 1013 sedens,
3075 945 3195 1003 sive
3243 946 3423 1003 etiam
3474 947 3533 1003 in
3567 950 3723 1004 terra
3764 976 3773 986 ι

2057 1033 2283 1103 jacens,
2298 1031 2664 1105 psalmorum
2687 1031 2771 1088 vel
2796 1050 3098 1089 sacrarum
3131 1034 3567 1108 Scripturarum
3589 1053 3731 1111 sup.

2064 1122 2259 1192 posita
2307 1121 2608 1177 volumina
2654 1139 2806 1193 saepe
2855 1123 3154 1178 recitabat.
3187 1124 3267 1179 De
3297 1141 3415 1197 qua
3453 1126 3725 1182 videlicet

2065 1210 2357 1278 mensula,
2390 1209 2613 1265 excisas
2646 1211 2716 1265 ad
2751 1211 2922 1266 fidem
2958 1211 3165 1266 divina:
3196 1212 3430 1270 virtutis
3467 1215 3723 1287 sparsim

2063 1299 2381 1372 particulas
2412 1299 2750 1370 morbisque
2792 1303 2849 1354 et
2879 1300 3132 1355 maxime
3171 1302 3436 1357 dentium
3478 1304 3723 1359 aestibus

2062 1387 2692 1461 interpositus,multas
2712 1388 2983 1444 novimus
3004 1389 3264 1446 effecisse
3284 1391 3550 1462 virtutes,
3566 1392 3724 1449 sicut

2064 1476 2190 1534 loco
2221 1493 2327 1534 suo
2359 1476 2570 1550 poterit
2600 1492 2949 1551 cognoscere
2972 1477 3171 1534 lector.

2152 1585 2357 1658 Aprum
2388 1600 2421 1641 a
2452 1583 2798 1658 venatoribus
2822 1592 3022 1658 tuetur.
3051 1585 3271 1658 Insigne
3296 1588 3634 1643 miraculum

2572 1655 2645 1711 ad
2675 1654 2925 1712 Vidulum
2961 1654 3198 1714 amnem'.

2129 1745 2220 1800 23.
2254 1745 2386 1801 Jam
2406 1744 2588 1817 igitur
2609 1743 2805 1800 divina
2826 1744 3085 1818 potentia
3115 1746 3442 1804 secundum
3462 1748 3725 1811 ineil‘abi.

301 1836 515 1896 Christi
539 1834 730 1934 Basoli
759 1836 1035 1939 meritum
1060 1842 1290 1939 constat
1310 1837 1368 1892 in
1386 1839 1587 1938 eodem
1610 1838 1734 1894 loco
1758 1838 1952 1939 divina
1978 1872 2026 1939 Β
2060 1833 2145 1935 les
2169 1833 2492 1939 divinitatis
2520 1833 2794 1939 et‘gloriaa
2987 1835 3243 1939 divitias,
3274 1836 3445 1939 hunc.
3480 1838 3723 1896 beatum

301 1929 480 1984 fuisse
512 1925 772 1998 potentia
792 1923 1177 1981 declaratum.
1198 1926 1344 1980 Nam
1367 1926 1605 1998 quidam
1626 1927 1948 2000 puer,sicut

299 2019 375 2074 ab
405 2017 531 2087 ipso
564 2013 855 2087 portantis
876 2017 1038 2068 utero
1072 2013 1130 2067 in
1162 2014 1450 2070 mundum
1492 2016 1784 2071 nascendo
1815 2032 1945 2087 pro-

297 2107 503 2175 dierat,
538 2106 819 2175 perpetua
841 2100 1084 2157 luminis
1116 2102 1363 2158 orbitate
1412 2103 1948 2176 privatus,nomine

294 2189 1016 2265 Aunegiselus,oculorum
1049 2190 1200 2247 male
1232 2191 1489 2264 ingenita
1522 2192 1775 2248 caecitate
1796 2197 1950 2249 tene-

296 2285 471 2339 batur
504 2281 849 2348 damnatus;
881 2280 973 2334 cui
1006 2279 1216 2335 coelum
1249 2285 1303 2336 et
1333 2286 1490 2336 terra
1518 2297 1621 2354 per
1650 2298 1767 2337 sua:
1787 2286 1950 2338 natu-

298 2389 374 2429 ra:
404 2369 749 2443 qualitatem
781 2368 1081 2442 incognita
1112 2369 1362 2438 fuerant,
1385 2370 1498 2426 nisi
1528 2375 1758 2426 tantum
1790 2372 1946 2444 quod

300 2459 505 2518 auditu
534 2457 623 2515 vel
654 2460 813 2513 tactu
845 2458 1135 2530 potuisset
1167 2458 1485 2515 advertere.
1512 2459 1613 2516 Hic
1639 2459 1820 2533 igitur
1848 2477 1949 2517 caa-

300 2549 491 2606 citatis
524 2563 639 2603 sua:
663 2544 879 2602 damna
896 2562 1009 2601 non
1033 2550 1240 2618 sponte
1262 2547 1475 2619 ferens,
1490 2547 1558 2603 ad
1594 2548 1811 2604 montis
1841 2565 1946 2605 su-

299 2634 527 2710 periora
572 2650 675 2707 per
716 2632 967 2689 alterum
1013 2633 1249 2707 ductus,
1283 2638 1419 2691 ante
1464 2635 1622 2693 illius
1678 2635 1787 2692 viri
1844 2636 1949 2693 Dei

298 2722 571 2781 cellulam
593 2719 877 2778 excubare
899 2726 1279 2778 consueverat
1299 2739 1506 2779 caicus.
1521 2722 1701 2796 Cujus
1719 2723 1946 2797 injuria

296 2814 536 2871 sanctus
566 2808 796 2867 Domini
830 2808 1282 2866 misericorditer
1305 2814 1757 2884 compassus,ad
1786 2812 1946 2870 cmle‘

297 2906 446 2958 stem
477 2916 782 2957 recurrens
812 2897 1360 2968 Medicum,orando
1391 2902 1666 2959 studebat
1686 2902 1947 2960 obtinere

296 2989 642 3048 remedium.
666 2988 783 3044 Nec
813 2987 1010 3043 divina
1039 2987 1302 3062 dignatio
1335 2991 1538 3046 audire
1564 2991 1794 3048 distulit
1822 3009 1948 3065 pro-

292 3077 433 3134 ximi
456 3093 559 3149 pro
581 3076 770 3132 salute
788 3075 1007 3131 infirmi
1038 3078 1541 3134 certantem.Nam
1565 3095 1699 3136 mox
1719 3078 1947 3153 expleta

292 3163 731 3230 oratione,inter
749 3162 977 3219 medias
997 3164 1266 3220 tenebras
1277 3166 1377 3220 diu
1396 3171 1606 3239 negata
1620 3167 1719 3223 lux
1733 3168 1941 3240 patuit,

2054 1923 2244 1979 virum
2275 1927 2516 1979 terrena
2547 1924 2726 1979 etiam
2768 1923 3154 1981 sublimitatis
3203 1925 3545 1984 hominibus
3581 1944 3721 1985 con-

2054 2011 2307 2068 stitucns
2337 2011 2539 2067 haberi
2571 2012 2973 2081 reverendam,
2995 2013 3188 2070 locum
3219 2032 3453 2087 quoque
3480 2021 3723 2090 propter

2054 2099 2438 2157 inhabitantis
2452 2101 2729 2156 meritum
2746 2102 3172 2174 temporalibus
3185 2104 3694 2178 rebus,adpraescn
3705 2148 3717 2160 .

2056 2189 2294 2261 quidem
2327 2190 2435 2243 sub
2468 2188 2574 2243 hac
2624 2189 2927 2245 occasione
2956 2191 3283 2247 decreverat
3320 2191 3719 2251 fulciendums

2055 2278 2191 2334 Erat
2228 2293 2484 2348 namque
2520 2277 2761 2349 quidam
2784 2284 3114 2352 praepotens
3132 2281 3313 2336 Attila
3332 2283 3597 2353 nomine;
3623 2283 3720 2340 hic

2053 2364 2302 2422 venandi
2334 2366 2521 2439 gratia
2549 2367 2635 2437 (ut
2661 2364 2809 2422 illud
2849 2383 3036 2440 genus
3070 2375 3159 2424 est
3177 2369 3508 2441 hominum)
3528 2374 3719 2429 conti-

2056 2470 2234 2528 guam
2262 2452 2370 2509 viri
2404 2454 2504 2510 Dei
2537 2453 2759 2510 cellulae
2792 2455 3002 2513 silvam
3034 2475 3203 2514 suam
3235 2459 3569 2517 intraverat.
3602 2462 3720 2519 Nec

2057 2559 2159 2616 spe
2188 2542 2470 2600 frustrata
2500 2544 2758 2616 agrestis
2788 2546 2984 2617 praeda
3013 2547 3216 2603 defuit.
3238 2548 3384 2604 Nam
3414 2551 3577 2606 mira:
3599 2567 3721 2608 ma-

2056 2631 2380 2705 gnitudinis
2404 2647 2613 2704 aprum
2626 2677 2641 2701 ,
2656 2633 2990 2692 recentibus
3010 2636 3271 2709 vestigiis
3287 2636 3608 2711 fugientem
3626 2640 3714 2695 in-

2057 2720 2324 2793 sequitur
2344 2719 2759 2777 anhelantibus
2781 2723 3055 2794 equis.At
3083 2724 3188 2781 illa
3203 2725 3482 2782 immanis
3502 2727 3711 2798 bestia,

2057 2814 2123 2865 ut
2150 2807 2378 2865 cunctis
2408 2808 2735 2866 viventibus
2760 2816 2851 2867 est
2881 2816 3091 2869 natura
3121 2814 3329 2871 mortis
3356 2814 3591 2874 horrere
3620 2817 3710 2873 iu-

2054 2897 2593 2967 teritum,montem
2627 2898 2686 2953 in
2718 2917 2832 2972 quo
2863 2900 2951 2955 vir
2978 2900 3080 2956 Dei
3100 2904 3393 2959 resederat
3424 2906 3705 2977 ascendit,

2055 2988 2130 3043 ad
2160 2985 2366 3043 cellam
2396 2987 2525 3058 ejus
2574 2991 2730 3043 recte
2772 3004 2978 3060 gressu
3029 2992 3313 3063 pervenit,
3343 3009 3695 3066 sensumque

2054 3076 2488 3149 quodammodo
2510 3076 2755 3133 rationis
2780 3076 3305 3153 habens,deposita
3324 3081 3549 3139 feritate
3572 3087 3702 3139 ante

2054 3165 2232 3238 pedes
2261 3165 2448 3221 sancti
2477 3164 2712 3237 hispida
2739 3165 2935 3223 buella
2962 3168 3336 3240 pervolvitur,
3364 3171 3534 3243 quasi
3575 3172 3705 3227 vita:

293 3258 469 3325 atque
499 3251 572 3308 ad
604 3268 762 3307 novae
809 3250 1092 3307 claritatis
1150 3253 1398 3325 gratiam
1455 3259 1713 3312 reserata
1736 3239 1943 3313 fronte
1973 3239 2017 3306 C
2055 3269 2174 3309 suae
2194 3253 2579 3325 imploratura
2598 3239 3040 3326 praesidium.l\t
3064 3256 3161 3314 ille
3179 3239 3457 3317 misertus
3479 3261 3707 3318 irratio-

293 3358 507 3398 novum
538 3339 651 3396 sibi
682 3340 972 3395 mundum
1006 3357 1180 3412 quem
1214 3358 1519 3415 nunquam
1547 3344 1780 3400 viderat
1795 3361 1948 3401 reco-

294 3429 526 3505 gnovit;
559 3427 660 3501 qui
690 3426 1037 3484 duodecimo
1058 3445 1176 3484 suae
1208 3432 1396 3487 mtatis
1419 3448 1571 3487 anno
1593 3432 1816 3489 meliori
1845 3434 1948 3490 du-

295 3522 432 3576 catu
463 3516 663 3574 lumen
702 3516 774 3572 ad
810 3516 1045 3590 propria
1073 3516 1240 3575 laitus
1269 3521 1599 3594 reportavit.
1634 3523 1757 3589 Quo
1784 3539 1947 3579 vene-

297 3605 511 3666 rabiles
532 3603 804 3664 monachi
830 3605 890 3661 in
912 3604 1170 3663 inferiori
1194 3607 1410 3666 montis
1432 3608 1571 3679 situ,
1587 3611 1739 3668 sicut
1768 3628 1946 3686 supra

297 3695 682 3764 ostendimus,
716 3693 1049 3752 habitantes
1082 3696 1302 3767 audito,
1337 3697 1584 3756 insolitae
1622 3698 1703 3755 rei
1754 3700 1945 3757 admi-

296 3785 481 3845 randa
511 3783 764 3841 novitate
794 3782 1069 3857 perculsi,
1094 3786 1358 3842 accensis
1403 3786 1583 3844 cereis
1630 3787 1946 3847 Dominicis

296 3874 486 3933 crucis
543 3871 604 3930 in
665 3871 939 3928 manibus
1000 3872 1236 3945 signum
1287 3875 1535 3933 ferentes
1567 3876 1943 3950 triumphale,

291 3963 522 4039 magnis
553 3961 795 4019 laudum
826 3960 1066 4017 vocibus
1097 3978 1283 4036 usque
1314 3964 1383 4019 ad
1408 3981 1543 4021 eum
1564 3964 1759 4022 locum
1780 3981 1945 4023 vene-

289 4059 427 4111 runt
450 4049 786 4125 psallentes,
821 4049 938 4106 Deo
970 4050 1193 4124 gratias
1225 4053 1583 4109 unanimiter
1612 4058 1868 4128 agentes.

461 4140 685 4194 Crucem
717 4137 989 4209 lapideam
1019 4141 1079 4193 in
1108 4155 1286 4197 eremo
1316 4143 1524 4215 erigere
1551 4144 1780 4198 curavit.

357 4232 448 4286 22.
480 4227 566 4284 Ab
588 4242 654 4282 eo
677 4225 856 4299 igitur
878 4230 1140 4300 tempore
1157 4244 1367 4284 nomen
1391 4229 1545 4286 beati
1578 4230 1686 4286 viri
1707 4247 1942 4288 omnem

286 4320 441 4376 circa
462 4315 778 4389 regionem,
798 4330 901 4387 per
921 4314 1122 4387 plures
1145 4318 1316 4389 coepit
1338 4318 1608 4389 diffundi,
1623 4319 1764 4393 quia
1793 4320 1944 4377 sicut

287 4408 574 4481 scriptum
598 4408 685 4463 est
709 4421 722 4460 :
745 4404 864 4461 Non
890 4412 1066 4476 potest
1092 4408 1282 4462 civitas
1312 4407 1569 4466 abscondi
1585 4426 1753 4483 supra
1794 4428 1944 4469 mon-

287 4506 392 4555 tem
420 4497 711 4555 constituta
740 4492 945 4564 (Matth.
980 4510 1035 4562 v,
1072 4495 1180 4566 14).
1221 4496 1305 4551 Ad
1340 4496 1661 4554 multorum
1711 4515 1941 4572 quoque

2054 3341 2233 3399 nabili
2265 3342 2493 3414 pecudi,
2521 3342 2674 3398 sicut
2697 3348 2823 3399 erat
2852 3344 3062 3417 plenus
3089 3347 3325 3420 pietatis
3368 3353 3427 3404 et
3476 3351 3702 3422 gratiis,

2051 3433 2217 3488 tanta
2245 3430 2604 3487 insecutores
2633 3430 2842 3490 virtute
2872 3450 2989 3490 uno
3014 3435 3139 3491 ﬁxit
3168 3435 3229 3491 in
3260 3436 3409 3505 loco,
3432 3443 3499 3494 ut
3529 3443 3588 3495 et
3614 3440 3706 3495 vi-

2055 3520 2258 3576 derent
2277 3518 2462 3575 oculis
2480 3519 2590 3574 sibi
2615 3521 2938 3593 proximam
2957 3522 3295 3593 bestiam,et
3308 3530 3505 3583 tamen
3517 3526 3707 3583 hianti

2053 3624 2152 3665 ore
2179 3624 2294 3666 non
2330 3612 2569 3681 possent
2596 3609 2834 3668 omnino
2855 3611 3214 3686 contingere.
3248 3613 3566 3673 Praedictus
3594 3615 3706 3674 ita-

2055 3713 2168 3770 que
2186 3697 2383 3767 Attila,
2418 3698 2570 3755 sicut
2597 3702 2722 3754 erat
2749 3699 2838 3754 vir
2867 3699 3079 3770 bonus,
3111 3702 3422 3761 manifeste
3468 3705 3707 3779 cognita

2053 3786 2154 3844 Dei
2183 3786 2414 3853 virtute,
2447 3786 2921 3859 praesumptionis
2954 3806 3072 3845 suae
3123 3790 3396 3864 ﬂagitans
3441 3793 3700 3862 veniam,

2054 3874 2339 3949 quidquid
2369 3873 2521 3931 circa
2539 3873 2734 3931 locum
2756 3876 2845 3931 sui
2866 3876 3020 3949 juris
3045 3881 3186 3947 erat,
3219 3879 3505 3937 nonnulla
3523 3882 3704 3939 etiam

2052 3964 2297 4038 propriae
2328 3963 2715 4037 possessionis
2736 3965 2975 4037 praedia,
2990 3964 3188 4022 villam
3211 3984 3442 4042 quoque
3464 3970 3564 4027 ubi
3588 3988 3707 4029 usu

2052 4053 2272 4110 rustico
2317 4051 2763 4124 Scptemsalices
2811 4052 3181 4128 (Sept-Saulx)
3229 4056 3461 4129 dicitur,
3495 4065 3702 4117 sancto

2050 4142 2169 4200 viro
2201 4139 2469 4208 contulit,
2505 4140 2816 4214 locumque
2865 4143 2993 4215 cjns
3040 4144 3272 4201 traditis
3321 4146 3704 4206 facultatibus

2052 4232 2280 4306 primus
2308 4229 2434 4303 ipse
2461 4228 2686 4286 ditavit.
2703 4231 2890 4303 Atque
2925 4236 3137 4288 extunc
3159 4235 3327 4306 quasi
3360 4252 3488 4293 mos
3516 4236 3701 4294 inole-

2049 4319 2202 4377 visse
2228 4318 2505 4385 creditur,
2536 4322 2593 4374 et
2620 4335 2809 4391 usque
2858 4319 3030 4377 hodie
3074 4323 3437 4381 venerationi
3478 4341 3547 4381 ex
3599 4325 3701 4382 illo

2051 4410 2409 4478 observatur,
2435 4413 2499 4463 ut
2529 4407 2577 4464 si
2609 4406 2668 4462 in
2700 4408 2974 4481 praedicto
3008 4410 3229 4483 Regetii
3252 4411 3406 4470 saltu
3426 4414 3704 4486 quaelibet

2051 4499 2225 4555 fuerit
2255 4501 2520 4572 promota
2536 4496 3116 4571 venatio,postquam
3146 4500 3306 4558 illius
3338 4501 3493 4559 intra
3523 4519 3699 4578 agge-

287 4585 553 4642 notitiam
585 4583 774 4656 ipsius
809 4582 966 4639 fama
998 4582 1326 4676 sanctitatis
1368 4584 1549 4655 illata,
1580 4588 1651 4643 ad
1704 4587 1940 4644 laudem
1970 4610 2018 4676 Β
2051 4593 2208 4645 stum
2231 4584 2569 4676 silvulie,cui
2594 4585 2730 4641 hinc
2752 4586 2885 4644 inde
2905 4588 3489 4676 prominet,ingressa
3507 4609 3702 4665 perve-

286 4674 614 4731 Conditoris
665 4676 723 4731 et
785 4672 1030 4746 gloriam
1090 4672 1477 4745 plurimorum
1528 4682 1933 4748 provocaverat

285 4765 479 4821 corda.
516 4764 578 4819 In
612 4760 1047 4834 septentrionali
1078 4766 1275 4817 autem
1308 4763 1494 4835 ipsius
1525 4765 1741 4820 montis
1791 4766 1933 4820 emi-

284 4853 532 4911 nentiori
563 4855 726 4925 parte
756 4868 881 4923 qua:
914 4850 1119 4907 urbem
1149 4851 1406 4924 respicit,
1440 4856 1752 4924 antequam
1786 4854 1845 4908 in
1867 4870 1933 4909 eo

279 4942 406 4999 loco
419 4940 626 5000 cellam
650 4939 1317 5007 sihiconstrucret,inter
1338 4941 1631 4997 condensa
1653 4941 1931 4998 silvarum

279 5031 529 5087 frutecta
549 5028 751 5087 orandi
775 5029 886 5084 sibi
909 5028 1299 5100 frequentiam
1320 5030 1555 5085 fecerat.
1592 5030 1652 5084 In
1681 5045 1795 5101 quo
1820 5031 1931 5085 sci-

279 5121 415 5177 licet
440 5120 562 5177 loco
592 5118 870 5177 orationis
904 5134 968 5173 ac
1001 5134 1178 5174 sacrm
1211 5116 1477 5175 lectionis
1527 5122 1660 5174 vota
1709 5123 1931 5191 quanto

281 5209 561 5265 secretius
591 5213 754 5264 tanto
787 5207 991 5279 purius
1014 5206 1395 5278 persolvebat.
1424 5206 1530 5264 Ubi
1563 5208 1740 5285 etiam
1789 5226 1930 5265 crux

281 5300 405 5352 erat
435 5296 625 5370 posita
653 5295 1057 5369 lapidea,quia
1084 5295 1171 5350 vir
1199 5294 1299 5351 Dei
1325 5295 1501 5352 nimis
1523 5295 1833 5369 indignum
1852 5297 1945 5353 fe-v

279 5383 444 5444 rebat
461 5400 822 5458 quemquam
847 5383 1070 5441 diutius
1093 5382 1423 5440 iifhabitare
1446 5382 1662 5452 locum,
1689 5384 1802 5441 nisi
1826 5385 1933 5442 hoc

356 5528 469 5601 (t7)
500 5527 724 5585 Visitur
754 5526 927 5601 hodie
955 5542 1190 5601 quoque
1220 5526 1358 5601 fons
1379 5527 1503 5601 ipse
1543 5527 1602 5584 in
1633 5531 1837 5601 crypta
1869 5528 1931 5601 B,

287 5596 480 5656 Maria:
511 5616 679 5672 saera
708 5600 818 5657 sub
852 5596 1059 5672 majori
1092 5596 1286 5672 altari,
1306 5596 1621 5672 distinctus
1645 5596 1719 5656 ab
1738 5596 1812 5656 eo
1834 5599 1934 5672 qui

286 5686 355 5736 ex
373 5671 636 5747 proximo
658 5670 780 5725 loco
798 5686 899 5742 per
915 5667 1084 5725 tubos
1106 5667 1413 5741 plumbeos
1435 5669 1493 5725 in
1513 5667 1934 5727 monasterium

2050 4676 2217 4743 nerit,
2238 4692 2342 4733 nec
2359 4675 2540 4743 canis,
2557 4692 2662 4732 nec
2681 4680 2922 4732 venator
2941 4675 3189 4734 ulterius
3210 4679 3420 4736 audeat
3439 4680 3702 4753 insequi.

2049 4783 2184 4840 Ultio
2214 4782 2400 4837 divina
2434 4784 2490 4836 in
2519 4798 2642 4837 eum
2673 4784 2769 4856 qui
2799 4784 2858 4838 in
2880 4781 2968 4910 ὁδὶ
3015 4785 3200 4841 Basoli
3243 4787 3378 4858 festo
3416 4789 3695 4845 venationi

2745 4870 2875 4910 vaca
2911 4872 2945 4910 a
2973 4896 2984 4909 .

2745 4870 2984 4910 vacabat.

2111 4944 2200 4998 24.
2237 4941 2305 4997 Et
2335 4942 2611 5015 quoniam
2642 4959 2703 5000 se
2736 4943 2985 5016 praebuit
3015 4945 3097 5002 rei
3123 4951 3297 5020 gestae
3336 4947 3586 5015 occasio,
3615 4948 3698 5004 di-

2039 5047 2240 5089 cemus
2262 5035 2319 5086 et
2341 5030 2496 5087 aliud
2521 5032 2675 5104 quod
2696 5031 2867 5107 longe
2889 5038 3022 5106 post
3043 5036 3229 5092 sancti
3245 5035 3350 5092 viri
3372 5036 3703 5093 transitum.

2037 5124 2300 5193 tempore
2329 5119 2390 5176 in
2419 5136 2479 5177 re
2511 5119 2714 5190 simili,
2746 5121 2848 5178 scd
2880 5122 3248 5180 dissimiliter
3276 5125 3529 5195 accedit;
3563 5142 3693 5199 qua

2046 5224 2139 5265 res
2171 5211 2459 5280 penetota
2487 5213 2650 5281 gesta
2670 5209 2837 5266 estin
2861 5210 3111 5268 circuitu
3132 5212 3481 5285 (f.,intuitu)’
3506 5213 3693 5287 regio-

2042 5297 2156 5354 nis.
2181 5297 2428 5363 Quidam
2473 5313 2542 5352 cx
2598 5297 2951 5356 Francorum
2994 5300 3263 5370 ducibus,
3299 5318 3414 5357 non
3461 5300 3633 5375 longe
3660 5318 3704 5358 a.

2044 5385 2229 5443 sancti
2257 5384 2362 5441 viri
2390 5383 2582 5443 Basoli
2603 5386 2862 5443 cmnobio
2894 5387 3060 5445 illum
3093 5405 3271 5448 suum
3300 5389 3694 5448 domesticum

2044 5528 2469 5671 ἀθῖἐὲῗᾞῖίρεο
2490 5596 2615 5653 loco
2641 5614 2779 5654 crux
2810 5600 2983 5656 etiam
3018 5618 3173 5663 nunc
3202 5603 3432 5671 visitur,
3448 5603 3539 5661 cui
3573 5602 3683 5661 cxi-

2050 5669 2165 5743 gu’a
2196 5669 2340 5725 cella
2367 5669 2502 5725 ante
2533 5685 2716 5726 annos
2745 5687 2963 5744 paucos
2995 5674 3269 5747 adjuncta
3297 5669 3437 5732 erat.
