4028 6172
346 285 463 352 657

1675 285 1778 349 DE
1820 286 2003 349 VITA
2046 286 2110 349 S.
2155 285 2428 351 BASOLI

3625 282 3743 356 658

348 419 732 478 collocaverat
776 424 1158 493 apparatum;
1187 420 1246 476 in
1296 420 1467 493 cujus
1515 395 1749 493 superbi
1799 418 1993 475 divitis
2021 422 2077 488 Α
2104 420 2425 489 ctissimus,
2454 420 2852 478 misericordia
2881 420 3359 498 benignissimus.
3384 441 3615 481 morum
3640 425 3744 481 ho-

347 512 536 583 gestu,
565 507 731 565 vultu
759 513 818 565 et
848 508 1050 565 habitu
1083 508 1228 565 nihil
1256 526 1434 582 quam
1467 508 1761 565 saecularis
1791 512 1989 580 poten-

345 599 437 655 tia;
468 602 666 653 tumor
694 598 1005 653 insederat.
1039 598 1177 653 Erat
1206 599 1386 670 igitur
1414 615 1482 653 ea
1503 598 1647 665 dies,
1662 614 1781 670 qua
1804 597 1999 653 sancti

346 686 699 744 confessoris
710 686 892 757 hujus
907 686 1356 758 exspectabatur
1370 690 1614 742 ventura
1627 684 1988 742 solemnitas.

340 776 437 832 Ait
465 775 646 848 igitur
675 772 800 830 suis
833 792 846 829 :
880 776 1027 830 Ante
1058 774 1385 830 diluculum
1416 778 1599 829 estote
1631 773 1992 847 parati,quia

343 881 471 922 cras
504 868 775 920 venatum
807 863 890 919 ire
919 862 1203 935 disposui.
1241 863 1395 918 Inter
1425 879 1590 935 quos,
1619 862 1719 934 qui
1742 861 1992 919 sanioris

343 951 558 1009 mentis
589 952 950 1017 exstiterant,
982 952 1055 1006 ab
1078 951 1184 1006 hac
1212 950 1533 1007 intentione
1554 951 1879 1023 principem
1903 967 1992 1006 co—

343 1042 637 1098 nabantur
666 1043 941 1106 avertere,
976 1040 1235 1095 dicentes
1267 1056 1462 1095 sacras
1493 1039 1721 1112 vigilias
1751 1040 1986 1107 adesse;

345 1148 379 1187 a
406 1129 509 1187 tali
541 1129 736 1202 potius
767 1144 934 1200 opere
966 1129 1344 1200 parcendum,
1383 1132 1557 1184 tanta:
1598 1127 1711 1184 diei
1762 1145 1989 1185 servare

342 1215 745 1284 reverentiam,
774 1216 887 1271 sibi
920 1216 1108 1288 magis
1139 1215 1560 1287 quiescendum
1592 1221 1648 1271 et
1677 1232 1804 1272 esse
1825 1216 1990 1272 feria-

343 1310 491 1363 tum.
525 1304 739 1360 Contra
769 1320 895 1376 quae
928 1302 1024 1358 ille
1055 1304 1406 1359 obstinatior
1442 1322 1549 1360 sua
1590 1305 1766 1360 verba
1813 1308 1985 1372 rotat,

344 1394 498 1468 quod
531 1392 757 1448 dixerat
777 1409 839 1448 se
861 1391 1242 1464 impleturum
1264 1392 1477 1447 firmat.
1494 1392 1828 1449 Crastinum
1846 1397 1990 1449 tem-

342 1500 454 1557 pus
474 1483 804 1549 advenerat,
829 1480 962 1553 equi
987 1482 1350 1549 sternuntur,
1373 1497 1501 1554 quae
1520 1481 1739 1538 talibus
1759 1482 1989 1538 fuerant

341 1572 551 1631 ofﬁciis
581 1574 719 1643 apta
749 1576 1174 1642 prmparantur,
1191 1569 1451 1642 capturis
1474 1570 1841 1627 silvestribus
1868 1575 1987 1627 ten-

341 1661 490 1718 dunt
519 1660 713 1715 frenos
745 1660 1129 1715 committere.
1162 1659 1275 1714 Nec
1299 1676 1480 1727 mora,
1506 1660 1839 1732 spumantis
1860 1660 1986 1732 apri

2100 512 2326 565 nestate
2349 508 3009 582 prmcipuus,jucundus
3032 514 3093 569 in
3115 530 3403 581 sermone,
3423 514 3662 573 devotus
3683 515 3746 573 in

2100 597 2527 669 praedicatione,
2560 599 2775 671 pietate
2804 600 3138 669 laudabilis,
3168 603 3451 659 suavitate
3473 603 3744 674 anabilis,

2100 685 2291 741 nudos
2320 685 2666 742 vestimento
2694 690 2918 760 tegens,
2952 687 3148 745 surdis
3176 688 3442 744 auditum
3472 690 3745 760 reddens,

2100 789 2281 828 caecos
2309 772 2673 843 illuminans,
2709 775 2997 832 daemonia
3027 777 3098 832 ab
3121 776 3376 832 obsessis
3405 779 3747 851 corporibus

2098 860 2430 918 eliminans.
2468 863 2727 935 Denique
2758 882 2875 920 sua:
2915 864 3288 922 resolutionis
3335 866 3489 921 diem
3536 867 3745 940 spiritu

2100 950 2415 1023 prophetiae
2448 953 2557 1007 sibi
2592 954 3262 1025 praavidensimminere,
3288 955 3347 1010 in
3367 957 3746 1027 Aquitaniam

2098 1038 2377 1111 dirigens,
2413 1045 2681 1112 nepotem
2705 1058 2878 1098 suum
2903 1042 2974 1097 ad
2999 1059 3059 1098 se
3080 1048 3349 1098 sanctum
3375 1050 3651 1100 convocat
3672 1047 3745 1102 ab

2098 1128 2241 1182 urbe
2277 1129 2579 1185 Lemovica
2601 1129 2987 1199 Balsemium;
3016 1132 3115 1203 qui
3141 1131 3545 1203 statim,hujus
3560 1134 3745 1191 Patris

2097 1215 2385 1289 legatione
2415 1222 2706 1290 suscepta,
2742 1219 2814 1274 ab
2846 1218 2963 1275 illis
2993 1221 3290 1293 egreditur
3319 1221 3557 1289 ﬁnibus,
3573 1226 3747 1294 atque

2095 1303 2282 1376 ipsius
2333 1321 2393 1362 se
2442 1310 2755 1379 praesentat
2795 1311 3093 1381 gratanter
3141 1310 3496 1382 aspectibus.
3533 1310 3637 1368 Cui
3677 1313 3741 1368 B.

2097 1393 2340 1449 Basolus
2371 1395 2585 1450 asserit
2613 1410 2717 1467 per
2744 1395 3030 1469 Spiritum
3059 1398 3169 1453 sibi
3193 1397 3375 1456 fuisse
3400 1399 3738 1469 revelatum,

2097 1483 2250 1554 quod
2284 1482 2407 1554 ipse
2442 1484 2501 1538 in
2532 1484 2797 1554 ejusdem
2830 1485 3188 1543 habitatione
3219 1486 3374 1544 cellae
3412 1488 3740 1546 conversari

2092 1570 2303 1627 debeat
2332 1573 2466 1642 post
2484 1571 2708 1628 obitum
2727 1590 2901 1629 suum
2923 1590 2935 1628 :
2956 1575 3126 1646 cujus
3138 1575 3223 1631 sal
3232 1575 3418 1633 utaria
3434 1581 3741 1651 praecepta,

2096 1662 2161 1713 ut
2177 1658 2366 1714 bonus
2389 1658 2544 1715 ﬁlius
2569 1661 2906 1719 obedienter
2926 1663 3315 1736 amplectitur.
3337 1664 3535 1737 Itaque
3556 1683 3744 1739 quan-

339 1764 582 1806 cursum
612 1746 709 1802 ille
741 1745 1060 1818 insequens
1088 1763 1275 1818 usque
1296 1747 1367 1802 ad
1391 1747 1734 1818 praedictum
1765 1746 1985 1804 silvulaa
2017 1790 2064 1855 Β
2099 1746 2199 1802 diu
2231 1747 2486 1819 posthac
2517 1748 2574 1803 in
2607 1766 2843 1822 corpore
2866 1752 3276 1809 sanctissimus
3298 1753 3615 1827 supervixit
3638 1756 3746 1812 Ba-

684 1834 1071 1855 ___-__.--_-_A.
1135 1834 1232 1855 ηε,
1279 1849 1408 1855 μ---
1465 1849 1602 1855 η---
1658 1835 1879 1855 ..ιῃμ
1922 1836 1983 1855 ᾼ,
2109 1835 2262 1855 ηιμ,
2318 1836 2375 1855 ι,
2420 1836 2517 1855 ,η
2597 1837 2609 1849 .
2649 1837 2662 1850 .
2776 1840 2789 1855 .
2948 1839 2961 1853 ο
3036 1841 3095 1853 -.
3174 1841 3207 1855 ..
3408 1842 3448 1855 -κ
3562 1844 3571 1855 .
3624 1843 3635 1855 α

341 1840 651 1910 aggestum
683 1834 1098 1907 pervolaverat.
1135 1834 1238 1891 Hic
1279 1849 1412 1890 mox
1459 1849 1608 1907 equo
1658 1835 1887 1892 labente
1914 1836 1986 1893 ad

341 1931 561 1985 terram
583 1924 837 1998 graviter
858 1925 1191 1980 confractus
1213 1922 1567 1992 devolvitur;
1594 1924 1675 1979 ita
1692 1929 1995 1997 correptus

343 2032 460 2072 non
482 2015 613 2087 jam
642 2029 813 2085 equo,
849 2011 949 2069 sed
971 2010 1234 2068 humeris
1258 2011 1566 2067 hominum
1590 2011 1901 2084 impositus
1923 2014 1995 2070 ad

341 2121 453 2161 sua
482 2104 841 2175 deportatur,
876 2100 1030 2156 diem
1071 2100 1240 2156 illum
1290 2100 1551 2157 venerari
1583 2101 1653 2157 de
1685 2106 1909 2170 caetero,
1945 2103 1994 2158 si

342 2191 473 2247 vita:
504 2191 862 2257 redderetur,
891 2188 1207 2260 pollicitus.

537 2280 871 2350 Suspensum
897 2279 955 2332 in
981 2278 1227 2349 patibulo
1258 2278 1584 2334 incolumem
1612 2288 1809 2335 servat.

424 2369 514 2423 25.
550 2365 875 2423 Referimus
905 2371 961 2421 et
992 2365 1152 2423 aliud
1184 2384 1299 2422 non
1327 2369 1767 2425 contemnendas
1791 2368 1871 2423 rei
1899 2368 2000 2423 mi-

358 2456 645 2523 raculum,
678 2454 738 2510 in
770 2472 885 2527 quo
919 2472 1034 2511 uno
1075 2455 1197 2511 solo
1248 2455 1470 2527 liquido
1522 2461 1735 2528 pateat,
1771 2461 2002 2528 quantae

354 2545 533 2603 fuerit
559 2544 792 2599 virtutis
822 2548 879 2599 et
910 2544 1122 2611 meriti,
1148 2546 1317 2615 cujus
1344 2543 1712 2601 solummodo
1742 2544 2004 2601 invocato

358 2634 595 2690 nomine
631 2649 788 2689 mors
811 2634 914 2705 jus
946 2648 1119 2689 suum
1151 2630 1421 2705 perdidit,
1453 2637 1510 2688 et
1539 2633 1792 2705 praedam
1827 2650 2005 2706 quam

359 2723 517 2780 intra
546 2722 743 2778 fauces
773 2737 921 2794 pene
951 2724 1315 2777 contraxerat
1344 2726 1408 2777 ut
1429 2721 1663 2794 penitus
1689 2722 2007 2779 absorbens

359 2810 683 2884 inglutiret,
700 2811 912 2866 virtute
933 2810 1120 2866 sancti
1144 2808 1333 2866 Basoli
1362 2815 1634 2882 superata
1660 2826 1775 2866 non
1797 2810 2004 2883 potuit.

359 2901 569 2959 Dicant
598 2898 697 2955 alii
728 2899 869 2972 quid
900 2898 1157 2955 sentiant
1183 2904 1240 2955 et
1267 2898 1471 2967 velint,
1492 2914 1598 2973 ego
1624 2904 1818 2955 autem
1840 2900 2010 2973 proﬁ-

362 2994 487 3046 teor
514 2992 572 3045 et
592 2991 796 3056 testor,
813 2986 953 3060 quia
968 2986 1305 3059 ubicunque
1322 3003 1384 3044 sc
1398 2987 1807 3060 opportunitas
1827 2987 2006 3055 dedit,

363 3079 413 3135 si
441 3092 577 3132 vera
605 3093 674 3134 ex
704 3076 815 3132 ﬁde
838 3080 1077 3150 rogatus
1098 3082 1188 3132 est
1209 3076 1364 3132 sicut
1383 3077 1681 3148 rogandus
1701 3075 2010 3145 fuit,mise-

2104 1835 2285 1902 solus,
2318 1836 2378 1892 hi
2413 1836 2527 1892 duo
2558 1837 2667 1892 viri
2698 1839 3050 1896 nobilissimi
3082 1841 3141 1897 in
3170 1841 3376 1899 timore
3408 1842 3639 1900 Domini
3661 1860 3749 1901 re-

2103 1922 2479 1996 ligiosissime
2511 1931 2651 1981 sunt
2679 1930 3017 1985 conversati.

2742 2019 2872 2073 Dies
2916 2019 3111 2075 obitus.

2175 2101 2264 2156 27.
2300 2101 2559 2175 Denique
2581 2119 2715 2159 cum
2729 2105 2855 2176 jam
2877 2106 3075 2162 divina
3093 2106 3401 2165 clementia
3419 2113 3505 2165 tot
3526 2109 3756 2167 labores

2108 2195 2333 2246 aeternae
2365 2192 2769 2249 retributionis
2811 2195 3020 2268 dignos
3068 2196 3420 2264 decerneret,
3456 2200 3594 2271 quia
3638 2216 3755 2256 non

2110 2276 2279 2333 aliter
2309 2278 2771 2335 immortalitatis
2802 2280 2991 2354 gloria
3016 2284 3217 2340 vestiri
3248 2291 3493 2358 poterat,
3517 2287 3632 2344 nisi
3654 2303 3757 2359 pro

2110 2367 2303 2422 debito
2334 2367 2526 2422 carnis
2558 2369 2789 2425 mortali
2838 2375 3047 2429 exutus
3096 2375 3350 2446 tegmine
3400 2374 3624 2443 fuisset,
3659 2392 3761 2448 per

2113 2455 2499 2528 quadraginta
2525 2472 2712 2513 annos
2743 2458 2859 2514 Deo
2907 2461 3186 2532 probatus
3235 2479 3302 2518 ac
3349 2464 3637 2535 perfectus
3669 2465 3757 2519 in-

2110 2548 2343 2611 ventus,
2373 2561 2522 2600 onus
2551 2546 2849 2617 deponens
2881 2550 3141 2620 corporis
3168 2550 3377 2606 ccelum
3412 2552 3756 2625 ingreditur,

2114 2632 2299 2688 beatis
2330 2631 2608 2704 angelicis
2640 2633 2945 2705 spiritibus
2976 2638 3500 2711 sociandus,atque
3521 2642 3579 2695 in
3602 2644 3762 2697 reter-

2115 2736 2257 2776 num
2290 2720 2416 2775 sine
2448 2720 2561 2776 ﬁne
2585 2720 2880 2791 victurus;
2914 2725 2974 2780 in
2996 2741 3111 2797 quo
3134 2726 3307 2783 modo
3327 2727 3758 2796 lsetatur,modo

2113 2810 2348 2882 gaudet,
2381 2811 2555 2866 modo
2586 2812 2872 2868 bonornm
2904 2815 3171 2871 omnium
3203 2813 3355 2871 felici
3388 2815 3763 2888 jucunditate

2116 2897 2455 2971 perfruitur,
2469 2899 2569 2971 qui
2585 2916 2888 2973 nunquam
2911 2902 2969 2957 in
2991 2902 3098 2958 hac
3116 2902 3233 2960 vita
3253 2904 3515 2976 requiem
3532 2903 3760 2974 habuit,

2119 3002 2422 3058 nunquam
2450 2988 2697 3044 cessavit
2726 2988 2908 3047 donec
2939 2989 3011 3045 ad
3042 3006 3176 3046 eum
3216 2991 3542 3063 perveniret
3589 3007 3765 3065 quem

2120 3075 2451 3147 quaesierat,
2467 3092 2639 3147 quem
2671 3082 2989 3149 optaverat,
3007 3094 3183 3150 quem
3196 3079 3365 3136 etdiu
3380 3081 3450 3136 de
3462 3083 3584 3138 toto
3596 3081 3769 3137 corde

364 3182 565 3223 rorum
592 3164 970 3221 necessitates
979 3164 1132 3235 juvit
1149 3169 1325 3237 atque
1352 3163 1412 3221 in
1437 3164 1726 3221 mortibus
1748 3165 2012 3237 trequen-
2039 3154 2083 3220 C
2122 3164 2182 3219 in
2213 3164 2324 3219 hac
2352 3164 2743 3238 lacrymarum
2766 3166 3023 3223 convalle
3044 3166 3353 3239 suspirans
3375 3167 3766 3225 desiderabat.

363 3260 452 3311 ter
480 3252 689 3328 positis
720 3252 992 3309 occurrit.
1027 3252 1209 3309 Homo
1260 3252 1501 3325 quidam
1553 3256 1679 3309 erat
1728 3252 2010 3310 vocabulo

365 3342 760 3417 Ragenulfus;
793 3343 890 3399 hic
920 3344 1175 3416 quadam
1210 3342 1454 3400 admissi
1485 3345 1904 3400 interveniente
1928 3344 2009 3399 fa-

364 3433 556 3492 ctione
587 3432 659 3489 ab
680 3432 1029 3489 adversariis
1052 3432 1240 3488 fuerat
1259 3431 1853 3504 comprehensus.Qui
1876 3448 2013 3488 cum

366 3520 542 3580 morti
572 3522 701 3595 ejus
744 3520 1080 3577 nullatenus
1129 3536 1366 3594 parcere
1410 3520 1750 3589 voluissent,
1785 3521 1858 3577 ad
1887 3536 2014 3577 me-

366 3612 530 3670 dium
562 3611 867 3678 deductus,
882 3608 1208 3677 discussus,
1223 3606 1600 3681 dijudicatus,
1624 3610 1861 3665 tandem
1882 3624 2018 3665 mox

365 3704 456 3758 est
484 3697 751 3773 patibulo
783 3699 1015 3755 afﬁxus.
1031 3697 1134 3754 I-lic
1156 3714 1293 3770 ergo
1313 3697 1467 3754 sicut
1485 3702 1609 3754 erat
1632 3698 1784 3754 inter
1803 3697 2016 3754 cmlum

364 3793 700 3860 terramque
733 3803 1084 3860 suspensus,
1118 3803 1256 3842 cum
1286 3786 1485 3842 anima
1504 3786 1632 3857 jam
1654 3785 1712 3841 in
1743 3786 2019 3843 extremis

367 3881 584 3951 ageret,
603 3893 670 3932 ac
698 3891 879 3948 prope
896 3874 1290 3931 miserrimam
1309 3873 1568 3930 animam
1587 3874 1756 3930 nodis
1780 3878 2019 3931 exactus

367 3981 631 4024 evomere
642 3964 961 4031 debuisset,
976 3963 1130 4019 inter
1139 3962 1382 4035 laqueos
1391 3962 1573 4034 (quod
1585 3961 1716 4018 aliis
1727 3967 1816 4019 est
1827 3962 2022 4019 morti-

367 4055 480 4111 bus
512 4052 785 4126 nequius)
804 4052 986 4124 hujus
1007 4049 1399 4108 sanctisssimi
1428 4050 1776 4109 confessoris
1805 4051 2019 4108 Christi

370 4143 568 4200 subito
598 4140 708 4197 sibi
731 4138 1765 4213 memoriaincidit.Voceitaque,qua
1777 4145 2018 4213 poterat,

370 4231 650 4289 astrictus
670 4235 737 4286 ut
763 4234 886 4285 erat
916 4227 1381 4297 fauoibus,omni
1411 4229 1718 4286 conamine
1749 4229 2022 4304 spiritum

370 4318 818 4393 colligens,totis
830 4317 1164 4390 praecordiis
1187 4321 1458 4373 sanctum
1474 4316 1573 4372 Dei
1589 4317 1862 4374 Basolum
1873 4319 2028 4375 invo-

372 4413 549 4477 cat,et
578 4410 644 4464 ut
672 4406 785 4463 sibi
817 4408 876 4463 in
900 4410 1162 4462 extrema
1185 4405 1533 4461 necessitate
1554 4411 1828 4462 succurat
1847 4406 2026 4480 lacry-

373 4494 575 4554 mabili
583 4499 671 4552 ter
698 4494 1051 4568 expostulat.
1067 4494 1183 4550 Nec
1195 4492 1455 4567 privatus
1468 4497 1556 4549 est
1566 4495 1848 4566 ereptoris
1865 4495 2026 4552 auxi-

373 4584 634 4653 lio;nam
666 4584 914 4656 laqueus
946 4600 1080 4638 mox
1110 4580 1529 4655 rumpitur,ille
1551 4583 1623 4638 ab
1649 4581 1765 4639 alto
1787 4582 2024 4652 labitur,

373 4673 601 4747 poenale
614 4676 973 4728 tormentum
987 4670 1451 4744 solvitur.Super
1463 4687 1666 4727 omnes
1682 4671 1857 4728 timor
1867 4678 1923 4728 et
1934 4674 2030 4728 ad-

372 4760 608 4818 miratio
639 4759 879 4829 ruit,ille
900 4759 1131 4816 solutus
1151 4764 1208 4815 et
1229 4758 1375 4815 liber
1395 4777 1430 4815 a
1450 4764 1638 4816 morte
1660 4760 2031 4817 recedit.Plu-

374 4867 467 4906 res
499 4866 733 4923 quoque
764 4848 861 4904 alii
892 4864 995 4921 per
1025 4848 1254 4904 diversa
1275 4847 1536 4905 locorum
1558 4849 1629 4905 ad
1656 4850 1786 4921 ejus
1808 4850 2032 4907 invoca-

373 4938 595 4995 tionem
626 4936 779 4994 sacri
810 4936 1068 4994 nominis
1098 4935 1310 4994 lethale
1342 4937 1674 5009 periculum
1696 4944 2027 4996 evaserunt.

494 5026 832 5083 Balsemium
861 5033 1106 5099 nepotem
1132 5042 1202 5083 ea:
1225 5026 1527 5099 Aquitania
1555 5025 1627 5082 ad
1654 5042 1711 5082 se
1738 5036 1907 5084 vocat.

445 5116 538 5171 26.
574 5113 709 5171 Fuit
738 5119 935 5171 autem
964 5114 1119 5170 inter
1147 5114 1268 5170 haec
1299 5114 1359 5171 S.
1393 5112 1637 5170 Basolus
1679 5114 1798 5199 vita
1845 5115 2031 5186 perfe-

451 5240 572 5307 (18)
603 5239 790 5295 Sancti
828 5241 1012 5296 Βαθοιί
1055 5255 1249 5311 corpus
1290 5239 1360 5294 ab
1407 5240 1705 5311 (lincmaro
1750 5239 2037 5295 Remorum

377 5313 625 5382 episcopo
653 5327 683 5366 e
711 5312 922 5367 tumulo
953 5309 1189 5367 levatum
1216 5318 1295 5366 est
1320 5309 1498 5365 medio
1544 5310 1753 5382 saeculo
1771 5326 1846 5377 IX,
1879 5313 2035 5382 cujus

380 5328 625 5382 episeopo
653 5328 683 5366 e
711 5328 922 5367 mmuw
953 5328 1189 5367 tevatum
1216 5328 1295 5366 est
1320 5328 1498 5365 meaw
1544 5328 1740 5364 saecuto
1771 5328 1846 5377 IX,
1879 5328 1948 5365 cu
1970 5328 2033 5366 us

380 5384 465 5437 rei
492 5381 779 5438 historiam
807 5399 843 5437 a
871 5382 1175 5439 Frodoardo
1204 5384 1637 5453 praetermissam
1660 5379 1821 5453 habes
1862 5328 2033 5452 in/i'a.

381 5453 610 5508 Interim
636 5456 908 5509 monitum
939 5455 1187 5510 lectorem
1204 5450 1486 5520 ‘volumus,
1522 5450 1576 5506 S.
1612 5452 1797 5506 Βαθοιὶ
1842 5450 2036 5525 corpus

447 5530 584 5581 aiter
604 5525 770 5596 ipstv:
801 5525 1056 5580 baculum
1086 5526 1146 5579 in
1170 5526 1394 5596 proprio
1420 5524 1748 5596 monasterio
1775 5540 1807 5576 a
1837 5526 2037 5580 nostris

420 5593 929 5666 onoriﬁcentissime
952 5593 1225 5652 asservari
1262 5593 1321 5652 in
1370 5602 1623 5666 argentea
1670 5593 1841 5659 theca,
1875 5611 2039 5666 quam

2120 3253 2179 3310 Si
2212 3253 2345 3324 quis
2374 3269 2510 3326 ergo
2540 3253 2771 3326 plenius
2800 3255 2961 3312 hunc
2989 3256 3178 3312 virum
3228 3272 3402 3314 nosse
3450 3258 3768 3328 desiderat,

2121 3357 2299 3414 quam
2332 3341 2554 3399 fortiter
2584 3342 2695 3399 ﬁde
2722 3344 3010 3400 mundum
3040 3346 3262 3412 vicerit,
3295 3344 3450 3418 legat
3490 3344 3639 3402 illud
3672 3345 3773 3403 ubi

2122 3428 2465 3485 inscribitur
2483 3429 2536 3485 ei
2558 3446 2769 3487 nomen
2794 3447 3008 3488 novum
3030 3437 3088 3488 et
3109 3448 3323 3489 nomen
3345 3431 3596 3490 civitatis
3615 3446 3772 3491 nova

2121 3516 2446 3573 Jerusalem
2480 3518 2661 3591 (Apoc.
2695 3536 2779 3587 nr,
2806 3521 2926 3588 12);
2954 3525 3165 3576 etcum
3187 3518 3537 3578 intellexerit
3556 3521 3774 3595 quibus

2124 3605 2225 3661 illa
2255 3604 2458 3661 civitas
2491 3606 2710 3679 fulgeat
2739 3608 3121 3676 ornamentis,
3156 3608 3264 3664 hoc
3294 3612 3485 3665 totum
3512 3608 3599 3671 illi
3630 3626 3775 3667 con-

2126 3694 2291 3762 ferat,
2324 3709 2390 3750 eo
2422 3695 2576 3766 quod
2627 3694 2844 3751 ibidem
2893 3697 3324 3767 quodammodo
3374 3697 3501 3768 ipse
3545 3699 3688 3754 civis
3716 3702 3777 3756 et

2127 3797 2431 3854 possessor
2460 3781 2641 3853 hujus
2670 3782 2922 3839 civitatis
2953 3800 2988 3840 a
3017 3784 3134 3840 Deo
3173 3784 3473 3841 conditore
3520 3786 3777 3843 creditur

2128 3871 2188 3926 in
2219 3876 2564 3943 perpetuum
2597 3872 2973 3939 constitutus,
3006 3872 3197 3928 factus
3221 3873 3349 3944 jam
3399 3873 3596 3930 suavis
3625 3872 3778 3930 inter

2130 3957 2385 4031 paradisi
2410 3957 2666 4026 delicias,
2683 3975 2788 4014 nec
2808 3964 2897 4015 est
2912 3958 2969 4015 in
2991 3977 3058 4016 eo
3080 3960 3330 4017 macula.
3344 3964 3526 4028 Quem
3545 3962 3782 4019 dextera

2130 4045 2344 4103 Christi
2375 4046 2833 4119 amplectitur,et
2861 4048 3064 4104 laevam
3095 4049 3206 4105 sub
3239 4050 3429 4122 capite
3449 4050 3776 4123 (Cant.u,6),

2133 4135 2295 4209 pacis
2323 4152 2529 4192 somno
2561 4136 2880 4205 dormiens,
2915 4139 3148 4210 premit,
3184 4138 3314 4194 ideo
3361 4156 3560 4196 coram
3611 4157 3680 4209 eo
3721 4138 3783 4196 in

2134 4230 2415 4281 aeternum
2448 4227 2625 4295 factus
2649 4233 2729 4281 est
2759 4228 2819 4281 in
2835 4242 2968 4297 pace
3002 4227 3148 4283 locus
3178 4236 3230 4282 et
3258 4227 3520 4285 habitatio
3560 4231 3679 4301 ejus
3721 4229 3783 4284 in

2134 4314 2268 4369 Sion
2302 4314 2471 4383 (Psal.
2502 4330 2663 4381 LXXV,
2694 4315 2770 4381 3).
2804 4313 2958 4369 Dum
2990 4314 3170 4388 igitur
3200 4315 3411 4372 saecula
3455 4321 3697 4373 manent
3725 4321 3784 4393 et

2136 4418 2249 4457 nox
2276 4418 2412 4457 cum
2443 4403 2536 4458 die
2565 4402 2815 4474 partitur
2843 4402 3182 4473 vices,fama
3202 4403 3611 4477 praadicabitur
3636 4405 3695 4460 in
3716 4421 3781 4461 eo

2137 4490 2521 4548 sanctissima:
2536 4491 2687 4557 vitae,
2718 4497 2776 4547 et
2797 4509 2903 4549 nos
2921 4508 3226 4565 nunquam
3249 4493 3543 4549 immunes
3563 4493 3784 4551 erimus

2137 4580 2209 4637 ab
2240 4580 2427 4652 ipsius
2457 4578 2649 4636 laude.
2670 4579 2928 4636 Decessit
2951 4585 3147 4637 autem
3169 4580 3267 4637 hic
3284 4583 3568 4653 patronus
3588 4584 3786 4638 noster

2137 4669 2211 4726 ab
2242 4669 2352 4725 hac
2380 4668 2510 4724 luce
2547 4668 2619 4724 ad
2671 4666 3006 4735 Dominum,
3041 4669 3133 4725 die
3181 4673 3342 4726 sexto
3389 4669 3783 4726 Kalendarum

2138 4758 2568 4826 Decembrium,
2601 4756 2662 4812 in
2692 4772 2759 4813 eo
2780 4756 2905 4814 loco
2936 4773 3111 4829 quem
3141 4756 3253 4813 sibi
3283 4756 3694 4831 éomposuerat
3711 4758 3785 4815 ad

2140 4847 2437 4920 agendum
2470 4851 2685 4903 sancta:
2715 4846 2845 4901 vita:
2876 4846 3462 4919 propositum.Nepos
3491 4862 3625 4903 vero
3657 4846 3787 4919 ejus

2141 4936 2469 4992 Balsemius
2498 4941 2556 4992 et
2584 4936 2709 5008 ipse
2738 4936 3149 4992 sanctissimus
3178 4934 3239 4992 in
3268 4936 3472 4993 eadem
3505 4933 3655 4992 cella
3675 4952 3783 4992 us-

2142 5041 2254 5098 que
2285 5025 2357 5081 ad
2389 5024 2607 5081 exitum
2639 5039 2814 5081 suum
2844 5023 3082 5093 mansit,
3116 5025 3262 5082 bene
3312 5026 3499 5083 Patris
3547 5025 3641 5082 sui
3682 5041 3786 5098 per

2141 5113 2342 5170 omnia
2366 5112 2611 5187 vestigia
2640 5116 2879 5170 secutus
2910 5108 3065 5185 (18").

2142 5246 2294 5309 Hugo
2348 5225 2513 5294 abbas
2568 5239 2732 5309 hujus
2797 5239 3039 5293 nominis
3102 5238 3372 5294 secundus
3434 5240 3559 5310 ﬁeri
3602 5240 3791 5310 jussit,

2143 5325 2434 5405 {aerasgue
2451 5310 2739 5405 _B.‘pp‘.soli
2774 5310 3045 5405 reliquias,
3084 5311 3145 5405 in
3191 5326 3258 5392 ea
3299 5309 3604 5405 recondigit
3649 5325 3795 5365 anno

2144 5381 2256 5436 Inc.
2306 5381 2460 5436 Verbi
2518 5381 2677 5444 1121,
2706 5388 2962 5449 regnante
3017 5380 3282 5437 Ludovico
3334 5398 3457 5451 rege
3510 5381 3792 5446 Francor.,

2146 5468 2290 5533 anno
2338 5454 2493 5522 regni
2536 5451 2620 5519 13,
2653 5450 3143 5533 archiepisgopatus
3192 5467 3315 5509 vero
3361 5452 3423 5506 Π.
3457 5450 3671 5521 Rodulﬁ
3703 5451 3790 5519 1t,

2148 5526 2230 5579 uti
2259 5526 2319 5578 in
2345 5521 2523 5595 capsa:
2550 5521 2889 5597 suppeduneo
2922 5521 3136 5593 legitur.
