4060 6170
361 301 477 364 659
1401 295 1736 358 ADSONIS
1780 291 2210 354 DERVENSIS
2256 291 2593 354 ABBATIS

1638 617 2498 757 LIBELLUS
3157 761 3167 769 .

547 852 677 939 DE
735 848 1509 940 TRANSLATIONE
1569 847 1692 934 ET
1755 845 2295 936 MlllAGULlS
2352 844 2437 933 S.
2498 845 2856 934 BASOLl
2912 845 3575 936 CONFESSORIS

1383 1037 1821 1131 auclore
1906 1027 2321 1130 Adsone
2389 1029 2752 1129 abbate

367 1227 556 1301 (Apud
589 1225 832 1295 Mabill.,
873 1230 1016 1283 dcta
1044 1235 1375 1283 sanctorum
1399 1224 1522 1281 0rd.
1557 1228 1613 1282 S.
1649 1225 1882 1289 Bencd.,
1915 1223 2121 1280 Steculi
2154 1223 2226 1280 IV
2256 1226 2418 1296 parte
2452 1226 2791 1296 u,p.137,ex
2820 1225 3145 1285 ms.codice
3175 1224 3420 1282 ccenobii
3453 1224 3768 1296 S.Basoli.)

857 1493 882 1524 κ

1301 1546 2249 1693 OBSERVATIONES
2310 1548 2826 1640 ΡΒιΕνΗΕ.

440 1892 756 1949 Historiam
788 1889 1192 1946 translationis
1224 1906 1327 1946 seu
1357 1889 1698 1946 elevationis
1731 1891 1788 1946 S.
1823 1889 2012 1946 Basoli
2045 1889 2119 1960 ab
2147 1890 2377 1945 Adsone
2408 1888 2619 1945 abbate
2651 1887 2924 1944 Dervensi
2956 1887 3069 1960 sub
3090 1887 3471 1960 ‘annumi980A
3491 1888 3772 1960 scriptam
3825 1881 3851 1894 ⁸

370 1964 555 2021 fuisse
584 1963 841 2018 diximus
871 1962 930 2016 in
963 1961 1174 2016 saeculo
1205 1961 1616 2032 secundo,rubi
1647 1961 1921 2032 ejusdem,
1938 1959 2130 2032 sancti
2157 1961 2290 2016 Vita
2323 1960 2504 2015 relata
2533 1965 2640 2016 est.
2675 1959 2837 2032 Hane
2886 1957 3138 2032 Adsonis
3185 1957 3649 2032 lucubrationem
3679 1958 3774 2016 hic

371 2034 718 2090 exhibemus
746 2050 880 2087 cum
912 2031 1210 2087 nonnullis
1242 2031 1562 2096 miraculis,
1595 2029 1846 2102 quorum
1877 2031 2076 2103 aliqua
2102 2037 2522 2088 commemorat
2555 2031 2940 2103 Frodoardus,
2966 2029 3329 2103 nulla,‘quod
3355 2030 3564 2096 sciam,
3586 2035 3774 2103 trans-

374 2105 610 2162 lationis
639 2103 934 2160 mentione
969 2105 1136 2158 facta.
1169 2105 1263 2174 An
1281 2119 1414 2158 vero
1447 2101 1808 2174 Fro‘doardus
1837 2120 1904 2157 ex
1932 2101 2181 2169 Adsone,
2215 2121 2287 2157 an
2318 2103 2473 2158 Adso
2503 2121 2572 2158 ex
2622 2102 2950 2174 Frodoardo
2997 2101 3267 2174 quaedam
3317 2105 3627 2174 mutuatus
3673 2102 3768 2169 sit,

373 2175 519 2232 mihi
547 2175 1013 2246 incompertum;
1046 2190 1183 2246 nam
1217 2172 1364 2246 alter
1391 2173 1552 2246 alteri
1582 2173 1826 2246 aequalis
1857 2173 1990 2246 fuit,
2021 2174 2251 2246 tametsi
2287 2174 2652 2228 Frodoardus
2684 2173 2856 2246 annis
2890 2172 3248 2246 fereiviginti
3297 2177 3432 2246 ante
3479 2173 3774 2246 Adsonem

373 2246 644 2303 decessit.
677 2243 883 2302 Utrum
916 2244 1180 2300 canonici
1211 2245 1297 2299 vel
1322 2244 1592 2299 monachi
1615 2243 1672 2298 in
1690 2245 1950 2299 ewnobio
1972 2245 2030 2299 S.
2048 2244 2237 2300 Basoli
2261 2249 2408 2310 tum,
2431 2261 2564 2299 cum
2585 2243 2890 2299 translatio
2906 2243 3195 2299 celebrata
3209 2243 3768 2310 est,existerint,non

373 2317 520 2374 satis
548 2317 750 2388 liquet.
783 2317 947 2372 Certe
978 2333 1131 2372 anno
1159 2319 1266 2388 882
1287 2317 1417 2388 jam
1445 2315 1635 2388 locum
1670 2315 2003 2388 insidebant
2032 2315 2298 2388 canonici
2327 2315 2631 2370 monachis
2653 2314 2975 2388 sull'ecti,ut
2998 2314 3512 2388 testanturlitterze
3530 2331 3770 2388 excusa:

373 2389 535 2445 toria:
565 2385 908 2444 clericorum
942 2385 1318 2442 Rcmensium
1351 2386 1423 2440 ad
1453 2385 2154 2458 Hildeboldumialiosque
2185 2387 2606 2458 suffraganeos,
2640 2386 2858 2457 quibus
2887 2403 3015 2458 sese
3045 2387 3378 2458 purgabant
3405 2402 3474 2458 ex
3503 2401 3593 2450 eo,
3618 2386 3772 2458 quod

375 2464 606 2515 mortuo
639 2459 948 2514 Hinemaro
978 2459 1049 2514 de
1080 2459 1276 2512 futuro
1307 2473 1643 2512 successore
1673 2460 1806 2511 ante
1832 2457 2148 2512 visitatoris
2180 2457 2490 2512 adventum
2525 2457 3186 2512 traetaverant.Demum
3209 2457 3507 2512 canonicis
3529 2457 3773 2515 abiectis

377 2531 632 2586 restituti
664 2533 802 2586 sunt
832 2528 1100 2584 monachi
1133 2545 1286 2584 anno
1315 2529 1439 2594 952,
1460 2535 1524 2582 ut
1539 2545 1607 2582 ex
1625 2528 1950 2583 Frodoardo
1973 2527 2266 2597 ad,Vitam
2295 2527 2550 2584 S.Basoli
2575 2528 3046 2594 observavimus;
3071 2532 3128 2584 et
3148 2529 3258 2584 sub
3279 2529 3537 2584 secundo
3559 2527 3772 2584 abbate

375 2602 626 2672 Adsone,
660 2599 856 2656 Odolei
883 2599 1060 2672 primi
1094 2605 1226 2672 post
1246 2597 1669 2672 restitutionem
1691 2599 2297 2672 abbatissuecessore,
2317 2599 2468 2654 Adso
2492 2599 2799 2672 Dervensis
2820 2599 3004 2672 abbas
3024 2599 3180 2672 hunc
3202 2597 3466 2672 libellum
3489 2597 3768 2672 exaravit.

378 2671 590 2754 ln0ilolis
615 2668 952 2744 primordiis
982 2668 1136 2754 apud
1169 2672 1226 2726 S.
1263 2669 1535 2751 Basolum
1567 2675 1862 2742 utcunque
1894 2669 2147 2752 viguisse
2177 2669 2426 2752 litteras,
2453 2668 2788 2752 colligimus
2816 2687 2883 2725 ex
2912 2669 3173 2751 Qerberti
3203 2669 3450 2742 epistola
3476 2672 3532 2737 7,
3559 2670 3617 2724 in
3651 2687 3769 2794 qua

378 2742 632 2794 Plinium
663 2748 722 2794 et
748 2741 1146 2794 Euemnhium
1178 2757 1246 2794 ex
1265 2740 1519 2794 S.Basoli
1545 2743 1645 2794 aut
1670 2739 1984 2794 Orbacensi
2009 2745 2362 2794 monasterio
2381 2741 2489 2794 Slbl
2511 2741 2791 2794 perscribi
2811 2741 2883 2794 ab
2899 2742 3143 2794 Airardo
3156 2740 3473 2794 Gerbertus
3489 2744 3662 2794 nostu
3687 2745 3765 2794 at.

378 2739 636 2800 Plinium
663 2748 722 2800 et
748 2739 1146 2816 Eugraphium
1178 2757 1246 2798 ex
1265 2740 1519 2798 S.Basoli
1545 2743 1645 2796 aut
1670 2739 1984 2797 Orbacensi
2009 2741 2362 2797 monasterio
2381 2740 2489 2797 sibi
2510 2739 2791 2815 perscribi
2811 2741 2883 2797 ab
2899 2741 2962 2796 Ai
2972 2742 3143 2798 rardo
3156 2739 3473 2798 Gerbertus
3489 2739 3748 2814 postulat

448 2923 584 2979 CAP.
618 2922 662 2978 Ι.
694 2921 1006 2978 Monasterii
1033 2921 1090 2976 S.
1115 2921 1300 2976 Βαθοιί
1319 2921 1663 2988 instauratio,
1683 2921 2023 2992 ejusdemque
2047 2919 2105 2987 Α
2133 2923 2268 2975 ante
2290 2920 2478 2976 fuerat
2503 2919 3178 2993 repositum,colloeavit.
3194 2920 3256 2976 In
3279 2921 3484 2976 eadem
3504 2935 3630 2976 vero
3649 2919 3760 2989 die,

942 3011 1117 3065 sancti
1145 3011 1448 3066 translatio.

448 3100 762 3171 Postquam
793 3103 990 3154 autem
1021 3098 1400 3154 beatissimus
1433 3098 1599 3154 Pater
1619 3097 1861 3154 Basolus
1882 3096 2019 3154 hine

377 3189 450 3245 ad
483 3204 738 3260 superna
767 3186 1044 3243 ccelorum
1077 3185 1390 3242 transierat
1418 3201 1616 3259 regna,
1650 3187 1710 3240 in
1742 3185 1838 3240 illo
1870 3186 2018 3242 duo-

377 3277 567 3333 decim
589 3275 1010 3332 monachorum
1031 3273 1312 3342 emnobio,
1337 3274 1491 3346 quod
1515 3275 1587 3328 ad
1610 3273 1834 3329 radices
1860 3290 2021 3330 mor.-

374 3365 454 3422 tis
485 3367 772 3420 statutum
805 3361 943 3418 olim
986 3361 1166 3418 fuisse
1213 3362 1488 3429 diximus,
1523 3361 1696 3434 longo
1741 3363 2017 3418 defluenti

375 3457 638 3526 tempore
667 3450 881 3524 partim
900 3453 1136 3523 propter
1154 3449 1426 3506 incursus
1443 3449 2016 3522 barbaricos,partim

372 3558 508 3598 vero
539 3544 775 3614 propter
804 3540 1136 3611 frequentes
1167 3542 1224 3594 et
1245 3542 1510 3610 perpetes
1531 3537 1590 3592 in
1614 3555 1790 3611 regno
1812 3537 2020 3610 princi-

374 3648 519 3704 pum
547 3629 890 3696 discordias,
914 3626 1106 3682 omnis
1136 3625 1511 3699 antiquorum
1539 3627 1773 3682 Patrum
1797 3628 2020 3700 deperit

373 3719 644 3775 instituta
673 3717 928 3774 traditio.
962 3717 1128 3772 Tune
1168 3714 1344 3771 etiam
1397 3719 1453 3770 et
1504 3715 1617 3770 alia
1667 3717 2019 3772 monasteria

372 3811 516 3865 sunt
538 3825 646 3864 suo
677 3808 894 3864 honore
924 3805 1170 3878 privata,
1202 3805 1430 3860 nudata:
1461 3805 1636 3860 rebus
1661 3804 1936 3875 ecclesiae,
1961 3809 2019 3861 et

371 3897 637 3971 plurimae
666 3896 978 3953 subversae.

445 3987 580 4042 Post
607 3985 825 4041 multos
855 3985 1034 4057 igitur
1062 3985 1188 4039 dies
1220 3985 1493 4039 redeunte
1533 3982 1805 4038 Ecclesiis
1856 3999 2014 4054 pace,

372 4090 580 4128 rursus
612 4073 670 4127 in
701 4073 928 4128 diverso
960 4071 1178 4128 montis
1202 4070 1404 4136 latere,
1437 4089 1504 4127 eo
1535 4071 1594 4125 in
1615 4071 1738 4126 loco
1763 4070 1860 4126 ubi
1885 4087 2016 4126 san-

374 4165 505 4217 ctus
527 4159 756 4216 Domini
783 4160 1010 4232 egregie
1048 4165 1424 4216 conversatus
1446 4161 1655 4226 fuerat,
1677 4159 1750 4214 ob
1773 4159 2020 4215 miracu-

374 4250 563 4306 lorum
581 4248 1011 4314 assiduitatem,
1025 4265 1153 4320 quze
1165 4249 1450 4304 Dominus
1463 4248 1814 4320 dignabatur
1824 4265 2020 4320 opera-

2129 3024 2246 3079 qua
2258 3007 2915 3063 honoriﬁcentissimum
2931 3007 3282 3064 translatum
3295 3011 3387 3063 est
3398 3008 3528 3080 ejus
3539 3023 3762 3080 corpus,

2127 3095 2257 3168 ipsa
2286 3097 2463 3152 etiam
2494 3095 2798 3152 dedicatur
2827 3094 3074 3152 ecclesia
3103 3096 3162 3152 in
3195 3097 3412 3153 honore
3442 3096 3597 3152 beati
3632 3095 3771 3152 Mar

2125 3184 2254 3252 tini,
2287 3184 2501 3242 Christi
2533 3185 2766 3241 Domini
2798 3186 3174 3252 confessoris,
3196 3203 3261 3242 ac
3286 3185 3648 3242 sanctissimi
3677 3185 3774 3241 Ba-

2127 3271 2234 3329 soli
2263 3273 2444 3328 nostri
2471 3290 2574 3345 per
2604 3273 2816 3330 szecula
2859 3275 3088 3346 patroni
3141 3273 3431 3347 specialis.
3459 3273 3593 3330 Haec
3641 3290 3772 3330 vero

2126 3361 2431 3418 translatio
2463 3362 2727 3420 simulet
2765 3361 3020 3419 ecclesia
3072 3380 3248 3419 sacra:
3295 3361 3586 3418 dedicatio
3639 3363 3773 3418 ldus

2127 3449 2394 3506 Octobris
2425 3451 2576 3507 facta
2605 3455 2692 3506 est
2723 3468 2756 3506 a
2788 3451 3024 3524 praefato
3056 3451 3390 3519 Hincmaro,
3423 3465 3654 3524 magna:
3681 3467 3772 3506 au-

2127 3538 2411 3594 ctoritatis
2467 3539 2938 3612 archiepiscopo;
2990 3557 3108 3614 qua
3161 3539 3383 3597 scilicet
3437 3539 3531 3596 die
3587 3539 3773 3612 ipsius

2128 3625 2314 3682 sancti
2343 3625 2680 3682 solemnitas
2711 3626 2985 3682 recolitur
3022 3626 3320 3695 celebrior,
3353 3627 3493 3700 quia
3540 3631 3774 3700 propter

2128 3713 2476 3787 populorum
2509 3715 2596 3786 (ut
2621 3715 2898 3788 diximus)
2929 3733 2998 3772 ex
3035 3717 3281 3774 diversis
3329 3722 3387 3773 et
3432 3715 3773 3790 longinquis

2129 3803 2393 3875 partibus
2423 3804 2838 3859 conﬂuentium
2871 3805 3118 3878 contigit
3147 3811 3212 3862 ut
3240 3806 3555 3862 haberetur
3589 3807 3772 3862 famo-

2128 3893 2265 3948 sior.
2297 3893 2378 3947 Ex
2408 3909 2474 3948 eo
2505 3891 2755 3964 denique
2782 3897 3044 3966 tempore
3084 3893 3288 3950 multis
3318 3897 3376 3949 et
3405 3893 3770 3950 intercessio-

2128 3980 2302 4036 nibus
2332 3982 2518 4036 sancti
2548 3979 2942 4054 hujus,multa
2973 3987 3112 4039 sunt
3143 3984 3312 4057 signa
3341 3985 3578 4040 ostensa
3603 3985 3776 4040 virtu-

2129 4075 2276 4136 tum,
2310 4085 2438 4140 qua:
2469 4085 2583 4124 non
2617 4074 2758 4125 sunt
2785 4072 3209 4144 comprehensa
3237 4072 3446 4128 litteris
3467 4073 3538 4128 ad
3564 4089 3774 4129 memo-

2127 4157 2275 4212 riam
2308 4161 2696 4230 posterorum.
2721 4159 2836 4215 Nos
2857 4163 3052 4216 autem
3077 4168 3363 4233 quantum
3384 4165 3588 4217 nostra
3609 4167 3771 4218 (etate

2128 4250 2229 4301 aut
2257 4245 2381 4300 fieri
2410 4245 2687 4316 vidimus,
2716 4252 2817 4304 aut
2848 4254 3000 4304 certe
3029 4266 3164 4306 vera
3192 4250 3453 4306 ﬁdelium
3495 4249 3771 4307 relatione

299 4387 316 4404 ,
372 4338 418 4394 ri
451 4354 556 4410 per
577 4353 732 4404 enin,
759 4335 915 4392 aliud
949 4340 1037 4392 est
1067 4337 1487 4392 monasterium
1507 4353 1541 4391 a
1562 4337 1890 4392 B.Nivardo
1914 4337 2016 4392 Re-
2048 4332 2095 4352 ”
2115 4334 2240 4404 jam
2272 4332 2412 4388 olim
2444 4334 2594 4390 facta
2624 4337 3026 4408 cognovimus,
3054 4338 3174 4393 sive
3206 4355 3274 4394 ea
3295 4355 3423 4410 qua:
3453 4355 3488 4394 a
3518 4339 3772 4410 pruden-

370 4425 560 4483 mensi
593 4424 1027 4497 archiepiscopo
1058 4439 1314 4495 congruo
1347 4424 1489 4480 satis
1512 4430 1568 4480 et
1593 4425 1818 4480 decenti
1845 4441 2014 4496 opere

369 4515 740 4582 fabricatum,
775 4511 1126 4569 habitaculis
1169 4512 1228 4566 in
1279 4512 1524 4568 circuitu
1567 4513 1739 4582 juxta
1788 4511 2010 4568 cultum

369 4603 665 4675 religionis
691 4601 1097 4658 convenienter
1125 4601 1448 4672 dispositis.
1483 4601 1722 4666 Quando
1761 4618 1893 4656 vero
1925 4606 2010 4657 to-

367 4695 495 4747 tum
525 4691 654 4762 ejus
682 4689 792 4747 loci
825 4690 896 4745 ad
929 4688 1162 4745 laudem
1193 4693 1252 4744 et
1279 4687 1525 4760 gloriam
1556 4688 1734 4743 divini
1757 4689 2014 4746 nominis

365 4783 522 4837 esset
548 4783 1025 4834 consummatum
1055 4794 1224 4849 opus,
1249 4777 1350 4832 sed
1373 4780 1583 4848 etpost
1613 4775 1800 4831 multa
1829 4794 2010 4832 anno-

366 4885 497 4924 rum
529 4866 820 4924 curricula
847 4865 1196 4922 venerabilis
1218 4865 1566 4920 Hinemarus
1590 4865 1904 4920 Remorum
1927 4883 2014 4920 ar-

363 4955 770 5029 chiepiscopus
791 4954 1146 5012 sanctissimi
1171 4953 1359 5009 Basoli
1382 4971 1596 5026 corpus
1617 4951 1872 5020 aloco,in
1895 4971 2010 5025 quo

361 5042 902 5100 eratvenerabiliter
913 5041 1982 5109 humatum,decrevittransferendum
1994 5087 2006 5098 .

363 5131 467 5187 Hic
497 5131 676 5204 igitur
704 5135 1014 5187 convocato
1043 5131 1202 5186 omni
1233 5130 1386 5186 clero
1409 5149 1514 5186 suo
1545 5133 1720 5202 atque
1753 5131 2010 5186 maxima

362 5218 742 5276 multitudine
773 5219 992 5292 populi,
1008 5223 1180 5291 prout
1197 5223 1360 5274 tanto
1376 5218 1603 5291 negotio
1617 5219 1858 5291 dignum
1882 5220 2006 5274 fue-

360 5314 474 5376 rat,
506 5308 785 5365 effodiens
816 5308 966 5365 sacri
1000 5309 1260 5380 corporis
1290 5307 1656 5374 thesaurum,
1689 5309 1758 5362 de
1790 5307 1914 5363 loco
1945 5309 2004 5362 in

357 5413 474 5469 quo
505 5397 667 5469 prius
689 5395 1305 5469 jacuerat,composito
1338 5413 1568 5468 quoque
1598 5395 2003 5452 ecclesiasticae

357 5485 659 5556 dignitatis
689 5485 941 5558 plurimo
971 5490 1365 5556 competenter
1389 5489 1691 5556 apparatu,
1717 5503 1852 5540 cum
1876 5503 2005 5540 cau-

2121 4421 2371 4477 tioribus
2397 4422 2660 4480 historiis
2687 4425 2937 4482 breviter
2967 4429 3166 4482 notata
3196 4427 3308 4500 ipsi
3341 4427 3763 4500 perspeximus,

2123 4511 2192 4566 ad
2225 4510 2537 4568 utilitatem
2569 4513 2887 4586 legentium
2920 4514 3113 4587 palam
3143 4515 3398 4572 exsecuti
3427 4532 3658 4572 sumus.

2193 4600 2327 4656 CAP.
2364 4601 2430 4657 II.
2465 4603 2538 4658 De
2567 4603 2662 4658 illo
2691 4605 2789 4675 qui
2819 4606 3176 4660 irreverenter
3211 4608 3388 4661 sancti
3444 4605 3694 4660 baculum

2521 4694 2742 4763 accepit,
2770 4694 2928 4764 cujus
2953 4709 3048 4765 per
3073 4697 3358 4750 emarcuit.

2195 4780 2387 4850 Longe
2417 4783 2547 4851 post
2576 4779 2726 4836 beati
2757 4780 2971 4837 Christi
3004 4783 3355 4839 confessoris
3381 4781 3758 4855 obitum,qui-

2121 4868 2256 4924 dam
2289 4867 2520 4924 natione
2552 4867 2785 4938 nobilis,
2820 4871 2920 4926 sed
2953 4870 3142 4928 elatus
3190 4876 3420 4928 tumore
3445 4875 3504 4928 et
3533 4870 3758 4928 bestiali

2123 4954 2344 5011 feritate
2375 4956 2610 5024 mentis,
2642 4958 2713 5012 ad
2745 4976 2972 5015 sacram
3004 4961 3252 5017 accessit
3276 4959 3762 5029 ecclesiam,velut

2118 5061 2296 5099 causa
2325 5044 2626 5101 orationis.
2660 5046 2764 5112 Qui
2791 5052 2924 5120 post
2952 5049 3273 5106 oralionem
3307 5048 3430 5106 solo
3459 5065 3758 5119 excussus,

2118 5131 2392 5186 baculum
2424 5133 2608 5188 sancti
2632 5135 2874 5207 accepit,
2899 5153 2964 5192 ac
2986 5141 3182 5194 mento
3205 5153 3762 5210 suspensum,super

2115 5221 2324 5291 pedem
2356 5220 2573 5276 stultus
2599 5226 2657 5276 et
2679 5239 2882 5279 amens
2907 5225 3090 5296 ponit,
3113 5225 3322 5282 deinde
3344 5224 3758 5282 subsannando

2114 5307 2260 5362 dixit
2291 5323 2304 5362 :
2342 5308 2423 5362 En
2446 5307 3234 5385 baculusisteindicatquam
3251 5310 3503 5384 parvula:
3523 5315 3755 5366 statura:

2114 5395 2357 5452 Basolus
2387 5396 2481 5452 hic
2513 5397 2717 5453 fuerat.
2753 5399 2865 5454 Nec
2912 5416 3077 5456 mora
3125 5401 3274 5456 hanc
3327 5398 3753 5472 blasphemiam

2113 5484 2258 5540 ultio
2289 5485 2486 5541 divina
2514 5485 2940 5558 complectitur.
2976 5489 3122 5544 Nam
3155 5507 3254 5562 pes
3276 5490 3426 5562 ejus,
3452 5489 3546 5544 cui
3570 5485 3752 5544 sancti

355 5573 487 5630 tieis
517 5577 574 5629 et
596 5573 828 5645 hymnis
847 5574 904 5628 in
923 5575 1050 5647 ipsa
1073 5571 1318 5629 ecclesia
1338 5571 1523 5628 multo
1546 5573 1799 5629 nobilius
1821 5591 1998 5646 quam
2029 5558 2071 5626 C
2111 5573 2357 5631 baculus
2407 5576 2595 5630 fuerat
2645 5577 3072 5648 superpositus,
3113 5558 3416 5646 emarcuit,
3450 5595 3484 5634 e
3509 5575 3748 5648 vestigio
