4060 6170
325 326 442 392 661

1331 333 1433 397 DE
1475 332 1803 397 TRANSL.
1852 331 1951 395 ET
1995 330 2258 395 MIRAC.
2309 332 2374 395 S.
2419 332 2724 397 BASOLI.

3607 331 3725 402 662

326 464 824 537 putrefactus,nec
855 464 1040 522 multo
1059 471 1187 540 post
1217 485 1351 524 cum
1368 469 1643 542 gravibus
1661 468 1968 523 tormentis
1997 475 2053 540 Α
2082 466 2569 539 habuerat,quam
2598 469 2829 540 passiva
2846 469 3097 541 qualitas
3116 468 3271 528 intra
3291 472 3606 529 caacitatem
3626 474 3725 531 diu

328 554 399 611 de
430 570 669 627 corpore
700 559 789 610 est
818 554 1077 612 evulsus.
1097 555 1318 629 Corpus
1351 558 1548 630 itaque
1581 559 1651 614 ad
1684 556 1970 628 templum

325 645 431 699 viri
465 645 567 700 Dei
592 644 925 716 disponitur
956 645 1351 713 evehendum;
1387 647 1540 719 quod
1564 650 1759 701 tamen
1783 644 1865 700 ita
1884 646 1973 699 est

324 733 451 791 loco
484 734 749 800 inﬁxum,
772 734 937 805 quasi
972 736 1266 806 quoddam
1301 734 1684 791 simulacrum
1717 735 1973 789 immane

325 822 859 894 saxeum.Cumque
892 825 962 878 ad
992 822 1185 879 locum
1219 824 1406 881 sancti
1437 822 1684 896 Remigii
1718 821 1969 892 illatum,

323 912 502 969 etiam
534 911 840 983 exsequias
882 913 1260 969 decernerent
1292 913 1646 979 inferendas,
1680 916 1744 969 ut
1774 914 1971 983 posset

325 1000 534 1059 elevari
566 999 755 1072 gleba,
790 1017 905 1056 non
939 1005 1037 1067 est,
1058 1019 1092 1056 a
1119 1001 1234 1057 Deo
1268 1006 1323 1057 et
1355 1006 1556 1057 sancto
1596 999 1799 1056 Basolo
1833 1015 1967 1054 con-

324 1107 490 1147 cessa
521 1087 775 1144 licentia.
808 1090 881 1143 At
910 1107 1041 1145 vero
1091 1091 1435 1146 necessitate
1478 1094 1737 1162 cogente,
1773 1090 1830 1143 in
1863 1088 1967 1143 Ca-

322 1178 620 1237 talaunico
653 1176 939 1233 territorio
971 1178 1208 1234 demum
1242 1178 1603 1252 permittitur
1633 1177 1846 1233 habere
1879 1194 1966 1232 se—

321 1268 642 1343 pulturam.

392 1358 527 1415 CAP.
563 1357 658 1413 III.
692 1357 765 1411 De
793 1363 1128 1413 monstruoso
1157 1358 1358 1414 honine
1386 1374 1455 1413 ea:
1486 1359 1598 1413 vico
1630 1356 1970 1412 Cunnolensi

1040 1438 1244 1485 curato.

391 1518 507 1575 Nec
539 1516 684 1572 illud
705 1533 936 1589 quoque
960 1517 1252 1574 silendum
1276 1523 1364 1573 est
1385 1518 1539 1590 quod
1564 1517 1633 1573 ad
1655 1516 1839 1572 sancti
1862 1514 1969 1570 hu-

311 1605 947 1681 jusobtentum,divino
962 1610 1107 1661 nutu
1126 1607 1392 1662 novimus
1407 1607 1585 1663 fuisse
1598 1620 1963 1660 concessum.

319 1695 593 1754 Pluribus
612 1698 701 1750 est
716 1695 1300 1766 compertum,vicum
1324 1695 1763 1750 Curmolensem
1785 1693 1969 1762 (Caur-

312 1784 529 1857 inelois)
560 1800 674 1839 non
704 1782 874 1856 longe
903 1800 1031 1839 esse
1055 1802 1087 1839 a
1117 1782 1470 1840 monasterio
1503 1783 1967 1853 situm.Tempus

315 1873 595 1940 instabat,
630 1887 743 1944 quo
766 1870 952 1928 sancti
986 1870 1337 1926 confessoris
1380 1869 1722 1927 solemnitas
1753 1868 1965 1925 annuis
1995 1844 2043 1911 B

315 1961 551 2038 gaudiis
583 1960 932 2017 celebranda
960 1964 1137 2016 esset.
1172 1959 1315 2015 Illuc
1365 1977 1427 2015 se
1480 1959 1644 2032 plebs
1695 1958 1965 2013 universa

317 2051 681 2110 contulerat:
716 2049 1035 2121 promiscui
1068 2048 1388 2104 multitudo
1420 2065 1593 2104 sexus
1625 2047 1773 2102 hanc
1814 2062 1844 2101 e
1875 2044 1963 2099 di-

313 2157 484 2198 verso
514 2138 900 2210 frequentiam
935 2136 1292 2209 impleverat.
1326 2137 1471 2193 Huic
1517 2152 1749 2210 quoque
1788 2138 1962 2189 tanta:

317 2227 606 2286 claritatis
637 2224 989 2300 spectaculo,
1022 2244 1089 2282 ex
1116 2227 1242 2281 vico
1282 2226 1553 2299 superius
1602 2225 1764 2281 illato
1813 2222 1965 2277 inter

316 2316 631 2392 populares
648 2320 874 2370 turmas
892 2332 952 2369 se
975 2315 1149 2370 etiam
1186 2316 1425 2388 quidam
1440 2316 1825 2379 immerserat,
1861 2310 1960 2383 qui

315 2406 575 2479 corporis
616 2405 676 2460 in
723 2421 978 2460 massam
1028 2409 1325 2460 contracta
1371 2404 1659 2477 congerie,
1694 2416 1961 2475 gressum

311 2496 442 2551 vivo
474 2495 661 2550 ferens
691 2493 750 2548 in
783 2510 1019 2566 corpore
1050 2494 1368 2566 sepultum,
1403 2493 1734 2549 videntibus
1766 2505 1965 2562 quem-

316 2586 455 2641 dam
486 2584 786 2639 horrorem
835 2583 1163 2638 incusserat
1217 2581 1567 2637 mirabilem.
1624 2581 1728 2635 Per
1778 2582 1960 2634 totam

314 2678 515 2730 tamen
530 2687 739 2743 repens
752 2672 823 2726 ab
846 2671 1025 2743 hujus
1046 2671 1157 2727 diei
1178 2670 1510 2744 spectaculo
1525 2688 1638 2725 non
1653 2666 1962 2737 abstinuit,

315 2762 444 2835 ipse
462 2762 655 2835 potius
683 2762 840 2816 omni
862 2760 1074 2834 populo
1107 2761 1507 2833 spectaculum
1528 2755 1963 2828 factus,votisui

317 2866 563 2908 censum
598 2849 1010 2906 brevissimum
1043 2865 1177 2906 cum
1210 2848 1341 2905 aliis
1369 2848 1541 2922 plena
1591 2847 1703 2902 fide
1742 2843 1962 2901 intulit.

319 2940 468 2996 Cum
473 2940 601 3010 jam
612 2937 804 2994 hiems
816 2936 1034 2994 caelesti
1044 2938 1442 2993 busnocturna
1455 2937 1605 2990 esset
1620 2933 1968 2989 celebranda

320 3028 651 3095 celebritas,
686 3025 884 3083 divina
925 3027 1081 3082 circa
1127 3043 1188 3081 se
1245 3026 1502 3080 irruente
1543 3021 1808 3096 vestigia,
1842 3038 1966 3093 quae

320 3116 699 3174 dorsualibus
746 3114 1100 3172 inhaserant
1147 3115 1440 3188 partibus,
1472 3113 1728 3169 extensis
1776 3109 1968 3166 nervis

2081 554 2469 622 concluserat,
2486 573 2661 627 quam
2686 559 2899 630 conjux
2916 558 3202 616 sollicitus
3225 578 3327 633 per
3343 561 3529 618 sancti
3548 562 3727 634 hujus

2080 643 2355 698 meritum
2374 644 2621 699 credidit
2638 644 3061 703 liberandam.J
3070 652 3376 704 amentum
3390 650 3573 723 igitur
3587 655 3731 707 stra-

2078 731 2179 797 vit,
2214 732 2322 788 hac
2354 734 2722 806 superposita
2752 736 3085 806 procedenti
3128 741 3344 792 sanctze
3374 739 3729 797 celebritatis

2082 820 2287 876 festivo
2319 828 2628 891 conventu,
2664 824 2727 877 fit
2759 823 2883 894 ipse
2932 842 3066 879 cum
3117 842 3292 880 uxore
3336 843 3487 882 caeca
3512 844 3666 883 unus
3696 844 3728 884 e

2080 908 2591 966 circumstantium
2625 913 2817 967 turba.
2860 913 3108 985 Jamque
3156 931 3302 986 pene
3349 914 3575 972 itineris
3629 916 3728 973 illo

2080 1014 2185 1053 suo
2218 997 2413 1054 labore
2447 1006 2876 1067 consummato,
2911 1002 3049 1056 bino
3084 1002 3275 1058 adhuc
3308 1008 3564 1060 restante
3594 1005 3726 1061 mil-

2078 1085 2455 1154 liario,sensit
2474 1089 2652 1145 etiam
2678 1089 2736 1143 in
2760 1089 2852 1143 via
2872 1088 3147 1144 virtutem
3172 1089 3360 1145 sancti
3384 1091 3596 1160 Basoli,
3625 1092 3725 1165 qui

2079 1192 2192 1231 non
2224 1182 2312 1231 est
2343 1195 2555 1248 passus
2587 1180 2651 1232 ut
2681 1178 2887 1232 devota
2936 1179 3082 1234 ﬁdes
3115 1182 3430 1252 antequam
3465 1180 3726 1238 laborem

2077 1263 2413 1331 exsolveret,
2461 1264 2678 1321 laboris
2734 1266 2973 1337 praemio
3038 1267 3322 1323 frustrata
3376 1275 3723 1327 remaneret.

2077 1350 2222 1406 Nam
2257 1370 2390 1408 mox
2410 1354 2616 1409 orbata
2630 1354 2848 1409 femina
2865 1354 3031 1409 mala:
3047 1355 3438 1427 possessionis
3454 1359 3725 1416 tenebras

2077 1440 2310 1510 deserit,
2344 1442 2727 1514 pinnaculum
2758 1442 2959 1516 templi
2991 1444 3206 1517 apertis
3236 1443 3423 1500 oculis
3453 1447 3523 1501 de
3553 1446 3724 1521 longe

2078 1530 2332 1602 respicit,
2367 1533 2745 1605 gaudensque
2777 1533 2985 1589 marito
3016 1532 3163 1590 dixit
3198 1552 3209 1588 :
3246 1535 3474 1592 Gratias
3524 1537 3638 1594 Deo
3668 1540 3725 1594 et

2077 1623 2277 1676 sancto
2308 1620 2534 1687 Basolo,
2560 1621 2769 1676 redditi
2802 1620 3045 1678 luminis
3075 1624 3325 1696 gratiam
3349 1639 3720 1698 recognosco.

2077 1713 2252 1780 atque
2301 1708 2555 1765 ecclesiae
2605 1709 2836 1765 culmen
2888 1711 3108 1783 fulgere
3158 1712 3342 1768 video.
3378 1714 3631 1787 Indeque
3662 1732 3723 1772 se

2078 1802 2242 1853 terra:
2275 1799 2545 1870 protinus
2575 1800 3136 1867 excutiens,nudatis
3160 1801 3406 1873 pedibus
3430 1802 3721 1877 reliquum

2075 1886 2302 1941 itineris
2335 1888 2487 1960 quod
2521 1887 3183 1959 superfuerat,celeriter
3212 1892 3550 1963 peragit.Ad
3582 1896 3725 1949 tem-

2074 1974 2237 2047 plum
2284 1977 2503 2048 gratias
2561 1980 2763 2031 actura
2815 1976 3094 2048 pervenit,
3139 1982 3193 2032 et
3238 1976 3453 2035 laetanti
3508 1983 3721 2054 populo

2074 2063 2286 2136 gaudia
2317 2066 2541 2135 majora
2570 2064 2907 2120 cumulavit.

2073 2160 2208 2217 CAP.
2242 2160 2336 2217 VI.
2368 2163 2442 2217 De
2471 2161 2703 2235 quodam
2731 2162 3175 2219 administratam
3223 2163 3429 2235 Sperne
3478 2169 3717 2225 nomine.

2549 2233 2792 2301 Qualiter
2820 2242 3092 2306 correptus
3120 2236 3246 2305 fuit.

2144 2321 2266 2375 Non
2302 2319 2471 2393 longe
2501 2337 2535 2375 a
2566 2326 2765 2376 nostra
2796 2324 2960 2377 astate
2994 2321 3104 2393 (20)
3136 2324 3376 2395 quidam
3411 2325 3721 2398 religiosus

2074 2408 2159 2462 vir
2192 2412 2248 2463 et
2278 2407 2405 2463 vitae
2455 2408 2795 2482 probabilis,
2829 2410 3178 2467 Benedictus
3228 2413 3484 2481 nomine,
3532 2415 3721 2488 ipsius

2074 2497 2429 2570 monasterii
2448 2497 2631 2554 abbas
2661 2503 2714 2553 et
2746 2503 2937 2554 rector
2966 2504 3054 2555 est
3086 2501 3556 2569 constitutus,vir
3585 2504 3724 2560 sim-

2073 2585 2318 2658 plicitati
2348 2586 2615 2653 studens,
2651 2591 2709 2641 et
2734 2585 2936 2641 altaris
2965 2586 3250 2642 familiam
3265 2590 3429 2659 justo
3451 2596 3509 2646 et
3529 2594 3723 2650 mode-

2074 2679 2195 2731 rate
2243 2675 2599 2748 gubernans.
2654 2676 2761 2742 Qui
2822 2675 3173 2731 Benedictus
3231 2677 3408 2733 decus
3464 2680 3721 2737 ecclesia

2076 2764 2282 2836 Spatiis
2314 2762 2635 2835 ampliavit,
2678 2768 2735 2819 et
2780 2763 2956 2820 variis
3000 2765 3261 2819 donariis
3310 2768 3631 2834 exornavit,
3662 2775 3721 2826 et

2076 2856 2207 2925 post
2236 2869 2351 2907 non
2383 2851 2615 2908 modica
2635 2853 2764 2907 vitae
2799 2868 2917 2907 suae
2940 2852 3131 2924 spatia
3159 2850 3310 2908 bono
3342 2854 3457 2909 fine
3479 2855 3717 2926 quievit.

2077 2941 2221 2998 Huic
2253 2956 2570 3013 germanus
2600 2941 2797 3009 frater,
2833 2939 3069 2996 nomine
3118 2941 3401 3013 Spernus,
3434 2942 3604 3000 Pater
3632 2951 3723 3004 est

2078 3030 2565 3103 subrogatus,qui
2595 3030 2870 3085 fraternis
2896 3029 3255 3100 degenerans
3287 3030 3569 3101 moribus,
3594 3034 3721 3091 dira

2078 3119 2397 3192 cupiditate
2425 3119 2999 3191 correptus,vinoque
3020 3117 3093 3173 ad
3114 3135 3179 3174 es
3200 3134 3386 3191 usque
3416 3121 3716 3192 perflatus,

317 3207 448 3264 loca
476 3223 586 3263 sua
610 3204 889 3261 violenter
917 3208 1203 3277 repetunt,
1233 3220 1413 3276 supra
1441 3203 1616 3275 pedes
1657 3206 1804 3258 testo
1851 3216 1953 3273 pO-
1991 3207 2035 3275 C
2076 3211 2250 3282 coepit
2279 3209 2519 3266 sibimet
2548 3208 2862 3279 aliquando
2889 3207 3080 3263 dicere
3114 3225 3126 3262 ε
3160 3207 3264 3263 Hic
3295 3224 3461 3266 meus
3489 3225 3719 3283 germa-

318 3294 459 3370 pulo
490 3292 770 3361 constitit,
804 3298 860 3350 et
890 3309 959 3349 ex
988 3294 1221 3349 incessu
1261 3307 1407 3348 novo
1457 3290 1718 3348 laetitiam
1749 3287 1964 3345 festivi-

319 3385 463 3442 tatis
494 3384 660 3441 urbis
690 3383 1043 3439 mirantibus
1072 3382 1251 3440 auxit.

604 3473 739 3529 CAP.
775 3470 867 3528 IV.
906 3473 981 3528 De
1023 3472 1429 3527 illuminatione
1455 3471 1678 3543 puellae.

322 3579 327 3583 '
388 3563 649 3618 Axonam
682 3560 891 3633 (Aisne)
921 3560 1164 3616 ﬂuvium
1199 3564 1534 3615 nostrorum
1567 3557 1735 3614 multi
1795 3572 1964 3613 nove-

319 3651 546 3719 runt,in
577 3650 746 3723 cujus
767 3649 1034 3722 partibus
1062 3648 1258 3721 puella
1278 3648 1545 3721 quaedam
1576 3647 1966 3718 fuerat,quam

319 3755 356 3795 a
384 3736 695 3794 cunabulis
716 3736 903 3792 invisa
919 3737 1149 3791 caecitas
1166 3734 1559 3790 tenebat.Hme
1592 3735 1707 3790 fere
1726 3733 1972 3805 quadra-

319 3829 487 3903 ginta
508 3826 679 3884 annis
701 3827 800 3882 tali
825 3827 1016 3882 fuerat
1039 3824 1267 3881 inclusa
1288 3840 1518 3879 carcere
1539 3823 1969 3897 pmnali.Quam

319 3920 595 3989 parentes
624 3916 860 3971 tandem
894 3914 1233 3987 impositam
1264 3912 1550 3979 vehiculo,
1586 3913 1844 3967 instante
1876 3909 1969 3965 die

320 4004 674 4078 festo,longo
689 4008 890 4060 exacto
906 4004 1109 4059 itinere
1124 4004 1276 4058 inter
1287 4006 1523 4059 ceteras
1534 4002 1691 4075 vulgi
1709 4002 1974 4073 frequen-

320 4094 533 4163 tias,ad
560 4093 981 4150 monasterium
998 4089 1971 4165 ducentes,perveniunt,illatisque

319 4185 439 4241 voti
473 4184 563 4240 sui
597 4182 1130 4253 muneribus,hanc
1163 4198 1395 4255 quoque
1411 4182 1599 4238 sancti
1621 4181 1973 4236 meritisme-

323 4273 578 4328 dendam
610 4270 879 4327 otl'erunt.
900 4270 1097 4341 Neque
1126 4269 1221 4324 hic
1254 4269 1439 4324 defuit
1468 4269 1717 4341 profusa:
1739 4267 1972 4339 pietatis

325 4360 844 4435 mysteriummam
874 4358 1044 4431 longe
1077 4356 1675 4431 mmroris'angustias
1698 4355 1891 4413 subito
1912 4355 1971 4410 in

325 4447 545 4522 gaudia
572 4448 976 4504 commutavit.
1012 4449 1145 4513 Qua:
1177 4463 1326 4501 caeca
1353 4450 1608 4513 venerat,
1644 4444 1975 4500 illuminata

327 4536 589 4603 recessit,
626 4553 692 4592 ac
720 4541 921 4608 postea
954 4535 1151 4607 plures
1180 4533 1377 4590 vivens
1427 4550 1528 4605 per
1558 4549 1761 4600 annos,
1798 4533 1970 4588 mira-
2001 4576 2050 4644 D

404 4625 418 4644 I
571 4642 728 4644 ,,,,,,_
770 4625 882 4644 3mm,
935 4621 1278 4644 _!~-s-_.1__121

326 4625 526 4682 culum
562 4642 736 4682 suum
769 4625 896 4697 ipsa
926 4621 1302 4680 circumtulit.

488 4714 625 4771 CAP.
658 4713 726 4768 V.
759 4715 833 4769 De
861 4714 1095 4768 muliere
1120 4727 1259 4768 arca
1288 4720 1447 4784 atque
1474 4713 1808 4767 illuminata.

401 4803 569 4859 Aliud
604 4802 895 4875 siquidem
918 4801 1053 4857 huic
1076 4818 1190 4856 non
1213 4818 1280 4857 ex
1294 4804 1415 4857 toto
1437 4800 1723 4856 dissimile
1743 4799 1975 4855 virtutis

327 4909 477 4965 opus
506 4898 736 4966 gestum
769 4890 1074 4947 referimus
1095 4907 1273 4963 super
1302 4890 1752 4946 Coslamitidem
1774 4889 1974 4945 fluvio-

324 4986 451 5039 lum
483 4981 872 5053 (19).Quidam
907 4980 1059 5034 inter
1090 4980 1386 5052 proximos
1414 4978 1976 5047 habitans,nativum

329 5069 621 5126 incolebat
650 5069 1061 5142 cespitem,qui
1088 5069 1358 5125 videlicet
1386 5086 1419 5123 a
1449 5067 1574 5123 loco
1606 5069 1822 5123 distare
1851 5085 1977 5123 cer-

330 5159 491 5215 nitur
519 5159 719 5215 decem
750 5163 807 5214 et
837 5161 964 5215 octo
1012 5157 1194 5214 ferme
1225 5155 1536 5213 milliariis.
1585 5155 1687 5211 Hic
1736 5173 1973 5212 uxorem

403 5337 515 5405 (19)
548 5336 718 5392 Colsa
750 5336 1042 5401 fluviolus,
1076 5334 1245 5401 Coele,
1278 5335 1335 5388 in
1365 5350 1512 5405 pago
1562 5333 1973 5405 Catalaunensi

330 5404 507 5480 paulo
538 5426 717 5480 supra
739 5409 950 5480 urbem
978 5407 1171 5480 influit
1204 5407 1263 5460 in
1301 5404 1652 5480 Matronae},
1686 5404 1975 5480 habetque

325 5476 523 5562 ticum
558 5476 986 5562 cognominem,
1022 5479 1121 5562 ubi
1154 5477 1420 5549 sepultus
1452 5478 1509 5532 S.
1540 5476 1978 5544 Gibrianus,ex

334 5549 654 5607 Frodoardi
685 5550 787 5607 lib.
821 5568 897 5617 IV,
932 5567 1056 5620 cap.
1086 5550 1141 5605 9.

408 5623 521 5691 ('20)
558 5624 805 5693 Tempore
862 5618 1070 5677 scilicet
1095 5620 1281 5675 domui
1328 5618 1526 5675 Ebonis
1565 5618 1975 5689 archiepiscopi,

2073 3316 2185 3354 nus
2213 3298 2604 3370 praedecessor
2630 3295 2859 3369 ignavia
2887 3296 3249 3364 detentus,ut
3276 3300 3417 3368 puto
3449 3300 3715 3372 segnitie,

2074 3403 2142 3442 ex
2171 3386 2352 3443 lucris
2381 3386 2562 3457 hujus
2611 3384 2845 3441 familias
2891 3384 3135 3440 nescivit
3182 3402 3290 3441 sua
3340 3386 3503 3444 lucra
3550 3389 3719 3447 docte

2076 3476 2396 3532 cumulare.
2422 3473 2698 3548 Precepit
2730 3490 2834 3547 ego
2866 3474 2990 3546 ipse
3022 3476 3385 3546 procuratori
3418 3494 3522 3533 suo
3552 3478 3715 3536 villa-

2077 3584 2207 3621 rum
2240 3564 2463 3620 incolas
2496 3564 2606 3620 sibi
2634 3568 2915 3635 tanquam
2948 3564 3018 3618 ad
3050 3563 3248 3635 puteal
3278 3565 3720 3641 exhiberi;quos

2078 3673 2180 3727 per
2206 3654 2367 3709 varia
2409 3654 2766 3722 distringens
2816 3651 3122 3723 supplicia,
3157 3652 3268 3707 sibi
3318 3655 3472 3710 bona
3519 3673 3720 3714 eorum

2080 3747 2277 3815 posset
2305 3740 2584 3797 violenter
2613 3744 2975 3810 extorquere.
3007 3741 3187 3795 Adest
3234 3745 3492 3799 tremens
3524 3750 3582 3799 et
3610 3747 3724 3801 mi-

2081 3850 2209 3889 sera
2235 3831 2672 3886 rusticanorum
2706 3828 3022 3883 multitudo
3055 3829 3583 3900 confusa,injustas
3612 3833 3726 3889 sibi

2082 3919 2588 3989 intentari'pcenas
2619 3916 2968 3971 considerat.
3005 3917 3167 3971 Tunc
3202 3917 3273 3972 ad
3307 3921 3512 3974 notum
3535 3922 3727 3978 cuncti

2081 4011 2389 4066 recurrunt
2420 4004 2701 4060 auxilium
2714 3998 3087 4076 ,protendunt
3107 4021 3318 4060 manus
3332 4007 3402 4061 ad
3417 4008 3725 4081 templum,

2082 4097 2260 4156 flebili
2292 4095 2514 4170 gemitu
2549 4097 2818 4149 sanctum
2852 4092 3121 4148 invocant
3160 4094 3454 4151 Basolum.
3486 4096 3601 4152 Nec
3633 4097 3729 4154 ille

2081 4185 2269 4261 plebis
2299 4202 2417 4241 sua:
2441 4183 2539 4237 diu
2564 4180 2829 4254 querelas
2852 4181 3421 4254 sustinuit.Spernus
3439 4184 3728 4243 malorum

2082 4275 2400 4331 intentator
2428 4276 2484 4327 et
2517 4270 2810 4326 minarum
2837 4270 3385 4343 spirans,nocturno
3407 4273 3725 4343 silentio,in

2083 4368 2271 4421 stratu
2304 4378 2410 4417 suo
2442 4360 2639 4415 divina
2665 4359 2877 4414 virtute
2906 4358 3301 4427 confunditur,
3318 4376 3559 4417 sensum
3592 4379 3726 4435 per-

2084 4453 2252 4519 didit,
2284 4449 2513 4506 medius
2546 4448 2790 4520 crepuit,
2833 4465 2967 4503 cum
3015 4447 3196 4503 fetore
3245 4447 3426 4504 nimio
3473 4448 3725 4522 pessime

2082 4542 2262 4596 vitam
2295 4538 2514 4595 amisit.
2549 4535 2794 4592 Familia
2825 4542 3074 4592 tremore
3116 4535 3327 4603 soluta,
3363 4538 3556 4593 cuncti
3589 4542 3727 4595 sunt

2083 4628 2442 4686 instantibus
2475 4625 2713 4699 periculi
2748 4625 2996 4681 liberati.

2158 4728 2292 4784 CAP.
2324 4726 2446 4782 VII.
2482 4725 2641 4796 Quod
2666 4741 2765 4796 per
2790 4739 2974 4796 preces
3004 4730 3056 4778 et
3082 4724 3279 4796 merita
3298 4723 3447 4796 beati
3476 4725 3659 4782 Basoli

2535 4793 2861 4851 'anddlordm
2887 4796 3157 4849 exercitus
3188 4793 3343 4850 redit.

2160 4889 2399 4960 Propter
2428 4888 2862 4958 perseverantes
2902 4881 3191 4937 malorum
3241 4887 3574 4939 nostrorum
3628 4900 3728 4940 ne-

2089 4979 2326 5051 quitias,
2357 4975 2465 5031 has
2496 4973 2815 5030 Galliarum
2848 4976 3042 5043 partes
3089 4972 3286 5028 divina
3333 4973 3478 5029 ultio
3525 4973 3729 5046 gentili

2088 5067 2282 5141 gladio
2312 5061 2603 5135 disposuit
2632 5061 2858 5117 tradere
2890 5061 3200 5116 feriendus.
3236 5062 3589 5119 Francorum
3638 5080 3729 5120 re-

2083 5173 2266 5230 gnum
2299 5170 2365 5210 eo
2397 5156 2655 5223 tempore
2685 5167 2879 5223 regem
2912 5149 3196 5206 habuerat
3225 5149 3496 5207 Carolum
3520 5150 3629 5223 (21)
3649 5167 3731 5208 re-

2085 5332 2248 5390 addit
2276 5326 2663 5389 Frodoardus,
2706 5325 2887 5397 idest
2925 5326 3249 5397 imperante
3283 5328 3572 5384 Ludovico
3606 5329 3725 5385 Pio.

2158 5402 2266 5474 (2t)
2293 5396 2937 5474 CrarolumHSimpliccm
2970 5396 3440 5474 intelligit,cujus
3470 5404 3732 5474 tempore

2086 5466 2343 5541 Huugari
2378 5472 2437 5524 in
2467 5466 2683 5541 Gallias
2730 5466 2898 5541 effusi
2945 5473 3100 5533 sunt,
3139 5466 3358 5526 scilicet
3401 5488 3553 5526 anno
3597 5466 3728 5541 919,

2087 5492 2214 5532 nun
2260 5492 2343 5528 an
2378 5492 2437 5524 In
2467 5492 2683 5525 ualuas
2730 5492 2831 5522 cut

2087 5564 2156 5603 ex
2183 5492 2465 5603 (lgronico
2500 5539 2831 5596 Frodoardi.
