4104 6172
238 292 371 357 665

1193 283 1300 346 DE
1350 281 1814 345 TRANSLAT.
1865 279 1969 340 ET
2016 278 2294 340 MIBAC.
2342 279 2408 342 S.
2455 281 2763 345 BASOLI.

3603 297 3722 363 666

243 429 631 484 consueverat
671 421 907 481 celerem
957 418 1304 495 pertendere
1339 394 1657 489 gressum,
1688 413 1944 486 cupiens
1973 412 2029 479 Α
2056 411 2253 470 laxius
2283 420 2626 489 evagantur,
2661 425 2728 474 ut
2757 424 2899 478 sunt
2928 425 3151 479 naturae
3182 424 3385 495 avidae,
3407 428 3477 484 ad
3504 429 3723 489 fontem

240 532 499 573 suarum
532 531 599 570 ex
615 511 981 568 facultatibus
994 524 1187 565 rerum
1200 505 1486 576 ejusdem
1500 503 1625 559 loci
1652 501 1948 558 fratribus

246 605 325 659 ad
360 606 742 677 augmentum
765 600 1006 672 justitia':
1037 594 1307 654 devotius
1360 592 1448 647 ire
1486 591 1945 647 ministratum.

245 695 378 761 Quo
406 707 542 748 cum
573 689 880 761 aliquando
909 688 1076 745 solito
1104 700 1263 742 more
1296 680 1506 737 venire
1566 680 1951 749 decerneret,

244 788 310 838 et
343 780 533 837 sancti
572 777 920 836 confessoris
950 774 1179 832 famulis
1210 770 1491 845 quaedam
1515 766 1820 838 largitate
1844 784 1954 823 sua

246 869 551 927 offerenda
578 881 780 923 secum
812 868 1148 929 assumeret,
1178 861 1448 916 latrones
1470 856 1566 911 oiI'
1565 854 1740 909 endit
1763 855 1833 910 in
1859 856 1952 911 iti-

246 974 409 1014 nere.
442 955 545 1013 Cui
578 972 713 1010 mox
742 970 929 1026 equus
958 952 1241 1025 diripitur,
1273 945 1480 1004 omnis
1511 943 1726 999 delata
1763 961 1951 1017 pecu-

249 1048 351 1103 nia
380 1047 451 1101 ad
483 1044 743 1117 spolium
777 1047 1160 1115 retorquetur,
1181 1036 1538 1095 comitantis
1579 1033 1791 1090 uxoris
1827 1038 1952 1093 uni-

248 1135 486 1201 versa,si
503 1139 569 1190 ut
586 1132 690 1188 illa
712 1136 852 1188 sunt
872 1127 1580 1195 mulierum-,ornamenta
1603 1122 1659 1177 in
1675 1127 1945 1195 prmdam

248 1225 618 1298 rediguntur.
653 1223 762 1278 His
806 1221 1056 1294 acceptis
1102 1233 1372 1293 gressum
1424 1215 1703 1271 latrones
1761 1218 1947 1274 corri-

246 1314 433 1389 piunt,
470 1314 580 1369 hos
614 1311 988 1369 infelicitatis
1018 1311 1232 1366 damno
1281 1321 1504 1363 mceror
1560 1308 1623 1359 et
1671 1306 1946 1365 anxietas

246 1403 659 1460 confuderunt.
674 1401 752 1456 At
781 1399 995 1456 mulier
1023 1397 1219 1455 dolore
1250 1395 1571 1453 stimulata
1603 1393 1942 1466 deependii.

248 1486 571 1566 querelosis
601 1492 884 1546 sanctum
936 1487 1036 1544 Dei
1085 1486 1258 1560 coepit
1300 1484 1637 1541 inclamare
1666 1484 1942 1558 vocibus,

247 1583 595 1649 dicens,non
624 1593 687 1637 se
720 1593 855 1634 esse
884 1576 1163 1650 deinceps
1194 1589 1503 1631 servorum
1526 1573 1664 1646 ejus
1702 1578 1943 1634 acturos

245 1669 675 1744 obsequium,si
708 1667 797 1724 sic
828 1682 929 1724 eos
961 1666 1121 1723 abire
1145 1665 1363 1721 sineret
1381 1680 1503 1719 non
1527 1663 1778 1720 ferendo
1800 1682 1944 1738 pris-

2059 504 2254 559 sancti
2288 506 2503 574 Basoli,
2538 508 2709 579 cujus
2741 511 3016 583 superius
3046 514 3406 571 mentionem
3456 518 3722 587 fecimus,

2060 590 2300 650 incaute
2332 596 2707 667 perveniunt;
2751 600 2851 655 ubi
2898 618 3033 658 cum
3085 605 3423 678 frequenter
3468 607 3727 680 indignis

2061 680 2381 739 haustibus
2414 686 2562 740 sacri
2597 686 2772 742 fontis
2799 706 2985 760 aquas
3014 691 3095 746 nil
3127 693 3385 750 lambere
3409 695 3727 767 prohiben-

2064 774 2179 838 tur,
2211 773 2414 829 omnia
2444 775 2544 831 ilia
2576 778 2775 833 canica
2806 779 3124 837 multitudo
3155 800 3324 839 versa
3369 784 3427 837 in
3478 785 3721 854 rabiem,

2062 862 2418 919 confessoris
2449 865 2635 921 sancti
2678 866 2960 939 injuriam
3009 888 3183 942 pcena
3232 873 3427 928 furiali
3475 873 3726 947 digniter

2060 951 2333 1023 expiavit.
2380 955 2489 1009 Ssd
2546 971 2649 1010 nec
2695 957 3028 1028 conquievit
3056 959 3145 1014 ira
3176 966 3262 1017 tot
3291 962 3548 1019 motibus
3579 964 3715 1018 divi-

2061 1040 2222 1097 nitus
2256 1041 2521 1098 excitata.
2543 1043 2688 1098 Nam
2722 1049 2779 1099 et
2812 1045 2935 1117 ipse
2957 1046 3259 1105 indebitus
3287 1051 3622 1107 dominator
3643 1052 3721 1107 si-

2061 1129 2184 1184 mili
2216 1130 2475 1186 vindicta
2506 1133 2839 1204 corripitur,
2876 1136 2972 1207 qui
3009 1137 3234 1193 inimici
3281 1141 3551 1211 potestati
3602 1146 3720 1197 tra-

2057 1216 2219 1272 ditus
2252 1221 2410 1274 totus
2437 1218 2838 1289 confunditur,
2874 1224 3091 1278 amittit
3121 1227 3554 1293 sensum,ferro
3586 1229 3722 1285 reli-

2053 1310 2246 1381 gatur,
2282 1325 2348 1363 ac
2377 1310 2806 1384 circumseptus
2848 1314 3109 1370 amentia
3152 1332 3260 1371 nec
3308 1316 3609 1373 hominem
3658 1337 3722 1376 se

2055 1397 2377 1469 cognoscit,
2412 1398 2513 1470 qui
2543 1399 2853 1456 immunda
2884 1401 3168 1458 animalia
3214 1422 3249 1459 a
3298 1405 3482 1461 sacris
3513 1406 3719 1479 templi

2054 1484 2343 1542 sollicitus
2375 1503 2569 1544 arcere
2602 1490 2976 1562 contempsit.
3025 1491 3100 1546 At
3144 1507 3279 1550 vero
3328 1494 3718 1553 familiaribus

2053 1576 2184 1648 ejus
2200 1580 2470 1632 sanctum
2490 1577 2763 1636 Basolum
2780 1577 2874 1651 pie
2894 1579 3503 1651 conclamantibus,ac
3520 1584 3716 1641 locum

2052 1664 2402 1721 muneribus
2436 1666 2888 1737 honorantibus,
2925 1669 3167 1725 tandem
3191 1674 3432 1729 curatus
3463 1672 3717 1745 insania,

246 1750 1321 1819 sidium.Postvocesautemlamentis
1334 1749 1655 1849 convulsas
1673 1753 1734 1807 et
1749 1753 1937 1824 gemi-
1975 1783 2025 1849 Β
2055 1753 2209 1809 cavit
2233 1770 2461 1813 servare
2490 1756 2895 1827 reverentiam,
2928 1758 3103 1829 cujus
3151 1758 3211 1818 in
3262 1777 3323 1820 se
3372 1761 3720 1821 meminerat

235 1836 1945 1919 tu,latronumequiobrigescunt,utfixasimulacradextra
1975 1836 2023 1849 ⁵’
2055 1842 2431 1901 exercitatam
2464 1845 2768 1904 ultionem.
3662 1844 3681 1857 ’

247 1938 512 2008 laevaque
539 1951 643 1991 nec
675 1933 748 1989 ad
780 1929 1086 2001 modicum
1117 1926 1585 1986 flexibilia.Cum
1614 1928 1811 1998 prazda
1833 1946 1977 2013 sua_
2358 1934 2494 1990 CAP.
2527 1933 2648 1990 XII.
2685 1940 2765 1990 De
2793 1935 3073 2004 pincerna
3101 1937 3406 2007 impudico.

252 2025 505 2085 miseros
531 2023 763 2079 horrere
794 2018 1426 2093 conspiceres,eosque
1453 2014 1651 2071 divino
1675 2019 1959 2088 quodam‘

2126 2021 2315 2093 Hujus
2344 2039 2478 2079 vero
2509 2024 2580 2079 ad
2613 2020 2967 2093 obsequium
3015 2024 3273 2095 potentis
3302 2042 3444 2081 cura
3474 2024 3714 2098 quidam

253 2112 502 2172 numine
531 2112 601 2167 ad
628 2109 917 2181 injuriam
950 2106 1133 2163 sancti
1175 2104 1357 2162 veluti
1413 2121 1561 2160 saxa
1604 2104 1793 2177 rigida
1822 2125 1939 2164 uno

256 2202 319 2257 in
351 2199 479 2255 loco
513 2195 849 2253 immobiles
867 2195 1083 2251 haerere
1100 2211 1219 2249 non
1243 2193 1373 2249 sine
1390 2192 1787 2250 admiratione
1808 2213 1936 2268 per-

257 2290 567 2364 penderes.
598 2288 741 2344 Cum
774 2286 981 2358 itaque
1010 2283 1239 2340 diutius
1268 2284 1341 2338 ad
1377 2299 1449 2338 se
1488 2282 1737 2338 invicem
1782 2290 1936 2341 rota-

260 2383 489 2446 rentur,
518 2377 753 2433 tandem
786 2373 945 2429 inter
973 2389 1037 2429 se
1065 2373 1398 2437 conferunt,
1424 2370 1503 2426 ob
1531 2387 1699 2426 suam
1732 2378 1939 2431 contra

262 2469 608 2523 innocentes
638 2462 1030 2520 temeritatem
1062 2462 1280 2518 factam
1311 2459 1603 2515 divinitus
1635 2475 1698 2515 se
1726 2461 1966 2532 teneri,,

265 2574 337 2615 ac
364 2554 478 2611 nisi
510 2550 1127 2626 resipiscant,penitus
1150 2549 1409 2606 abeundi
1432 2547 1649 2621 privari
1668 2547 1939 2618 licentia;

268 2645 537 2717 mitoque
566 2640 812 2699 consilio
862 2640 934 2696 ad
987 2655 1086 2695 eos
1135 2655 1281 2711 quos
1328 2636 1509 2695 rebus
1560 2636 1779 2709 injuste
1829 2656 1940 2696 nu-

268 2735 576 2798 daverant,
634 2729 864 2803 trepide
912 2728 1177 2794 redeunt,
1227 2727 1448 2799 quibus
1496 2729 1709 2782 cuncta
1768 2729 1939 2786 resti-

266 2825 470 2889 tuunt,
504 2825 564 2878 et
611 2824 678 2874 ut
719 2833 964 2874 suorum
1010 2818 1242 2873 veniam
1291 2817 1681 2888 deprecentur
1708 2816 1940 2875 facino-

272 2926 431 2979 rum,
467 2909 690 2984 pudore
721 2906 945 2981 perfusi
978 2910 1318 2977 exposcunt.
1354 2906 1444 2961 Ita
1496 2904 1684 2960 sancti
1736 2906 1937 2983 Basoli

277 3000 643 3071 suffragante
665 2996 776 3051 sibi
801 2993 1125 3067 patrocinio
1146 2994 1419 3050 hostibus
1441 2994 1501 3047 in
1521 2992 1616 3048 via
1637 2991 1935 3065 relaxatis,

268 3089 370 3147 isti
399 3086 728 3153 devotiores
758 3083 999 3151 facti,ad
1031 3082 1393 3138 destinatum
1415 3086 1730 3154 properant
1749 3100 1939 3142 como-

270 3163 695 3249 bium,gratias
726 3174 843 3229 Deo
872 3175 932 3228 et
963 3176 1165 3228 sancto
1196 3188 1303 3227 suo
1332 3170 1651 3226 confessori
1692 3186 1796 3243 pro
1848 3175 1937 3229 in-
1969 3150 2012 3216 θ

273 3265 460 3322 dultis
489 3264 603 3320 sibi
631 3260 934 3319 beneficiis
967 3261 1242 3330 referunt,
1274 3259 1391 3316 laeti
1421 3259 1578 3331 quod
1609 3259 1941 3320 detulerant

274 3356 554 3420 offerunt,
609 3350 874 3407 donariis
904 3348 1100 3405 locum
1125 3350 1512 3416 honorant,ac
1539 3348 1814 3423 deinceps
1836 3370 1938 3409 an-

273 3445 372 3501 nis
401 3441 657 3515 singulis
687 3440 844 3513 quod
871 3443 1184 3511 cmperant,
1221 3438 1434 3495 animis
1479 3439 1939 3511 promptioribus

276 3531 608 3591 exsolvunt.

274 3639 410 3695 (ΞΑΡ.
445 3636 540 3694 ΧΙ.
578 3641 659 3694 De
688 3639 920 3693 rectore
958 3635 1058 3778 qu;
1105 3635 1288 3762 noluit
1332 3633 1644 3705 prohibere
1689 3649 1861 3692 canes
1904 3654 1941 3692 a

1048 3723 1120 3763 on
1147 3722 1196 3764 ε.

1048 3715 1196 3764 bule.

352 3798 505 3855 Illud
555 3797 813 3870 denique
864 3795 1233 3852 referendum
1283 3794 1574 3859 existimo,
1609 3795 1763 3865 quod
1803 3812 1938 3852 cum

277 3888 439 3944 idem
470 3886 636 3943 locus
656 3901 857 3941 sacros
877 3883 1019 3940 olim
1040 3885 1316 3940 decenter
1335 3883 1479 3940 satis
1502 3880 1715 3937 habitae
1740 3886 1948 3957 caepis.

280 3981 375 4033 set
405 3975 707 4048 religionis
736 3972 1004 4029 amittere
1025 3971 1434 4042 cultus,nostri
1457 3970 1651 4026 saeculi
1676 3971 1803 4043 jam
1829 3990 1948 4031 mo-

284 4066 455 4122 ribus
486 4061 841 4137 depravatis,
865 4062 1199 4117 cmnobium
1231 4077 1365 4117 cum
1397 4060 1573 4116 rebus
1603 4064 1691 4118 est
1711 4063 1945 4120 cuidam

282 4154 438 4211 laico
470 4151 839 4225 Francigenae
873 4150 931 4205 in
954 4151 1057 4222 jus
1086 4148 1429 4207 dominandi
1459 4153 1946 4209 concessum.Nec

283 4242 508 4298 mirum
531 4253 927 4312 quoque,cum
942 4254 1046 4311 per
1066 4255 1134 4295 ea
1148 4243 1413 4311 tempora
1430 4237 1606 4293 etiam
1624 4240 1792 4296 sedes
1809 4257 1947 4313 pon-

281 4331 514 4394 tificum
533 4328 894 4402 subripuerit
909 4328 1020 4384 sibi
1044 4328 1339 4384 temeritas
1360 4328 1558 4398 inepta
1575 4327 1941 4386 saecularium

283 4421 682 4492 potestatum;
719 4422 777 4473 et
807 4416 907 4473 ubi
941 4415 1181 4472 abbates
1213 4419 1315 4471 aut
1346 4414 1603 4486 religiosi
1638 4416 1747 4472 viri
1778 4418 1944 4490 prius

2050 2109 2376 2168 domestica
2398 2112 2689 2185 pincernaa
2710 2111 2950 2184 gerebat
2975 2111 3351 2182 officium,vir
3372 2113 3514 2170 levis
3536 2114 3717 2172 nimis

2048 2204 2107 2254 et
2132 2200 2327 2257 frenos
2357 2218 2644 2274 respuens
2675 2200 3071 2268 continentiae,
3101 2207 3411 2275 promptus
3442 2203 3512 2258 ad
3548 2206 3715 2261 actus

2049 2288 2307 2346 illicitos.
2335 2291 2483 2346 Nam
2516 2307 2684 2347 sacro
2715 2288 2935 2362 templo
2966 2295 3130 2361 parte
3164 2291 3508 2347 occidentali
3525 2291 3712 2348 adhae-

2049 2394 2181 2433 rens
2211 2381 2512 2451 quoddam
2545 2379 2727 2452 priori
2759 2396 2875 2435 aevo
2907 2384 3200 2437 structum
3231 2399 3476 2455 parvum
3524 2382 3716 2437 fuerat

2049 2465 2479 2538 habitaculum,
2510 2469 2571 2524 in
2623 2485 2739 2542 quo
2789 2468 2983 2524 adhuc
3013 2468 3306 2527 clausuris
3344 2469 3712 2527 exstantibus

2050 2557 2342 2630 rebusque
2392 2557 2551 2632 aliis:
2574 2557 2890 2630 deputatis,
2941 2574 3055 2613 arae
3095 2559 3225 2631 jam
3275 2559 3545 2632 collapsa;
3589 2575 3714 2616 cer-

2051 2644 2213 2701 nitur
2263 2645 2570 2703 indicium.
2614 2644 2717 2703 Hic
2768 2645 3020 2719 denique
3069 2647 3167 2703 ille
3215 2647 3530 2705 dormitare
3569 2648 3708 2704 soli-

2048 2738 2165 2805 tus,
2198 2751 2334 2791 cum
2382 2739 2612 2809 epotato
2660 2734 2909 2792 nimium
2961 2740 3269 2808 urgeretur
3314 2736 3470 2804 vino,
3512 2738 3707 2793 noctis

2048 2829 2381 2898 opportuna
2409 2825 2777 2893 secutus,uni
2810 2840 2878 2879 ex
2908 2839 3084 2897 grege
3115 2825 3472 2881 feminarum
3488 2825 3543 2880 vi
3565 2826 3703 2883 irrc-

2045 2917 2312 2969 verenter
2327 2913 2909 2986 jungitur,anuam
2936 2912 3144 2969 beatus
3166 2914 3443 2970 Bassolus
3465 2918 3568 2970 aut
3594 2930 3703 2969 suo

2048 3002 2278 3058 abesset
2310 3002 2456 3069 loco,
2491 3006 2593 3058 aut
2622 3002 2790 3074 quasi
2822 3001 3142 3057 clementer
3171 3002 3363 3058 ferens
3395 3001 3574 3057 nollet
3602 3019 3706 3074 pu-

2049 3090 2174 3148 nire
2204 3090 2453 3148 facinus.
2488 3093 2599 3148 Sed
2634 3092 2684 3148 is
2714 3092 2815 3164 qui
2845 3107 3078 3164 semper
3104 3091 3295 3148 fuerat
3325 3091 3550 3147 amicus
3602 3102 3707 3162 pu-

2051 3179 2283 3247 dicitiae,
2308 3197 2424 3237 non
2454 3184 2544 3237 est
2569 3197 2779 3254 passus
2802 3180 2976 3251 juxta
3000 3196 3064 3237 se
3092 3180 3375 3237 nefariam
3406 3178 3703 3236 temerita-

2048 3272 2168 3324 tem
2199 3267 2448 3324 inultam
2478 3284 2800 3324 remanere.
2833 3267 2980 3322 Nam
3022 3266 3174 3322 inter
3222 3266 3335 3322 sibi
3384 3264 3703 3322 familiares

2046 3357 2319 3413 tenebras
2349 3357 2613 3412 daemone
2643 3354 2975 3426 corripitur,
3010 3355 3289 3429 gravique
3310 3353 3599 3427 supplicio
3619 3352 3705 3409 in-

2050 3444 2293 3501 feliciter
2321 3448 2440 3500 toto
2471 3460 2711 3517 corpore
2758 3443 3036 3513 laniatus,
3070 3442 3445 3515 astrictisque
3494 3440 3703 3498 fortius

2048 3532 2189 3590 loris
2206 3533 2554 3590 nexualibus
2572 3536 2855 3604 tanquam
2879 3533 3186 3590 eiferatum
3205 3529 3423 3587 animal
3451 3531 3523 3586 ad
3540 3530 3706 3585 arbo-

2049 3637 2173 3677 rem
2205 3621 2486 3695 religatur
2515 3620 3146 3677 ulmum.Diversorum
3181 3620 3388 3690 utique
3418 3621 3705 3674 monstro-

2049 3724 2181 3767 rum
2196 3726 2365 3765 voces
2385 3708 2649 3765 imitatus
2664 3725 2800 3764 cum
2827 3725 3041 3764 canum
3060 3706 3371 3763 latratibus
3394 3722 3503 3760 sua
3521 3720 3702 3759 mem-

2051 3798 2157 3852 bra
2182 3796 2306 3870 ipse
2337 3797 2696 3864 exulcerans,
2732 3800 2865 3868 post
2893 3796 3098 3869 longos
3130 3794 3424 3850 cruciatus
3444 3793 3517 3848 ad
3548 3792 3702 3847 invo-

2055 3885 2343 3941 cationem
2361 3902 2566 3943 rursus
2583 3885 2933 3941 confessoris
2957 3882 3172 3939 Christi
3203 3879 3393 3938 Basoli
3412 3879 3700 3935 daamonio

2055 3972 2317 4042 solvitur,
2359 3992 2433 4031 ne
2479 3974 2618 4047 quid
2665 3971 2784 4028 illic
2830 3976 2951 4028 tam
3002 3972 3278 4027 indecens
3324 3971 3702 4044 praesumeret

2054 4079 2226 4137 agere
2255 4065 2328 4121 de
2356 4066 2559 4120 czetero
2589 4061 2986 4135 castigandus.

2052 4169 2352 4226 ΟΑρ.ΧΙΙΙ.
2371 4176 2449 4226 De
2478 4170 2578 4227 illo
2602 4168 2701 4242 qui
2730 4169 2904 4242 tertio
2931 4168 3181 4242 monitus
3209 4168 3504 4242 ecclesiam
3529 4165 3696 4237 adiit,

2314 4252 2368 4296 et
2392 4241 2703 4298 sanitatem
2734 4241 3174 4312 integerrimam
3204 4241 3437 4308 recepit.

2124 4330 2236 4387 Sed
2287 4345 2391 4386 nec
2440 4332 2825 4402 premendum
2875 4329 3127 4397 silentio,
3161 4329 3316 4401 quod
3371 4345 3486 4384 non
3524 4347 3697 4401 parvo

2052 4418 2348 4476 cxcedenti
2371 4422 2631 4491 tempore
2647 4435 2750 4492 per
2764 4436 2934 4475 aures
2965 4419 3266 4474 efﬂuxerat
3286 4417 3695 4490 plurimorum,

286 4507 497 4563 sedere
523 4510 965 4572 consueverant,
998 4503 1406 4576 insipientium
1448 4504 1573 4574 jam
1623 4504 1775 4562 facta
1805 4523 1941 4562 con-
1972 4516 2020 4581 ι)
2050 4508 2223 4580 cujus
2252 4507 2387 4564 facti
2417 4512 2508 4564 est
2535 4508 2845 4563 innumera
2873 4507 3111 4563 testium
3151 4505 3488 4562 multitudo.
3523 4507 3697 4563 Maxi-

282 4593 584 4651 venticula
612 4594 828 4651 terreni
860 4595 1047 4649 fastus
1076 4597 1134 4649 et
1159 4609 1320 4649 vanae
1358 4591 1766 4650 multitudines
1814 4594 1941 4653 loca

288 4683 695 4758 possidebant,
730 4683 883 4739 sicut
909 4682 1194 4755 propheta
1222 4684 1485 4748 sanctus,
1533 4681 1759 4753 lapides
1805 4700 1940 4740 san-

285 4772 500 4829 ctuarii
533 4772 832 4845 dispersos
859 4771 1152 4845 ingemuit
1178 4774 1415 4840 (Three.
1447 4787 1525 4837 iv,
1561 4771 1633 4843 1),
1669 4775 1727 4827 et
1757 4773 1940 4829 sacris

287 4859 478 4917 elatos
508 4860 861 4917 stationibus
891 4859 1144 4917 oraculis
1176 4860 1446 4917 ostendit.
1480 4860 1604 4917 Illic
1649 4863 1941 4935 siquidem

288 4948 391 5007 cui
439 4948 794 5024 possidenda
842 4955 1009 5007 tanta
1058 4967 1150 5007 res
1193 4951 1398 5016 fuerat,
1444 4965 1654 5022 genere
1703 4952 1942 5024 quidem

289 5037 512 5106 clarus,
537 5039 638 5095 sed
673 5039 889 5097 animis
913 5044 971 5097 et
989 5040 1153 5097 vultu
1176 5040 1521 5096 cernebatur
1545 5038 1796 5097 nimium
1818 5042 1947 5098 effe-

288 5129 480 5185 ratus.
514 5126 631 5184 Hac
660 5127 844 5202 igitur
881 5128 994 5185 sibi
1023 5128 1273 5184 statione
1305 5142 1583 5182 concessa
1628 5129 1719 5183 vir
1761 5146 1941 5185 saecu-

286 5216 440 5272 laris
468 5233 635 5272 suam
670 5216 787 5272 illis
816 5217 969 5291 cogit
996 5215 1553 5280 familiam,cmnobii
1589 5218 1756 5273 sedes
1778 5234 1943 5273 occu-

291 5307 518 5378 pat,res
547 5322 688 5361 suas
718 5305 1005 5373 convehit,
1036 5307 1380 5379 apparatum
1413 5305 1733 5377 componit,
1763 5310 1939 5379 atque

292 5390 394 5446 hic
424 5390 795 5462 potissimum
818 5393 1131 5450 mansitare
1152 5392 1440 5459 decernit;
1475 5392 1592 5448 illic
1616 5395 1939 5453 tonstrinas

293 5478 1068 5554 muliercularumfcollocat,
1103 5486 1159 5538 et
1186 5497 1390 5555 greges
1420 5497 1633 5537 canum
1666 5481 1942 5553 plurimo-

292 5583 453 5625 rum.
486 5566 707 5627 Interea
759 5570 898 5627 dum
947 5570 1152 5628 solutis
1181 5570 1424 5629 habenis
1468 5568 1731 5642 palantes
1764 5588 1937 5629 canes

2049 4613 2215 4652 mum
2244 4596 2396 4653 inter
2425 4596 2718 4669 principes
2749 4596 2910 4669 regni
2944 4595 3287 4652 animositas
3332 4612 3575 4652 accenso
3623 4597 3701 4653 fo-

2052 4686 2194 4743 mite
2222 4685 2536 4741 divortium
2586 4686 2775 4742 fuerat
2821 4685 3198 4751 concitatum,
3247 4684 3462 4757 quibus
3507 4685 3698 4741 neutri

2053 4774 2204 4847 parti
2236 4775 2581 4832 cedentibus
2604 4780 2814 4831 cuncta
2840 4774 3061 4829 irarum
3082 4772 3540 4844 pondera,castri
3563 4790 3702 4846 quo-

2052 4880 2167 4937 que
2207 4863 2653 4921 Catalaunensis
2699 4876 2933 4918 sensere
2978 4860 3302 4933 dispendia.
3344 4861 3491 4917 Nam
3540 4877 3701 4934 grav-

2053 4953 2315 5026 undique
2344 4952 2594 5009 excitata
2623 4949 3017 5017 multitudine,
3038 4950 3290 5023 quodam
3316 4950 3539 5007 Basone
3562 4967 3701 5023 prai-

2052 5044 2220 5108 duce,
2244 5042 2393 5098 facto
2441 5040 2665 5111 impetu
2698 5038 2986 5095 assistunt
3017 5036 3330 5105 mmnibus,
3355 5054 3422 5094 ac
3443 5038 3698 5095 flammis

2051 5130 2323 5186 universa
2351 5128 2728 5185 committunt
2754 5127 3225 5195 absorbentibus,
3242 5126 3342 5182 ubi
3372 5127 3581 5184 laxatis
3602 5128 3701 5184 ha-

2050 5218 2217 5275 benis
2247 5221 2365 5272 toto
2397 5219 2677 5289 regnante
2708 5214 2996 5282 incendio,
3054 5214 3131 5269 nil
3175 5233 3480 5289 superesse
3512 5216 3699 5289 potuit

2051 5310 2247 5365 coacto
2276 5308 2335 5362 in
2366 5306 2589 5362 cineres
2620 5304 2961 5376 municipio,
2992 5304 3228 5379 ignibus
3261 5307 3694 5379 quodammodo

2051 5394 2320 5467 Trojanis
2350 5392 2753 5451 revirentibus.
2791 5393 2934 5448 Huic
2974 5397 3135 5449 tanto
3181 5394 3421 5450 facinori
3454 5394 3694 5467 quidam

2051 5484 2290 5556 Belgica:
2317 5481 2625 5556 provinciae
2656 5480 2991 5537 interfuisse
3017 5482 3427 5552 traditur,cum
3460 5486 3695 5540 caeteros

2051 5572 2307 5647 quidem,
2343 5575 2470 5628 tum
2493 5570 2648 5630 hunc
2678 5587 2909 5648 quoque
2953 5570 3098 5629 ultio
3147 5571 3343 5631 divina
3390 5572 3694 5654 impunem
