4060 6170
216 295 345 361 669

1463 303 1568 366 DE
1610 304 1793 368 VITA
1839 308 1904 370 S.
1944 303 2387 370 BERCHARII.

3510 310 3630 374 670

219 430 324 486 cil.
356 428 664 488 Acberiani
694 430 928 507 legitur)
943 449 989 516 la
1020 434 1322 516 latronibus
1370 437 1761 516 interfect_um,
1796 439 2153 496 Adaibaldum
2198 441 2257 496 S.
2293 426 2601 516 Bectrudis
2632 442 2937 516 maritum,
2966 441 3283 516 Eduardum
3309 442 3629 516 Anglorum

219 518 426 575 regem
456 519 491 559 a
520 519 764 586 noverca
787 510 1083 586 necatum,
1118 507 1379 586 aliosque
1408 509 1788 586 quamplures
1815 519 2140 586 Δηιιινιςιῖωη
2171 511 2418 586 nomine
2463 516 2763 586 exornant.
2797 513 2860 569 In
2905 507 3066 570 Actis
3097 516 3154 571 S.
3191 507 3526 586 Leodegbrii
3556 515 3630 569 ab

220 589 521 656 anonymo
544 576 859 656 descriptis
886 577 1162 650 leguntur
1279 576 1502 648 versus,
1536 576 1663 653 cap.
1681 583 1731 656 _5
1761 598 1774 636 :
1805 582 1912 637 Nec
1940 576 2091 656 enim
2115 582 2247 638 adeo
2290 584 2672 639 insumendum
2700 592 2796 651 est,
2823 601 2951 639 eum
2976 576 3415 656 (Leodegarium‘f
3435 579 3647 656 fami;

219 645 759 722 ἀᾳεξσςίηανξῃνίιιγηζ
791 648 929 703 Nam
945 645 1081 705 'cum
1123 650 1338 722 pridem
1373 668 1471 721 per
1489 645 1787 722 'queindam
1813 653 2138 709 monachum
2163 657 2389 709 nomine
2414 645 2805 722 Bercharium}
2855 658 2914 710 in
2941 645 3226 712 ﬂaminica
3255 645 3403 711 αεηὰ
3435 645 3508 711 ἀθ

3534 672 3633 712 suo

219 718 281 771 ei
304 718 504 841 {uisset
526 719 753 800 interitu
782 718 1237 786 nuntiatumjdie
1259 718 1534 793 passionis
1565 724 1785 778 Domini
1807 731 2093 780 cruentum
2123 742 2181 779 rc
2218 726 2264 779 is
2293 727 2435 780 adiit
2459 718 2913 796 patentium,etc.
2939 727 3100 792 Quod
3133 746 3206 782 an
3240 727 3297 781 S.
3326 726 3632 782 Berchario

222 788 300 842 ab
348 792 427 842 atI
477 795 663 850 posSIt
713 790 917 850 aptari.
950 791 1183 847 lectoris
1227 792 1519 850 judicium
1553 799 1696 849 esto.
1730 793 1892 849 Certe
1941 795 2000 850 S.
2036 742 2378 850 Bercgarius
2416 797 2745 850 Waimerum
2791 805 3178 850 tormentorum
3228 798 3285 850 S.
3319 797 3632 850 Leodeoarii

222 786 427 842 abbati
476 788 663 860 possit
713 790 917 863 aptari,
950 791 1183 863 lectoris
1227 786 1519 863 judicium
1553 799 1696 849 esto.
1730 793 1892 849 Certe
1941 795 2000 851 S.
2036 796 2174 851 Berc

2220 796 2378 852 arius
2416 797 2745 853 Waimerum
2791 805 3178 854 tormentorum
3228 798 3285 853 S.
3319 797 3635 869 Leodegarii

220 861 992 936 reqmﬂsegumperduxisse
1022 861 1484 936 Hierosolymam
1512 864 1727 919 dicitur
1753 865 1813 919 in
1844 865 1945 921 lib.
1981 865 2177 921 Mirac.
2207 884 2371 921 num.
2408 868 2492 921 11.

298 930 358 984 3.
392 931 451 985 S.
484 930 830 1010 Bercharius
858 933 1262 1010 praeteevaria
1280 930 1531 1010 oratoria
1569 936 1871 1010 mdiﬁeavit
1913 937 2028 1010 duo
2077 937 2449 1010 monasteria,
2480 937 2902 1010 Altivillarense
2948 940 3227 1010 primum,
3261 944 3462 1010 postea
3492 939 3630 992 Der-

219 1018 424 1084 vense,
485 1002 707 1084 quibus
757 1002 1187 1084 ipséhpraafqit.
1236 1005 1658 1084 Altivillarense
1714 1006 2111 1084 [Hautvillersj
2171 1002 2795 1084 dimcesis'_Remensis
2851 1002 3304 1084 {Id-Matrona}
3354 1010 3632 1084 ﬂuvium,

224 1075 443 1155 quarto
475 1072 721 1155 milliari
742 1072 1035 1155 eicivitate
1086 1076 1421 1155 Remorum,
1440 1072 1749 1155 secundum
1778 1079 2043 1155 regulam
2072 1072 2318 1155 _Patr~um
2368 1079 2424 1155 β.
2456 1080 2733 1155 Bmwdigti
2761 1088 2811 1155 et
2840 1080 3162 1155 Coiumpani
3191 1081 3299 1146 (uti
3352 1081 3409 1134 in
3435 1072 3635 1155 _Nivol

223 1145 325 1198 nis
354 1160 455 1223 seu
489 1145 1402 1223 Niva_rdi_Remorum_antistitis
1433 1148 1644 1223 Charta
1691 1166 1724 1204 a
1774 1145 2244 1223 summarthanis
2294 1150 2545 1223 vulgata,
2578 1167 2611 1223 a
2643 1151 2971 1223 Frodoardo
3023 1145 3261 1223 laudata
3306 1152 3632 1223 praefertur)

223 1213 533 1294 conditum
563 1220 696 1294 est}
732 1217 1017 1294 Derven_se
1045 1217 1619 1294 [Monstierien-‘Deﬂ
1648 1237 1781 1294 vero
1812 1220 1868 1294 in
1913 1220 2172 1294 Partensi
2208 1220 2285 1293 [le
2316 1213 2601 1294 Parthois)
2632 1221 2959 1294 Campaniae
3005 1239 3174 1294 pago,
3208 1213 3443 1294 (Παῖδεδὶ
3473 1213 3635 1294 Cata-

223 1284 523 1365 launensi
549 1287 904 1365 subjectum,
938 1284 1294 1365 'lire‘cass‘ina:
1344 1284 1616 1365 ﬁnitium'
1631 1292 1700 1346 ad
1736 1291 1975 1365 fluvium
2002 1284 2280 1365 VigeraLm
2306 1292 2384 1365 [la
2411 1284 2603 1365 Voire]
2634 1293 2734 1347 sub
2776 1284 2971 1363 regula
3006 1284 3382 1348 ἙῘΒὲηαίἰείί
3430 1292 3633 1348 itidem

221 1360 643 1435 constructum
674 1376 708 1413 a
739 1360 796 1435 S_.
834 1359 1140 1435 Berchario
1172 1361 1443 1435 f_ertu_rhin
1474 1360 1864 1435 instrumento
1897 1359 2171 1419 Ludovici
2202 1363 2283 1417 Pii
2308 1359 2459 1435 imp.
2494 1359 2647 1418 anno
2678 1366 2784 1420 815
2814 1359 3109 1430 concesso,
3143 1365 3299 1435 quod
3332 1364 3636 1435 Sammars

220 1427 395 1483 thani
422 1432 563 1506 post
586 1426 1492 1506 Cbesni_um__retulertﬁ1t._Viget
1515 1433 1692 1506 etiam
1743 1438 2269 1506 nunc__utrumque
2312 1426 2736 1506 monasterium
2784 1436 2893 1490 sub
2944 1426 3319 1490 Benedictina
3348 1435 3407 1490 S.
3441 1432 3633 1506 Vitoni

222 1499 710 1576 congregatione;
742 1499 1168 1576 Altivillarense
1190 1499 1437 1576 quidem
1470 1504 1528 1558 S.
1563 1504 1789 1576 Helene;
1831 1499 2211 1576 reliquiarum
2261 1505 2422 1560 cultu
2472 1504 2868 1576 illustratum;
2895 1510 3179 1560 Dervense
3207 1523 3339 1561 vero
3371 1505 3633 1576 ejusdem

222 1570 678 1651 sanctin'capite,
696 1571 974 1651 oppidulo
1004 1579 1061 1630 et
1084 1570 1492 1645 jurisdictione
1523 1574 1835 1648 spirituali,
1860 1570 2038 1648 quam
2070 1576 2127 1633 in
2161 1576 2356 1651 ipsum
2379 1576 2725 1651 oppidulum
2749 1582 2805 1634 et
2824 1570 2979 1634 vicos
3000 1577 3260 1649 quinque
3283 1570 3634 1633 monasterio

220 1641 530 1714 subjectos
542 1641 799 1701 exercet.

1302 1905 1928 1997 PROLOGUS
1986 1906 2561 1997 AUCTORIS

296 2076 347 2130 1.
382 2074 528 2131 Cum
559 2075 845 2149 gloriosas
882 2079 1139 2137 virorum
1185 2081 1504 2138 illustrium
1546 2083 1773 2156 palmas
1805 2102 1871 2142 ac
1901 2088 1952 2153 Α
1984 2085 2222 2159 gloriosi
2275 2085 2618 2141 summatim
2669 2082 3059 2156 perstringere
3105 2080 3427 2153 cupientes,
3473 2082 3636 2135 tanto

219 2163 468 2236 praemia
490 2164 857 2233 meritorum,
881 2173 1085 2224 sancta
1105 2186 1208 2242 per
1228 2170 1428 2226 orbem
1453 2175 1510 2226 et
1530 2171 1878 2229 universalis

221 2252 616 2324 competentis
644 2254 909 2326 obsequii
942 2255 1341 2314 functionibus
1383 2258 1720 2316 solemniter
1749 2278 1876 2333 per-

224 2339 416 2396 solvat
445 2341 664 2412 passim
698 2348 887 2399 mater
912 2344 1169 2401 Ecclesia
1190 2346 1492 2414 catholica,
1518 2365 1624 2403 nos
1646 2367 1879 2422 quoque

227 2445 336 2501 pro
393 2428 744 2486 infructuosi
802 2432 1035 2504 ignavia
1092 2434 1309 2490 silentii
1368 2435 1703 2493 multandos
1761 2440 1881 2494 fore

228 2516 504 2584 arbitror,
545 2517 595 2575 si
652 2523 817 2592 gesta
871 2521 1001 2593 ejus
1054 2521 1293 2591 lateant,
1328 2525 1499 2596 cujus
1555 2526 1883 2597 specialiter

229 2605 389 2677 apud
438 2624 545 2662 nos
594 2612 651 2662 et
697 2606 979 2664 virtutum
1038 2610 1315 2667 exuberat
1344 2612 1529 2685 copia,
1563 2619 1622 2669 et
1668 2619 1880 2670 sancta:

231 2692 625 2751 institutionis
674 2696 965 2769 refulgent
996 2698 1376 2769 incrementa,
1410 2701 1697 2774 praecipue
1746 2719 1882 2758 cum

229 2782 385 2839 facta
432 2784 904 2855 prmeedentium,
938 2785 1148 2842 salutis
1189 2788 1266 2843 sit
1314 2789 1587 2845 materies
1636 2790 1706 2845 ad
1757 2806 1885 2846 me-

231 2872 481 2927 moriam
510 2870 694 2928 relata
736 2879 1125 2945 posterorum.
1152 2878 1331 2931 Actus
1380 2877 1561 2949 igitur
1608 2894 1673 2934 ac
1723 2878 1881 2934 labo-

232 2977 361 3016 rum
406 2961 727 3018 certamina
773 2963 836 3018 B.
886 2963 1178 3019 Bercharii
1230 2965 1459 3021 abbatis
1509 2970 1565 3022 et
1613 2966 1885 3039 martyris

1986 2173 2286 2229 difﬁcilius
2316 2174 2466 2229 hanc
2497 2172 2773 2228 narrandi
2804 2171 3110 2227 materiam
3137 2169 3643 2241 sumimus,quan-

1986 2267 2045 2317 to
2096 2264 2168 2317 ad
2218 2262 2623 2334 explicandam
2682 2260 2862 2331 hujus
2908 2259 3101 2331 operis
3168 2256 3645 2337 magnitudinem

1988 2367 2096 2405 nos
2128 2351 2385 2422 impares
2434 2366 2562 2405 esse
2610 2348 2929 2425 sentimus;
2964 2348 3063 2402 sed
3108 2364 3225 2402 non
3254 2350 3344 2402 est
3392 2344 3475 2400 illi
3527 2344 3639 2400 dif-

1992 2437 2141 2493 ﬁcile
2199 2437 2492 2511 elinguem
2550 2437 2611 2492 in
2674 2437 2851 2491 verba
2908 2434 3223 2503 resolvere,
3276 2450 3453 2507 quem
3503 2450 3639 2489 eon-

1991 2530 2109 2581 stat
2139 2529 2303 2580 muta
2332 2526 2509 2580 etiam
2541 2525 2830 2581 elementa
2860 2525 3133 2580 consonis
3163 2524 3403 2579 vocibus
3435 2521 3644 2578 solem-

1991 2613 2143 2668 niter
2184 2614 2518 2685 praedicare.
2548 2613 2628 2667 Ea
2675 2612 2873 2684 itaque
2931 2613 3202 2683 prosequi
3254 2611 3639 2676 intendimus,

1992 2718 2120 2773 quae
2162 2700 2251 2756 vel
2300 2702 2372 2756 ab
2422 2701 2549 2772 ipso
2597 2700 2918 2756 domestico
2968 2699 3458 2769 sanctissimeque
3510 2698 3640 2768 ejus

1992 2789 2236 2862 collegio
2269 2793 2470 2846 notata
2501 2788 2859 2854 claruerunt,
2890 2787 2979 2843 vel
3012 2792 3212 2859 postea
3239 2786 3433 2841 divino
3464 2786 3639 2840 bene-

1994 2879 2125 2934 ficio
2153 2878 2343 2951 ipsius
2373 2880 2749 2950 compensata
2793 2875 3036 2943 meritis,
3069 2876 3221 2931 aetati
3264 2879 3473 2931 nostra:
3507 2890 3641 2946 per-

1994 2965 2131 3022 ferri
2166 2970 2499 3039 potuerunt.

1190 3254 2027 3438 INCIPIT
2172 3255 2669 3392 VITA

596 3502 923 3559 Bercharius
950 3501 1152 3557 nobilis
1183 3501 1505 3573 Aquitanus.

303 3594 357 3646 2.
393 3590 610 3647 Prioris
640 3592 1001 3647 monimenta
1031 3590 1310 3661 temporis
1343 3606 1559 3662 pagum
1586 3591 1885 3662 Aquitani-

236 3697 368 3736 cum
387 3684 553 3736 ortus
569 3681 700 3751 ejus
714 3680 1007 3735 tradidere
1028 3695 1094 3734 ac
1111 3678 1342 3751 generis
1361 3679 1539 3734 fuisse
1555 3680 1879 3735 exordium.

237 3768 512 3824 Parentes
542 3768 672 3839 ejus
699 3768 819 3824 vita
856 3765 1218 3823 venerabiles
1256 3771 1313 3823 et
1339 3765 1505 3823 valde
1535 3767 1788 3839 religiosi
1822 3768 1882 3823 in

233 3857 353 3912 vita
378 3874 507 3925 sua,
531 3858 814 3913 exteriore
835 3856 1140 3912 afﬂuentia
1161 3872 1356 3910 rerum
1380 3872 1495 3911 non
1516 3855 1884 3912 mediocriter

235 3946 515 4013 decorati,
549 3950 606 4000 et
636 3945 814 4018 (quod
863 3944 1035 4017 longe
1062 3948 1152 4000 est
1200 3942 1596 4012 excellentius)
1628 3946 1883 4017 quodam

234 4032 555 4107 singularis
585 4034 929 4090 innocentia:
950 4050 1016 4089 ac
1037 4032 1188 4089 inter
1208 4050 1346 4089 suos
1370 4031 1627 4088 felicium
1649 4050 1887 4105 proven-

235 4128 407 4177 tuum
437 4121 738 4195 privilegio
760 4122 1055 4194 insigniti;
1091 4121 1345 4194 quicum
1367 4121 1693 4194 conjugalis
1713 4123 1882 4195 pudi-

234 4210 383 4266 citiae
406 4211 547 4281 jura
569 4210 703 4267 fidei
727 4209 1056 4284 integritate
1078 4215 1376 4266 servarent
1395 4211 1721 4267 commodis
1743 4216 1885 4266 tem-

233 4298 535 4371 poralibus
584 4298 1004 4371 praecellentes,
1035 4298 1365 4353 divinorum
1414 4303 1611 4355 tamen
1641 4317 1883 4372 operum

233 4387 332 4460 pia
361 4387 687 4443 intentione
716 4386 911 4442 studio
941 4386 1381 4458 perﬂagrantes,
1406 4403 1669 4458 superna:
1697 4388 1886 4460 dispo—

232 4474 447 4531 sitione
479 4474 802 4531 clementia:
842 4479 1070 4530 tantam
1102 4491 1167 4530 ac
1201 4473 1376 4529 talem
1423 4480 1763 4531 meruerunt
1792 4494 1882 4532 so-

232 4563 428 4620 bolem
480 4564 788 4636 accipere,.
814 4564 984 4635 cujus
1031 4562 1400 4618 institutione
1447 4568 1505 4617 et
1552 4563 1775 4619 meritis
1822 4564 1883 4620 in

232 4650 571 4708 cmlestibus
592 4651 801 4708 castris
818 4651 1015 4707 niveas
1036 4651 1417 4707 militantium
1439 4650 1884 4707 innumerabilis

232 4739 555 4828 multitudo
584 4741 872 4797 bonorum
906 4741 1205 4795 fructuum
1234 4738 1460 4813 palmas
1493 4741 1790 4812 perferret,
1823 4744 1881 4794 et
1910 4761 1954 4828 ρ

230 4827 544 4900 multiqlex
573 4828 801 4901 antiqui
847 4829 1172 4900 deceptoris
1201 4828 1458 4884 versutia
1501 4828 1708 4884 ablatis
1740 4828 1878 4883 iide-

227 4917 381 4974 lium
412 4917 744 4972 animarum
798 4916 1000 4989 spoliis
1038 4917 1346 4989 deperiret.
1379 4918 1540 4982 Quod
1592 4916 1759 4973 facile
1790 4922 1882 4972 est

226 5004 686 5077 deprehendere,
740 5005 790 5061 si
847 5005 980 5076 quis
1038 5004 1348 5061 altioribus
1396 5005 1719 5070 abstinens,
1758 5004 1880 5060 haec

224 5110 419 5166 pauca
466 5093 526 5148 in
576 5093 1070 5164 consequentibus
1108 5093 1382 5166 dignetur
1426 5092 1742 5148 advertere.
1774 5093 1879 5148 Cui

219 5181 498 5238 videlicet
527 5199 594 5237 ex
627 5182 836 5238 matris
857 5186 1021 5237 utero
1051 5198 1187 5236 cum
1208 5180 1389 5235 divini
1414 5180 1541 5250 jam
1568 5184 1708 5234 tunc
1740 5197 1877 5236 san-

297 5298 414 5364 (24)
449 5297 719 5352 Solemne
748 5300 840 5352 est
871 5296 1232 5362 auctoribus,
1268 5295 1365 5367 qui
1400 5312 1492 5349 res
1520 5298 1718 5367 gestas
1750 5312 1876 5349 san-

223 5372 459 5447 ctorum
492 5368 702 5447 litteris
734 5368 1181 5447 mandaverunt,
1216 5366 1436 5447 utque
1467 5366 1879 5447 quisque‘rege

224 5439 459 5505 ﬂoruit,
511 5441 714 5495 eodem
767 5443 970 5494 natum
1021 5455 1149 5494 esse
1198 5436 1530 5508 alTinment;
1568 5436 1737 5508 quod
1788 5436 1880 5508 hic

226 5527 465 5583 quoque
490 5511 561 5566 ab
591 5511 823 5566 Adeone
864 5510 1107 5583 factum.
1132 5507 1490 5583 _Bercb_arius
1521 5506 1799 5583 Qlotbarii
1832 5507 1880 5583 ll

224 5578 567 5655 principatu
598 5587 772 5638 natus
802 5586 913 5651 est,
936 5580 1092 5654 apud
1126 5580 1446 5637 Luxovium
1478 5578 1774 5635 admissus
1794 5582 1883 5633 est

1909 3505 1958 3570 B
1986 3503 2335 3559 ctificatione
2364 3501 2626 3556 muneris
2658 3500 2715 3556 in
2747 3501 2875 3558 luce
2905 3499 3232 3574 prodeunti,
3268 3516 3430 3555 more
3462 3498 3640 3571 Aqui-

1992 3590 2185 3646 tanico
2213 3591 2486 3645 Bererum
2514 3588 2637 3661 [al.,
2664 3589 2931 3663 Bereum]
2954 3607 2988 3645 a
3008 3588 3350 3661 parentibus
3382 3588 3638 3643 inditum

1991 3683 2223 3734 constat
2270 3678 2450 3733 fuisse
2479 3677 2852 3745 vocabulum,
2885 3682 3166 3749 tanquam
3218 3677 3290 3732 ab
3342 3677 3467 3747 ipso
3511 3677 3639 3747 jam

1992 3766 2269 3823 nascendi
2300 3766 2533 3821 exordio
2564 3766 2728 3820 bona:
2761 3765 3116 3821 hereditatis
3147 3764 3375 3819 herum.

2310 3854 2547 3910 Nivardo
2574 3862 2763 3924 agente
2804 3855 2999 3909 litteris
3032 3853 3317 3908 imbuitur.

2062 3943 2115 3997 3.
2151 3942 2229 3996 Eo
2263 3946 2526 4012 tempore
2570 3941 2925 3996 Francorum
2959 3938 3271 4012 imperium
3306 3954 3438 4010 rege
3478 3936 3639 3993 Chil-

1993 4030 2186 4086 derico
2207 4029 2321 4101 (24)
2345 4028 2683 4085 felicissime
2722 4027 3088 4101 disponente,
3120 4027 3243 4083 viro
3284 4026 3523 4099 quidem
3555 4042 3641 4081 re-

1994 4119 2105 4173 bus
2136 4117 2361 4174 bellicis
2391 4117 2820 4190 potentissimo,
2846 4117 3001 4173 circa
3030 4115 3423 4172 Ecclesiarum
3446 4117 3643 4170 autem

1993 4208 2093 4265 Dei
2126 4208 2353 4263 cultum
2383 4207 2781 4275 devotissimo,
2808 4208 2871 4264 B.
2908 4206 3170 4280 pontifex
3198 4205 3486 4262 Nivardus
3517 4222 3646 4261 san-

1993 4297 2214 4352 ctitatis
2244 4313 2309 4353 ac
2342 4296 2641 4368 religionis
2673 4295 3083 4369 magnitudine
3122 4299 3245 4351 toto
3287 4296 3642 4351 Francorum

1994 4386 2131 4440 orbe
2161 4384 2614 4451 famosissimus,
2642 4385 2961 4457 apostolica
2983 4384 3325 4439 auctoritate
3346 4381 3641 4437 cmlestem

1994 4473 2054 4528 in
2085 4472 2257 4528 terris
2285 4474 2463 4528 vitam
2498 4491 2697 4545 agens,
2732 4478 2945 4529 sancta:
2996 4473 3312 4527 Remorum
3366 4468 3639 4542 praeside-

1994 4561 2093 4616 bat
2123 4560 2410 4616 Ecclesiaz.
2447 4560 2553 4626 Qui
2588 4561 2726 4632 quia
2754 4565 2909 4616 esset
2947 4559 3158 4631 plenus
3191 4556 3557 4613 auctoritatis
3585 4559 3644 4611 et

1992 4648 2210 4721 gratim,
2245 4666 2377 4705 cum
2420 4654 2713 4722 peteretur
2761 4666 2992 4720 quoque
3042 4648 3299 4701 diversas
3348 4649 3639 4722 terrarum

1990 4737 2078 4792 vel
2111 4738 2411 4792 nationum
2445 4743 2564 4793 tam
2594 4755 2696 4809 pro
2726 4738 2856 4792 vita
2888 4736 3095 4791 merito
3128 4751 3304 4806 quam
3337 4733 3513 4789 etiam
3546 4732 3643 4787 do-

1992 4826 2189 4882 ctrina;
2248 4826 2545 4882 afﬂuentis
2602 4825 2832 4898 eloquio
2895 4828 3090 4896 partes
3148 4822 3428 4888 invisere,
3492 4822 3637 4877 fines

1987 4915 2309 4988 Aquitania:
2358 4914 2674 4987 aliquando
2723 4913 2969 4985 contigit
3015 4911 3323 4983 expetisse,
3357 4915 3534 4982 atque
3564 4911 3639 4966 ad

1988 5004 2134 5059 illud
2177 5020 2363 5074 usque
2412 5003 2695 5074 praedium
2745 4999 2998 5056 traditur
3045 4999 3396 5072 pervenisse,
3430 4998 3491 5053 in
3522 5015 3638 5069 quo

1987 5092 2095 5146 viri
2126 5092 2224 5146 Dei
2258 5095 2529 5162 parentes
2559 5090 2910 5145 videbantur
2941 5088 3173 5161 prepria
3202 5086 3451 5143 statione
3483 5104 3636 5142 rese-

1989 5180 2166 5234 disse.
2200 5179 2345 5234 Nam
2394 5179 2549 5234 inter
2603 5183 2811 5234 cmtera
2862 5194 2991 5249 qum
3050 5194 3118 5233 ex
3178 5176 3311 5231 dote
3368 5192 3635 5247 supernis

1990 5312 2102 5349 non
2151 5294 2221 5348 ab
2271 5293 2559 5360 Eustasio,
2592 5294 2692 5347 sed
2726 5311 2759 5347 a
2789 5292 3159 5348 Waldeberto
3208 5308 3307 5346 seu
3340 5290 3636 5346 Walberto

1989 5366 2230 5425 abbate;
2274 5382 2426 5418 anno
2469 5363 2623 5419 circa
2667 5366 2793 5418 650.
2825 5362 3251 5418 Altivillarense
3303 5362 3633 5416 emnobium

1988 5436 2189 5503 erexit,
2224 5435 2510 5490 Dervense
2542 5453 2693 5491 anno
2725 5435 2878 5490 circa
2920 5436 3047 5498 670,
3082 5433 3333 5504 denique
3365 5450 3518 5488 anno
3549 5433 3638 5503 (ut

1990 5507 2173 5577 aiunt)
2203 5507 2307 5560 684
2337 5506 2500 5561 obiit.
