4060 6170
499 273 611 335 671

1593 273 1924 338 ADSONIS
1966 221 2400 333 annszsrs
2443 269 2801 336 ABBATIS.

3775 269 3904 334 672

501 410 956 487 dispensationis
1014 409 1108 470 hic
1172 411 1260 467 vir
1325 418 1563 471 sanctus
1630 417 1965 484 acceperat,
2028 427 2144 468 non
2173 402 2230 470 A
2252 405 2588 478 Peregrinos
2617 411 2675 464 et
2706 407 2957 464 advenas
2980 423 3098 463 non
3129 405 3284 464 cives
3303 423 3442 466 suos
3467 408 3728 470 mndus
3747 412 3904 482 aspi-

502 503 898 562 mediocribus
946 520 1180 578 quoque
1236 509 1486 577 paternas
1545 503 1902 559 haereditatis
1958 501 2148 558 titulis

503 611 539 650 a
595 593 1065 666 progenitoribus
1111 592 1508 666 temporaliter
1552 592 1728 648 etiam
1785 594 2010 646 certum
2057 593 2148 645 est

503 681 794 750 floruisse,
829 683 986 754 quod
1035 681 1318 749 videlicet,
1354 681 1402 738 si
1451 682 1584 754 quis
1633 680 1944 752 diligenter
1986 679 2143 746 velit,

503 771 563 826 in
613 777 886 844 promptu
937 776 1028 828 est
1074 787 1406 845 agnoscere,
1459 788 1592 826 cum
1642 786 1788 842 pene
1836 783 2022 840 usque
2074 767 2144 822 ad

502 859 624 916 haec
677 865 884 916 nostra
921 865 1185 932 tempora
1228 862 1356 930 ejus
1407 860 1562 930 juris
1611 859 1777 914 villas
1828 862 1888 914 et
1931 855 2149 929 praedia

501 953 624 1008 tam
654 949 810 1006 ultra
842 949 1117 1024 Ligerim,
1140 949 1243 1004 ubi
1264 950 1488 1005 Diseias
1510 949 1745 1014 dicitur,
1770 963 1946 1020 quam
1968 947 2144 1001 etiam

501 1037 657 1093 intra
705 1039 852 1094 fines
902 1039 1227 1110 Aquitania:
1277 1039 1614 1105 constituta,
1664 1037 1724 1093 hi
1774 1037 1874 1108 qui
1923 1036 2034 1090 sibi
2085 1035 2144 1090 in

503 1127 844 1182 monasterii
877 1129 970 1184 sui
991 1127 1273 1200 regimine
1305 1128 1624 1199 probantur
1643 1126 2023 1195 successisse,
2045 1142 2148 1198 per

502 1213 678 1286 longa
705 1219 1034 1287 temporum
1058 1216 1348 1272 curricula
1369 1217 1504 1288 jure
1526 1217 1718 1288 quieto
1741 1215 1846 1270 visi
1875 1215 1994 1270 sint
2021 1230 2148 1285 pos-

503 1303 745 1358 sedisse.
779 1305 889 1360 Sed
923 1305 1328 1378 ingruentium
1367 1321 1546 1361 causa
1586 1305 1898 1368 malorum,
1930 1303 2145 1374 partim

503 1391 859 1465 negligentia
896 1394 1272 1466 torpentium,
1307 1392 1520 1466 partim
1557 1394 1731 1449 etiam
1765 1389 1984 1447 crudeli
2016 1407 2144 1464 per-

499 1496 802 1537 vcrsarum
822 1481 1192 1540 infestatione
1207 1482 1469 1555 gentium
1481 1482 1752 1538 videntur
1771 1481 2144 1552 amissa,quae

501 1570 800 1641 quondam
831 1571 1253 1628 monachorum
1302 1573 1533 1628 fuerant
1583 1571 1790 1627 usibus
1840 1568 2142 1626 attributa.

501 1657 636 1725 Sed,
670 1661 736 1714 ut
765 1659 838 1714 ad
871 1659 928 1714 id
963 1661 1118 1732 quod
1151 1661 1436 1732 coepimus
1463 1660 1901 1732 exsequendum
1945 1658 2144 1714 redea-

501 1762 656 1813 mus,
689 1764 822 1803 cum
867 1748 1179 1820 praedictus
1224 1749 1479 1821 pontifex
1527 1754 1787 1813 sanctus,
1823 1767 1856 1804 a
1883 1748 1991 1803 viri
2041 1746 2143 1802 Dei
2172 1768 2222 1838 Β

500 1834 844 1906 parentibus
873 1837 1082 1892 debitae
1112 1837 1504 1893 venerationis
1543 1837 1912 1904 liberalitate,
1949 1841 2012 1891 ut
2043 1853 2148 1908 par

501 1927 644 1990 erat,
667 1923 1096 1981 officiosissime
1117 1931 1448 1998 susceptus,
1475 1928 1793 1998 quamdam
1819 1925 2028 1982 futura:
2049 1925 2147 1982 ha-

501 2009 788 2068 bitudinis
818 2011 1071 2084 speciem
1115 2013 1428 2070 miraretur
1471 2015 1530 2068 in
1581 2031 1758 2086 puero
1789 2013 1925 2070 boni
1953 2013 2145 2086 operis

503 2097 1066 2175 candidatohdivino
1112 2100 1396 2157 instinctu
1437 2103 1621 2158 sacris
1669 2103 1960 2174 mysteriis
2008 2117 2144 2158 eum

503 2185 922 2258 applicandum
953 2205 1081 2244 esse
1112 2191 1476 2262 praecensuit.
1508 2191 1625 2246 Hac
1664 2191 1860 2263 itaque
1889 2189 2142 2246 sanctis-

501 2274 636 2330 simi
667 2276 964 2349 pontificis
995 2277 1350 2334 auctoritate
1379 2278 1624 2334 animati
1656 2277 2014 2334 devotissimi
2043 2293 2140 2351 ge-

501 2363 742 2431 nitores,
775 2364 929 2420 infra
956 2369 1187 2422 teneros
1233 2383 1416 2422 annos
1445 2372 1656 2422 exactze
1689 2367 1968 2434 infantiae,
1994 2371 2140 2422 tem-

501 2452 660 2524 poris
682 2453 1175 2523 opportunitatem
1199 2452 1372 2522 nacti,
1387 2453 1743 2510 litteratoria:
1763 2453 2142 2526 professionis

502 2537 860 2596 salutaribus
890 2539 1220 2613 disciplinis
1249 2558 1381 2598 mox
1411 2542 1866 2616 mancipandum
1893 2559 2022 2599 esse
2050 2542 2141 2598 de-

501 2633 770 2697 cernunt,
802 2630 861 2685 in
909 2647 1022 2703 quo
1080 2636 1374 2704 praeeunte
1421 2649 1686 2705 supernae
1733 2630 2142 2688 illustrationis

501 2732 764 2788 munere,
797 2734 930 2774 cum
962 2736 1138 2776 sacra:
1169 2719 1557 2778 institutionis
1594 2721 1876 2778 instantia
1904 2719 2142 2794 spirita-

498 2805 645 2863 lium
704 2805 880 2864 etiam
928 2808 1214 2865 donorum
1273 2809 1566 2866 fulserunt
1620 2810 2001 2866 incrementa.
2033 2809 2141 2877 Qui

478 2895 722 2954 'scilicet
750 2914 865 2954 non
901 2898 1084 2955 otiose
1115 2915 1328 2972 passus
1358 2897 1459 2955 illa
1496 2899 1566 2954 de
1595 2897 1960 2955 lucidissimo
1988 2899 2142 2955 litte-

500 3003 699 3042 rarum
731 2987 890 3043 fonte
921 2987 1272 3043 commercia
1301 2987 1412 3043 sub
1443 2987 1629 3042 aetatis
1663 2991 1870 3043 teneras
1901 3005 2146 3061 crepun-

501 3073 613 3130 diis
651 3075 952 3131 ardentius
999 3075 1337 3148 ahgregare,
1371 3076 1588 3148 quibus
1637 3080 1838 3148 postea
1887 3077 1947 3131 in
1979 3074 2144 3132 virile

501 3161 680 3218 robur
737 3137 1164 3236 assurgensret
1181 3137 1334 3220 “sibi
1378 3137 1435 3220 et
1482 3137 1743 3220 aliis-ad
1803 3179 2140 3220 mensuram
2169 3137 2214 3204 θ

501 3249 817 3306 Dominicis
835 3249 1290 3324 dispensationis
1307 3251 1592 3324 potuisset
1605 3253 1900 3326 prodesse.
1919 3253 2005 3308 Ita
2013 3254 2141 3324 jam

499 3341 641 3394 tunc
671 3338 914 3411 puerilis
943 3339 1348 3396 inconstantiae
1371 3344 1589 3408 motus,
1613 3341 1829 3414 quibus
1861 3357 2013 3413 sape
2041 3339 2144 3398 illa

501 3430 640 3483 satas
669 3425 866 3483 labilis
907 3433 966 3484 et
1013 3427 1168 3484 ﬂuxa
1217 3427 1543 3494 resolvitur,
1575 3429 1764 3502 rigore
1789 3429 2023 3486 virtutis
2052 3429 2140 3484 in-

500 3516 712 3589 genitas
738 3518 795 3572 et
813 3516 1234 3573 moderaminis
1256 3519 1406 3589 justi
1427 3532 1782 3590 componens
1812 3518 2138 3586 honestate,

500 3607 567 3676 ut
595 3607 802 3676 praeter
830 3602 952 3660 hinc
1001 3603 1218 3676 quibus
1263 3603 1535 3661 addictus
1585 3605 1772 3662 fuerat
1814 3603 2140 3662 litterarum

471 3691 810 3750 -conamina
839 3691 920 3748 nil
951 3693 1010 3749 in
1055 3709 1118 3750 se
1165 3691 1324 3750 aliud
1374 3693 1629 3751 residere
1677 3697 1994 3768 pateretur,
2025 3693 2141 3750 nisi

499 3781 646 3837 forte
675 3781 817 3837 dum
838 3785 940 3838 aut
959 3797 1135 3856 opera
1154 3781 1388 3854 pietatis
1411 3786 1627 3855 ageret,
1651 3785 1753 3838 aut
1772 3786 1943 3852 certe,
1969 3786 2142 3854 prout

498 3873 709 3926 natura
738 3871 1113 3937 concesserit,
1145 3871 1328 3926 sacris
1360 3869 1692 3927 orationum
1723 3871 2010 3928 exercitiis
2040 3871 2139 3928 de-

493 3959 686 4016 votius
715 3957 1042 4016 insudaret.
1103 4031 1114 4038 _

846 4049 1034 4104 Rem:
1065 4046 1135 4104 ad
1162 4047 1462 4104 Nivardam
1489 4064 1548 4104 se
1575 4050 1784 4120 recipit.

570 4136 622 4190 4.
659 4135 862 4208 Igitur,
897 4137 1038 4192 dum
1071 4152 1216 4208 puer
1245 4140 1478 4192 sanctse'
1501 4136 1718 4194 indolis
1747 4143 1865 4193 tam
1899 4135 2141 4194 scientia

499 4239 676 4295 quam
705 4223 919 4280 virtute
949 4225 1130 4280 animi
1163 4241 1382 4282 coaevos
1412 4242 1552 4282 suos
1582 4225 1739 4282 brevi
1769 4227 2160 4298 praecederet,‘

498 4315 674 4384 atque
703 4312 986 4386 paulatim
1017 4313 1180 4368 bonae
1212 4314 1550 4370 intentionis
1581 4315 1917 4386 primordiis
1939 4315 2010 4370 ad
2035 4331 2141 4372 coe-

497 4400 662 4458 lestis
691 4400 912 4457 militiae
944 4402 1256 4474 perfectius
1305 4401 1640 4458 tirocinium
1671 4402 2022 4460 decrevisset
2049 4403 2138 4459 in-

2257 493 2390 562 ciat,
2426 495 2730 568 praefatum
2759 495 3202 554 sanctissimum
3232 497 3550 554 Nivardum
3584 499 3906 556 Remorum

2254 585 2590 658 pontificem
2651 585 2859 658 flagrat
2913 587 3118 642 ardore
3175 587 3501 658 expetendi.
3559 587 3695 656 Qui,
3751 588 3910 644 sicut

2257 673 2532 740 diximus,
2569 675 2902 746 apostolicae
2945 675 3336 734 institutionis
3367 677 3755 750 praerogativa
3777 677 3909 733 suf-

2254 761 2460 831 fultus,
2493 763 2818 821 nobilitatis
2850 765 3070 822 honore
3101 765 3488 834 clarissimus,
3519 767 3702 823 variis
3731 764 3911 822 virtu~

2255 857 2381 908 tum
2404 853 2716 925 generibus
2733 855 3072 922 adornatus,
3089 855 3244 910 inter
3263 857 3619 912 Francorum
3638 871 3908 928 procerus

2255 941 2483 1012 primus
2515 942 2574 996 in
2607 942 2740 998 aula
2770 943 2943 1015 regis,
2975 943 3096 999 vita
3133 949 3190 1000 et
3219 943 3656 1000 conversatione
3689 943 3906 1015 dignis-

2255 1030 2444 1086 simus
2477 1029 2752 1104 fulgebat.
2779 1032 2883 1088 Per
2926 1034 2984 1088 id
3016 1033 3295 1104 temporis
3334 1051 3404 1089 ea
3433 1033 3640 1090 civitas
3671 1039 3904 1089 sancto-

2255 1136 2386 1173 rum
2419 1120 2636 1191 stipata
2665 1120 3024 1190 cohortibus,
3049 1126 3106 1177 et
3126 1121 3260 1177 licet
3286 1123 3439 1178 inter
3467 1122 3758 1178 militares
3780 1121 3902 1178 alas

2255 1208 2364 1264 sub
2395 1208 2656 1280 principe
2685 1226 2791 1266 suo
2822 1209 3163 1278 Cbilderico,
3195 1211 3369 1283 capiti
3402 1215 3600 1266 tamen
3633 1227 3745 1267 suo
3772 1228 3903 1267 cou-

2255 1313 2418 1364 sona,
2455 1296 2635 1354 divini
2667 1315 2862 1355 amore
2892 1299 3085 1354 cultus
3115 1299 3257 1355 urbs
3297 1299 3583 1372 populosa
3615 1300 3898 1372 spirabat.

2254 1386 2444 1457 Hujus
2464 1384 2662 1459 itaque
2681 1391 2853 1444 tanta:
2875 1387 3166 1460 opinionis
3185 1389 3376 1462 gratia
3396 1393 3751 1462 provocatus
3773 1389 3903 1445 felix

2254 1474 2594 1533 adolescens
2637 1477 3005 1544 Bereharius,
3034 1477 3446 1535 ecclesiasticis
3487 1478 3901 1546 sacrmentis,

2253 1564 2393 1632 flde,
2415 1564 2618 1620 habitu
2641 1571 2700 1622 et
2718 1569 2850 1622 actu
2879 1567 3248 1639 aptissimus,
3271 1583 3410 1624 cum
3426 1565 3526 1623 illo
3548 1568 3724 1624 beato
3745 1583 3902 1634 sene,

2255 1653 2347 1710 cui
2373 1655 2730 1726 jampridem
2763 1655 2986 1711 dictum
3019 1673 3054 1712 a
3081 1655 3330 1712 Domino
3367 1657 3560 1713 fuerat
3589 1674 3606 1712 :
3639 1657 3904 1728 Egredere

2253 1742 2319 1798 de
2347 1751 2494 1800 terra
2520 1751 2573 1799 et
2597 1743 2663 1800 de
2690 1747 3006 1814 cognatione
3035 1753 3148 1811 tua,
3176 1752 3230 1802 et
3255 1747 3382 1801 veni
3411 1747 3472 1800 in
3505 1753 3714 1802 terram
3744 1761 3902 1818 quam

2251 1839 2619 1890 monstravere
2675 1833 2796 1899 tibi,
2847 1841 2898 1890 et
2943 1835 3150 1904 faciam
3193 1841 3243 1890 te
3300 1850 3538 1890 crescere
3583 1837 3645 1890 in
3692 1843 3904 1906 gestam

2251 1937 2510 1993 magnam
2537 1921 2690 1992 (Cm.
2724 1939 2826 1991 xu,
2861 1924 2911 1989 1,
2943 1925 3023 1992 2),
3055 1923 3234 1978 fidem
3282 1923 3644 1996 participans
3673 1927 3738 1979 et
3783 1940 3899 1980 me-

2253 2010 2454 2078 ritum,
2505 2011 2910 2083 cognationem
2969 2011 3307 2085 relinquens
3355 2015 3414 2068 et
3460 2013 3740 2086 patriam,
3773 2018 3900 2086 post

2251 2097 2410 2172 longi
2442 2099 2659 2156 laboris
2689 2115 3020 2168 excursum,
3050 2101 3198 2156 fines
3243 2101 3570 2173 ingreditur
3619 2102 3895 2169 Francia,

2249 2187 2484 2245 futurus
2515 2205 2648 2244 cum
2673 2191 2732 2246 S.
2756 2189 3003 2246 Nivardo
3034 2189 3307 2262 pontiﬁce
3335 2191 3488 2246 cives
3519 2189 3895 2246 felicissimus

2251 2277 2338 2349 (ut
2366 2277 2632 2350 patulum
2662 2282 2752 2334 est
2781 2279 2840 2334 in
2872 2278 3256 2350 sequentibus
3283 2278 3742 2350 deprehendam)
3772 2297 3897 2336 san-

2249 2371 2353 2422 ctae
2405 2367 2709 2423 Remensis
2757 2366 3044 2434 Ecclesia,
3086 2367 3146 2422 in
3195 2373 3577 2440 augmentum
3624 2368 3896 2425 videlicet

2249 2453 2604 2526 operationis
2651 2455 2888 2520 divina,
2941 2469 3120 2526 quam
3180 2453 3408 2510 Domini
3467 2456 3895 2526 omnipotentis

2251 2543 2675 2616 Redemptoris,
2703 2543 2760 2598 in
2783 2541 3083 2599 lucrandis
3105 2541 3367 2598 fidelium
3388 2543 3730 2600 animarum
3750 2561 3898 2617 quaa-

2249 2632 2442 2688 stibus
2470 2647 2574 2705 per
2601 2633 2708 2690 hos
2737 2633 2885 2688 duos
2915 2647 3194 2704 synergos
3223 2630 3596 2688 felicissimos
3627 2633 3897 2705 praeordi-

2249 2724 2487 2777 naverat
2531 2720 2873 2794 adimplere.
2907 2721 3010 2778 Hic
3042 2720 3224 2794 igitur
3268 2720 3474 2778 beatus
3521 2721 3787 2794 pontifex
3835 2725 3898 2778 ut

2250 2827 2482 2882 semper
2529 2813 2846 2882 optaverat,
2878 2808 2981 2866 tali
3030 2825 3098 2866 ac
3146 2813 3310 2866 tanto
3358 2825 3615 2882 suppare
3660 2811 3892 2883 adepto,

2250 2898 2528 2972 quoniam
2586 2899 2713 2971 ipse
2759 2897 3145 2954 exterioribus
3191 2897 3505 2954 tractandas
3563 2898 3896 2972 reipublicae

2249 2987 2440 3044 fuerat
2471 2986 2719 3059 negotiis
2747 2985 3106 3058 implicatus,
3139 2986 3310 3060 regias
3337 2985 3746 3060 dispositionis
3762 3005 3896 3044 con-

2249 3075 2400 3132 siliis
2441 3079 2500 3132 et
2545 3075 2776 3132 actibus
2825 3076 3157 3147 frequenter
3206 3074 3510 3142 interesse,
3543 3075 3896 3147 pontiﬁcalis

2252 3163 2624 3238 providentia;
2656 3165 2886 3236 pondus
2904 3163 3102 3219 volens
3134 3162 3408 3220 nolensve
3427 3161 3648 3220 ccclesti
3670 3164 3898 3220 ordina-

2251 3251 2410 3310 tione
2464 3250 2738 3326 perferre,
2779 3249 3175 3307 ministerium
3221 3250 3334 3308 sibi
3387 3251 3726 3322 iniunctum
3771 3255 3893 3308 tum

2251 3339 2484 3413 publice
2515 3345 2642 3396 tum
2673 3339 2944 3414 privatim
2975 3338 3346 3412 increpando,
3379 3327 3702 3413 arguendo,
3732 3340 3894 3396 obse-

2251 3430 2490 3498 crando,
2539 3433 2606 3485 ut
2655 3429 2950 3501 perfectus
3006 3426 3262 3500 agricola
3318 3426 3563 3485 sedulus
3609 3444 3890 3494 exercere,

2251 3519 2464 3592 gaudio
2515 3517 2847 3590 replebatur
2897 3533 3014 3573 non
3068 3516 3316 3584 modico,
3351 3515 3630 3572 familiari
3679 3517 3892 3590 potitus

2250 3608 2516 3679 adjutore
2543 3605 2808 3679 atqueuin
2832 3603 3044 3662 divinis
3075 3603 3348 3678 operibus
3368 3604 3750 3662 devotissimo
3769 3621 3892 3663 con-

2249 3701 2427 3754 sorte.

2605 3785 2850 3842 Remaclo
2882 3782 3262 3856 informandus
3289 3779 3545 3840 traditur.

2317 3877 2372 3932 5.
2403 3877 2766 3946 Quapropter
2793 3871 3038 3944 cupiens
3066 3887 3204 3928 eum
3243 3871 3636 3943 undecunque
3673 3873 3891 3946 perfec-

2248 3965 2368 4020 tius
2399 3962 2640 4029 erudiri,
2662 3960 3056 4018 sanctioribus
3101 3977 3169 4016 ac
3206 3959 3674 4033 religiosioribus
3695 3960 3891 4017 divina

2249 4053 2505 4110 scientiae
2520 4050 2840 4122 viris,quos
2862 4049 2974 4105 sibi
2993 4049 3256 4122 undique
3271 4048 3482 4106 collata
3499 4049 3891 4106 familiaritate

2250 4141 2574 4206 addiderat,
2601 4138 2996 4212 copulandum
3029 4155 3159 4194 esse
3188 4139 3513 4206 constituit,
3537 4142 3604 4193 ut
3631 4137 3893 4194 videlicet

2249 4228 2640 4304 plurimorum
2661 4227 3098 4283 instituentium
3111 4225 3452 4284 auctoritate
3462 4227 3890 4300 disceret,un

2248 4317 2626 4392 postmodum
2657 4315 2932 4388 plurimis
2975 4315 3357 4372 ministraret.
3390 4315 3550 4371 Inter
3577 4332 3732 4388 quos
3760 4321 3890 4372 tunc

2247 4406 2529 4479 temporis
2549 4405 2610 4462 in
2630 4403 2786 4477 regis
2807 4403 3164 4460 Francorum
3188 4403 3324 4460 aula
3342 4401 3744 4476 praepollentis
3772 4405 3893 4460 bea-

496 4491 762 4559 tendere;
797 4507 1062 4564 supernae
1091 4491 1220 4546 vitae
1269 4493 1572 4548 aestuantis
1622 4492 1803 4548 animi
1852 4492 2139 4550 desiderio
2167 4502 2218 4568 Β
2247 4495 2465 4553 tissimi
2489 4491 3167 4566 Remacli'procuratoris
3186 4493 3302 4562 (25)
3325 4491 3567 4564 quidem
3587 4493 3743 4549 sacri
3764 4493 3892 4550 scri-

497 4579 669 4652 cmpit
692 4579 868 4636 altius
890 4579 1168 4652 aspirare,
1195 4584 1558 4637 terrenarum
1581 4597 1774 4637 rerum
1799 4586 2140 4654 contemptu

496 4668 794 4725 sufﬁciens
825 4674 1000 4740 atque
1036 4686 1104 4726 ea
1151 4685 1278 4742 quin
1327 4669 1401 4726 ad
1448 4670 1731 4727 virtutum
1778 4669 2142 4728 incrementa

496 4757 818 4830 respiciunt
841 4756 1114 4830 perennis
1145 4757 1588 4830 intuitu'glorias
1618 4759 1756 4814 totis
1785 4759 2016 4816 nisibus
2046 4763 2140 4816 at-

494 4850 752 4914 tentans,
783 4851 1002 4902 aeterna
1031 4862 1146 4918 prie
1191 4844 1378 4902 oculis
1425 4846 1719 4904 indefessa
1763 4847 2138 4914 constituere,

494 4935 756 5010 peritura
787 4934 1162 4990 manentibus
1192 4950 1592 5006 compensare,
1615 4935 1862 4992 diversis
1883 4936 2142 4992 afflictio-

496 5041 639 5081 num
681 5022 992 5098 generibus
1039 5022 1415 5080 aifectionum
1463 5023 1786 5078 carnalium
1837 5024 2143 5082 molimina

495 5119 808 5180 coarctare,
842 5116 1016 5184 atque
1047 5111 1450 5167 adolescentiae
1483 5128 1742 5184 gressus,
1775 5114 1954 5170 divini
1986 5132 2142 5171 amo-

495 5202 578 5258 ris
607 5202 818 5257 virtute
845 5201 1136 5257 roborare.
1173 5201 1398 5272 Spretis
1429 5200 1642 5257 deinde
1673 5203 2139 5276 propinquorum

494 5296 552 5348 et
579 5290 779 5363 patria
811 5289 1167 5358 retinaculis,
1202 5289 1512 5362 diligenter
1541 5290 1850 5363 replicans,
1875 5293 2015 5365 quia
2039 5293 2140 5366 qui

494 5397 652 5436 novae
671 5377 1129 5436 conversationis
1149 5379 1481 5434 rudimenta
1497 5379 2138 5454 suscipiunt,tanquam

566 5488 681 5560 (25)
708 5488 794 5541 An
811 5485 1138 5560 gnemaclus
1168 5485 1226 5560 id
1260 5485 1576 5560 munushin
1609 5485 1824 5558 palatio
1867 5489 2134 5560 gesserit,

497 5555 583 5620 an
602 5559 777 5614 etiam
811 5556 1155 5621 Bercharius
1186 5555 1244 5617 in
1276 5557 1411 5614 aula
1439 5555 1650 5614 alibive
1697 5575 1829 5614 cum
1870 5555 1944 5616 so
1993 5555 2140 5618 vixe;

2249 4586 2332 4642 nii
2365 4583 2565 4658 palatii
2595 4580 2920 4655 prudentiae
2946 4583 3004 4637 et
3029 4580 3360 4637 sanctitatis
3390 4578 3578 4639 titulis
3607 4596 3896 4638 commen-

2249 4675 2388 4730 data
2403 4673 2622 4744 ubique
2641 4673 2970 4727 excreverat
2980 4669 3176 4741 Opinio
3186 4669 3541 4726 veneranda:
3559 4669 3662 4742 qui
3679 4669 3896 4728 scilicet

2247 4764 2336 4818 vir
2373 4758 2949 4834 inclytus,confessor
2997 4757 3372 4830 postmodum
3413 4758 3649 4814 Domini
3687 4757 3890 4832 glorio-

2250 4868 2372 4920 sus,
2391 4849 2598 4906 multis
2628 4847 2931 4922 signorum
2963 4845 3278 4902 virtutibus
3310 4846 3695 4920 approbatus,
3720 4847 3888 4920 placi-

2249 4941 2361 4996 dus
2383 4939 2632 5006 eunetis,
2655 4935 2945 5008 benignus
2969 4935 3276 5003 universis,
3291 4934 3351 4991 in
3371 4936 3762 5008 prosperitate
3781 4953 3894 4993 mo-

2251 5030 2474 5094 destus,
2508 5027 2568 5080 in
2599 5023 2857 5082 adversis
2889 5022 3378 5096 patientissimus,
3409 5023 3527 5080 vita
3556 5023 3888 5092 laudabilis,

2249 5117 2480 5190 eloquio
2511 5113 2786 5181 affabilis,
2819 5112 2904 5168 sic
2931 5111 3276 5185 temporalia
3311 5115 3522 5168 cautus
3561 5113 3888 5178 exhibebat,

2250 5211 2316 5264 ut
2335 5211 2552 5262 aeterna
2570 5220 2801 5274 semper
2822 5201 2896 5258 ab
2917 5200 3105 5258 oculis
3127 5217 3241 5256 non
3262 5205 3568 5258 averteret.
3593 5201 3787 5274 Hujus
3812 5206 3890 5259 ta-

2249 5297 2322 5352 lis
2351 5311 2418 5351 ac
2447 5293 2596 5350 tanti
2626 5291 2734 5346 viri
2773 5289 2958 5346 sacris
3001 5287 3472 5344 institutionibus
3501 5305 3632 5344 rore
3659 5287 3889 5361 superni

2248 5383 2500 5442 nectaris
2525 5378 2970 5446 illustrandum,
2992 5377 3056 5432 B.
3079 5375 3426 5434 Bercbarius
3456 5380 3604 5432 nutu
3635 5377 3888 5450 praedicti

2248 5492 2346 5559 rit,
2375 5505 2514 5616 6%?
2565 5485 2710 5544 satis
2757 5487 3006 5542 constat.
3041 5483 3190 5556 Lege
3233 5485 3374 5540 Acta
3420 5483 3479 5540 S.
3514 5483 3772 5540 Remacli
3821 5483 3886 5540 ad

2249 5580 2343 5616 an.
2490 5601 2502 5613 .

2249 5580 2343 5622 an.
2375 5580 2502 5616 004.
