4028 6172
144 362 258 424 673

1399 365 1501 427 DE
1545 364 1730 429 VITA
1771 365 1837 428 S.
1880 366 2328 430 BERCHARII.

3430 378 3549 440 676

144 493 440 567 pontificis
460 510 523 551 se
561 492 770 550 maluit
799 512 901 568 pro
933 500 1194 570 tempore
1224 498 1306 553 ire
1335 499 1694 572 copulatum,
1727 505 1791 557 ut
1819 502 1876 569 Α
1905 517 2105 557 corum
2137 502 2335 557 orbem
2366 503 2615 559 decretis
2648 504 3013 577 regularibus
3070 507 3249 563 fuisse
3292 508 3550 581 primum

143 584 203 641 in
233 598 351 656 quo
383 583 700 655 perfectam
760 584 1033 641 doctrina;
1079 587 1386 643 scientiam
1416 588 1797 660 intellexerat,

141 672 269 745 ipse
289 687 524 744 quoque
544 688 648 744 per
666 671 820 729 hunc
841 674 1028 731 aetatis
1048 692 1167 731 suae
1188 693 1255 732 ac
1277 693 1507 733 morum
1531 677 1798 734 imbecil-

139 759 296 819 litati
326 758 786 828 eonsulens,non
806 764 926 817 tam
949 762 1204 819 scientia
1234 781 1413 837 quam
1440 770 1657 823 sancta:
1687 784 1796 841 pu-

142 848 338 906 ritatis
365 848 719 905 commercia
746 853 1084 922 reportaret.

732 938 1039 996 Lmvium
1055 943 1208 1013 petit.

209 1028 268 1084 6.
305 1027 530 1083 Interea
577 1042 712 1082 cum
764 1025 915 1083 beati
958 1027 1066 1084 viri
1090 1028 1292 1100 justus
1323 1032 1661 1089 adolescens
1693 1050 1799 1106 per

132 1115 389 1188 aliquod
414 1118 644 1188 tempus
668 1114 1002 1188 magisterio
1025 1118 1396 1187 frueretur,et
1415 1121 1664 1177 cmlestis
1692 1139 1796 1194 pro

140 1205 371 1260 viribus
403 1203 765 1277 praelibasset
783 1205 1063 1261 haustum
1091 1208 1409 1280 sapientiae,
1443 1212 1798 1266 Luxoviense

144 1293 575 1349 monasterium
631 1298 869 1366 accepto
927 1293 1058 1349 tulit
1102 1300 1387 1368 expetere,
1418 1300 1697 1371 quoniam
1730 1300 1795 1355 Β.

139 1382 495 1438 Columbani
516 1380 798 1438 districtis
814 1385 1224 1441 commendata
1242 1386 1558 1460 regulis,ad
1582 1405 1643 1444 se
1675 1406 1799 1461 per-

140 1470 269 1528 lata
287 1470 477 1526 fuerat
497 1469 653 1526 fama
671 1469 992 1544 religionis.
1022 1472 1160 1530 Erat
1179 1474 1336 1531 enim
1358 1491 1425 1532 eo
1447 1481 1706 1550 tempore
1736 1478 1796 1534 in

138 1561 379 1618 cunctis
406 1558 728 1618 Galliarum
770 1561 1040 1634 partibus
1068 1561 1181 1620 hoc
1208 1565 1539 1623 ccenobium
1570 1584 1705 1623 cum
1737 1568 1797 1623 in

138 1648 516 1707 multimodis
531 1664 726 1705 rerum
744 1650 1374 1722 possessionibus,tum
1391 1655 1566 1712 etiam
1590 1656 1796 1714 divinas

134 1738 532 1796 venerationis
553 1737 810 1795 cultibus
829 1755 1043 1796 nomen
1066 1739 1364 1815 singulare
1384 1743 1625 1813 habens,
1641 1748 1796 1819 quod

136 1828 261 1886 illic
294 1832 355 1885 et
385 1826 705 1884 districtior
750 1827 1064 1897 institutio,
1099 1834 1155 1885 et
1186 1831 1448 1889 studium
1493 1834 1793 1907 sapientia:

140 1917 381 1990 plenius
396 1915 735 1985 haberetur;
751 1933 926 1989 quem
947 1918 1215 1975 videlicet
1236 1920 1394 1976 miras
1416 1923 1793 1996 spectationis

138 2007 339 2064 locum
373 2006 528 2062 idem
560 2005 625 2061 Β.
658 2004 1056 2062 Columbanus
1090 2008 1255 2065 Pater
1286 2010 1343 2065 in
1372 2016 1537 2067 vasta
1583 2011 1795 2086 Vosagi

139 2112 341 2153 eremo
374 2112 409 2151 a
437 2095 837 2152 fundamentis
885 2100 1306 2164 construxerat,
1346 2098 1599 2156 inventis
1647 2103 1795 2157 anti-

143 2184 425 2259 quissimi
458 2185 651 2259 operis
681 2185 942 2240 aedificiis
973 2201 1107 2241 cum
1139 2188 1307 2258 aquis
1338 2194 1546 2245 natura
1576 2191 1796 2246 ferven-

136 2275 310 2332 tibus
338 2291 370 2330 e
400 2279 568 2331 terra:
599 2273 763 2329 venis
794 2273 946 2329 ultro
978 2275 1423 2347 prodeuntibus,
1458 2278 1555 2333 ubi
1588 2284 1645 2334 et
1673 2280 1798 2351 ipse

133 2364 525 2438 postmodum
538 2367 851 2437 aggregato
861 2362 1119 2420 fidelium
1137 2381 1380 2425 numero
1393 2373 1798 2425 sexcentorum

133 2454 334 2511 ferme
374 2450 797 2508 monachorum
836 2456 1027 2509 rector
1056 2454 1299 2523 exstitit,
1333 2455 1623 2531 longoque
1653 2462 1800 2513 tem-

131 2558 286 2616 pore
305 2541 497 2598 eidem
520 2540 874 2597 monasterio
898 2540 1262 2599 nobilissime
1283 2544 1535 2616 prmfuit,
1568 2545 1800 2603 multis-

131 2648 261 2705 que
280 2628 703 2687 miraculorum
725 2628 915 2703 signis
937 2630 996 2686 in
1017 2631 1221 2688 eodem
1242 2630 1368 2689 loco
1380 2631 1802 2706 claruit,donec

134 2718 558 2778 Brunechildis
588 2719 791 2792 regina
809 2718 1184 2793 impiissima,
1208 2737 1274 2777 eo
1304 2722 1459 2794 quod
1481 2723 1630 2780 duos
1651 2723 1803 2782 filios

133 2826 289 2867 suos
321 2824 470 2881 quos
496 2825 564 2865 ex
594 2806 924 2866 adulterino
973 2809 1313 2867 Theoderici
1351 2812 1585 2868 nefandi
1625 2815 1799 2887 regis,

135 2898 253 2954 ﬁlii
274 2896 546 2953 videlicet
579 2895 732 2969 regis
753 2896 1062 2969 Sigeberti,
1093 2899 1365 2972 coniugio
1387 2900 1497 2973 (26)
1529 2919 1802 2975 suscepe-

135 2992 379 3056 rat,suo
408 2985 698 3058 colloquio
735 2990 793 3042 et
820 2986 1224 3045 benedictione
1244 2988 1516 3062 indignos
1538 2991 1803 3062 judicas—

130 3082 258 3145 set,
295 3076 371 3131 ab
393 3091 463 3131 eo
490 3073 615 3131 loco
648 3074 930 3131 instinctu
958 3074 1244 3133 diabolico
1275 3078 1658 3150 proturbavit.
1696 3081 1804 3147 Qui

130 3184 263 3224 non
277 3166 409 3222 sine
423 3182 637 3239 magno
658 3181 906 3221 maerore
922 3170 982 3221 et
995 3165 1158 3222 luctu
1176 3167 1440 3223 omnium
1465 3185 1804 3227 recessurus

1907 590 2176 646 decenter
2205 589 2565 647 illustratum
2588 592 2616 647 *Γ
2648 592 2993 651 Bercharius
3049 596 3246 670 itaque
3292 597 3553 655 famulus

1905 677 2118 733 Christi
2139 679 2212 734 ad
2236 678 2459 735 altioris
2479 680 2611 736 vitae
2632 682 3145 753 semperinstituta
3163 687 3554 743 conscendere

1905 766 2267 837 desiderans,
2292 769 2586 840 pontificis
2633 770 2723 825 sui
2769 772 3111 827 auctoritate
3136 776 3194 827 et
3221 773 3428 846 gratia,
3460 790 3553 830 ce-

1903 853 2008 911 leri
2041 872 2249 929 gressu
2270 856 2343 911 ad
2366 855 2561 913 locum
2582 857 2742 941 hunc
2773 876 2877 932 pro
2907 864 3038 916 voto
3069 866 3377 934 properat:
3408 878 3552 936 prte-

1904 943 2006 999 fati
2068 944 2254 1000 Patris
2304 944 2413 1017 (27)
2459 946 2754 1002 alacritate
2812 948 3141 1022 condignas
3198 952 3556 1023 approbatur

1905 1036 2120 1088 sancta:
2177 1034 2599 1090 monachorum
2657 1035 2902 1102 cohorti,
2959 1053 3074 1093 non
3135 1041 3256 1094 tam
3315 1055 3556 1113 corpore

1905 1138 2082 1193 quam
2117 1127 2311 1177 mente
2338 1129 2395 1179 et
2423 1128 2557 1179 actu
2590 1125 2863 1179 sociatur.

2434 1214 2535 1267 Pie
2562 1215 2730 1268 vitam
2762 1216 3016 1270 instituit.

1973 1302 2028 1353 7.
2063 1300 2383 1371 Susceptus
2423 1307 2622 1357 autem
2656 1302 2714 1357 in
2747 1319 3059 1359 commune
3112 1322 3248 1359 cum
3308 1307 3553 1375 caeteris,

1906 1403 2336 1461 aggressusque
2361 1389 2551 1445 denuo
2575 1396 2855 1463 tanquam
2879 1392 3095 1448 athleta
3116 1395 3556 1449 recentissimus

1906 1476 2130 1533 militiai
2162 1478 2534 1551 gymnasium
2578 1479 2854 1544 ccclesiis,
2886 1483 3313 1552 praeteritorum
3343 1483 3556 1538 imme-

1906 1581 2034 1622 mor
2063 1568 2474 1638 certaminum,
2509 1574 2567 1624 et
2596 1570 2763 1641 quasi
2795 1569 2899 1643 qui
2927 1570 3212 1627 virtutum
3268 1571 3329 1626 in
3373 1586 3556 1629 scam-

1906 1660 2062 1711 mate
2091 1656 2339 1727 positus,
2375 1659 2448 1713 ad
2478 1656 2894 1731 perfectionem
2953 1668 3161 1734 pugna;
3208 1660 3354 1717 nihil
3386 1660 3555 1733 plene

1905 1746 2039 1799 ante
2060 1745 2399 1818 peregisset,
2419 1746 2595 1819 ccepit
2614 1764 2822 1803 rursus
2844 1748 3061 1805 divinis
3080 1748 3356 1821 operibus
3385 1748 3554 1822 spiri-

1905 1837 2033 1887 tum
2055 1848 2344 1904 coercere,
2370 1834 2547 1891 vcluti
2568 1850 2704 1891 eum
2724 1852 2991 1893 cerneres
3013 1838 3349 1893 monasticm
3365 1837 3558 1898 distri.

1905 1919 2116 1977 ctionis
2144 1926 2285 1978 tunc
2314 1922 2572 1995 primum
2604 1926 2940 1981 rudimenta
2976 1926 3328 1998 suscepisse,
3363 1926 3555 2000 seipse

1907 2025 2135 2081 semper
2162 2009 2431 2080 validior,
2469 2016 2527 2068 et
2583 2013 2770 2085 gratia
2828 2030 3093 2086 supernae
3148 2013 3559 2071 illustrationis

1906 2098 2034 2154 vita;
2051 2099 2434 2170 praecedentis
2454 2100 2734 2172 qualitate
2747 2102 3082 2174 jocundior.
3106 2103 3239 2158 Jam
3262 2120 3394 2159 vero
3425 2103 3558 2177 styli

1908 2202 2021 2241 non
2044 2187 2266 2259 patitur
2297 2205 2491 2261 opera,
2525 2195 2747 2261 quanta
2767 2191 2825 2244 in
2856 2190 2979 2247 viro
3001 2191 3101 2247 Dei
3124 2191 3298 2248 fuerit
3318 2192 3557 2248 humili-

1908 2279 2249 2347 tas,quanta
2270 2278 2455 2333 virtus
2478 2278 2840 2347 obedientize,
2856 2284 3075 2351 quanta
3106 2281 3404 2338 modestim
3425 2297 3557 2354 gra-

1907 2364 2078 2433 vitas,
2110 2371 2329 2439 quanta
2358 2366 2635 2435 charitas,
2695 2373 2915 2440 quanta
2955 2368 3307 2443 benignitas,
3340 2375 3561 2442 quanta

1909 2455 2552 2527 mansuetudo,quanta
2571 2456 2747 2511 etiam
2770 2456 3063 2529 patientiae
3084 2458 3387 2516 fortitudo.
3420 2460 3564 2516 Obe-

1911 2542 2140 2600 dientiie
2160 2543 2273 2599 sibi
2296 2544 2571 2615 injuncts:
2590 2545 2890 2617 negotium
2905 2545 3256 2617 itajubentis
3275 2548 3564 2619 percurrit

1909 2631 2179 2704 imperio,
2200 2636 2265 2687 ut
2286 2636 2544 2687 mentem
2565 2631 2625 2687 in
2647 2631 2904 2689 sublime
2933 2632 3214 2705 dirigens,
3233 2651 3339 2690 nec
3369 2633 3561 2691 laudis

1910 2719 2184 2776 humanae
2241 2719 2588 2793 compendia
2645 2726 2949 2793 quaereret,
2981 2725 3039 2777 et
3075 2737 3195 2778 sua:
3252 2722 3560 2795 praemium

1911 2807 2218 2882 gloriamsi
2238 2810 2538 2881 pereuntis
2558 2810 2745 2882 pretio
2776 2808 2938 2865 nullo
2959 2817 3383 2882 compensaret.
3420 2812 3562 2869 Stu-

1911 2896 2087 2953 debat
2109 2897 2285 2953 etiam
2316 2896 2566 2953 aliorum
2596 2897 3062 2954 consideratione
3091 2897 3352 2971 seipsum
3375 2899 3564 2970 despi-

1911 3002 2060 3053 cere,
2094 2990 2153 3042 et
2179 3000 2316 3042 cum
2349 2987 2507 3060 apud
2533 3002 2597 3043 se
2627 2987 2858 3043 cunctis
2878 2986 3248 3058 judicaretur
3300 2986 3558 3056 inferior,

1911 3074 1973 3130 in
1993 3073 2349 3132 humilitatis
2376 3079 2575 3132 tamen
2606 3075 2863 3131 culmine
2894 3076 3154 3132 certabat
3182 3076 3458 3133 omnibus
3479 3077 3563 3131 in-

1910 3164 2093 3219 veniri
2123 3163 2922 3221 sublimiorzmcestissimum
2952 3164 3251 3220 revolvens
3281 3166 3329 3221 si
3352 3164 3561 3237 quisin

130 3254 652 3324 inde,Eustasium
664 3253 854 3309 virum
868 3271 1031 3327 aeque
1052 3256 1493 3313 sanctissimum
1518 3258 1801 3332 dignitate
1830 3244 1874 3311 C
1909 3251 2010 3308 illo
2039 3256 2240 3308 sancto
2260 3252 2504 3327 collegio
2523 3253 2722 3326 aliqua
2740 3254 2915 3310 fortia
2933 3257 3287 3323 attrectaret,
3307 3271 3433 3327 quae
3460 3253 3556 3310 ille

129 3343 378 3419 generis
397 3345 458 3398 et
473 3342 593 3398 vita
608 3341 1289 3416 illustrissimum,quem
1313 3344 1438 3418 ipse
1458 3363 1608 3421 pago
1632 3348 1802 3404 oriun

129 3435 284 3491 dum
306 3431 628 3505 Lingonico
650 3448 685 3487 a
705 3447 886 3505 puero
910 3430 1461 3501 instituerat,eidem
1486 3452 1801 3493 numeroso

132 3522 399 3579 fratrum
450 3519 693 3593 collegio
752 3524 1035 3578 rectorem
1093 3521 1369 3594 praefecit.
1402 3522 1541 3581 Inde
1573 3523 1805 3582 Italiam

132 3614 448 3685 expetens,
481 3609 767 3667 Bobiense
819 3609 1149 3667 ccencbium
1196 3626 1311 3668 non
1342 3611 1542 3671 minus
1572 3614 1801 3671 decenti

131 3714 321 3773 opere
340 3696 636 3767 statuit,in
659 3714 773 3770 quo
801 3702 1248 3756 consummatus
1267 3700 1605 3773 virtutibus,
1630 3701 1803 3761 beato

132 3789 256 3846 ﬁne
287 3786 532 3860 quievit.
559 3786 809 3844 Sanctus
836 3803 970 3844 vero
1000 3788 1308 3845 Eustasius
1338 3788 1463 3846 loco
1495 3789 1681 3847 Patris
1714 3808 1803 3848 re-

132 3878 493 3944 sidens,non
517 3875 827 3932 minimam
848 3877 1270 3934 monachorum
1289 3868 1729 3937 multitudinem
1746 3879 1806 3936 in

134 3965 385 4023 Domini
437 3963 715 4021 servitute
762 3965 955 4021 verbis
986 3970 1043 4022 et
1071 3966 1351 4040 exemplis
1390 3968 1807 4054 praemuniens,

134 4054 415 4113 nominis
444 4058 504 4111 et
531 4053 725 4110 meriti
772 4055 1042 4127 magistri
1091 4054 1275 4111 haeres
1323 4056 1564 4113 exstitit.
1596 4053 1812 4115 Audita

135 4142 335 4219 igitur
363 4143 524 4199 fama
552 4144 699 4199 tanti
732 4143 1011 4212 nominis,
1036 4143 1144 4199 viri
1177 4144 1430 4217 religiosi
1462 4144 1601 4201 illuc
1629 4146 1808 4203 unde-

134 4248 389 4306 cunque
417 4232 745 4303 conﬂuunt,
779 4246 841 4289 se
873 4248 1130 4305 suosque
1175 4232 1389 4291 liberos
1417 4234 1655 4307 plurimi
1687 4250 1810 4291 cer-

1912 3344 2140 3398 Iavente
2169 3340 2271 3396 Dei
2299 3342 2491 3414 gratia
2517 3342 2757 3415 segnius
2784 3342 3097 3415 attigisset.

1911 3431 2187 3486 Pincerna
2250 3431 2448 3500 factus,
2503 3432 2775 3488 miraculo
2828 3431 3235 3489 commdatur
3287 3432 3559 3490 obediens.

1983 3520 2038 3573 8.
2071 3519 2348 3575 Traditur
2384 3520 2677 3593 siquidem
2709 3535 2812 3592 per
2840 3520 2995 3577 idem
3026 3525 3280 3593 tempus,
3315 3521 3470 3578 hunc
3499 3521 3591 3597 ing

1914 3624 1981 3665 eo
2006 3605 2130 3664 loco
2152 3608 2371 3664 factum
2394 3607 2709 3681 aliquando
2730 3608 3067 3665 ministrum
3090 3626 3124 3665 a
3141 3608 3404 3667 caliculis
3423 3611 3559 3683 (28),

1916 3697 1975 3752 in
2004 3711 2207 3753 curam
2239 3696 2647 3771 promptuarii,
2680 3696 2921 3755 rectoris
2970 3703 3139 3766 nutu,
3172 3699 3398 3756 vicibus
3427 3716 3564 3758 suo-

1915 3784 2182 3842 cessisse.
2215 3784 2479 3858 Cumque
2509 3784 2606 3843 ille
2631 3785 2781 3843 hanc
2808 3786 3103 3843 officinam
3133 3803 3442 3859 corporum
3473 3787 3563 3844 di-

1916 3875 2309 3947 spensandam
2341 3875 2648 3948 acciperet,
2675 3875 2890 3948 quippe
2935 3890 3111 3947 quem
3156 3878 3462 3932 strenuum
3487 3876 3570 3931 ad.

1917 3962 2116 4019 omnia
2136 3968 2340 4019 sancta
2358 3962 2689 4020 obedientia
2710 3962 3077 4034 fecerat,quas
3099 3962 3416 4020 commissa
3438 3963 3559 4019 fue-

1920 4057 2053 4108 rant
2082 4051 2403 4125 prudenter
2457 4050 2763 4107 inferebat.
2800 4051 3063 4118 Quadam
3117 4067 3252 4108 vero
3295 4051 3389 4109 die
3417 4052 3559 4108 dum

1916 4140 2137 4198 talibus
2167 4146 2399 4197 tenetur
2426 4139 2768 4212 implicitus,
2791 4140 2967 4211 jussu
3017 4140 3202 4213 patris
3247 4145 3337 4197 est
3366 4140 3560 4196 subito

1916 4235 2177 4289 vocatus.
2209 4231 2375 4287 Forte
2404 4229 2501 4287 ille
2532 4234 2672 4286 tunc
2707 4229 3179 4302 promptuarium
3236 4229 3559 4303 ingressus,

136 4324 326 4380 tatim
355 4322 707 4379 imbuendos
740 4321 1011 4392 offerunt,
1047 4320 1192 4377 illud
1221 4326 1353 4379 ante
1384 4323 1582 4378 omnia
1603 4324 1814 4380 ducen-
1920 4325 2054 4377 ante
2082 4337 2185 4376 vas
2210 4324 2533 4389 steterat,et
2563 4320 2768 4375 sudem
2802 4335 2929 4391 qua":
2958 4317 3130 4391 vulgo
3161 4317 3505 4374 dueidulum
3530 4334 3565 4373 a

136 4418 233 4469 tes
261 4409 723 4484 permaximum,
752 4409 801 4466 si
834 4409 923 4466 vel
962 4415 1096 4483 post
1142 4408 1463 4483 longaevam
1508 4412 1810 4485 probantis
1918 4412 2057 4480 potu
2090 4408 2312 4464 scilicet
2340 4408 2639 4465 educendo
2670 4406 2883 4464 dicitur
2906 4406 2966 4462 in
2997 4423 3179 4463 manu
3207 4412 3434 4476 tenens,
3465 4421 3563 4460 ce-

137 4499 386 4574 injuria:
446 4498 842 4568 tolerantiam,
903 4499 1338 4571 quodammodo
1397 4499 1628 4557 admitti
1689 4517 1809 4558 me-
1918 4488 2132 4556 realem
2162 4497 2274 4571 (29)
2302 4496 2595 4569 amphorae
2656 4500 2859 4568 potum
2914 4495 3302 4551 infundebat:
3346 4493 3563 4549 mirum

136 4591 399 4647 reantur
427 4585 489 4643 in
520 4586 1051 4661 congregationem.
1103 4586 1236 4642 Jam
1279 4603 1413 4643 vero
1468 4587 1601 4659 quis
1646 4587 1811 4645 locus
1841 4616 1889 4680 Β
1919 4587 2077 4643 dictu
2104 4587 2117 4642 ι
2142 4587 2212 4642 ad
2237 4587 2413 4642 unius
2434 4586 2724 4658 jussionis
2756 4590 2969 4641 nutum
2994 4584 3193 4680 audito
3216 4583 3564 4680 abbatisno-

136 4676 234 4734 vel
268 4675 481 4735 civitas
530 4693 644 4733 non
692 4677 966 4749 gaudeat,
999 4692 1068 4733 ex
1126 4675 1280 4732 beati
1335 4677 1445 4733 viri
1505 4677 1814 4751 disciplina
1841 4670 1883 4680 ”
1922 4677 2100 4745 mine,
2151 4674 2369 4731 relictis
2400 4692 2525 4747 quae
2569 4674 2820 4731 habebat
2850 4691 2965 4747 prae
2997 4673 3270 4729 manibus
3299 4670 3563 4728 concitus

136 4771 444 4823 rectorem
473 4764 689 4821 habere
722 4765 1058 4837 pontificem
1088 4764 1178 4821 vel
1207 4766 1650 4835 abbatem,cum
1682 4784 1814 4824 con-
1920 4766 2202 4835 cucurrit,
2230 4764 2450 4820 oblitus
2480 4766 2685 4820 ardore
2731 4762 3072 4821 obedientite
3102 4766 3159 4818 et
3187 4761 3343 4818 vasis
3372 4761 3567 4818 obser-

139 4859 267 4910 stet
295 4870 367 4910 ex
397 4853 577 4925 hujus
606 4853 819 4910 virtute
850 4854 1172 4927 magisterii
1206 4872 1351 4926 pene
1396 4860 1586 4912 totum
1633 4858 1810 4913 Fran-
1920 4854 2179 4911 vantiam
2229 4858 2286 4909 et
2341 4852 2633 4926 amphorae
2692 4850 3002 4907 cautelam.
3034 4850 3297 4922 Cumque
3324 4853 3563 4905 vocatus

218 5033 345 5103 (26)
378 5031 550 5089 Fcede
578 5030 974 5088 hallucinatur
1024 5037 1246 5099 auctor,
1281 5033 1328 5088 si
1363 5033 1811 5091 Brunechildem

186 5102 329 5159 utat
362 5102 822 5188 filiosproprios
844 5104 1173 5188 suscepisse
1203 5120 1272 5160 ex
1298 5104 1809 5188 Theoderico,_qui

190 5174 570 5255 runechildis
592 5174 773 5248 nepos
794 5174 1102 5248 fuit,eique
1132 5179 1478 5248 pronepotes
1508 5192 1577 5231 ex
1607 5174 1812 5249 pellice

224 5252 479 5301 neravit.

140 5262 479 5319 generavit.

217 5317 439 5390 (ἔδεε
467 5317 775 5390 Eustasius
806 5316 1068 5373 cmnobio
1103 5316 1446 5390 Luxpviensi
1471 5318 1708 5390 praefuit
1740 5318 1813 5374 ab

139 5402 319 5444 anno
343 5389 461 5461 643‘
482 5389 557 5444 ad
583 5389 711 5461 614,
744 5403 862 5461 quo
884 5391 1153 5461 tempore
1210 5388 1498 5461 Remensi‘
1518 5389 1812 5461 cathedrae

184 5459 896 5533 reemt_Sonnatius,Acui
914 5459 1048 5533 post
1080 5459 1814 5533 Leudegislum,Engilber-

166 5546 291 5587 um
324 5534 382 5585 et
411 5530 751 5587 Landoncm
778 5529 1067 5586 Niva‘rdus
1098 5547 1251 5586 anno
1280 5529 1436 5586 circa
1462 5532 1570 5585 650
1589 5529 1815 5587 succes-

132 5599 399 5675 giLNoa
417 5617 556 5675 ergo
571 5602 923 5675 Barcharius
944 5602 1266 5675 Lexovium
1294 5602 1591 5675 admissus
1621 5607 1710 5660 est
1741 5602 1817 5659 ab

129 5673 459 5743 Eustasio,
488 5672 590 5732 sed
620 5673 867 5732 fortasse
896 5690 930 5730 a
956 5672 1251 5731 Walberto
1295 5674 1424 5746 ejus
1456 5690 1816 5746 successore,

1920 5032 2036 5103 qui
2053 5032 2125 5087 ab
2159 5048 2309 5086 anno
2338 5032 2446 5103 625
2475 5031 2546 5103 ad
2578 5032 2686 5085 665
2713 5030 3099 5103 locumrexit.

1990 5092 2102 5175 (28)
2135 5100 2392 5158 Tametsi
2423 5102 2683 5175 caliculus
2715 5119 2818 5174 pro
2843 5102 3102 5175 caligatis
3133 5114 3564 5175 nonnunquam

1919 5172 2209 5245 usurpant
2238 5177 2524 5242 auctores,
2557 5172 2653 5229 hic
2681 5172 2875 5229 tamen
2907 5172 3269 5246 intelligendi
3296 5172 3569 5228 videntur

1921 5245 2129 5297 calices
2160 5260 2262 5297 seu
2297 5242 2524 5297 nocilla.
2558 5244 2644 5297 uti
2675 5261 2743 5297 ex
2774 5243 3154 5297 sequentibus
3185 5247 3443 5297 apparet.

1921 5244 2129 5301 calices
2160 5260 2262 5299 seu
2297 5244 2524 5315 pocilla,
2558 5244 2644 5299 uti
2675 5261 2743 5300 ex
2774 5244 3154 5316 sequentibus
3185 5247 3443 5315 apparet.

1991 5316 2105 5388 (29)
2136 5315 2219 5370 Ita
2248 5314 2550 5395 cervisiam
2584 5331 2686 5397 seu
2717 5313 2899 5397 situm
2929 5320 3155 5397 vocant,
3189 5331 3256 5371 eo
3300 5314 3463 5397 quod
3499 5329 3569 5367 ex

1922 5384 2114 5444 cerere
2145 5402 2247 5441 seu
2277 5402 2345 5458 ex
2375 5386 2575 5458 granis
2602 5384 2805 5458 hordei
2852 5386 3250 5458 potissimum;
3278 5384 3565 5458 eliciatur,

1924 5458 1985 5515 Id
2017 5473 2203 5537 genus
2256 5454 2522 5537 miraculi
2580 5455 2829 5537 refertur
2850 5454 2935 5537 :in
2966 5456 3098 5514 Vita
3215 5454 3568 5537 Columbani

1924 5525 2089 5608 num.
2110 5528 2217 5608 26.5
2250 5532 2309 5608 at
2340 5525 2646 5608 Berc‘hario
2677 5527 2862 5608 aptari
2897 5544 3010 5608 non
3042 5533 3234 5600 potest
3225 5544 3262 5608 ,ξ
3276 5526 3567 5608 siquidem

1924 5600 2142 5657 factum
2159 5597 2377 5679 dicitur
2394 5595 2740 5679 Columbani
2758 5595 3206 5673 imperio,quem
3224 5595 3569 5655 Beréharius

1925 5687 2146 5744 supper
2170 5669 2364 5730 videre
2394 5684 2508 5726 non
2539 5669 2745 5743 potuit.
