4028 6172
443 406 559 468 675

1546 393 1878 454 ADSONIS
1922 384 2357 452 DERVENSIS
2402 385 2737 447 ABBATIS

3730 379 3852 440 676

445 552 663 610 astaret
692 547 823 600 ante
856 533 1081 592 abbatis
1114 526 1759 603 prmsentiam,interim
1793 530 1967 599 potus
1988 523 2084 579 ille
2112 521 2170 590 Α
2198 520 2382 578 rantis
2411 517 2705 588 illinierat,
2738 518 2893 573 idem
2940 484 3107 590 pater
3144 516 3431 572 mirificus
3457 530 3571 569 non
3604 512 3853 569 modice

445 646 505 700 in
536 636 837 698 vasculum
870 645 984 684 non
1014 638 1250 680 cessans
1293 617 1547 677 deﬂuere
1576 616 1778 671 subter
1808 614 2086 687 positum,

445 733 756 806 postquam
795 719 869 775 ad
899 709 1267 786 superficiem
1297 705 1452 762 vasis
1480 709 1838 776 pervenerat,
1874 704 1933 759 in
1965 718 2088 759 mo-

444 792 890 876 dum-columnae
912 815 1162 875 superne
1202 795 1594 867 constipatum
1614 792 1671 847 in
1696 808 1904 867 gyrum
1935 808 2091 847 coro-

443 905 569 962 nari
610 901 802 973 cmpit.
839 895 1003 953 Ultro
1035 903 1303 946 cerneres
1332 884 1476 939 illud
1507 899 1693 956 genus
1725 881 2086 953 liquaminis,

441 1011 557 1068 quo
582 992 676 1047 vix
698 968 972 1044 claustris
1003 974 1285 1035 contineri
1317 973 1526 1039 valeat,
1558 976 1622 1027 ut
1661 970 1954 1043 quondam
1987 968 2089 1023 Dei

441 1059 783 1140 transeunte
796 1071 1009 1147 populo
1022 1069 1243 1137 absque
1257 1061 1552 1118 littoribus
1577 1059 1849 1116 Jordanis
1874 1059 2091 1113 ﬂuenta

442 1173 502 1226 in
534 1169 786 1226 sublime
818 1162 938 1216 tolli
966 1178 980 1227 ;
1006 1162 1068 1213 ut
1095 1153 1319 1226 liquido
1342 1155 1666 1222 putesceret
1696 1152 1913 1221 quanta
1935 1150 2089 1202 esset

440 1260 625 1317 virtus
647 1246 1184 1317 obedientize,cujus
1207 1244 1431 1297 fructus
1454 1238 1790 1293 nullomodo
1814 1237 1999 1307 possit
2029 1236 2086 1290 in

440 1354 655 1405 terram
679 1340 960 1414 deperire.
982 1339 1055 1390 At
1076 1349 1207 1388 vero
1239 1330 1337 1384 ille
1358 1346 1471 1383 non
1492 1327 1616 1383 sine
1652 1325 1880 1381 abbatis
1909 1325 2089 1379 admi-

441 1436 664 1494 ratione
721 1444 1010 1494 reversus,
1040 1425 1260 1478 factum
1318 1417 1570 1489 stupuit,
1602 1415 1757 1487 quod
1800 1415 1964 1487 prius
1993 1432 2090 1486 po-

439 1526 623 1583 tuisse
658 1540 693 1577 a
722 1536 785 1576 se
812 1516 935 1573 ficri
973 1510 1214 1569 omnino
1261 1523 1376 1562 non
1438 1502 1811 1576 priesumpsit
1842 1518 1854 1556 :
1888 1507 2086 1557 tamen

438 1616 528 1674 vir
546 1613 645 1670 ille
662 1613 904 1668 sanctus
924 1604 1036 1660 hoc
1059 1599 1214 1674 quod
1251 1595 1541 1653 acciderat
1561 1610 1677 1649 non
1699 1609 1825 1660 suo,
1859 1593 1962 1648 sed
1994 1596 2085 1647 to-

438 1711 567 1763 tum
599 1696 825 1758 abbatis
855 1693 947 1752 sui
977 1688 1184 1747 merito
1214 1680 1533 1757 deputavit.

513 1796 699 1850 Remos
725 1800 992 1849 reversus,
1025 1775 1262 1837 Nivardo
1288 1772 1679 1830 monasterium
1708 1778 2018 1826 construere

989 1868 1248 1942 cogitanti
1274 1865 1531 1920 sociatur.

511 1974 562 2029 9.
602 1972 687 2026 Ita
716 1982 848 2022 vero
880 1976 1013 2018 cum
1038 1960 1164 2030 jam
1194 1956 1349 2011 esset
1405 1948 1770 2022 regularibus
1825 1946 2087 2019 apprime

442 2056 772 2130 disciplinis
794 2044 1270 2113 edoctus,divin:n
1294 2039 1517 2096 militiae
1548 2039 1607 2092 in
1631 2043 1943 2108 utramque
1963 2053 2089 2107 par-

441 2154 559 2206 tem
591 2126 771 2202 armis
801 2136 1207 2213 prmmunitus,
1229 2136 1295 2187 ut
1322 2127 1591 2185 videliéet
1623 2143 1725 2198 per
1782 2126 1900 2180 hinc
1960 2142 2086 2197 quae

442 2238 616 2311 longo
646 2229 916 2290 exercitio
944 2219 1339 2287 didicisset,in
1364 2217 1509 2272 lucri
1540 2215 1825 2271 Dominici
1853 2214 2087 2285 dispen-

443 2304 729 2382 sationem
737 2322 862 2393 jam
876 2315 1262 2391 plurimorum
1277 2307 1451 2364 saluti
1464 2305 1766 2362 consulere
1778 2304 2084 2376 potuisset;

442 2417 501 2471 in
515 2411 871 2488 provinciam
896 2407 1210 2462 Remorum
1223 2399 1296 2456 ad
1317 2399 1375 2453 S.
1409 2395 1723 2452 Nivardum
1752 2393 2086 2466 pontificem

444 2481 770 2567 revertitur,
801 2497 903 2570 qui
927 2498 1049 2550 tam
1071 2488 1384 2546 virtutibus
1425 2501 1603 2557 quam
1625 2483 1821 2551 rebus,
1853 2487 1921 2538 ut
1941 2481 2087 2536 dixi-

444 2608 598 2658 mus,
615 2604 793 2660 supra
820 2583 1014 2658 gregis
1035 2581 1127 2636 sui
1149 2575 1478 2634 custodiam
1499 2571 1768 2646 vigilans,
1802 2570 1986 2627 hostis
2008 2570 2090 2626 in-

442 2680 625 2738 sidias
662 2674 964 2739 relidebat,
999 2676 1173 2742 atque
1229 2662 1686 2722 ecclesiasticam
1742 2660 2087 2733 dignitatem

444 2766 699 2842 profusis
728 2761 1101 2820 successibus
1157 2753 1478 2842 ampliabat
1509 2767 1523 2805 :
1557 2750 1770 2842 cuique
1790 2748 1941 2842 _olim
1967 2747 2087 2842 vol-

440 2837 714 2915 ventibus
743 2853 914 2911 annis
945 2848 1152 2905 divinae
1209 2840 1612 2916 inspirationis
1667 2837 1948 2894 instinctu
1994 2837 2090 2892 hic

443 2948 616 3005 ardor
637 2943 909 3002 sensibus
930 2934 1247 3002 inerat;uti
1288 2932 1347 2988 in
1386 2929 1648 3003 quolibet
1672 2945 1790 2983 sua:
1822 2926 2090 2982 diazcesis

443 3032 829 3093 contubernio
860 3046 927 3084 eo
955 3026 1067 3082 loci
1098 3024 1171 3080 ad
1203 3020 1572 3078 serviendum
1606 3017 1722 3072 Dee
1749 3014 1963 3071 viventi
1994 3017 2092 3071 do-

445 3140 609 3179 mum
640 3120 1026 3182 construeret,
1058 3112 1157 3168 ubi
1190 3126 1384 3166 rerum
1423 3104 1812 3179 competentia
1866 3105 2091 3175 aptiora

445 3210 652 3267 divina:
682 3204 977 3263 servitutis
1007 3199 1315 3257 commoda
1340 3195 1716 3269 przetulisset.
1743 3193 1848 3250 Illa
1874 3199 2000 3248 erat
2029 3193 2089 3248 in

2197 608 2546 683 quantitatis
2575 608 2760 679 pretio
2792 607 3238 679 acquisierat,ac
3270 605 3614 661 Remensem
3649 600 3855 657 Eccle-
3896 613 3901 617 '

2198 698 2369 765 siam,
2394 697 2486 753 cui
2520 700 2756 752 auctore
2785 695 2900 751 Deo
2922 694 3292 768 praesidebat,
3312 692 3600 748 bzeredem
3632 689 3858 746 consti-

2198 790 2408 843 tuerat.
2444 785 2705 857 Denique
2737 783 3202 857 gloriosissimus
3226 782 3328 839 Dei
3361 779 3622 853 pontifex
3649 778 3859 834 Nivar-

2197 876 2310 931 dus
2340 873 2652 947 pastoralis
2683 872 2928 929 solertia:
2958 872 3246 945 condigne
3277 868 3707 926 administrans
3735 866 3860 921 ofﬁ-

2198 964 2509 1031 cium,tum
2534 962 2605 1017 ad
2628 960 2742 1017 alia
2763 978 2881 1016 sua:
2912 960 3180 1016 dimcesis
3207 959 3335 1015 loca
3363 956 3693 1023 invisenda,
3729 958 3857 1010 tum

2198 1068 2429 1123 quoque
2459 1053 2529 1105 ad
2562 1051 2720 1105 hunc
2765 1067 2916 1121 szepe
2970 1050 3164 1104 vicum
3219 1047 3544 1121 egrediens,
3579 1061 3700 1099 non
3734 1048 3856 1098 tam

2198 1140 2444 1213 propriae
2475 1157 2684 1195 causas
2729 1140 2941 1211 agebat
2984 1137 3279 1202 utilitatis,
3313 1151 3489 1207 quam
3526 1132 3766 1188 cunctis
3795 1149 3854 1187 se

2198 1228 2491 1284 atl‘abilem
2540 1244 2775 1300 quoque
2825 1227 3127 1293 exhibens,
3161 1225 3410 1281 salutem
3443 1223 3855 1294 subjectorum

2198 1317 2436 1373 sedulus
2468 1316 2862 1388 impendebat.
2892 1316 3158 1386 Cumque
3187 1314 3310 1369 dies
3342 1329 3408 1368 ac
3440 1315 3641 1367 noctes
3672 1310 3855 1364 aediﬁ-

2199 1405 2370 1461 candi
2404 1405 2733 1461 cmnobium
2753 1404 2813 1458 in
2845 1403 3042 1476 aliquo
3073 1403 3423 1476 praediorum
3454 1398 3861 1470 suorum,qui—

2197 1495 2306 1550 bus
2340 1493 2611 1550 nobiliter
2640 1492 2947 1566 temporali
2981 1508 3214 1565 quoque
3244 1490 3644 1547 emolumento
3677 1486 3854 1561 polle-

2197 1583 2317 1651 bat,
2350 1582 2624 1640 desiderii
2653 1582 3093 1639 continuatione
3123 1579 3429 1654 pervigiles
3458 1579 3721 1646 duceret,
3757 1593 3853 1633 as-

2195 1676 2432 1745 sumpto
2466 1688 2574 1727 suo
2605 1670 2725 1738 illo,
2762 1675 2829 1726 ut
2858 1686 3009 1744 saepe
3040 1669 3284 1738 solebat,
3318 1667 3640 1724 domestico
3672 1666 3847 1721 beato

2198 1761 2524 1833 Bercbario)
2559 1777 2737 1816 causa
2765 1759 3006 1828 exstitit,
3038 1774 3157 1832 qua
3184 1757 3490 1832 praefatum
3519 1756 3715 1812 vicum
3747 1769 3850 1811 ex-

2196 1853 2387 1921 petere
2419 1865 2521 1923 pro
2552 1865 2712 1905 more
2743 1847 3250 1921 cogitaret.Hujus
3280 1861 3559 1919 processu
3588 1842 3850 1915 itineris,

2197 1954 2311 2009 quo
2330 1939 2401 1995 ad
2420 1938 2693 1993 eumdem
2722 1939 2918 1993 vicum
2950 1938 3224 1993 Maternae
3255 1934 3520 1991 fluminis
3549 1931 3852 1988 littoribus

2198 2027 2540 2100 contiguum
2599 2027 2882 2095 tenditur,
2915 2026 3155 2098 quidam
3205 2025 3295 2080 sui
3349 2022 3505 2096 juris
3535 2021 3697 2078 locus
3724 2024 3856 2077 erat

2197 2117 2597 2189 gratissimus,
2628 2115 2727 2188 qui
2760 2113 3066 2187 paululum
3107 2114 3345 2169 reducto
3375 2111 3509 2168 sinu
3543 2111 3599 2165 in
3631 2108 3856 2165 montis

2197 2203 2376 2261 latere
2406 2205 2805 2260 amoznissimo
2836 2203 3034 2259 herbis
3065 2203 3395 2258 virentibus
3446 2213 3857 2272 aquarumque

2198 2293 2402 2349 rivulis
2427 2310 2496 2349 ex
2520 2292 2758 2350 sublimi
2788 2292 3001 2347 vertice
3031 2291 3241 2347 leniter
3268 2287 3854 2356 effluentibus,arbo—

2198 2384 2479 2456 ribusque
2509 2400 2574 2439 ac
2610 2382 2797 2437 vincis
2828 2381 2888 2437 in
2918 2378 3120 2436 declivi
3151 2379 3612 2451 circumquaque
3641 2376 3858 2431 consti-

2198 2477 2391 2546 patus,
2425 2460 2781 2528 intuentium
2812 2469 2997 2527 oculis
3044 2468 3474 2526 oblectamenta
3511 2465 3849 2539 praestabat.

2198 2579 2435 2651 Nivardo
2465 2581 2524 2634 in
2551 2594 2795 2651 soporem
2822 2577 3112 2651 uersoJopo
3139 2592 3238 2651 per
3264 2575 3519 2651 angelum
3547 2572 3849 2651 designati}.

2266 2650 2587 2706 mandatum
2609 2644 2679 2706 de
2707 2648 2980 2707 condendo
3007 2644 3244 2704 ccenobio
3274 2644 3677 2702 Aliivillaremi
3706 2644 3851 2698 reci-

2263 2725 2366 2794 pit.

2273 2828 2616 2885 10.Sanctus
2632 2827 2813 2901 igitur
2828 2827 3081 2900 pontifex
3095 2826 3208 2882 hoc
3224 2826 3333 2882 iter
3354 2838 3691 2897 aggressus,
3708 2837 3853 2876 cum

2191 2918 2317 2991 jam
2335 2933 2434 2973 eas
2455 2920 2650 2990 partes
2670 2933 2774 2989 per
2792 2915 3005 2972 clivum
3037 2915 3256 2970 montis
3288 2912 3589 2986 attigisset,
3619 2926 3738 2981 qua
3770 2909 3851 2964 de

2199 3009 2401 3061 contra
2431 3003 2533 3060 illa
2550 3005 2660 3060 loci
2683 3003 3004 3078 gradientis
3038 3002 3266 3058 visibus
3294 3017 3355 3056 se
3386 2998 3689 3057 amoenitas
3713 3012 3854 3068 pro~

2199 3095 2334 3168 pius
2358 3094 2689 3165 objecisset,
2722 3110 2900 3166 super
2926 3095 3193 3164 equestre
3215 3106 3330 3164 quo
3362 3089 3654 3145 ferebatur
3681 3085 3855 3141 vehi-

2201 3184 2397 3240 culum
2428 3199 2494 3238 eo
2525 3182 2684 3255 gravi
2713 3198 2919 3254 sopore
2949 3180 3391 3252 deprimitur,ut
3407 3177 3566 3233 omni
3585 3175 3856 3249 protinus

446 3263 998 3355 hac'deliberatioue
1028 3263 1535 3345 morarum-causa
1564 3283 2088 3355 permaxima,quo-
2117 3265 2160 3331 C
2197 3269 2375 3325 eundi
2433 3268 2709 3324 facultate
2746 3268 3129 3341 proscriptus,
3163 3270 3546 3355 symmystem
3578 3279 3757 3319 suum
3789 3263 3853 3317 B.

446 3389 606 3444 niam
666 3386 896 3440 deesset
950 3395 1199 3453 persona
1248 3375 1365 3430 voti
1398 3375 1470 3429 ad
1500 3373 1559 3428 id
1589 3372 1879 3444 agendum
1912 3371 2090 3439 socia,

447 3493 574 3549 quae
605 3479 662 3531 et
691 3470 1048 3529 desiderium
1080 3464 1381 3538 suppleret
1417 3460 1730 3534 pontificis,
1765 3465 1823 3516 et
1853 3464 2096 3515 strenua

450 3567 508 3622 in
526 3564 627 3622 Dei
646 3563 820 3619 rebus
837 3559 1194 3615 inveniretur
1208 3551 1490 3609 instantia
1520 3549 1903 3621 suscipienda:
1921 3553 2094 3603 tantae

448 3647 1061 3711 collaborationis.Sed
1078 3644 1179 3700 diu
1211 3642 1269 3698 in
1301 3640 1479 3698 dubio
1509 3655 1831 3712 suspensus
1863 3637 2096 3693 animus

448 3756 819 3815 nequaquam
855 3733 1121 3794 frustrari
1155 3730 1346 3805 potuit
1393 3745 1495 3802 spe
1547 3727 1903 3815 jampridem
1961 3742 2095 3782 con-

448 3814 623 3903 ceptae
656 3824 1024 3884 intentionis.
1059 3816 1649 3888 Berchariumitaquc
1666 3814 1942 3887 praeripit,
1968 3817 2097 3869 vote

448 3902 723 3992 applicat,
756 3912 1028 3972 consultu
1061 3907 1364 3983 praccliglt,
1404 3904 1595 3960 virum
1626 3903 1863 3975 quidem
1896 3902 1955 3956 in
1995 3903 2097 3992 Dei

447 3988 624 4063 rebus
656 4007 954 4070 idoneum,
985 3998 1264 4073 religione
1291 3995 1624 4068 praeditum,
1654 3993 1851 4049 animo
1899 3988 2098 4049 efﬁ’cao

448 4112 599 4163 cem,
630 4094 983 4151 exteriorum
1044 4084 1401 4159 experientia
1455 4099 1572 4138 non
1629 4081 1828 4136 minus
1887 4080 2097 4155 agilem

450 4199 628 4256 quam
658 4182 1029 4254 prudentem.
1062 4176 1327 4247 Cumque
1379 4189 1484 4244 per
1537 4171 1596 4227 id
1644 4170 1925 4242 temporis
1956 4171 2097 4227 urbs

451 4271 645 4339 illa,ut
675 4268 952 4335 diximus,
973 4271 1030 4321 et
1052 4263 1375 4320 multorum
1407 4261 1637 4317 floreret
1666 4258 1921 4332 ingenio,
1953 4263 2011 4314 et
2038 4259 2098 4313 in

451 4356 840 4415 admiratione
870 4348 1559 4424 reipublicae,divinorum
1589 4362 1831 4419 operum
1850 4346 2100 4419 insignis

453 4446 767 4502 haberetur
786 4437 1320 4507 commercio,hunc
1347 4440 1541 4492 tamen
1572 4433 1957 4503 solum,hunc
1987 4435 2098 4491 sibi

454 4531 733 4590 adsciscit
746 4526 1229 4604 praecipuum,cui
1247 4541 1504 4581 consona
1524 4523 1868 4580 auctoritate
1899 4528 1955 4580 et
1981 4541 2098 4580 me-

2202 3357 2577 3415 Bercharium
2600 3356 3323 3428 inclamaret,omuemque
3339 3354 3505 3411 illum
3524 3355 3854 3425 equestrem

2204 3446 2302 3518 qui
2334 3450 2473 3502 tunc
2504 3446 2649 3500 forte
2681 3461 2742 3503 se
2772 3445 3162 3501 comitabatur
3218 3444 3482 3500 ordinem
3542 3446 3703 3497 stare
3730 3440 3855 3496 loc)

2203 3534 2623 3608 prmciperet,et
2645 3534 2862 3606 quibus
2880 3535 2953 3590 ad
2969 3551 3239 3607 soporem
3258 3536 3563 3607 urgeretur
3592 3528 3854 3587 stimulis

2204 3624 2500 3697 patentius
2532 3623 2834 3680 indicaret.
2869 3623 3032 3693 Ecce,
3065 3623 3279 3696 inquit,
3312 3622 3569 3679 irruente
3627 3617 3855 3693 soporis

2205 3712 2572 3769 immanitate
2601 3729 2772 3768 secus
2802 3712 2974 3769 solito
2992 3712 3309 3780 concutior,
3324 3710 3407 3766 ita
3435 3713 3502 3766 ut
3521 3708 3665 3765 hinc
3697 3724 3857 3782 gres-

2205 3818 2337 3857 snm
2370 3817 2726 3873 promovere,
2761 3801 3041 3874 impotem
3065 3818 3158 3856 me
3173 3817 3302 3856 esse
3326 3798 3566 3857 omnino
3596 3796 3857 3854 conﬁde—

2205 3906 2350 3946 rem.
2386 3886 2737 3946 Prbcuretur
2763 3906 2902 3963 ergo
2958 3889 3131 3945 fessis
3167 3888 3414 3945 artubus
3442 3887 3604 3944 inter
3624 3885 3754 3942 haec
3778 3885 3855 3939 vi-

2205 3984 2363 4035 recta
2392 3978 2700 4035 amoenitas
2731 3977 3037 4051 paululum
3097 3976 3440 4045 divertendi,
3474 3980 3539 4033 ut
3569 3972 3860 4032 redeunti-

2206 4067 2318 4123 bus
2349 4084 2452 4140 pcr
2481 4080 2748 4139 soporem
2778 4066 3277 4138 viribuscoeptum
3301 4065 3584 4122 reddatur
3602 4062 3863 4120 facultas

2205 4157 2316 4211 iter
2344 4155 2680 4228 peragendi.
2717 4154 2874 4210 Inter
2903 4153 3019 4211 late
3050 4154 3312 4227 patentia
3339 4169 3583 4210 nemora
3627 4150 3863 4208 diffusis

2208 4244 2535 4312 frondibus,
2568 4243 2890 4300 virentibus
2921 4241 3076 4299 foliis
3105 4242 3349 4299 instanti
3382 4241 3466 4298 rei
3494 4245 3667 4315 grata
3699 4240 3863 4313 fagus

2207 4333 2465 4405 eligitur.

2363 4450 2487 4499 Hinc
2518 4448 2649 4499 alias
2678 4450 2817 4499 inter
2844 4452 3052 4499 tantum
3082 4452 3242 4512 caput
3270 4448 3458 4499 extulit
3486 4447 3660 4508 alnos,

2368 4528 2634 4586 Quantum
2663 4527 2807 4577 lenta
2836 4527 3008 4578 solent
3027 4529 3167 4578 inter
3193 4528 3423 4579 viburna
3450 4526 3714 4590 cupressi.

454 4625 565 4681 rito
583 4625 788 4679 futura:
808 4620 1036 4676 fabricae
1067 4632 1268 4671 curam
1301 4615 1633 4686 deponeret,
1668 4617 1724 4669 et
1752 4613 1879 4669 sani
1912 4615 2102 4687 dispo-
2130 4634 2178 4700 D
2280 4618 2425 4674 Huic
2457 4618 2653 4689 itaque
2683 4618 2873 4674 arbori
2905 4617 3069 4674 ocius
3101 4633 3162 4673 se
3193 4616 3397 4673 subter
3424 4615 3709 4688 injiciunt
3738 4628 3864 4686 gra-

455 4714 685 4782 sitione,
720 4709 947 4768 consilii
979 4706 1139 4763 omni
1171 4704 1255 4759 illi
1280 4706 1583 4759 structura:
1616 4702 1947 4774 specialiter
1970 4721 2107 4776 pra:-

457 4802 772 4858 ﬁciendum
788 4793 1433 4855 decerneret.Przedium
1446 4795 1534 4846 est
1545 4789 1847 4862 publicum
1878 4791 1936 4847 in
1956 4809 2104 4866 pago

458 4890 731 4947 Remensi
762 4894 889 4945 octo
921 4885 1184 4941 millibus
1215 4883 1286 4937 ab
1315 4880 1456 4936 urbe
1485 4880 1867 4952 disparatum,
1901 4881 1993 4935 cui
2020 4882 2103 4937 vi-

461 4978 669 5035 delicet
685 4994 801 5034 aevo
828 4972 1174 5049 praecedenti
1199 4972 1534 5044 Sparnacus
1567 4968 1859 5040 (Epemay)
1894 4985 2105 5025 nomen

460 5069 644 5125 fuisse
675 5068 906 5123 constat
937 5062 1305 5134 impositum,
1340 5058 1496 5131 quod
1527 5056 1666 5112 olim
1700 5056 2108 5137 quidem,te.m-

461 5174 598 5230 pore
616 5154 837 5213 scilicet
866 5150 1174 5209 Chlodovci
1196 5150 1552 5204 Francorum
1575 5144 1770 5218 magni
1804 5145 2104 5218 principis,

462 5262 639 5319 quem
697 5245 904 5300 beatus
964 5238 1267 5310 Remigius
1318 5233 1636 5308 apostolica
1685 5233 2025 5291 auctoritate
2055 5239 2112 5291 et

462 5335 742 5409 prmditus
772 5337 828 5388 et
853 5330 1151 5404 probatus,
1184 5324 1451 5382 doctrina
1478 5327 1535 5379 et
1551 5323 1865 5378 virtutibus
1892 5323 2114 5397 magni-

464 5424 630 5493 ficus,
663 5439 797 5477 cum
827 5436 933 5477 suo
965 5415 1245 5482 exercitu,
1277 5418 1343 5469 ut
1369 5413 1428 5468 in
1459 5412 1640 5485 gestis
1689 5412 1818 5483 ejus
1875 5412 2108 5485 legitur,

465 5510 726 5585 angelico
757 5507 1086 5565 ministerio
1132 5520 1297 5560 sacro
1326 5502 1645 5558 chrismate
1678 5518 1839 5573 aqua:
1872 5517 2109 5574 regene-

537 5638 651 5710 (30)
681 5632 1172 5710 Hanchistoriam
1184 5627 1401 5710 “paulo
1459 5627 1655 5710 aliter“
1673 5627 1951 5710 describit
1982 5628 2112 5710 Ero-

470 5699 723 5768 doardus
743 5707 805 5766 in
825 5706 926 5765 lib.
958 5721 1000 5762 ιι
1020 5703 1157 5763 bist.
1184 5699 1346 5758 Rem.
1371 5714 1498 5773 cap.
1518 5700 1574 5756 7.
1616 5699 1839 5775 Quippe
1871 5699 2111 5769 Bercha-

2214 4708 2298 4764 tia
2326 4707 2686 4779 quiescendi.
2720 4707 2809 4762 Ita
2865 4705 3151 4762 individui
3209 4706 3302 4761 sui
3360 4703 3594 4761 comitis
3639 4703 3706 4759 B.
3742 4702 3866 4756 Ber-

2216 4796 2398 4851 charii
2430 4795 2553 4851 solo
2580 4796 2986 4851 decumbentis
3044 4796 3329 4851 festinans
3389 4792 3716 4864 composito
3744 4805 3865 4844 ver-

2213 4886 2329 4941 tice
2358 4884 2580 4957 gremio
2608 4884 2805 4956 recipi,
2840 4883 3121 4940 sternitur
3164 4883 3261 4938 hic
3318 4881 3528 4955 patula:
3578 4879 3869 4935 recubans

2217 4975 2327 5031 sub
2360 4973 2616 5047 tegmine
2646 4973 2786 5046 fagi,
2817 4972 2966 5040 Quid
2997 4989 3130 5028 vero
3161 4976 3299 5027 tunc
3342 4969 3610 5026 miraculi
3641 4966 3869 5024 caelitus

2218 5063 2295 5118 sit
2324 5067 2652 5133 ostensum,
2683 5062 2816 5134 styli
2876 5060 3013 5117 duxi
3058 5060 3250 5118 officio
3282 5076 3396 5116 non
3430 5058 3701 5130 improbe
3732 5054 3873 5111 inti-

2219 5153 2523 5219 mundum,
2559 5155 2624 5207 ut
2654 5167 2918 5222 supernae
2967 5148 3379 5206 illustrationis
3428 5146 3648 5204 veritas
3678 5152 3875 5203 osten-

2220 5240 2505 5313 deret,qui
2538 5243 2736 5296 essent
2760 5242 2907 5311 quos
2925 5238 3206 5295 silvarum
3236 5234 3500 5295 densitas
3528 5235 3874 5292 obtexisset.

2222 5330 2461 5386 Interim
2478 5328 2752 5401 pontifice
2770 5328 3126 5399 quiescente,
3142 5331 3382 5385 sanctus
3409 5326 3499 5382 vir
3528 5324 3877 5383 Bercharius

2220 5418 2278 5473 in
2301 5414 2755 5474 coelunfdeﬁxis
2786 5415 3114 5472 luminibus
3144 5414 3353 5489 aspicit
3383 5413 3578 5472 subito
3613 5429 3745 5470 aere
3774 5427 3878 5483 per

2219 5523 2491 5564 serenum
2517 5506 2832 5577 conspicuo
2857 5503 3192 5560 columbam
3206 5504 3362 5577 (30)e
3391 5500 3750 5560 sublimibus
3779 5499 3875 5555 de-

2220 5632 2343 5713 rius
2373 5629 3150 5713 postnvi'sionemncolumbie
3180 5629 3275 5685 hic
3303 5628 3549 5713 relatam
3578 5626 3869 5713 l'acryuias

2220 5696 2443 5762 fudisse
2495 5701 2728 5762 dicitur.
2766 5724 2793 5754 «
2823 5702 3208 5780 Experrectus
3264 5705 3457 5766 autem
3488 5699 3552 5763 B.
3586 5696 3803 5759 Praesul
3832 5713 3868 5757 ι
