4028 6172
190 316 265 380 67
270 319 306 376 7

1409 318 1511 380 DE
1555 316 1741 380 VITA
1788 316 1856 380 S.
1901 315 2346 380 BERCHARII.

3472 327 3596 389 678

191 452 489 517 scendere,
509 450 674 506 niveo
704 450 928 524 fulgore
958 451 1498 524 radiantem,atque
1526 453 1713 507 eidem
1746 452 1838 506 cui
1868 453 1923 518 Α
1950 449 2181 506 testaris
2213 451 2789 520 illatum,manifesta
2814 456 2912 510 Dei
2940 456 3154 512 virtute
3174 460 3401 515 noveris
3418 461 3595 516 etiam

188 539 476 596 substrati
494 543 832 595 manserant
848 540 1040 595 arbori
1064 538 1271 594 leniter
1286 540 1659 596 insidentem.
1675 540 1844 596 Cum-

189 644 303 701 que
332 627 394 684 in
425 645 555 684 eam
576 627 877 685 oculorum
902 627 1177 701 dirigeret
1197 628 1403 695 aciem,
1419 628 1728 701 diligenter
1746 647 1840 684 ex-

188 716 419 789 plorare
450 716 713 788 cupiens,
734 733 1020 789 quasnam
1054 716 1112 773 in
1144 720 1339 789 partes
1369 716 1489 773 ales
1510 716 1605 773 ille
1637 718 1840 773 niveus

190 804 483 862 declinare
498 806 852 873 decerneret,
871 810 1106 878 repente
1124 805 1349 861 alarum
1368 806 1557 862 soluto
1575 806 1837 879 remigio,

188 895 264 951 ab
295 894 500 950 arbore
532 894 626 949 cui
678 894 971 950 insederat
1019 894 1269 966 prosilit,
1303 898 1359 950 et
1398 912 1678 967 rumpens
1708 911 1842 951 aera

187 1000 461 1051 vacuum,
496 983 705 1039 futurae
736 982 992 1055 spatium
1025 982 1255 1038 fabrica:
1286 983 1731 1051 circumvolans,
1756 983 1837 1039 lo-

187 1089 323 1127 cum
337 1071 397 1126 in
411 1089 524 1144 quo
537 1071 867 1127 ccenobium
882 1071 1138 1127 construi
1154 1073 1379 1139 debeat,
1398 1089 1538 1145 gyro
1551 1072 1836 1145 designat,

186 1161 501 1233 prmsentia
520 1161 869 1225 sanctiﬁcat,
884 1160 1107 1231 expleto
1129 1160 1239 1216 hoc
1261 1160 1840 1228 lustramine,rursus

188 1254 327 1304 nota
358 1248 636 1321 recipitur
665 1249 1167 1321 arbore.Cumque
1198 1250 1434 1305 eosdem
1467 1250 1555 1305 sui
1580 1250 1839 1305 ambitus

185 1337 439 1393 circulos
469 1337 596 1392 (ια)ιί
629 1332 873 1393 nuntius
894 1338 964 1392 ad
998 1337 1205 1393 futura:
1238 1338 1319 1393 rei
1359 1338 1658 1393 firmitatis
1689 1338 1838 1393 indi-

186 1427 347 1482 cium
380 1425 545 1482 tertio
577 1426 904 1497 repetisset,
938 1425 1154 1497 patenti
1209 1425 1350 1482 cmlo
1393 1427 1747 1494 reconditur,
1783 1429 1840 1481 et

185 1514 577 1575 nihilominus
597 1514 940 1571 hominibus
972 1514 1031 1569 in
1064 1519 1220 1570 terra
1258 1508 1604 1588 degentibus
1633 1515 1838 1569 divina:

185 1604 504 1662 voluntatis
525 1602 874 1677 praesagium
893 1603 1235 1675 aperitur,et
1256 1620 1412 1659 nova:
1435 1604 1841 1659 admirationis

183 1688 502 1767 vestigium
524 1692 898 1765 relinquitur.
916 1691 1195 1765 Intelligit
1214 1692 1307 1748 hic
1324 1692 1408 1748 vir
1429 1698 1840 1766 sanctus,puro

178 1786 251 1839 ‘ut
272 1786 399 1839 erat
416 1782 886 1855 auimo,signum
909 1798 1036 1837 esse
1073 1781 1325 1849 caeleste,
1351 1797 1464 1854 quo
1489 1787 1543 1837 et
1574 1783 1841 1838 dubitan-

186 1871 335 1931 tium
370 1870 1039 1938 animiﬁrmarentur,et
1059 1870 1156 1925 diu
1191 1870 1436 1926 dilatum
1470 1888 1616 1943 opus
1648 1872 1706 1927 in
1740 1871 1838 1927 Dei

188 1960 468 2018 servitute
488 1959 851 2015 fundaretur.
868 1959 912 2015 Ο
934 1960 1169 2015 beatum
1192 1959 1382 2015 virum
1399 1960 1491 2015 cui
1515 1960 1841 2015 ostenditur

187 2047 475 2120 corporali
506 2046 720 2103 intuitu
754 2047 1025 2120 angelicae
1059 2047 1313 2120 dignitas
1342 2047 1604 2115 visionis,
1626 2049 1683 2103 in
1709 2065 1837 2121 spe-

188 2134 275 2191 cie
295 2133 579 2193 columbaa
610 2134 926 2201 rutilantis,
948 2135 1021 2189 ad
1052 2135 1551 2207 comprobandum
1583 2136 1840 2191 testimo-

191 2218 355 2269 nium
394 2214 737 2271 innocentia:
769 2220 825 2269 et
856 2214 1146 2286 puritatis.
1184 2216 1283 2269 Est
1329 2215 1504 2270 etiam
1550 2216 1607 2269 in
1640 2215 1746 2269 hac
1779 2233 1839 2270 re

190 2301 336 2357 illud
369 2318 600 2374 quoque
627 2319 743 2357 non
775 2301 972 2356 minus
1004 2301 1366 2369 admirabile,
1387 2302 1525 2373 quia
1556 2304 1707 2374 quod
1732 2303 1839 2358 iste

190 2391 593 2464 corporalibus
623 2390 1080 2463 deprehenderat
1109 2388 1436 2457 oculis,hoc
1466 2390 1621 2445 idem
1654 2391 1842 2462 quies-

190 2496 330 2536 cens
350 2484 589 2535 sanctus
610 2479 867 2552 pontifex
888 2482 1150 2534 senserat
1170 2494 1377 2550 sopore
1397 2478 1648 2535 cmlestis
1666 2480 1838 2535 visio-

190 2569 307 2626 nis.
342 2568 452 2635 Qui
483 2584 616 2624 cum
647 2572 781 2640 post
826 2565 1258 2638 aliquantulum
1300 2572 1582 2640 percepta:
1627 2567 1842 2640 quietis

190 2656 451 2729 spatium
482 2672 689 2712 somno
721 2655 969 2723 excitus,
999 2659 1175 2727 caput
1203 2654 1274 2710 ab
1301 2654 1437 2710 imis
1469 2672 1723 2729 superna
1754 2672 1842 2712 re-

187 2745 476 2801 velatione
506 2744 868 2817 praedoctus
916 2744 1164 2817 erigeret
1196 2761 1210 2798 :
1245 2743 1311 2812 Ο,
1342 2742 1555 2816 inquit,
1577 2750 1843 2801 votorum

188 2851 454 2890 meorum
486 2850 730 2906 compar
758 2832 1309 2904 ﬁdelissime,quam
1338 2838 1569 2905 gratum
1592 2833 1735 2888 mihi
1755 2839 1845 2891 est

189 2922 302 2978 huc
325 2921 636 2995 paululum
658 2922 847 2995 gratia
867 2922 1093 2994 soporis
1115 2938 1218 2993 pro
1236 2925 1495 2994 tempore
1518 2922 1841 2990 divertisse,

186 3026 362 3084 quem
420 3014 648 3065 constat
693 3026 796 3082 per
839 3009 941 3065 Dei
990 3009 1239 3082 gratiam
1271 3012 1446 3064 tanta:
1477 3010 1845 3066 revelationis

187 3097 537 3171 mysterium
568 3097 798 3153 coalitus
831 3097 1161 3170 agnovisse.
1184 3097 1329 3152 Ecce
1359 3097 1515 3153 enim
1556 3097 1693 3154 hinc
1718 3101 1842 3169 jam

1952 537 2329 610 corporaliter
2361 540 2540 596 fuisse
2561 544 2989 615 conspicatum.

1952 642 2255 700 Childerico
2275 647 2523 717 jurante,
2552 649 2833 704 ecclesiam
2853 649 2908 706 S.
2930 651 3106 720 Petro,
3127 654 3297 709 aliam
3325 656 3389 709 B.
3413 654 3598 713 Maria:

2543 727 2706 775 curat
2731 720 2995 776 dedicari.

2022 805 2107 858 11.
2144 804 2244 858 His
2293 805 2472 877 igitur
2517 807 2755 863 alternis
2802 808 2885 864 ita
2915 812 3378 880 conserentibus,
3415 814 3597 872 altero

1950 892 2186 963 quidem
2218 894 2372 964 quod
2403 895 2462 949 in
2496 897 2720 952 somnis
2760 902 3041 967 senserat,
3066 899 3246 955 altero
3277 918 3410 957 vero
3441 905 3595 974 quod

1948 978 2133 1035 oculis
2154 983 2447 1052 corporeis
2463 990 2784 1055 aspexerat,
2802 1002 2894 1039 res
2917 985 2972 1039 in
3007 992 3382 1059 prospectum
3398 991 3596 1046 dedu-

1948 1067 2307 1122 citurloeum
2332 1069 2495 1124 illum
2517 1072 2780 1142 angelica
2801 1072 3249 1143 perlustratione
3273 1076 3596 1149 signatum,

1947 1156 2019 1210 ad
2039 1157 2329 1228 agendum
2352 1158 2556 1212 divinze
2573 1159 2865 1215 servitutis
2885 1162 3231 1232 obsequium
3248 1166 3395 1220 mira
3412 1166 3601 1238 dispo-

1946 1244 2157 1299 sitione
2179 1262 2213 1300 a
2233 1245 2348 1300 Deo
2369 1263 2496 1301 esse
2518 1264 2695 1319 quam
2720 1248 3035 1320 dignanter
3054 1249 3325 1306 electum.
3344 1254 3427 1307 Ita
3466 1272 3600 1310 vero

1948 1338 2217 1405 percepta
2250 1338 2424 1389 tantm
2454 1336 2821 1392 revelationis
2852 1338 2923 1392 de
2953 1337 3288 1394 caelestibus
3320 1340 3495 1396 simul
3543 1348 3602 1399 et

1948 1421 2363 1477 consolationis
2393 1424 2580 1495 gratia
2602 1423 2878 1479 certiores
2901 1425 3133 1498 utrique
3165 1428 3324 1497 facti,
3357 1435 3413 1484 et
3443 1431 3599 1502 quod

1947 1514 2071 1565 erat
2100 1509 2441 1582 ambiguum
2474 1509 2581 1565 loci
2611 1512 3016 1585 designatione
3047 1515 3376 1587 specialiter
3390 1518 3602 1590 edocti,

1949 1597 2083 1653 inde
2116 1598 2287 1653 ambo
2317 1604 2701 1671 consurgunt,
2722 1616 2787 1655 ac
2820 1601 2868 1656 si
2899 1600 3097 1657 oculos
3122 1604 3369 1660 antistes
3396 1605 3601 1662 beatis-

1949 1686 2138 1742 simus
2167 1687 2226 1742 in
2257 1686 2469 1742 oculum
2500 1688 2963 1761 dirigens,illum
2983 1690 3247 1762 protinus
3269 1696 3390 1749 tota
3410 1696 3602 1751 cordis

1949 1774 2273 1829 intentione
2290 1775 2880 1848 collaudans,gratias
2902 1777 3019 1850 egit
3040 1778 3098 1834 in
3118 1796 3292 1851 quem
3315 1782 3387 1837 ab
3406 1784 3601 1840 aeterni

1950 1864 2136 1919 Patris
2158 1867 2378 1919 secreto
2408 1865 2660 1936 Spiritus
2694 1870 2938 1921 sanctus
2971 1867 3254 1939 corporali
3302 1870 3495 1940 specie
3542 1872 3600 1927 iu

1948 1951 2218 2007 columba
2236 1952 2627 2020 descendit,ac
2644 1953 2881 2008 ﬂuentia
2896 1954 3171 2010 Jordanis
3186 1956 3331 2010 sacri
3345 1960 3605 2030 corporis

1949 2039 2227 2094 tinctione
2257 2039 2316 2092 in
2348 2044 2683 2094 nostrorum
2734 2039 3091 2096 ablutionem
3135 2042 3422 2100 scelerum
3461 2047 3604 2102 cmlo

1952 2132 2187 2199 patente
2218 2127 2428 2181 beavit.
2465 2127 2825 2183 Prmcedente
2873 2129 3070 2200 itaque
3102 2130 3159 2183 in
3210 2132 3602 2191 conditionem

1949 2217 2146 2271 aeterni
2162 2214 2522 2271 tabernaculi
2537 2220 2698 2270 tanto
2715 2233 2779 2270 ac
2797 2216 2896 2271 tali
2916 2218 3177 2290 auspicio
3202 2236 3214 2273 :
3241 2221 3395 2287 Tibi,
3414 2222 3607 2295 inquit

1949 2305 2019 2361 ad
2040 2307 2101 2359 Β.
2132 2304 2511 2359 Bercharium
2535 2304 2747 2375 praesul
2769 2304 3281 2379 eximius,tuteque
3302 2309 3605 2369 industriae

1950 2394 2059 2449 hoc
2082 2396 2350 2448 sanctum
2370 2410 2517 2465 opus
2535 2393 2781 2465 dispono
2798 2394 3181 2463 committam,
3198 2401 3262 2451 ut
3281 2413 3456 2469 quem
3475 2417 3609 2472 pru-

1950 2482 2155 2539 dentia
2185 2487 2242 2537 et
2272 2482 2584 2537 sanctitate
2614 2482 2934 2552 perfectum
2978 2499 3106 2539 esse
3154 2501 3270 2539 non
3319 2487 3608 2545 dubitem-

1951 2569 2274 2643 principem
2298 2584 2530 2641 quoque
2562 2569 2620 2624 in
2644 2570 3074 2626 constructione
3096 2572 3348 2629 caelestis
3372 2576 3605 2633 fabricae

1952 2665 2008 2715 te
2031 2661 2165 2729 jure
2194 2658 2545 2713 coneiscam.
2562 2658 2726 2722 Quod
2756 2658 2845 2712 vir
2866 2658 3118 2727 Domini,
3141 2661 3353 2717 ardens
3374 2668 3440 2719 ut
3458 2670 3601 2733 erat,

1950 2748 2091 2803 totis
2122 2746 2367 2801 afﬂuens
2400 2745 2461 2800 in
2502 2744 2818 2800 Dominum
2848 2745 3193 2814 visceribus,
3227 2750 3318 2803 cui
3364 2749 3605 2807 inimica

1953 2834 2208 2907 profecto
2229 2834 2424 2889 omnis
2444 2831 2695 2905 ignavia,
2720 2834 2910 2889 amica
2929 2851 3061 2890 vero
3077 2835 3368 2892 indefessa
3385 2837 3605 2896 laboris

1952 2921 2290 2989 eflicacitas,
2306 2921 2557 2976 libenter
2577 2921 2934 2993 suscipiens,
2954 2925 3119 2978 tanto
3142 2923 3521 2996 amplectitur
3533 2927 3604 2983 de

1952 3011 2188 3078 siderio,
2212 3015 2430 3082 quanta
2463 3009 2523 3064 in
2546 3026 2613 3065 eo
2634 3026 2892 3082 superna
2920 3012 3109 3083 gratia
3130 3013 3471 3069 meritorum
3504 3031 3602 3070 ex-

1954 3102 2209 3153 creverat
2239 3097 2604 3170 magnitudo.
2638 3098 2707 3153 Et
2737 3098 3015 3169 quoniam
3045 3099 3302 3171 seipsum
3320 3102 3448 3171 jam
3470 3107 3604 3160 ante

189 3186 359 3242 latus
390 3184 747 3257 progredior,
767 3184 1044 3240 cmlorum
1078 3185 1247 3257 signa
1284 3202 1518 3257 sequor,
1551 3188 1705 3267 quod
1741 3186 1838 3241 diu
1870 3187 1913 3252 C
1951 3186 2206 3259 Spiritus
2237 3185 2421 3241 sancti
2446 3184 2731 3257 templum
2759 3186 2997 3243 virtutis
3012 3187 3447 3262 eifecerat,ipse
3469 3208 3607 3263 quo-

191 3274 470 3330 diﬂ‘erens
493 3274 665 3329 corde
681 3273 1354 3346 gestaveram,mirandae
1371 3275 1613 3330 visionis
1635 3294 1846 3334 arcano

192 3364 488 3420 maturius
538 3363 998 3436 aggrediendum
1051 3379 1180 3418 esse
1226 3362 1586 3436 compellor:
1622 3366 1722 3421 sed
1774 3382 1848 3422 ne

190 3450 427 3524 longius
450 3469 541 3507 res
580 3450 884 3523 inopinata
912 3455 968 3507 te
1000 3452 1250 3518 duxerit,
1286 3451 1426 3524 quid
1457 3452 1699 3509 viderim
1740 3472 1846 3525 pa-

189 3542 383 3595 tenter
397 3540 691 3613 expedior.
706 3541 775 3595 Et
793 3540 958 3612 prius
980 3541 1319 3612 praesentius
1336 3541 1429 3597 hic
1453 3558 1580 3597 esse
1603 3543 1843 3598 domum

188 3630 397 3699 Dei,ut
424 3628 763 3685 felicissimo
785 3630 1083 3701 quondam
1116 3630 1359 3701 antiquo
1390 3629 1755 3700 patriarchas,
1790 3636 1849 3685 et

168 3724 422 3791 'portam
474 3717 599 3772 cceli
651 3716 798 3771 mihi
840 3716 1086 3790 indigno
1116 3716 1332 3772 Christi
1363 3717 1594 3771 Domini
1627 3718 1846 3773 famulo

184 3806 474 3863 divinitus
505 3811 826 3861 ostensam.
854 3806 1000 3860 Nam
1047 3821 1181 3860 mox
1233 3804 1548 3860 submissis
1577 3807 1844 3873 artubus,

185 3895 386 3951 subito
429 3893 522 3948 hic
553 3910 759 3966 sopore
786 3898 1274 3967 prmreptus,cum
1296 3893 1390 3947 vix
1419 3893 1478 3948 in
1511 3893 1847 3949 utramlibet

184 3988 417 4058 partem
446 3981 535 4037 vis
570 3987 790 4037 natura:
830 3983 1228 4054 quiescentem
1277 3980 1620 4054 impelleret,
1654 3981 1847 4037 videre

182 4072 334 4127 mihi
351 4071 552 4126 videor
573 4087 605 4125 a
626 4069 903 4141 supernis
922 4070 1111 4125 instar
1128 4070 1275 4126 nivei
1300 4069 1567 4125 candoris
1590 4071 1844 4143 speciem

185 4162 399 4217 adesse
432 4158 881 4231 columbae/qum
904 4163 1039 4232 post
1088 4158 1268 4230 hujus
1317 4158 1541 4214 arboris
1590 4175 1845 4230 sessum,

184 4266 304 4305 non
336 4248 564 4303 incerta
583 4264 698 4319 quo
718 4248 1000 4316 tenderet,
1020 4245 1212 4301 locum
1232 4245 1388 4301 hunc
1412 4247 1647 4318 praepeti
1667 4263 1845 4302 cursu

183 4337 440 4393 volando
472 4335 794 4408 praecingit,
815 4335 1086 4406 trinoque
1118 4351 1257 4407 gyro
1279 4351 1439 4406 usque
1459 4339 1694 4407 peracto
1717 4335 1844 4391 caeli

186 4441 475 4482 cacumen
505 4424 712 4480 tendit.
736 4424 919 4480 Credo
950 4424 1223 4495 equidem
1259 4423 1369 4479 hoc
1400 4422 1524 4495 spei
1554 4428 1844 4496 conceptae

185 4514 518 4587 proficuum
551 4530 585 4568 a
616 4512 731 4568 Deo
760 4516 1118 4585 portentum,
1143 4515 1207 4566 ut
1238 4511 1392 4584 quod
1425 4517 1548 4567 erat
1574 4517 1705 4569 voto
1754 4530 1846 4569 su-

184 4605 484 4675 sceptum,
507 4603 633 4673 jam
674 4600 817 4657 omlo
846 4605 1242 4672 praemonente
1270 4599 1348 4655 sit
1397 4599 1640 4657 celerius
1685 4617 1844 4658 exse-

182 4691 514 4762 quendum.
577 4691 790 4745 Sancto
847 4689 967 4744 haec
1022 4689 1295 4760 pontifice
1345 4693 1693 4761 perorante:
1730 4690 1838 4758 Me,

180 4778 381 4851 inquit
410 4779 473 4833 Β.
509 4778 854 4833 Bercharius
884 4777 985 4849 qui
1008 4782 1211 4833 sancto
1242 4778 1364 4832 viro
1396 4778 1605 4849 gremii
1637 4780 1727 4833 sui
1763 4795 1845 4834 re-

182 4867 561 4924 clinatorium
610 4867 845 4934 fecerat,
890 4866 1203 4938 quidquid,
1238 4871 1399 4938 pater
1448 4868 1838 4933 sanctissime,

184 4954 411 5011 caelesti
457 4953 722 5027 prodigio
767 4953 828 5008 in
874 4952 1096 5009 visione
1150 4952 1393 5025 spiritus
1424 4952 1704 5010 divinitus
1736 4955 1842 5011 tibi

185 5138 421 5192 somno,
454 5137 523 5177 ex
551 5121 825 5195 lacrymis
855 5123 984 5248 ejus
1024 5120 1228 5177 faciem
1252 5118 1363 5175 sibi
1395 5120 1609 5191 reperit
1643 5120 1840 5177 udam.

185 5200 243 5248 et
276 5195 647 5248 interrogans
678 5211 807 5248 uuae
837 5193 877 5247 il
904 5193 921 5246 i
948 5208 1129 5247 causa
1158 5192 1329 5246 fletus
1349 5190 1637 5247 existeret.
1662 5195 1840 5248 Acce-

184 5200 243 5267 et
276 5190 647 5267 interrogans
675 5190 921 5267 quae‘illi
942 5192 1329 5267 _causa_ﬂe_tus
1349 5190 1637 5267 existeret.
1653 5195 1842 5267 ‘Acce-

188 5266 277 5346 pit
305 5282 447 5346 eum
476 5261 723 5346 propter.
734 5263 832 5346 sui
852 5264 1098 5346 ruinam
1121 5262 1346 5346 flevisse
1368 5261 1579 5346 operis.
1601 5279 1633 5346 a
1653 5263 1845 5346 Eccle-

187 5333 289 5392 siae
319 5333 547 5393 scilicet
576 5333 635 5390 in
659 5335 865 5391 Villari
887 5352 921 5391 a
950 5334 1201 5390 Nivardo
1233 5333 1325 5387 bis
1364 5333 1690 5401 eXstructae,
1725 5333 1843 5389 bis-

189 5425 306 5481 que
326 5425 478 5481 casu
502 5409 723 5481 incerto
743 5423 981 5481 eversae.
996 5426 1023 5481 ς
1047 5404 1414 5481 Invicemque
1438 5404 1550 5481 sib_i
1564 5404 1690 5481 visa
1708 5405 1846 5460 refe-

185 5475 483 5545 ientibus,
530 5478 784 5534 traditur
824 5476 1084 5550 pontifex
1121 5475 1243 5530 haec
1290 5475 1466 5550 etiam
1516 5475 1615 5528 Dei
1680 5492 1843 5550 servo

186 5552 426 5607 cuidam
458 5550 693 5605 nomine
726 5545 960 5617 Bavoni,
995 5549 1166 5618 cujus
1196 5550 1320 5602 erat
1350 5545 1479 5618 ipsa
1526 5547 1839 5618 possessio,

181 5622 311 5686 visa
325 5638 619 5683 narrasse.
636 5620 743 5693 Qui
765 5619 1084 5681 oratorium
1101 5619 1159 5675 in
1180 5618 1400 5677 honore
1416 5622 1629 5677 sanctae
1642 5618 1843 5679 Cruéis

1956 3292 2069 3347 que
2097 3279 2338 3329 terrena:
2371 3273 2542 3329 molis
2571 3273 3007 3345 pulchritudine
3037 3276 3323 3349 templum
3357 3279 3605 3336 Domino

1955 3362 2139 3419 oculis
2169 3362 2344 3418 etiam
2367 3362 2681 3434 spectabile
2714 3364 2957 3420 fundare
2986 3366 3312 3437 exoptabat,
3346 3370 3606 3427 conﬁsus

1954 3452 2220 3507 videlicet
2238 3451 2499 3523 undique
2514 3456 2636 3507 tam
2654 3452 2848 3508 divino
2865 3470 3045 3526 quam
3067 3456 3283 3510 summi
3302 3457 3600 3528 pontificis

1955 3539 2014 3595 in
2046 3540 2274 3594 cunctis
2304 3539 2539 3595 auxilio.
2573 3540 2719 3595 Nam
2763 3546 2819 3596 et
2864 3542 3151 3599 universis
3201 3543 3293 3599 sui
3325 3546 3605 3617 temporis

1958 3629 2313 3684 Francorum
2336 3627 2891 3702 regibus,episcopis
2911 3647 3142 3703 quoque
3154 3648 3222 3688 ac
3240 3633 3608 3707 regizsdigni-

1957 3717 2098 3771 tatis
2130 3716 2468 3787 proceribus
2499 3720 2618 3770 tam
2650 3722 2883 3787 gratum
2906 3719 3440 3792 acceptabilemque
3468 3738 3603 3777 eum

1956 3810 2180 3860 certum
2210 3809 2300 3859 est
2326 3804 2723 3871 exstitisse,ut
2752 3805 2802 3860 si
2834 3806 2975 3877 quid
3007 3807 3065 3860 in
3098 3807 3312 3863 divinis
3350 3808 3607 3865 cultibus

1957 3910 2059 3949 seu
2091 3894 2270 3947 etiam
2300 3897 2544 3947 terrena:
2587 3892 3025 3948 commoditatis
3068 3896 3607 3965 opportunitatibus

1955 3982 2114 4037 cordi
2145 3985 2318 4048 esset,
2352 3981 2423 4035 ab
2455 3980 2540 4036 eis
2571 3978 2739 4035 facile
2770 3980 3057 4036 obtineret
3088 3997 3102 4034 :
3135 3982 3290 4053 quod
3311 3981 3370 4036 in
3402 3998 3604 4039 conse-

1957 4068 2275 4141 quentibus
2306 4083 2541 4140 quoque
2573 4065 2825 4139 diligens
2846 4065 3030 4123 lector
3057 4085 3164 4123 suo
3186 4068 3312 4124 loco
3344 4073 3609 4141 patenter

1956 4156 2167 4230 poterit
2184 4155 2461 4223 invenire,
2480 4154 2531 4209 si
2546 4171 2614 4210 ea
2636 4170 2763 4225 quae
2786 4154 3029 4212 diversis
3050 4156 3415 4228 temporibus
3438 4158 3606 4231 regia

1957 4245 2282 4317 majestatis
2294 4245 2722 4301 acFrancorum
2737 4244 3066 4315 principum
3080 4245 3485 4301 munificentia
3495 4245 3609 4302 sibi

1956 4351 2233 4391 concessa
2262 4333 2500 4401 fuerint,
2526 4348 2826 4389 recensere
2849 4333 3098 4391 voluerit
3127 4334 3429 4391 beneficia.
3454 4337 3606 4401 Quo-

1955 4441 2086 4479 rum
2101 4421 2367 4479 videlicet
2383 4421 2567 4478 fultus
2581 4421 2994 4479 auctoritateet
3008 4423 3259 4495 gratiam
3269 4423 3407 4494 ,jam
3422 4428 3611 4478 matu-

1955 4513 2079 4567 rius
2102 4510 2515 4582 componendte
2539 4510 2771 4565 fabrica:
2794 4510 3607 4582 negotiisaccingitur,copias

1955 4606 2301 4672 sumptuum
2325 4603 2633 4673 praeparat,
2666 4603 2723 4653 et
2754 4598 3027 4654 universa
3073 4615 3202 4670 quae
3246 4600 3407 4653 tanto
3448 4598 3607 4670 operi

1952 4688 2283 4745 necessaria
2301 4687 2650 4743 videbantur
2664 4687 2904 4743 sedulus
2925 4692 3193 4759 operator
3204 4685 3486 4757 assignat.
3504 4686 3609 4742 Ita.

1952 4794 2065 4849 que
2096 4778 2155 4831 in
2178 4776 2498 4847 supradicti
2527 4776 2743 4848 praedio
2766 4775 2875 4831 loci
2899 4777 3053 4847 quod
3077 4776 3135 4830 in
3158 4774 3363 4831 declivi
3388 4776 3607 4829 montis

1951 4866 2128 4922 latere
2160 4870 2247 4934 (ut
2278 4865 2557 4933 diximus)
2588 4864 2788 4933 situm,
2834 4866 3073 4921 reducto
3122 4864 3421 4936 profusius
3467 4863 3604 4919 sinu

1951 4954 2404 5028 pulcherrimam
2419 4953 2773 5010 blandientis
2792 4954 3149 5010 amcenitatis
3163 4952 3467 5027 planitiem
3481 4952 3610 5008 red-

1952 5122 2071 5179 illic
2108 5124 2349 5189 babens,
2368 5122 2447 5177 ibi
2477 5123 2948 5195 conservabatur.
2965 5124 3071 5191 Qui
3093 5124 3269 5180 etiam
3293 5126 3605 5195 postquam

1952 5194 2244 5268 visionem
2292 5194 2562 5268 praesulis
2619 5200 2677 5249 et
2733 5197 2862 5268 ejus
2912 5196 3180 5268 cognovit
3224 5194 3606 5260 voluntatem,

1955 5265 2168 5320 obtulit
2196 5264 2246 5344 ei
2280 5264 3046 5345 eamdem_possessionem,
3100 5271 3337 5345 partem
3375 5280 3606 5345 quoque

1954 5334 2343 5407 possessionis
2373 5334 2681 5407 cujusdam
2706 5337 2898 5407 fratris
2917 5338 3008 5392 sui
3032 5334 3268 5393 no'miue
3300 5334 3602 5407 Bal—dini.»

1952 5404 2130 5461 Addit
2151 5404 2518 5460 Frodoardus
2546 5406 3053 5463 Theoderamnum
3078 5409 3324 5463 alterum
3359 5404 3606 5460 Bavonis

1953 5480 2213 5543 fratrem,
2251 5475 2492 5550 Beolum
2542 5476 2835 5550 comitem,
2866 5486 3069 5549 postea
3116 5479 3457 5550 episcopum
3504 5476 3610 5550 Re-

1954 5564 2215 5620 mensem
2243 5545 2550 5620 ipsiusque
2588 5548 2773 5620 ﬁlium
2809 5544 3295 5610 Gédconem'illic
3316 5544 3605 5606 monasti-

1952 5636 2087 5680 cum
2119 5618 2388 5679 habitum
2420 5618 2767 5696 suscepisse.
