4104 6172
459 288 579 350 6⁸19

1562 279 1900 344 ADSONIS
1946 277 2385 344 DERVENSIS
2427 281 2528 345 AB
2539 284 2632 346 BA
2644 282 2766 347 'l‘lS

3765 288 3890 368 39.0

461 423 566 489 dit,
611 425 785 493 atque
814 421 874 476 in
905 425 1215 492 prospectu
1267 435 1373 474 suo
1425 417 1789 489 subjacentia
1837 417 2111 474 Materne
2139 419 2196 486 Α
2227 434 2331 474 nec
2379 435 2570 477 sermo
2630 435 2855 492 capere,
2891 435 2994 476 nec
3056 420 3257 495 lingua
3312 420 3462 501 ullo,
3493 423 3672 479 modo
3732 424 3887 482 valet
3939 456 3946 461 ο

460 509 722 566 fluminis
748 509 918 582 longe
945 508 1176 580 lateque
1204 505 1402 562 littora
1430 506 1924 579 circumdespicit,
1957 505 2109 562 mul-

461 597 615 654 centi
645 597 901 669 quadam
930 594 1172 652 visionis
1201 594 1500 666 voluptate
1519 593 1850 667 compellat,
1871 595 1944 650 ab
1967 593 2113 650 anti-

457 701 574 758 quo
583 683 986 741 Altumvillare
999 699 1209 739 nomen
1231 682 1831 756 acceperat,angelicae
1848 683 2112 756 designa-

453 771 632 829 tionis
653 771 911 844 spatium
929 775 995 826 ut
1010 770 1241 828 cmlitus
1258 777 1563 828 ostensum
1585 771 2108 839 fuerat,murorum

454 860 682 918 ambitu
703 859 882 932 jactis
915 860 1316 916 fundamentis
1347 859 1772 933 complectitur,
1789 877 2110 932 omnesque

451 947 613 1005 illius
642 948 896 1022 parietes
926 946 1154 1004 aediﬁcii
1185 948 1258 1004 ad
1290 949 1528 1004 modum
1554 947 1839 1005 columbae
1875 947 1936 1004 in
1977 964 2108 1005 aere

453 1037 812 1110 permeantis
833 1041 1104 1109 suspecta
1121 1037 1527 1108 permansione
1549 1041 1824 1094 metatur.
1842 1037 1955 1094 Nec
1973 1040 2109 1094 ante

451 1127 631 1182 divini
682 1125 924 1181 cultoris
971 1143 1146 1196 opera
1195 1125 1640 1194 destitit,donec
1691 1143 1946 1197 superna
2003 1143 2106 1182 an-

453 1220 670 1270 nuente
690 1214 1074 1286 providentia,
1107 1209 1414 1269 Childerici
1451 1215 1626 1269 etiam
1671 1214 1823 1286 regis
1861 1214 2108 1270 Franco-

453 1320 585 1358 rum
618 1320 686 1361 ac
715 1303 862 1358 sacri
897 1301 1176 1358 antistitis
1227 1302 1550 1374 opitulante
1598 1301 1926 1370 clementia,
1959 1320 2108 1374 opus

452 1393 607 1465 quod
639 1393 711 1447 ad
745 1392 984 1448 tandem
1015 1391 1116 1446 Dei
1150 1395 1488 1463 susceperat
1517 1395 1719 1465 optata
1757 1391 2108 1464 perfectione

449 1479 788 1554 compleret.

675 1639 1062 1700 Monasteriu-m
1091 1639 1256 1698 rebus
1283 1649 1336 1698 et
1355 1643 1605 1715 personis
1634 1641 1877 1698 instruit.

519 1789 604 1844 l2.
642 1787 724 1843 Ea
752 1803 886 1842 vero
918 1786 1122 1854 urbor,
1156 1802 1286 1858 quae
1313 1787 1610 1859 quondam
1661 1784 2110 1858 opulentissima
2136 1786 2184 1853 Β

446 1878 617 1950 fagus
647 1879 909 1944 steterat,
940 1875 1004 1931 in
1033 1891 1152 1947 qua
1183 1874 1458 1931 columba
1487 1873 1718 1930 cmlitus
1747 1873 1965 1930 emissa
1994 1873 2106 1946 pri-

446 1967 582 2022 dem
605 1965 992 2032 resederat,ac
1013 1980 1120 2019 suo
1141 1979 1281 2036 gyro
1299 1963 1479 2018 situm
1502 1961 1840 2018 monasterii
1857 1961 2102 2019 volando

447 2051 1053 2126 expresserat,habita
1091 2051 1512 2108 deliberatione
1543 2051 1956 2118 succiditur,et
1983 2050 2100 2108 col-

447 2142 585 2198 latis
609 2142 669 2196 in
701 2155 1014 2196 commune
1045 2139 1313 2195 omnium
1341 2139 1585 2206 votis,in
1635 2139 1760 2196 loco
1795 2139 1890 2194 cui
1929 2139 2102 2196 afﬁxa

448 2231 656 2296 fuerat,
690 2244 851 2285 aram
884 2227 943 2282 in
990 2228 1363 2284 veneratione
1411 2229 1472 2283 Β.
1507 2227 1658 2284 Petri
1701 2226 2099 2300 apostolorum

447 2317 729 2392 principis
759 2317 869 2390 (3t)
901 2317 1128 2373 statuit.
1152 2317 1237 2372 Ad
1263 2316 1764 2374 consecrationem
1787 2333 1922 2373 vero
1943 2317 2098 2374 basi-

448 2406 573 2462 licis
603 2422 739 2462 cum
781 2405 842 2462 S.
875 2405 1124 2462 Nivardo
1174 2405 1620 2479 metropolitano
1670 2407 1965 2478 pontiﬁce,
1997 2407 2096 2464 alii

446 2495 624 2551 etiam
653 2493 910 2566 episcopi
941 2493 1314 2562 conveniunt,
1347 2493 1539 2550 clerus
1568 2493 1764 2550 omnis
1801 2497 1860 2550 et
1890 2509 2096 2550 nume-

448 2600 592 2640 rosae
608 2581 807 2656 plebes
829 2581 1140 2654 utriusque
1168 2599 1342 2639 sexus
1375 2583 1630 2652 irruunt,
1662 2598 1931 2656 proceres
1961 2600 2100 2656 quo-

447 2687 562 2743 que
587 2671 942 2728 Francorum
974 2687 1090 2728 non
1111 2671 1325 2728 minori
1345 2675 1478 2728 voto
1503 2675 1886 2740 concurrunt,
1908 2676 1967 2728 et
1994 2687 2103 2744 per

448 2759 513 2815 B.
535 2759 644 2816 viri
667 2758 958 2816 Bercharii
975 2775 1126 2832 opus
1144 2757 1438 2816 laudabile
1469 2759 1529 2814 in
1551 2759 1652 2818 Dei
1674 2759 1946 2817 laudibus
1969 2761 2097 2834 pari

445 2865 650 2906 omnes
675 2847 1080 2921 magnitudine
1099 2847 1492 2920 jncunditatis
1529 2849 1814 2906 exultant.
1849 2850 1913 2906 In
1951 2867 2096 2906 aus-

445 2935 577 2992 trali
604 2952 740 2992 vero
762 2935 1028 3006 ejusdem
1057 2937 1276 2993 montis
1303 2937 1500 3006 latere,
1525 2937 1699 2994 aliam
1749 2937 1964 2994 struxit
2005 2939 2100 2995 vir

445 3027 686 3080 sanctus
714 3023 1239 3096 ecclesiam,quam
1269 3024 1570 3098 genitricis
1622 3025 1724 3082 Dei
1768 3030 1825 3083 et
1861 3027 2094 3083 Domini

445 3109 630 3164 nostri
649 3109 791 3164 Jesu
821 3108 1036 3164 Christi
1067 3125 1300 3182 semper
1321 3110 1564 3183 virginis
1612 3112 1807 3168 Maria:
1857 3114 2093 3170 nomine

445 3197 697 3254 decrevit
711 3196 1134 3254 honorandam.
1153 3199 1331 3271 Septa
1350 3199 1526 3255 etiam
1543 3202 1880 3258 monasterii
1901 3207 1958 3258 et
1973 3203 2099 3259 uni-

443 3301 642 3342 versas
673 3289 1074 3357 competentes
1102 3287 1326 3344 ordinis
1356 3287 1730 3356 ofﬁcinas,ad
1762 3291 2102 3348 sectandam

443 3375 574 3431 vitae
605 3371 892 3448 regularis
922 3374 1352 3432 observantiam
1384 3377 1844 3448 prudentissime
1865 3395 2102 3452 compo-

445 3461 930 3532 suit,monasticaa
941 3465 1402 3522 conversationis
1413 3466 1570 3522 viros
1581 3465 1884 3540 religiosos
1904 3483 2104 3542 aggre'

441 3551 684 3625 gavit,et
693 3554 906 3608 cuncta
915 3567 1044 3626 quae
1075 3551 1211 3608 huic
1223 3553 1414 3610 ordini
1436 3555 1746 3611 commoda
1757 3555 2106 3628 judicaban‘

441 3643 556 3712 tur,
589 3637 904 3714 diligenter
930 3638 1210 3714 implevit.
1244 3640 1525 3715 Copiosos
1563 3658 1697 3700 vero
1746 3643 2102 3716 pradiorum

439 3732 718 3802 sumptus
735 3728 1151 3786 sanctissimus
1170 3730 1439 3800 antistes,
1458 3735 1581 3788 tam
1599 3745 1668 3787 ea
1689 3747 1816 3804 quae
1837 3733 1930 3789 sui
1944 3733 2102 3806 juris

441 3833 575 3876 esse
584 3816 1136 3890 videbantur,quam
1155 3834 1284 3890 quae
1297 3819 1472 3875 etiam
1490 3819 1660 3876 beato
1683 3821 2102 3880 interveniente

439 3904 747 3964 Berchario
763 3906 836 3962 ab
848 3907 995 3980 ipsis
1007 3908 1297 3965 Francoru
1306 3924 1360 3963 m
1376 3908 1733 3981 primoribus
1745 3911 1994 3968 obtineri
2007 3929 2104 3986 po-

437 3992 716 4061 terant,in
735 3995 1094 4051 necessarios
1115 4011 1414 4053 servorum
1435 3997 1537 4054 Dei
1553 3997 1846 4073 delegavit
1857 4017 2020 4070 usus,
2037 4005 2104 4060 ut

437 4079 707 4138 videlicet
738 4081 796 4136 in
821 4082 1022 4138 eodem
1047 4084 1312 4141 emnobio
1333 4090 1392 4143 et
1411 4087 1622 4146 merito
1641 4092 1700 4144 et
1730 4105 1976 4148 numero
2005 4108 2102 4164 po-

436 4167 614 4239 pulus
644 4167 760 4224 Deo
793 4170 1056 4228 serviens
1089 4172 1400 4246 utriusque
1431 4173 1732 4234 laboribus
1762 4185 2096 4252 augeretur.

438 4256 568 4312 Haec
595 4261 736 4314 sunt
751 4256 930 4330 igitur
953 4258 1134 4332 hujus
1159 4260 1222 4315 Β.
1243 4261 1434 4319 Patris
1454 4265 1640 4320 nostri
1664 4265 1958 4324 Bercharii
1982 4285 2101 4326 ma.

434 4361 685 4419 gnorum
703 4362 945 4420 operum
963 4353 1168 4404 sancta
1187 4349 1476 4422 principia
1501 4353 1642 4409 :‘sed
1659 4355 1772 4410 adh
1782 4372 1852 4410 ue
1871 4361 2099 4415 restant

435 4435 509 4490 ad
521 4434 730 4490 divinae
742 4435 1091 4508 obsequium
1106 4438 1431 4509 majestatis
1444 4441 1676 4514 piorum
1695 4441 1962 4500 laborum
1980 4461 2096 4503 ma-

2219 505 2527 578 explicare,
3751 579 3758 582 _

2219 612 2462 672 Nivardo
2505 622 2737 684 mortuo,
2771 615 3083 682 virtutibus,
3112 618 3402 674 miraculis
3450 626 3504 675 et
3557 622 3890 677 auctoritate

2921 687 3184 744 clarescit.

2293 774 2378 828 l3.
2402 774 2474 828 At
2495 791 2625 830 vero
2657 791 2792 830 cum
2823 773 2882 830 in
2903 774 2999 831 his
3021 777 3358 832 sanctorum
3385 793 3636 850 operum
3671 778 3892 836 studiis

2217 879 2396 933 quam
2427 861 2680 936 gloriose
2703 868 3042 921 tenerentur
3081 865 3308 935 inserti,
3341 871 3560 924 sancta
3610 867 3887 924 exhorta-

2217 950 2394 1007 tionis
2424 951 2673 1025 gratiam
2697 969 2800 1025 per
2817 953 3065 1027 populos
3105 953 3484 1013 infundentes
3524 959 3584 1012 et
3610 956 3688 1012 ad
3719 961 3886 1014 aeter-

2217 1039 2422 1096 nitatis
2451 1039 2698 1114 gloriam
2731 1058 3202 1116 quaquaversum
3235 1045 3466 1100 animos
3499 1043 3779 1101 fidelium
3801 1045 3886 1100 in-

2216 1129 2484 1197 citantes,
2510 1147 2645 1184 cum
2669 1131 2795 1202 jam
2827 1149 3082 1204 superna
3111 1131 3426 1188 clementia
3456 1133 3757 1189 antistitis
3797 1134 3883 1189 sui

2218 1217 2450 1272 Nivardi
2499 1219 2678 1274 vitam
2729 1219 3082 1276 laudabilem
3131 1226 3427 1294 perpetuae
3476 1223 3886 1294 jucunditatis

2219 1307 2573 1362 commercio
2607 1324 2984 1380 compensare
3006 1314 3063 1364 et
3090 1327 3192 1383 pro
3216 1309 3416 1366 labore
3435 1310 3596 1366 brevi
3621 1310 3884 1384 palmam

2217 1395 2572 1452 decrevisset
2613 1399 3016 1470 permanentis
3065 1399 3382 1471 rependere
3434 1399 3667 1472 gloriae,
3715 1417 3885 1472 opere

2217 1483 2526 1555 perfectus,
2547 1484 2866 1544 virtutibus
2897 1492 3366 1557 consummatus,
3393 1489 3754 1545 adveniente
3779 1489 3883 1545 Ka-

2215 1569 2522 1630 lendarum
2546 1575 2982 1648 Septembrium
3005 1575 3116 1645 die,
3133 1577 3342 1634 mortis
3365 1575 3620 1633 nexibus
3643 1576 3883 1634 absolu-

2213 1663 2311 1717 tus
2334 1660 2609 1736 migravit
2629 1662 3242 1738 ad,Dominum,beataa
3262 1662 3742 1724 immortalitatis
3760 1671 3883 1723 sto-

2214 1747 2332 1806 lam
2345 1752 3064 1828 consecutus,angelorum
3082 1752 3494 1828 agminibusin
3513 1753 3620 1812 illa
3629 1753 3886 1812 ccelestis

2211 1836 2386 1895 curia:
2417 1839 2699 1913 dignitate
2729 1841 2984 1899 concivis
3007 1843 3214 1912 factus,
3239 1841 3652 1916 apostolorum
3697 1844 3884 1918 parti-

2210 1930 2700 2000 ceps,martyrum
2731 1933 2788 1984 et
2809 1929 3209 1988 confessorem
3241 1929 3704 2002 cohaares,illius
3727 1933 3882 1988 insa-

2208 2013 2494 2072 tiabiliter
2515 2021 2755 2090 aspectu
2779 2019 3191 2092 fruitur,cujus
3209 2037 3376 2077 amor
3399 2021 3472 2078 ab
3491 2021 3628 2095 ejus
3647 2029 3884 2096 pectore

2211 2119 2516 2176 nunquam
2549 2107 2858 2165 recessisse
2889 2113 3115 2165 certum
3147 2113 3398 2167 tenetur.
3425 2110 3536 2178 Qui
3589 2109 3733 2169 licet
3778 2128 3878 2185 pro

2209 2189 2335 2264 lege
2367 2194 2559 2252 carnis
2591 2195 2854 2254 debitum
2884 2195 3122 2257 solverit
3166 2197 3444 2255 humanae
3491 2199 3876 2269 conditionis,

2206 2277 2344 2336 vivit
2364 2285 2562 2338 tamen
2586 2283 2644 2338 in
2662 2284 2848 2358 gloria
2886 2291 3176 2359 perpetua:
3197 2287 3639 2360 exsultationis,
3660 2289 3877 2347 nostris

2207 2372 2404 2426 autem
2426 2370 2549 2429 illic
2572 2371 2776 2446 procul
2811 2373 2988 2431 dubio
3011 2374 3266 2432 miseriis
3287 2379 3703 2450 prmstantius,
3737 2381 3786 2435 si
3813 2392 3877 2436 ex

2206 2457 2382 2515 corde
2405 2465 2644 2534 rogatus
2667 2463 2861 2534 fuerit,
2877 2480 3177 2522 occurrere
3197 2469 3706 2540 paratus,quanto
3728 2485 3876 2526 nunc

2206 2547 2506 2617 potentius
2536 2548 2620 2606 illi
2651 2567 2886 2608 summo
2904 2557 3080 2626 atque
3107 2552 3386 2610 invisibili
3420 2555 3668 2628 spiritui
3702 2558 3878 2614 cerni-

2204 2637 2304 2692 tur
2322 2652 2452 2694 esse
2487 2639 2980 2714 conjunctus,per
3005 2639 3283 2698 virtutem
3315 2643 3596 2701 universa
3636 2645 3875 2703 scientia

2204 2723 2332 2796 ipse
2353 2725 2512 2784 scius
2540 2729 2806 2786 omnium
2849 2747 2916 2787 ac
2946 2730 3254 2788 exauditor
3285 2733 3555 2790 effectus.
3574 2735 3666 2790 Ad
3705 2737 3873 2808 cujus

2201 2815 2510 2887 exsequias
2527 2818 2785 2890 corporis
2807 2823 2930 2877 tota
2951 2820 3266 2877 Remorum
3287 2821 3498 2878 civitas
3523 2824 3664 2890 ruit,
3683 2823 3871 2881 clerus

2203 2918 2270 2959 ac
2291 2904 2543 2976 populus
2559 2907 2865 2980 utriusque
2885 2925 3060 2966 sexus
3072 2910 3438 2978 convenit,ex
3458 2912 3666 2968 vicinis
3677 2914 3858 2982 etiam

2201 2992 2449 3050 urbibus
2471 2993 2640 3050 multi
2664 2995 2978 3054 adfuerunt
2995 2999 3141 3054 tanti
3161 2999 3416 3071 pastoris
3437 3017 3752 3058 excessum
3774 3001 3871 3057 ad-

2199 3079 2392 3139 mistis
2418 3082 2514 3156 pio
2547 3084 2774 3141 maerori
2796 3085 3150 3159 hymnorum
3173 3086 3544 3144 solemnibus
3560 3089 3867 3164 obsequiis

2209 3170 2598 3244 assignantes.
2621 3172 2804 3246 Cujus
2833 3175 3071 3247 quidem
3094 3193 3306 3248 corpus
3338 3176 3594 3234 diversis
3618 3178 3865 3252 populo-

2211 3273 2343 3314 rum
2374 3261 2623 3318 catervis
2665 3263 3061 3336 constipatum
3093 3281 3280 3337 usque
3330 3266 3403 3321 ad
3453 3266 3773 3324 basilicam
3807 3268 3860 3323 S.

2213 3346 2462 3422 Remigii
2491 3367 2527 3406 a
2554 3351 2612 3408 S.
2648 3351 2952 3408 Berchario
2987 3369 3090 3410 nec
3123 3371 3240 3412 non
3259 3358 3317 3410 et
3337 3353 3566 3412 sanctis
3587 3355 3871 3428 pontiﬁci-

2211 3437 2324 3494 bus
2355 3437 2453 3511 qui
2485 3455 2553 3494 ea
2582 3439 2674 3496 die
2719 3439 2858 3496 illuc
2905 3441 3326 3512 conﬂuxerant,
3348 3442 3634 3500 universa
3679 3444 3870 3520 gregis

2211 3525 2302 3582 sui
2329 3526 2709 3589 multitudine
2740 3534 3148 3603 prosequente,
3173 3529 3462 3603 condigno
3496 3531 3727 3591 honore
3774 3534 3872 3590 de-

2211 3613 2414 3685 fertur,
2447 3632 2513 3674 ae
2542 3615 2844 3676 excellenti
2887 3619 3184 3679 mausoleo
3230 3619 3634 3690 condendum,
3668 3623 3871 3680 decen-

2211 3702 2504 3760 tissimam
2536 3703 2752 3763 ibidem
2801 3707 3026 3780 accepit
3070 3706 3458 3781 sepulturam,
3493 3712 3872 3768 sanctissimo

2209 3791 2332 3850 viro
2386 3791 2691 3852 Berchario
2744 3793 2804 3851 in
2853 3793 3186 3868 supradicto
3237 3795 3552 3855 Altivillari
3615 3799 3874 3857 cmnobio

2208 3879 2460 3955 glorioso
2493 3881 2727 3955 praesuli
2770 3883 3083 3956 superstite
3125 3883 3344 3945 relicto.
3382 3885 3495 3953 Qui
3539 3885 3684 3944 licet
3733 3887 3876 3946 tanti

2209 3969 2393 4042 patris
2411 3970 2585 4031 fuerit
2606 3971 2889 4030 solamine
2906 3973 3246 4044 destitutus,
3267 3989 3653 4048 nequaquam
3677 3983 3871 4034 tamen

2210 4075 2244 4113 a
2273 4059 2444 4132 coepti
2495 4059 2686 4132 operis
2743 4061 3065 4118 intentione
3116 4062 3430 4134 desistens,
3460 4065 3873 4138 subjectorum

2209 4149 2439 4204 animos
2469 4147 2750 4224 exemplis
2787 4149 3116 4209 instruebat
3137 4157 3194 4209 et
3214 4150 3428 4210 verbis.
3450 4153 3680 4210 Locum
3709 4171 3864 4221 vero,

2207 4252 2336 4308 quae
2369 4235 2654 4295 aedificare
2685 4244 2958 4312 coeperat,
2981 4239 3158 4298 rebus
3189 4258 3256 4298 ac
3276 4242 3468 4300 varios
3503 4244 3721 4302 decore
3751 4244 3872 4303 cel-

2205 4325 2488 4395 lustrans,
2522 4327 2670 4384 nihil
2695 4329 2985 4386 subtraxit
3021 4328 3347 4399 industria},
3383 4331 3571 4390 donec
3625 4335 3702 4390 ad
3751 4333 3869 4390 cul-

2209 4433 2341 4474 men
2375 4415 2716 4490 proveheret
2744 4418 3116 4490 perfectionis
3159 4435 3427 4478 summie.
3450 4419 3869 4494 Spiritualium

426 4523 561 4596 jora
589 4505 1073 4598 certamina—quea
1105 4525 1164 4581 in
1195 4505 1305 4583 hoc
1335 4505 1714 4600 postmodum
1739 4535 2094 4592 monstrabit
2123 4518 2171 4586 D
2201 4505 2678 4600 θυίωηάοηοῗυῖῃ
2727 4507 2998 4600 Firmius
3028 4525 3178 4600 τοέθν
3205 4509 3335 4566 Vim
3373 4510 3506 4582 jam
3557 4519 3870 4570 consertus

435 4628 606 4684 opere
635 4628 831 4669 rerum
863 4615 1300 4687 consequentia.
1325 4617 1431 4683 Qui
1465 4617 1732 4696 videlicet
1765 4637 1898 4678 cum
1938 4627 2095 4680 esset

433 4699 492 4755 in
512 4699 795 4772 spiritalis
815 4702 1073 4759 exercitii
1097 4702 1458 4762 sublimitate
1479 4707 1859 4778 perfectus,in
1885 4711 2093 4768 divinas

431 4785 579 4861 legis
597 4789 976 4846 meditatione
997 4791 1331 4861 continuus,
1348 4793 1728 4866 temporalem
1752 4800 1948 4855 tamen
1974 4817 2091 4856 non

435 4877 775 4950 auspicatus
793 4883 883 4935 est
912 4879 1180 4952 gloriam,
1214 4881 1317 4937 sed
1347 4882 1562 4939 mentis
1595 4883 1847 4956 puritate
1869 4888 2094 4961 jugiter

433 4967 765 5038 concupivit
797 4973 1094 5037 (sternam,
1119 4985 1223 5025 nec
1254 4967 1362 5025 levi
1395 4969 1661 5028 felicitati
1696 4973 1964 5032 inclinari
1984 4993 2090 5032 nec

435 5054 596 5110 inani
626 5055 808 5112 voluit
851 5055 1024 5114 laude
1071 5055 1299 5114 resolvi.
1333 5058 1464 5115 Jam
1505 5076 1638 5116 vero
1679 5069 2091 5122 consummata

435 5143 595 5198 omni
629 5143 778 5200 sacri
809 5143 971 5202 illius
1003 5145 1206 5219 templi
1239 5151 1554 5216 structura,
1588 5148 1681 5206 his
1711 5149 1940 5209 duobus
1961 5169 2092 5210 san-

435 5231 720 5289 ctissimis
731 5232 870 5289 viris
883 5240 1104 5306 quanta
1116 5234 1290 5292 fuerit
1309 5235 1676 5294 immensitas
1693 5240 2086 5311 exultationis,

437 5337 616 5393 quam
646 5327 811 5394 grata
839 5323 1089 5380 societas
1114 5324 1415 5381 unanimis
1453 5326 1798 5395 alfectionis,
1829 5335 2088 5400 quantus

434 5409 764 5467 divinitatis
823 5427 1008 5480 amor,
1065 5416 1320 5484 quantus
1376 5413 1508 5470 vitae
1583 5413 1837 5472 cmlestis
1891 5419 2084 5489 ardor,

512 5552 905 5628 (3l)_Additur
929 5551 1340 5628 indiplomate
1369 5553 1602 5628 Nivardi
1635 5574 1670 5613 a
1692 5557 2088 5620 Sammartha-

442 5622 536 5682 nis
565 5622 767 5695 relato,
793 5630 844 5680 et
870 5624 1054 5694 Pauli,
1083 5622 1182 5683 seu
1215 5626 1380 5684 etiam
1407 5626 1463 5684 S.
1495 5627 1722 5686 Joannis
1766 5639 1822 5688 et
1867 5639 2086 5692 caetero-

2205 4595 2500 4670 angelicze,
2527 4593 2670 4653 civis
2700 4595 2954 4653 cmlestis
2984 4596 3184 4670 patriae

2273 4739 2554 4812 Dogmata
2575 4736 2844 4808 justitim,
2877 4738 3091 4795 Christi
3127 4738 3420 4797 refovebat
3448 4741 3624 4810 ovile,

2271 4826 2645 4884 Constituens
2677 4825 2830 4898 plebi
2864 4826 3122 4884 coelestia
3151 4827 3370 4900 templa
3391 4825 3573 4886 ﬁdeli.

2272 4916 2386 4972 Nec
2416 4915 2614 4971 minus
2641 4915 2700 4970 in
2733 4915 2966 4988 magnis
2996 4914 3254 4989 flagrans
3285 4917 3656 4989 resplenduit
3688 4921 3865 4989 actis,

2271 5006 2405 5070 Quae
2432 5018 2664 5077 gessere
2698 5002 2896 5058 Patres
2929 5000 3057 5058 fulti
3090 5003 3306 5076 pietate
3337 5005 3586 5077 priores,

2270 5091 2506 5164 Optima
2535 5089 2684 5147 dans
2713 5091 2840 5146 vita:
2873 5089 3104 5164 populis
3133 5091 3490 5149 documenta
3521 5095 3710 5152 beatae
3781 5092 3786 5096 ’

2268 5240 2500 5298 Domini
2523 5257 2778 5314 namque
2807 5241 2996 5315 gratia
3027 5247 3344 5315 praeeunte,
3363 5243 3570 5304 multis
3601 5248 3864 5308 miracu-

2196 5329 2388 5386 lorum
2420 5329 2608 5402 signis
2628 5330 2688 5385 in
2710 5347 2776 5387 eo
2808 5329 2933 5388 loco
2961 5330 3192 5403 claruit,
3207 5349 3276 5390 ac
3302 5335 3866 5406 supervenientibus

2195 5418 2557 5475 diversarum
2589 5417 3139 5476 incommoditatum
3167 5419 3406 5478 casibus
3434 5437 3500 5478 se
3528 5439 3866 5496 opponens,

2193 5578 2321 5640 rum
2349 5567 2663 5640 marter
2687 5568 2740 5616 et
2765 5563 3152 5633 confessorem,
3185 5577 3418 5636 quorum
3459 5564 3714 5640 pignora
3758 5565 3867 5626 ibi-

2196 5633 2317 5691 dem
2347 5633 2599 5691 venerari
2625 5641 2940 5690 noscuntur.
