  <div class='ocr_page' id='page_1' title='image "/cluster/home/n/w/nwhite01/storage/ocr_20150623/137/hvd.32044054759972/352.png"; bbox 0 0 4028 6172; ppageno 0'>
   <div class='ocr_carea' id='block_1_1' title="bbox 334 430 455 492">
    <p class='ocr_par' dir='ltr' id='par_1_1' title="bbox 334 430 455 492">
     <span class='ocr_line' id='line_1_1' title="bbox 334 430 455 492; baseline 0.017 -3"><span class='ocrx_word' id='word_1_1' title='bbox 334 430 455 492; x_wconf 78' lang='grc'>685</span> 
     </span>
    </p>
   </div>
   <div class='ocr_carea' id='block_1_2' title="bbox 1629 444 2444 511">
    <p class='ocr_par' dir='ltr' id='par_1_2' title="bbox 1629 444 2444 511">
     <span class='ocr_line' id='line_1_2' title="bbox 1629 444 2444 511; baseline 0.007 -6"><span class='ocrx_word' id='word_1_2' title='bbox 1629 444 1731 505; x_wconf 85' lang='lat' dir='ltr'>DE</span> <span class='ocrx_word' id='word_1_3' title='bbox 1774 445 1957 506; x_wconf 87' lang='lat' dir='ltr'><strong>VI&#39;I‘A</strong></span> <span class='ocrx_word' id='word_1_4' title='bbox 2000 447 2418 511; x_wconf 78' lang='lat' dir='ltr'>BERCHARII</span> <span class='ocrx_word' id='word_1_5' title='bbox 2431 497 2444 511; x_wconf 94' lang='lat'>.</span> 
     </span>
    </p>
   </div>
   <div class='ocr_carea' id='block_1_3' title="bbox 3617 464 3736 527">
    <p class='ocr_par' dir='ltr' id='par_1_3' title="bbox 3617 464 3736 527">
     <span class='ocr_line' id='line_1_3' title="bbox 3617 464 3736 527; baseline -0.017 0"><span class='ocrx_word' id='word_1_6' title='bbox 3617 464 3736 527; x_wconf 88' lang='lat'><strong>686</strong></span> 
     </span>
    </p>
   </div>
   <div class='ocr_carea' id='block_1_4' title="bbox 334 564 3736 667">
    <p class='ocr_par' dir='ltr' id='par_1_4' title="bbox 334 564 3736 667">
     <span class='ocr_line' id='line_1_4' title="bbox 334 564 3736 667; baseline 0.01 -48"><span class='ocrx_word' id='word_1_7' title='bbox 334 564 519 620; x_wconf 91' lang='lat' dir='ltr'>currit</span> <span class='ocrx_word' id='word_1_8' title='bbox 543 567 641 638; x_wconf 89' lang='lat' dir='ltr'>qui</span> <span class='ocrx_word' id='word_1_9' title='bbox 676 568 869 641; x_wconf 79' lang='lat' dir='ltr'>arguit</span> <span class='ocrx_word' id='word_1_10' title='bbox 897 570 1264 641; x_wconf 87' lang='lat' dir='ltr'>criminosos,</span> <span class='ocrx_word' id='word_1_11' title='bbox 1292 574 1446 629; x_wconf 90' lang='lat' dir='ltr'>idem</span> <span class='ocrx_word' id='word_1_12' title='bbox 1470 575 1627 632; x_wconf 81' lang='lat' dir='ltr'>lilins</span> <span class='ocrx_word' id='word_1_13' title='bbox 1649 578 1874 633; x_wconf 72' lang='lat' dir='ltr'>Satanzn</span> <span class='ocrx_word' id='word_1_14' title='bbox 1897 595 1982 634; x_wconf 88' lang='lat' dir='ltr'>ar—</span> <span class='ocrx_word' id='word_1_15' title='bbox 2008 582 2064 648; x_wconf 77' lang='grc' dir='ltr'><strong>Α</strong></span> <span class='ocrx_word' id='word_1_16' title='bbox 2097 581 2207 637; x_wconf 90' lang='lat' dir='ltr'>hoc</span> <span class='ocrx_word' id='word_1_17' title='bbox 2239 584 2454 640; x_wconf 85' lang='lat' dir='ltr'>scelere</span> <span class='ocrx_word' id='word_1_18' title='bbox 2484 587 2808 643; x_wconf 89' lang='lat' dir='ltr'>immunem</span> <span class='ocrx_word' id='word_1_19' title='bbox 2838 590 3123 661; x_wconf 80' lang='lat' dir='ltr'>exhibeat,</span> <span class='ocrx_word' id='word_1_20' title='bbox 3144 592 3243 666; x_wconf 86' lang='lat' dir='ltr'>qui</span> <span class='ocrx_word' id='word_1_21' title='bbox 3262 593 3482 667; x_wconf 89' lang='lat' dir='ltr'>ligandi</span> <span class='ocrx_word' id='word_1_22' title='bbox 3504 596 3736 653; x_wconf 86' lang='lat' dir='ltr'>solven-</span> 
     </span>
    </p>
   </div>
   <div class='ocr_carea' id='block_1_5' title="bbox 334 654 1985 736">
    <p class='ocr_par' dir='ltr' id='par_1_5' title="bbox 334 654 1985 736">
     <span class='ocr_line' id='line_1_5' title="bbox 334 654 1985 736; baseline 0.008 -27"><span class='ocrx_word' id='word_1_23' title='bbox 334 654 450 711; x_wconf 90' lang='lat' dir='ltr'>mis</span> <span class='ocrx_word' id='word_1_24' title='bbox 482 654 801 728; x_wconf 75' lang='lat' dir='ltr'>impietatis</span> <span class='ocrx_word' id='word_1_25' title='bbox 822 664 1109 728; x_wconf 89' lang='lat' dir='ltr'>armatus,</span> <span class='ocrx_word' id='word_1_26' title='bbox 1128 666 1441 736; x_wconf 79' lang='lat' dir='ltr'>postquam</span> <span class='ocrx_word' id='word_1_27' title='bbox 1465 681 1600 720; x_wconf 93' lang='lat' dir='ltr'>eum</span> <span class='ocrx_word' id='word_1_28' title='bbox 1634 666 1855 722; x_wconf 84' lang='lat' dir='ltr'>fessum</span> <span class='ocrx_word' id='word_1_29' title='bbox 1886 683 1985 723; x_wconf 81' lang='lat' dir='ltr'>so-</span> 
     </span>
    </p>
   </div>
   <div class='ocr_carea' id='block_1_6' title="bbox 330 745 1986 815">
    <p class='ocr_par' dir='ltr' id='par_1_6' title="bbox 330 745 1986 815">
     <span class='ocr_line' id='line_1_6' title="bbox 330 745 1986 815; baseline 0.008 -18"><span class='ocrx_word' id='word_1_30' title='bbox 330 745 604 814; x_wconf 90' lang='lat' dir='ltr'>poratum</span> <span class='ocrx_word' id='word_1_31' title='bbox 646 745 912 815; x_wconf 82' lang='lat' dir='ltr'>credidit,</span> <span class='ocrx_word' id='word_1_32' title='bbox 938 747 1171 807; x_wconf 85' lang='lat' dir='ltr'>irruens</span> <span class='ocrx_word' id='word_1_33' title='bbox 1202 750 1262 806; x_wconf 91' lang='lat' dir='ltr'>in</span> <span class='ocrx_word' id='word_1_34' title='bbox 1297 768 1433 807; x_wconf 91' lang='lat' dir='ltr'>eum</span> <span class='ocrx_word' id='word_1_35' title='bbox 1474 753 1707 809; x_wconf 79' lang='lat' dir='ltr'>mortali</span> <span class='ocrx_word' id='word_1_36' title='bbox 1746 754 1986 811; x_wconf 85' lang='lat' dir='ltr'>vulnere</span> 
     </span>
    </p>
   </div>
   <div class='ocr_carea' id='block_1_7' title="bbox 332 832 1985 916">
    <p class='ocr_par' dir='ltr' id='par_1_7' title="bbox 332 832 1985 916">
     <span class='ocr_line' id='line_1_7' title="bbox 332 832 1985 916; baseline 0.008 -30"><span class='ocrx_word' id='word_1_37' title='bbox 332 832 810 905; x_wconf 81' lang='lat' dir='ltr'>attentavit.Nam</span> <span class='ocrx_word' id='word_1_38' title='bbox 829 835 1064 893; x_wconf 91' lang='lat' dir='ltr'>cultello</span> <span class='ocrx_word' id='word_1_39' title='bbox 1086 836 1255 896; x_wconf 91' lang='lat' dir='ltr'>illum</span> <span class='ocrx_word' id='word_1_40' title='bbox 1281 840 1521 898; x_wconf 89' lang='lat' dir='ltr'>rabidus</span> <span class='ocrx_word' id='word_1_41' title='bbox 1543 841 1781 911; x_wconf 86' lang='lat' dir='ltr'>feriit,et</span> <span class='ocrx_word' id='word_1_42' title='bbox 1800 844 1985 916; x_wconf 88' lang='lat' dir='ltr'>patris</span> 
     </span>
    </p>
   </div>
   <div class='ocr_carea' id='block_1_8' title="bbox 332 921 1985 1002">
    <p class='ocr_par' dir='ltr' id='par_1_8' title="bbox 332 921 1985 1002">
     <span class='ocr_line' id='line_1_8' title="bbox 332 921 1985 1002; baseline 0.008 -25"><span class='ocrx_word' id='word_1_43' title='bbox 332 921 621 994; x_wconf 82' lang='lat' dir='ltr'>sanguine</span> <span class='ocrx_word' id='word_1_44' title='bbox 650 939 863 981; x_wconf 91' lang='lat' dir='ltr'>manus</span> <span class='ocrx_word' id='word_1_45' title='bbox 893 927 1159 998; x_wconf 91' lang='lat' dir='ltr'>proprias</span> <span class='ocrx_word' id='word_1_46' title='bbox 1185 929 1501 1002; x_wconf 89' lang='lat' dir='ltr'>impudens</span> <span class='ocrx_word' id='word_1_47' title='bbox 1534 931 1690 987; x_wconf 86' lang='lat' dir='ltr'>ﬁlius</span> <span class='ocrx_word' id='word_1_48' title='bbox 1720 933 1985 990; x_wconf 90' lang='lat' dir='ltr'>macula-</span> 
     </span>
    </p>
   </div>
   <div class='ocr_carea' id='block_1_9' title="bbox 328 1009 1986 1093">
    <p class='ocr_par' dir='ltr' id='par_1_9' title="bbox 328 1009 1986 1093">
     <span class='ocr_line' id='line_1_9' title="bbox 328 1009 1986 1093; baseline 0.009 -30"><span class='ocrx_word' id='word_1_49' title='bbox 328 1009 434 1065; x_wconf 85' lang='lat' dir='ltr'>vit.</span> <span class='ocrx_word' id='word_1_50' title='bbox 468 1012 777 1085; x_wconf 79' lang='lat' dir='ltr'>Arreptum</span> <span class='ocrx_word' id='word_1_51' title='bbox 808 1030 941 1070; x_wconf 90' lang='lat' dir='ltr'>vero</span> <span class='ocrx_word' id='word_1_52' title='bbox 962 1016 1265 1089; x_wconf 88' lang='lat' dir='ltr'>Daguinus</span> <span class='ocrx_word' id='word_1_53' title='bbox 1298 1036 1413 1091; x_wconf 88' lang='lat' dir='ltr'>quo</span> <span class='ocrx_word' id='word_1_54' title='bbox 1445 1025 1717 1077; x_wconf 90' lang='lat' dir='ltr'>sanctum</span> <span class='ocrx_word' id='word_1_55' title='bbox 1750 1038 1986 1093; x_wconf 89' lang='lat' dir='ltr'>percus-</span> 
     </span>
    </p>
   </div>
   <div class='ocr_carea' id='block_1_10' title="bbox 332 1101 1981 1184">
    <p class='ocr_par' dir='ltr' id='par_1_10' title="bbox 332 1101 1981 1184">
     <span class='ocr_line' id='line_1_10' title="bbox 332 1101 1981 1184; baseline 0.008 -31"><span class='ocrx_word' id='word_1_56' title='bbox 332 1103 490 1155; x_wconf 82' lang='lat' dir='ltr'>serat</span> <span class='ocrx_word' id='word_1_57' title='bbox 516 1101 757 1170; x_wconf 84' lang='lat' dir='ltr'>ferrum,</span> <span class='ocrx_word' id='word_1_58' title='bbox 790 1108 983 1160; x_wconf 79' lang='lat' dir='ltr'>reatus</span> <span class='ocrx_word' id='word_1_59' title='bbox 1013 1106 1103 1160; x_wconf 89' lang='lat' dir='ltr'>sui</span> <span class='ocrx_word' id='word_1_60' title='bbox 1127 1108 1398 1164; x_wconf 91' lang='lat' dir='ltr'>conscius</span> <span class='ocrx_word' id='word_1_61' title='bbox 1431 1109 1489 1164; x_wconf 92' lang='lat' dir='ltr'>in</span> <span class='ocrx_word' id='word_1_62' title='bbox 1521 1109 1831 1182; x_wconf 82' lang='lat' dir='ltr'>piscinam,</span> <span class='ocrx_word' id='word_1_63' title='bbox 1854 1128 1981 1184; x_wconf 67' lang='lat' dir='ltr'>qua:</span> 
     </span>
    </p>
   </div>
   <div class='ocr_carea' id='block_1_11' title="bbox 330 1188 1979 1271">
    <p class='ocr_par' dir='ltr' id='par_1_11' title="bbox 330 1188 1979 1271">
     <span class='ocr_line' id='line_1_11' title="bbox 330 1188 1979 1271; baseline 0.008 -28"><span class='ocrx_word' id='word_1_64' title='bbox 330 1188 487 1244; x_wconf 90' lang='lat' dir='ltr'>intra</span> <span class='ocrx_word' id='word_1_65' title='bbox 507 1189 765 1246; x_wconf 88' lang='lat' dir='ltr'>claustra</span> <span class='ocrx_word' id='word_1_66' title='bbox 786 1195 1126 1249; x_wconf 82' lang='lat' dir='ltr'>monasterii</span> <span class='ocrx_word' id='word_1_67' title='bbox 1152 1200 1292 1251; x_wconf 92' lang='lat' dir='ltr'>tunc</span> <span class='ocrx_word' id='word_1_68' title='bbox 1320 1198 1602 1271; x_wconf 81' lang='lat' dir='ltr'>temporis</span> <span class='ocrx_word' id='word_1_69' title='bbox 1633 1200 1979 1269; x_wconf 89' lang='lat' dir='ltr'>habebatur,</span> 
     </span>
    </p>
   </div>
   <div class='ocr_carea' id='block_1_12' title="bbox 332 1278 1979 1360">
    <p class='ocr_par' dir='ltr' id='par_1_12' title="bbox 332 1278 1979 1360">
     <span class='ocr_line' id='line_1_12' title="bbox 332 1278 1979 1360; baseline 0.008 -28"><span class='ocrx_word' id='word_1_70' title='bbox 332 1282 511 1350; x_wconf 78' lang='lat' dir='ltr'>quam</span> <span class='ocrx_word' id='word_1_71' title='bbox 543 1278 828 1335; x_wconf 81' lang='lat' dir='ltr'>citissime</span> <span class='ocrx_word' id='word_1_72' title='bbox 872 1283 1063 1353; x_wconf 90' lang='lat' dir='ltr'>potuit</span> <span class='ocrx_word' id='word_1_73' title='bbox 1110 1284 1268 1340; x_wconf 89' lang='lat' dir='ltr'>velut</span> <span class='ocrx_word' id='word_1_74' title='bbox 1304 1286 1715 1343; x_wconf 82' lang='lat' dir='ltr'>occultandam</span> <span class='ocrx_word' id='word_1_75' title='bbox 1748 1289 1979 1360; x_wconf 89' lang='lat' dir='ltr'>dejecit.</span> 
     </span>
    </p>
   </div>
   <div class='ocr_carea' id='block_1_13' title="bbox 328 1366 1982 1451">
    <p class='ocr_par' dir='ltr' id='par_1_13' title="bbox 328 1366 1982 1451">
     <span class='ocr_line' id='line_1_13' title="bbox 328 1366 1982 1451; baseline 0.008 -31"><span class='ocrx_word' id='word_1_76' title='bbox 328 1366 575 1423; x_wconf 85' lang='lat' dir='ltr'>Videres</span> <span class='ocrx_word' id='word_1_77' title='bbox 609 1372 747 1424; x_wconf 89' lang='lat' dir='ltr'>tunc</span> <span class='ocrx_word' id='word_1_78' title='bbox 787 1369 1018 1427; x_wconf 89' lang='lat' dir='ltr'>laticem</span> <span class='ocrx_word' id='word_1_79' title='bbox 1046 1372 1204 1429; x_wconf 90' lang='lat' dir='ltr'>velut</span> <span class='ocrx_word' id='word_1_80' title='bbox 1252 1375 1398 1430; x_wconf 87' lang='lat' dir='ltr'>tanti</span> <span class='ocrx_word' id='word_1_81' title='bbox 1431 1375 1668 1432; x_wconf 85' lang='lat' dir='ltr'>sceleris</span> <span class='ocrx_word' id='word_1_82' title='bbox 1715 1378 1982 1451; x_wconf 86' lang='lat' dir='ltr'>cognito-</span> 
     </span>
    </p>
   </div>
   <div class='ocr_carea' id='block_1_14' title="bbox 328 1456 1983 1537">
    <p class='ocr_par' dir='ltr' id='par_1_14' title="bbox 328 1456 1983 1537">
     <span class='ocr_line' id='line_1_14' title="bbox 328 1456 1983 1537; baseline 0.008 -26"><span class='ocrx_word' id='word_1_83' title='bbox 328 1471 477 1523; x_wconf 85' lang='lat' dir='ltr'>rem,</span> <span class='ocrx_word' id='word_1_84' title='bbox 501 1456 719 1514; x_wconf 86' lang='lat' dir='ltr'>l‘errum</span> <span class='ocrx_word' id='word_1_85' title='bbox 752 1459 810 1514; x_wconf 94' lang='lat' dir='ltr'>in</span> <span class='ocrx_word' id='word_1_86' title='bbox 842 1476 906 1516; x_wconf 90' lang='lat' dir='ltr'>se</span> <span class='ocrx_word' id='word_1_87' title='bbox 928 1465 1221 1534; x_wconf 88' lang='lat' dir='ltr'>receptare</span> <span class='ocrx_word' id='word_1_88' title='bbox 1252 1480 1647 1537; x_wconf 85' lang='lat' dir='ltr'>expavescere.</span> <span class='ocrx_word' id='word_1_89' title='bbox 1672 1466 1817 1522; x_wconf 90' lang='lat' dir='ltr'>Nam</span> <span class='ocrx_word' id='word_1_90' title='bbox 1849 1484 1983 1524; x_wconf 89' lang='lat' dir='ltr'>mox</span> 
     </span>
    </p>
   </div>
   <div class='ocr_carea' id='block_1_15' title="bbox 329 1547 1978 1627">
    <p class='ocr_par' dir='ltr' id='par_1_15' title="bbox 329 1547 1978 1627">
     <span class='ocr_line' id='line_1_15' title="bbox 329 1547 1978 1627; baseline 0.007 -26"><span class='ocrx_word' id='word_1_91' title='bbox 329 1549 395 1601; x_wconf 89' lang='lat' dir='ltr'>ut</span> <span class='ocrx_word' id='word_1_92' title='bbox 424 1562 637 1618; x_wconf 87' lang='lat' dir='ltr'>aquam</span> <span class='ocrx_word' id='word_1_93' title='bbox 669 1547 880 1621; x_wconf 88' lang='lat' dir='ltr'>tetigit,</span> <span class='ocrx_word' id='word_1_94' title='bbox 904 1548 1064 1605; x_wconf 90' lang='lat' dir='ltr'>velut</span> <span class='ocrx_word' id='word_1_95' title='bbox 1110 1550 1419 1609; x_wconf 67' lang='lat' dir='ltr'>levissimis</span> <span class='ocrx_word' id='word_1_96' title='bbox 1468 1553 1671 1627; x_wconf 86' lang='lat' dir='ltr'>pluma</span> <span class='ocrx_word' id='word_1_97' title='bbox 1716 1556 1978 1613; x_wconf 90' lang='lat' dir='ltr'>materiei</span> 
     </span>
    </p>
   </div>
   <div class='ocr_carea' id='block_1_16' title="bbox 328 1638 1981 1716">
    <p class='ocr_par' dir='ltr' id='par_1_16' title="bbox 328 1638 1981 1716">
     <span class='ocr_line' id='line_1_16' title="bbox 328 1638 1981 1716; baseline 0.007 -26"><span class='ocrx_word' id='word_1_98' title='bbox 328 1651 507 1707; x_wconf 87' lang='lat' dir='ltr'>super</span> <span class='ocrx_word' id='word_1_99' title='bbox 535 1652 720 1709; x_wconf 88' lang='lat' dir='ltr'>aquas</span> <span class='ocrx_word' id='word_1_100' title='bbox 753 1638 1106 1696; x_wconf 86' lang='lat' dir='ltr'>mirabiliter</span> <span class='ocrx_word' id='word_1_101' title='bbox 1132 1642 1383 1712; x_wconf 86' lang='lat' dir='ltr'>natavit;</span> <span class='ocrx_word' id='word_1_102' title='bbox 1420 1643 1543 1716; x_wconf 91' lang='lat' dir='ltr'>ipse</span> <span class='ocrx_word' id='word_1_103' title='bbox 1572 1649 1767 1702; x_wconf 88' lang='lat' dir='ltr'>autem</span> <span class='ocrx_word' id='word_1_104' title='bbox 1799 1647 1981 1703; x_wconf 88' lang='lat' dir='ltr'>homi-</span> 
     </span>
    </p>
   </div>
   <div class='ocr_carea' id='block_1_17' title="bbox 327 1724 1980 1807">
    <p class='ocr_par' dir='ltr' id='par_1_17' title="bbox 327 1724 1980 1807">
     <span class='ocr_line' id='line_1_17' title="bbox 327 1724 1980 1807; baseline 0.008 -28"><span class='ocrx_word' id='word_1_105' title='bbox 327 1724 460 1780; x_wconf 90' lang='lat' dir='ltr'>cida</span> <span class='ocrx_word' id='word_1_106' title='bbox 506 1741 711 1783; x_wconf 85' lang='lat' dir='ltr'>amens</span> <span class='ocrx_word' id='word_1_107' title='bbox 764 1726 974 1798; x_wconf 86' lang='lat' dir='ltr'>factus,</span> <span class='ocrx_word' id='word_1_108' title='bbox 1021 1729 1327 1787; x_wconf 88' lang='lat' dir='ltr'>ecclesiam</span> <span class='ocrx_word' id='word_1_109' title='bbox 1372 1733 1558 1805; x_wconf 87' lang='lat' dir='ltr'>petiit,</span> <span class='ocrx_word' id='word_1_110' title='bbox 1605 1735 1980 1807; x_wconf 89' lang='lat' dir='ltr'>cruentisque</span> 
     </span>
    </p>
   </div>
   <div class='ocr_carea' id='block_1_18' title="bbox 326 1814 1372 1892">
    <p class='ocr_par' dir='ltr' id='par_1_18' title="bbox 326 1814 1372 1892">
     <span class='ocr_line' id='line_1_18' title="bbox 326 1814 1372 1892; baseline 0.008 -24"><span class='ocrx_word' id='word_1_111' title='bbox 326 1814 604 1871; x_wconf 89' lang='lat' dir='ltr'>manibus</span> <span class='ocrx_word' id='word_1_112' title='bbox 637 1815 872 1888; x_wconf 88' lang='lat' dir='ltr'>signum</span> <span class='ocrx_word' id='word_1_113' title='bbox 911 1817 1147 1889; x_wconf 90' lang='lat' dir='ltr'>pulsare</span> <span class='ocrx_word' id='word_1_114' title='bbox 1179 1821 1372 1892; x_wconf 62' lang='lat' dir='ltr'>carpit,</span> 
     </span>
    </p>
   </div>
   <div class='ocr_carea' id='block_1_19' title="bbox 723 1924 1572 2000">
    <p class='ocr_par' dir='ltr' id='par_1_19' title="bbox 723 1924 1572 2000">
     <span class='ocr_line' id='line_1_19' title="bbox 723 1924 1572 2000; baseline 0.006 -21"><span class='ocrx_word' id='word_1_115' title='bbox 723 1924 1040 1981; x_wconf 73' lang='lat' dir='ltr'>Percussori</span> <span class='ocrx_word' id='word_1_116' title='bbox 1062 1928 1277 1982; x_wconf 81' lang='lat' dir='ltr'>veniam</span> <span class='ocrx_word' id='word_1_117' title='bbox 1308 1928 1572 2000; x_wconf 73' lang='lat' dir='ltr'>indulget.</span> 
     </span>
    </p>
   </div>
   <div class='ocr_carea' id='block_1_20' title="bbox 394 2012 1978 2090">
    <p class='ocr_par' dir='ltr' id='par_1_20' title="bbox 394 2012 1978 2090">
     <span class='ocr_line' id='line_1_20' title="bbox 394 2012 1978 2090; baseline 0.007 -24"><span class='ocrx_word' id='word_1_118' title='bbox 394 2012 485 2066; x_wconf 87' lang='grc'>20.</span> <span class='ocrx_word' id='word_1_119' title='bbox 523 2012 753 2068; x_wconf 85' lang='lat' dir='ltr'>Fratres</span> <span class='ocrx_word' id='word_1_120' title='bbox 772 2029 907 2069; x_wconf 88' lang='lat' dir='ltr'>vero</span> <span class='ocrx_word' id='word_1_121' title='bbox 928 2020 995 2069; x_wconf 88' lang='lat' dir='ltr'>ut</span> <span class='ocrx_word' id='word_1_122' title='bbox 1020 2015 1336 2071; x_wconf 87' lang='lat' dir='ltr'>audierunt</span> <span class='ocrx_word' id='word_1_123' title='bbox 1366 2017 1603 2090; x_wconf 89' lang='lat' dir='ltr'>signum</span> <span class='ocrx_word' id='word_1_124' title='bbox 1631 2018 1978 2077; x_wconf 84' lang='lat' dir='ltr'>inconsueta</span> 
     </span>
    </p>
   </div>
   <div class='ocr_carea' id='block_1_21' title="bbox 325 2101 1975 2179">
    <p class='ocr_par' dir='ltr' id='par_1_21' title="bbox 325 2101 1975 2179">
     <span class='ocr_line' id='line_1_21' title="bbox 325 2101 1975 2179; baseline 0.006 -25"><span class='ocrx_word' id='word_1_125' title='bbox 325 2101 489 2167; x_wconf 89' lang='lat' dir='ltr'>hora,</span> <span class='ocrx_word' id='word_1_126' title='bbox 516 2116 651 2156; x_wconf 90' lang='lat' dir='ltr'>cum</span> <span class='ocrx_word' id='word_1_127' title='bbox 677 2117 891 2174; x_wconf 88' lang='lat' dir='ltr'>magna</span> <span class='ocrx_word' id='word_1_128' title='bbox 920 2103 1308 2160; x_wconf 86' lang='lat' dir='ltr'>admiratione</span> <span class='ocrx_word' id='word_1_129' title='bbox 1348 2111 1682 2179; x_wconf 84' lang='lat' dir='ltr'>surgentes,</span> <span class='ocrx_word' id='word_1_130' title='bbox 1707 2112 1764 2162; x_wconf 91' lang='lat' dir='ltr'>et</span> <span class='ocrx_word' id='word_1_131' title='bbox 1800 2125 1975 2164; x_wconf 85' lang='lat' dir='ltr'>sanc-</span> 
     </span>
    </p>
   </div>
   <div class='ocr_carea' id='block_1_22' title="bbox 326 2189 1975 2261">
    <p class='ocr_par' dir='ltr' id='par_1_22' title="bbox 326 2189 1975 2261">
     <span class='ocr_line' id='line_1_22' title="bbox 326 2189 1975 2261; baseline 0.006 -18"><span class='ocrx_word' id='word_1_132' title='bbox 326 2194 452 2244; x_wconf 90' lang='lat' dir='ltr'>tum</span> <span class='ocrx_word' id='word_1_133' title='bbox 480 2189 674 2244; x_wconf 88' lang='lat' dir='ltr'>virum</span> <span class='ocrx_word' id='word_1_134' title='bbox 705 2190 1077 2247; x_wconf 78' lang='lat' dir='ltr'>interfectum</span> <span class='ocrx_word' id='word_1_135' title='bbox 1109 2193 1436 2261; x_wconf 85' lang='lat' dir='ltr'>audientes,</span> <span class='ocrx_word' id='word_1_136' title='bbox 1462 2196 1533 2250; x_wconf 92' lang='lat' dir='ltr'>ad</span> <span class='ocrx_word' id='word_1_137' title='bbox 1568 2195 1784 2252; x_wconf 90' lang='lat' dir='ltr'>lectum</span> <span class='ocrx_word' id='word_1_138' title='bbox 1816 2197 1975 2254; x_wconf 88' lang='lat' dir='ltr'>illius</span> 
     </span>
    </p>
   </div>
   <div class='ocr_carea' id='block_1_23' title="bbox 322 2280 1973 2343">
    <p class='ocr_par' dir='ltr' id='par_1_23' title="bbox 322 2280 1973 2343">
     <span class='ocr_line' id='line_1_23' title="bbox 322 2280 1973 2343; baseline 0.006 -11"><span class='ocrx_word' id='word_1_139' title='bbox 322 2284 749 2335; x_wconf 89' lang='lat' dir='ltr'>cucurrerunt:</span> <span class='ocrx_word' id='word_1_140' title='bbox 774 2281 877 2336; x_wconf 87' lang='lat' dir='ltr'>sed</span> <span class='ocrx_word' id='word_1_141' title='bbox 919 2280 1111 2337; x_wconf 91' lang='lat' dir='ltr'>adhuc</span> <span class='ocrx_word' id='word_1_142' title='bbox 1152 2283 1443 2339; x_wconf 80' lang='lat' dir='ltr'>anxietate</span> <span class='ocrx_word' id='word_1_143' title='bbox 1482 2289 1789 2341; x_wconf 88' lang='lat' dir='ltr'>nutantem</span> <span class='ocrx_word' id='word_1_144' title='bbox 1824 2287 1884 2341; x_wconf 92' lang='lat' dir='ltr'>in</span> <span class='ocrx_word' id='word_1_145' title='bbox 1906 2304 1973 2343; x_wconf 92' lang='lat' dir='ltr'>eo</span> 
     </span>
    </p>
   </div>
   <div class='ocr_carea' id='block_1_24' title="bbox 320 2368 1973 2447">
    <p class='ocr_par' dir='ltr' id='par_1_24' title="bbox 320 2368 1973 2447">
     <span class='ocr_line' id='line_1_24' title="bbox 320 2368 1973 2447; baseline 0.004 -23"><span class='ocrx_word' id='word_1_146' title='bbox 320 2368 599 2439; x_wconf 84' lang='lat' dir='ltr'>spiritum</span> <span class='ocrx_word' id='word_1_147' title='bbox 622 2374 988 2439; x_wconf 90' lang='lat' dir='ltr'>repererunt.</span> <span class='ocrx_word' id='word_1_148' title='bbox 1008 2368 1508 2442; x_wconf 87' lang='lat' dir='ltr'>Comprehensum</span> <span class='ocrx_word' id='word_1_149' title='bbox 1531 2373 1709 2445; x_wconf 84' lang='lat' dir='ltr'>igitur</span> <span class='ocrx_word' id='word_1_150' title='bbox 1726 2375 1973 2447; x_wconf 59' lang='lat' dir='ltr'>pradic-</span> 
     </span>
    </p>
   </div>
   <div class='ocr_carea' id='block_1_25' title="bbox 320 2455 1972 2531">
    <p class='ocr_par' dir='ltr' id='par_1_25' title="bbox 320 2455 1972 2531">
     <span class='ocr_line' id='line_1_25' title="bbox 320 2455 1972 2531; baseline 0.006 -22"><span class='ocrx_word' id='word_1_151' title='bbox 320 2460 447 2510; x_wconf 86' lang='lat' dir='ltr'>tum</span> <span class='ocrx_word' id='word_1_152' title='bbox 472 2455 805 2528; x_wconf 88' lang='lat' dir='ltr'>Daguinum</span> <span class='ocrx_word' id='word_1_153' title='bbox 832 2456 1041 2514; x_wconf 82' lang='lat' dir='ltr'>fratres</span> <span class='ocrx_word' id='word_1_154' title='bbox 1072 2464 1275 2515; x_wconf 90' lang='lat' dir='ltr'>sancto</span> <span class='ocrx_word' id='word_1_155' title='bbox 1296 2460 1418 2516; x_wconf 90' lang='lat' dir='ltr'>viro</span> <span class='ocrx_word' id='word_1_156' title='bbox 1440 2460 1798 2531; x_wconf 88' lang='lat' dir='ltr'>obtulerunt,</span> <span class='ocrx_word' id='word_1_157' title='bbox 1823 2464 1972 2519; x_wconf 90' lang='lat' dir='ltr'>scire</span> 
     </span>
    </p>
   </div>
   <div class='ocr_carea' id='block_1_26' title="bbox 318 2543 1971 2616">
    <p class='ocr_par' dir='ltr' id='par_1_26' title="bbox 318 2543 1971 2616">
     <span class='ocr_line' id='line_1_26' title="bbox 318 2543 1971 2616; baseline 0.007 -19"><span class='ocrx_word' id='word_1_158' title='bbox 318 2543 624 2616; x_wconf 87' lang='lat' dir='ltr'>cupientes</span> <span class='ocrx_word' id='word_1_159' title='bbox 667 2543 807 2616; x_wconf 89' lang='lat' dir='ltr'>quid</span> <span class='ocrx_word' id='word_1_160' title='bbox 837 2546 909 2601; x_wconf 86' lang='lat' dir='ltr'>de</span> <span class='ocrx_word' id='word_1_161' title='bbox 940 2546 1198 2603; x_wconf 89' lang='lat' dir='ltr'>admisso</span> <span class='ocrx_word' id='word_1_162' title='bbox 1229 2551 1392 2604; x_wconf 89' lang='lat' dir='ltr'>tanto</span> <span class='ocrx_word' id='word_1_163' title='bbox 1435 2549 1653 2605; x_wconf 89' lang='lat' dir='ltr'>scelere</span> <span class='ocrx_word' id='word_1_164' title='bbox 1691 2552 1971 2609; x_wconf 88' lang='lat' dir='ltr'>severitas</span> 
     </span>
    </p>
   </div>
   <div class='ocr_carea' id='block_1_27' title="bbox 317 2631 1973 2711">
    <p class='ocr_par' dir='ltr' id='par_1_27' title="bbox 317 2631 1973 2711">
     <span class='ocr_line' id='line_1_27' title="bbox 317 2631 1973 2711; baseline 0.007 -25"><span class='ocrx_word' id='word_1_165' title='bbox 317 2631 643 2688; x_wconf 64' lang='lat' dir='ltr'>clementia)</span> <span class='ocrx_word' id='word_1_166' title='bbox 660 2634 789 2705; x_wconf 89' lang='lat' dir='ltr'>ejus</span> <span class='ocrx_word' id='word_1_167' title='bbox 796 2634 1111 2705; x_wconf 88' lang='lat' dir='ltr'>judicaret.</span> <span class='ocrx_word' id='word_1_168' title='bbox 1125 2635 1390 2708; x_wconf 77' lang='lat' dir='ltr'>Denique</span> <span class='ocrx_word' id='word_1_169' title='bbox 1411 2644 1652 2694; x_wconf 88' lang='lat' dir='ltr'>sanctus</span> <span class='ocrx_word' id='word_1_170' title='bbox 1669 2644 1832 2711; x_wconf 89' lang='lat' dir='ltr'>pater</span> <span class='ocrx_word' id='word_1_171' title='bbox 1851 2659 1973 2698; x_wconf 87' lang='lat' dir='ltr'>ver-</span> 
     </span>
    </p>
   </div>
   <div class='ocr_carea' id='block_1_28' title="bbox 317 2720 1972 2802">
    <p class='ocr_par' dir='ltr' id='par_1_28' title="bbox 317 2720 1972 2802">
     <span class='ocr_line' id='line_1_28' title="bbox 317 2720 1972 2802; baseline 0.007 -27"><span class='ocrx_word' id='word_1_172' title='bbox 317 2720 530 2776; x_wconf 88' lang='lat' dir='ltr'>borum</span> <span class='ocrx_word' id='word_1_173' title='bbox 551 2721 784 2777; x_wconf 90' lang='lat' dir='ltr'>Domini</span> <span class='ocrx_word' id='word_1_174' title='bbox 815 2739 930 2778; x_wconf 92' lang='lat' dir='ltr'>non</span> <span class='ocrx_word' id='word_1_175' title='bbox 953 2723 1285 2793; x_wconf 90' lang='lat' dir='ltr'>immemor,</span> <span class='ocrx_word' id='word_1_176' title='bbox 1309 2725 1527 2798; x_wconf 84' lang='lat' dir='ltr'>quibus</span> <span class='ocrx_word' id='word_1_177' title='bbox 1549 2728 1699 2800; x_wconf 90' lang='lat' dir='ltr'>patri</span> <span class='ocrx_word' id='word_1_178' title='bbox 1722 2746 1825 2800; x_wconf 90' lang='lat' dir='ltr'>pro</span> <span class='ocrx_word' id='word_1_179' title='bbox 1846 2722 1972 2802; x_wconf 84' lang='lat' dir='ltr'>per-</span> 
     </span>
    </p>
   </div>
   <div class='ocr_carea' id='block_1_29' title="bbox 318 2809 1966 2888">
    <p class='ocr_par' dir='ltr' id='par_1_29' title="bbox 318 2809 1966 2888">
     <span class='ocr_line' id='line_1_29' title="bbox 318 2809 1966 2888; baseline 0.005 -22"><span class='ocrx_word' id='word_1_180' title='bbox 318 2809 688 2868; x_wconf 84' lang='lat' dir='ltr'>secutoribus</span> <span class='ocrx_word' id='word_1_181' title='bbox 708 2810 1079 2883; x_wconf 89' lang='lat' dir='ltr'>supplicavit,</span> <span class='ocrx_word' id='word_1_182' title='bbox 1114 2813 1315 2870; x_wconf 88' lang='lat' dir='ltr'>dicens</span> <span class='ocrx_word' id='word_1_183' title='bbox 1342 2830 1356 2870; x_wconf 89' lang='lat'><strong>:</strong></span> <span class='ocrx_word' id='word_1_184' title='bbox 1379 2816 1562 2883; x_wconf 86' lang='lat' dir='ltr'>Pater,</span> <span class='ocrx_word' id='word_1_185' title='bbox 1597 2819 1810 2888; x_wconf 76' lang='lat' dir='ltr'>ignosce</span> <span class='ocrx_word' id='word_1_186' title='bbox 1828 2820 1966 2888; x_wconf 74' lang='lat' dir='ltr'>illis,</span> 
     </span>
    </p>
   </div>
   <div class='ocr_carea' id='block_1_30' title="bbox 317 2899 1965 2979">
    <p class='ocr_par' dir='ltr' id='par_1_30' title="bbox 317 2899 1965 2979">
     <span class='ocr_line' id='line_1_30' title="bbox 317 2899 1965 2979; baseline 0.005 -25"><span class='ocrx_word' id='word_1_187' title='bbox 317 2901 451 2971; x_wconf 83' lang='lat' dir='ltr'>quia</span> <span class='ocrx_word' id='word_1_188' title='bbox 478 2902 730 2955; x_wconf 78' lang='lat' dir='ltr'>nesciunt</span> <span class='ocrx_word' id='word_1_189' title='bbox 776 2899 909 2972; x_wconf 85' lang='lat' dir='ltr'>quid</span> <span class='ocrx_word' id='word_1_190' title='bbox 953 2902 1186 2972; x_wconf 78' lang='lat' dir='ltr'>faciunt,</span> <span class='ocrx_word' id='word_1_191' title='bbox 1222 2901 1541 2959; x_wconf 87' lang='lat' dir='ltr'>clementer</span> <span class='ocrx_word' id='word_1_192' title='bbox 1587 2906 1814 2962; x_wconf 84' lang='lat' dir='ltr'>remisit</span> <span class='ocrx_word' id='word_1_193' title='bbox 1857 2907 1965 2979; x_wconf 90' lang='lat' dir='ltr'>illi,</span> 
     </span>
    </p>
   </div>
   <div class='ocr_carea' id='block_1_31' title="bbox 316 2988 1964 3066">
    <p class='ocr_par' dir='ltr' id='par_1_31' title="bbox 316 2988 1964 3066">
     <span class='ocr_line' id='line_1_31' title="bbox 316 2988 1964 3066; baseline 0.005 -23"><span class='ocrx_word' id='word_1_194' title='bbox 316 3006 497 3060; x_wconf 88' lang='lat' dir='ltr'>quam</span> <span class='ocrx_word' id='word_1_195' title='bbox 529 2988 588 3043; x_wconf 89' lang='lat' dir='ltr'>in</span> <span class='ocrx_word' id='word_1_196' title='bbox 632 3005 695 3045; x_wconf 91' lang='lat' dir='ltr'>se</span> <span class='ocrx_word' id='word_1_197' title='bbox 723 2994 1059 3045; x_wconf 86' lang='lat' dir='ltr'>exercuerat</span> <span class='ocrx_word' id='word_1_198' title='bbox 1107 2989 1364 3062; x_wconf 86' lang='lat' dir='ltr'>culpam.</span> <span class='ocrx_word' id='word_1_199' title='bbox 1397 2991 1582 3047; x_wconf 90' lang='lat' dir='ltr'>Deum</span> <span class='ocrx_word' id='word_1_200' title='bbox 1613 2994 1741 3063; x_wconf 87' lang='lat' dir='ltr'>tibi,</span> <span class='ocrx_word' id='word_1_201' title='bbox 1767 2995 1964 3066; x_wconf 83' lang='lat' dir='ltr'>frater,</span> 
     </span>
    </p>
   </div>
   <div class='ocr_carea' id='block_1_32' title="bbox 314 3077 1960 3152">
    <p class='ocr_par' dir='ltr' id='par_1_32' title="bbox 314 3077 1960 3152">
     <span class='ocr_line' id='line_1_32' title="bbox 314 3077 1960 3152; baseline 0.005 -20"><span class='ocrx_word' id='word_1_202' title='bbox 314 3077 610 3150; x_wconf 88' lang='lat' dir='ltr'>inquiens,</span> <span class='ocrx_word' id='word_1_203' title='bbox 645 3077 1124 3150; x_wconf 69' lang='lat' dir='ltr'>pmnitentialiter</span> <span class='ocrx_word' id='word_1_204' title='bbox 1151 3078 1504 3152; x_wconf 86' lang='lat' dir='ltr'>placabilem</span> <span class='ocrx_word' id='word_1_205' title='bbox 1535 3081 1659 3138; x_wconf 84' lang='lat' dir='ltr'>ﬁeri</span> <span class='ocrx_word' id='word_1_206' title='bbox 1691 3084 1921 3140; x_wconf 89' lang='lat' dir='ltr'>studeto</span> <span class='ocrx_word' id='word_1_207' title='bbox 1946 3102 1960 3140; x_wconf 86' lang='lat'><strong>:</strong></span> 
     </span>
    </p>
   </div>
   <div class='ocr_carea' id='block_1_33' title="bbox 314 3166 1967 3245">
    <p class='ocr_par' dir='ltr' id='par_1_33' title="bbox 314 3166 1967 3245">
     <span class='ocr_line' id='line_1_33' title="bbox 314 3166 1967 3245; baseline 0.005 -24"><span class='ocrx_word' id='word_1_208' title='bbox 314 3183 452 3222; x_wconf 88' lang='lat' dir='ltr'>nam</span> <span class='ocrx_word' id='word_1_209' title='bbox 474 3171 764 3239; x_wconf 86' lang='lat' dir='ltr'>quantum</span> <span class='ocrx_word' id='word_1_210' title='bbox 791 3167 863 3222; x_wconf 90' lang='lat' dir='ltr'>ad</span> <span class='ocrx_word' id='word_1_211' title='bbox 887 3183 980 3223; x_wconf 90' lang='lat' dir='ltr'>me</span> <span class='ocrx_word' id='word_1_212' title='bbox 1002 3166 1207 3223; x_wconf 85' lang='lat' dir='ltr'>attinet</span> <span class='ocrx_word' id='word_1_213' title='bbox 1228 3169 1388 3223; x_wconf 92' lang='lat' dir='ltr'>omni</span> <span class='ocrx_word' id='word_1_214' title='bbox 1413 3174 1470 3225; x_wconf 92' lang='lat' dir='ltr'>te</span> <span class='ocrx_word' id='word_1_215' title='bbox 1492 3168 1741 3227; x_wconf 90' lang='lat' dir='ltr'>liberum</span> <span class='ocrx_word' id='word_1_216' title='bbox 1764 3171 1967 3245; x_wconf 89' lang='lat' dir='ltr'>impie-</span> 
     </span>
    </p>
   </div>
   <div class='ocr_carea' id='block_1_34' title="bbox 2095 670 3863 760">
    <p class='ocr_par' dir='ltr' id='par_1_34' title="bbox 2095 670 3863 760">
     <span class='ocr_line' id='line_1_34' title="bbox 2095 670 3863 760; baseline 0.012 -35"><span class='ocrx_word' id='word_1_217' title='bbox 2095 670 2270 745; x_wconf 91' lang='lat' dir='ltr'>dique</span> <span class='ocrx_word' id='word_1_218' title='bbox 2300 678 2584 746; x_wconf 87' lang='lat' dir='ltr'>potestate</span> <span class='ocrx_word' id='word_1_219' title='bbox 2612 678 3167 750; x_wconf 90' lang='lat' dir='ltr'>suscepta,diversis</span> <span class='ocrx_word' id='word_1_220' title='bbox 3188 685 3527 741; x_wconf 91' lang='lat' dir='ltr'>morborum</span> <span class='ocrx_word' id='word_1_221' title='bbox 3557 702 3738 760; x_wconf 86' lang='lat' dir='ltr'>gene-</span> <span class='ocrx_word' id='word_1_222' title='bbox 3851 744 3863 755; x_wconf 32' lang='grc' dir='ltr'>χ</span> 
     </span>
    </p>
   </div>
   <div class='ocr_carea' id='block_1_35' title="bbox 2094 760 3836 849">
    <p class='ocr_par' dir='ltr' id='par_1_35' title="bbox 2094 760 3836 849">
     <span class='ocr_line' id='line_1_35' title="bbox 2094 760 3836 849; baseline 0.011 -34"><span class='ocrx_word' id='word_1_223' title='bbox 2094 760 2258 818; x_wconf 88' lang='lat' dir='ltr'>ribus</span> <span class='ocrx_word' id='word_1_224' title='bbox 2304 764 2578 821; x_wconf 89' lang='lat' dir='ltr'>subvenit</span> <span class='ocrx_word' id='word_1_225' title='bbox 2626 768 2886 840; x_wconf 90' lang='lat' dir='ltr'>corporis</span> <span class='ocrx_word' id='word_1_226' title='bbox 2947 769 3178 826; x_wconf 90' lang='lat' dir='ltr'>umbra.</span> <span class='ocrx_word' id='word_1_227' title='bbox 3229 773 3513 845; x_wconf 86' lang='lat' dir='ltr'>Egressus</span> <span class='ocrx_word' id='word_1_228' title='bbox 3558 776 3741 849; x_wconf 89' lang='lat' dir='ltr'>igitur</span> <span class='ocrx_word' id='word_1_229' title='bbox 3832 844 3836 849; x_wconf 23' lang='grc' dir='ltr'><strong>λ</strong></span> 
     </span>
    </p>
   </div>
   <div class='ocr_carea' id='block_1_36' title="bbox 2093 849 3739 937">
    <p class='ocr_par' dir='ltr' id='par_1_36' title="bbox 2093 849 3739 937">
     <span class='ocr_line' id='line_1_36' title="bbox 2093 849 3739 937; baseline 0.009 -32"><span class='ocrx_word' id='word_1_230' title='bbox 2093 849 2417 925; x_wconf 90' lang='lat' dir='ltr'>Daguinus,</span> <span class='ocrx_word' id='word_1_231' title='bbox 2450 871 2519 910; x_wconf 86' lang='lat' dir='ltr'>ex</span> <span class='ocrx_word' id='word_1_232' title='bbox 2566 859 2854 929; x_wconf 65' lang='lat' dir='ltr'>praecepto</span> <span class='ocrx_word' id='word_1_233' title='bbox 2897 857 3051 915; x_wconf 88' lang='lat' dir='ltr'>beati</span> <span class='ocrx_word' id='word_1_234' title='bbox 3098 859 3205 915; x_wconf 88' lang='lat' dir='ltr'>viri</span> <span class='ocrx_word' id='word_1_235' title='bbox 3257 861 3503 919; x_wconf 86' lang='lat' dir='ltr'>Romam</span> <span class='ocrx_word' id='word_1_236' title='bbox 3551 864 3739 937; x_wconf 87' lang='lat' dir='ltr'>petiit,</span> 
     </span>
    </p>
   </div>
   <div class='ocr_carea' id='block_1_37' title="bbox 2093 941 3064 1014">
    <p class='ocr_par' dir='ltr' id='par_1_37' title="bbox 2093 941 3064 1014">
     <span class='ocr_line' id='line_1_37' title="bbox 2093 941 3064 1014; baseline 0.009 -19"><span class='ocrx_word' id='word_1_237' title='bbox 2093 941 2248 997; x_wconf 92' lang='lat' dir='ltr'>unde</span> <span class='ocrx_word' id='word_1_238' title='bbox 2278 946 2480 1014; x_wconf 89' lang='lat' dir='ltr'>postea</span> <span class='ocrx_word' id='word_1_239' title='bbox 2512 962 2628 1000; x_wconf 90' lang='lat' dir='ltr'>non</span> <span class='ocrx_word' id='word_1_240' title='bbox 2658 950 2749 1001; x_wconf 91' lang='lat' dir='ltr'>est</span> <span class='ocrx_word' id='word_1_241' title='bbox 2776 963 3064 1005; x_wconf 85' lang='lat' dir='ltr'>reversus.</span> 
     </span>
    </p>
   </div>
   <div class='ocr_carea' id='block_1_38' title="bbox 2144 1046 3690 1179">
    <p class='ocr_par' dir='ltr' id='par_1_38' title="bbox 2144 1046 3690 1179">
     <span class='ocr_line' id='line_1_38' title="bbox 2144 1046 3690 1179; baseline 0.008 -77"><span class='ocrx_word' id='word_1_242' title='bbox 2144 1046 2392 1104; x_wconf 72' lang='lat' dir='ltr'>Moritur.</span> <span class='ocrx_word' id='word_1_243' title='bbox 2427 1049 2490 1104; x_wconf 85' lang='lat' dir='ltr'>In</span> <span class='ocrx_word' id='word_1_244' title='bbox 2517 1051 2799 1107; x_wconf 76' lang='lat' dir='ltr'>ecclesiam</span> <span class='ocrx_word' id='word_1_245' title='bbox 2823 1054 3174 1179; x_wconf 50' lang='lat' dir='ltr'>transfertur.</span> <span class='ocrx_word' id='word_1_246' title='bbox 3203 1054 3393 1111; x_wconf 86' lang='lat' dir='ltr'>Oleum</span> <span class='ocrx_word' id='word_1_247' title='bbox 3419 1073 3449 1112; x_wconf 70' lang='grc' dir='ltr'><strong><em>θ</em></strong></span> <span class='ocrx_word' id='word_1_248' title='bbox 3480 1058 3690 1114; x_wconf 86' lang='lat' dir='ltr'>tumulo</span> 
     </span>
     <span class='ocr_line' id='line_1_39' title="bbox 2810 1141 3016 1179; baseline 0 0"><span class='ocrx_word' id='word_1_249' title='bbox 2810 1141 2973 1179; x_wconf 89' lang='lat' dir='ltr'>mana</span> <span class='ocrx_word' id='word_1_250' title='bbox 3004 1168 3016 1179; x_wconf 96' lang='lat'>.</span> 
     </span>
    </p>
   </div>
   <div class='ocr_carea' id='block_1_39' title="bbox 2810 1141 3016 1180">
    <p class='ocr_par' dir='ltr' id='par_1_39' title="bbox 2810 1141 3016 1180">
     <span class='ocr_line' id='line_1_40' title="bbox 2810 1141 3016 1180; baseline 0 -1"><span class='ocrx_word' id='word_1_251' title='bbox 2810 1141 3016 1180; x_wconf 82' lang='lat' dir='ltr'>manat.</span> 
     </span>
    </p>
   </div>
   <div class='ocr_carea' id='block_1_40' title="bbox 2161 1209 3740 1289">
    <p class='ocr_par' dir='ltr' id='par_1_40' title="bbox 2161 1209 3740 1289">
     <span class='ocr_line' id='line_1_41' title="bbox 2161 1209 3740 1289; baseline 0.005 -26"><span class='ocrx_word' id='word_1_252' title='bbox 2161 1209 2251 1263; x_wconf 79' lang='lat'>21.</span> <span class='ocrx_word' id='word_1_253' title='bbox 2273 1210 2484 1265; x_wconf 89' lang='lat' dir='ltr'>Beatus</span> <span class='ocrx_word' id='word_1_254' title='bbox 2505 1227 2637 1267; x_wconf 90' lang='lat' dir='ltr'>vero</span> <span class='ocrx_word' id='word_1_255' title='bbox 2664 1212 3012 1269; x_wconf 89' lang='lat' dir='ltr'>Bercharius</span> <span class='ocrx_word' id='word_1_256' title='bbox 3032 1213 3365 1270; x_wconf 88' lang='lat' dir='ltr'>diutissime</span> <span class='ocrx_word' id='word_1_257' title='bbox 3386 1232 3601 1289; x_wconf 80' lang='lat' dir='ltr'>angore</span> <span class='ocrx_word' id='word_1_258' title='bbox 3620 1216 3740 1271; x_wconf 90' lang='lat' dir='ltr'>vul-</span> 
     </span>
    </p>
   </div>
   <div class='ocr_carea' id='block_1_41' title="bbox 2092 1296 3736 1375">
    <p class='ocr_par' dir='ltr' id='par_1_41' title="bbox 2092 1296 3736 1375">
     <span class='ocr_line' id='line_1_42' title="bbox 2092 1296 3736 1375; baseline 0.006 -24"><span class='ocrx_word' id='word_1_259' title='bbox 2092 1296 2248 1353; x_wconf 91' lang='lat' dir='ltr'>neris</span> <span class='ocrx_word' id='word_1_260' title='bbox 2270 1299 2596 1368; x_wconf 89' lang='lat' dir='ltr'>morbidus,</span> <span class='ocrx_word' id='word_1_261' title='bbox 2617 1301 2853 1356; x_wconf 87' lang='lat' dir='ltr'>tandem</span> <span class='ocrx_word' id='word_1_262' title='bbox 2876 1318 3048 1357; x_wconf 88' lang='lat' dir='ltr'>carne</span> <span class='ocrx_word' id='word_1_263' title='bbox 3071 1301 3324 1375; x_wconf 88' lang='lat' dir='ltr'>solutus,</span> <span class='ocrx_word' id='word_1_264' title='bbox 3337 1303 3588 1361; x_wconf 75' lang='lat' dir='ltr'>cmlestis</span> <span class='ocrx_word' id='word_1_265' title='bbox 3608 1306 3736 1361; x_wconf 62' lang='lat' dir='ltr'>vita:</span> 
     </span>
    </p>
   </div>
   <div class='ocr_carea' id='block_1_42' title="bbox 2090 1387 3735 1467">
    <p class='ocr_par' dir='ltr' id='par_1_42' title="bbox 2090 1387 3735 1467">
     <span class='ocr_line' id='line_1_43' title="bbox 2090 1387 3735 1467; baseline 0.005 -24"><span class='ocrx_word' id='word_1_266' title='bbox 2090 1387 2631 1460; x_wconf 82' lang='lat' dir='ltr'>gaudiaexsultanti</span> <span class='ocrx_word' id='word_1_267' title='bbox 2646 1389 2856 1462; x_wconf 89' lang='lat' dir='ltr'>spiritu</span> <span class='ocrx_word' id='word_1_268' title='bbox 2870 1390 3004 1445; x_wconf 80' lang='lat' dir='ltr'>felix</span> <span class='ocrx_word' id='word_1_269' title='bbox 3017 1391 3327 1463; x_wconf 88' lang='lat' dir='ltr'>petivit.Ad</span> <span class='ocrx_word' id='word_1_270' title='bbox 3340 1394 3487 1449; x_wconf 89' lang='lat' dir='ltr'>tanti</span> <span class='ocrx_word' id='word_1_271' title='bbox 3502 1411 3735 1467; x_wconf 90' lang='lat' dir='ltr'>quoque</span> 
     </span>
    </p>
   </div>
   <div class='ocr_carea' id='block_1_43' title="bbox 2089 1474 3738 1554">
    <p class='ocr_par' dir='ltr' id='par_1_43' title="bbox 2089 1474 3738 1554">
     <span class='ocr_line' id='line_1_44' title="bbox 2089 1474 3738 1554; baseline 0.005 -24"><span class='ocrx_word' id='word_1_272' title='bbox 2089 1474 2198 1531; x_wconf 90' lang='lat' dir='ltr'>viri</span> <span class='ocrx_word' id='word_1_273' title='bbox 2229 1476 2454 1533; x_wconf 91' lang='lat' dir='ltr'>obitum</span> <span class='ocrx_word' id='word_1_274' title='bbox 2486 1478 2629 1534; x_wconf 89' lang='lat' dir='ltr'>viris</span> <span class='ocrx_word' id='word_1_275' title='bbox 2656 1479 3047 1552; x_wconf 87' lang='lat' dir='ltr'>undecunque</span> <span class='ocrx_word' id='word_1_276' title='bbox 3078 1479 3369 1554; x_wconf 85' lang='lat' dir='ltr'>religiosis</span> <span class='ocrx_word' id='word_1_277' title='bbox 3398 1483 3738 1540; x_wconf 85' lang='lat' dir='ltr'>conﬂuenti-</span> 
     </span>
    </p>
   </div>
   <div class='ocr_carea' id='block_1_44' title="bbox 2091 1565 3731 1646">
    <p class='ocr_par' dir='ltr' id='par_1_44' title="bbox 2091 1565 3731 1646">
     <span class='ocr_line' id='line_1_45' title="bbox 2091 1565 3731 1646; baseline 0.005 -25"><span class='ocrx_word' id='word_1_278' title='bbox 2091 1566 2222 1635; x_wconf 91' lang='lat' dir='ltr'>bus,</span> <span class='ocrx_word' id='word_1_279' title='bbox 2247 1565 2511 1639; x_wconf 89' lang='lat' dir='ltr'>sepultus</span> <span class='ocrx_word' id='word_1_280' title='bbox 2531 1571 2621 1623; x_wconf 89' lang='lat' dir='ltr'>est</span> <span class='ocrx_word' id='word_1_281' title='bbox 2651 1568 2907 1640; x_wconf 89' lang='lat' dir='ltr'>quodam</span> <span class='ocrx_word' id='word_1_282' title='bbox 2938 1567 3063 1625; x_wconf 91' lang='lat' dir='ltr'>loco</span> <span class='ocrx_word' id='word_1_283' title='bbox 3092 1573 3255 1625; x_wconf 87' lang='lat' dir='ltr'>extra</span> <span class='ocrx_word' id='word_1_284' title='bbox 3282 1570 3613 1627; x_wconf 81' lang='lat' dir='ltr'>emnobium</span> <span class='ocrx_word' id='word_1_285' title='bbox 3634 1571 3731 1646; x_wconf 82' lang='lat' dir='ltr'>[aL</span> 
     </span>
    </p>
   </div>
   <div class='ocr_carea' id='block_1_45' title="bbox 2091 1654 3735 1730">
    <p class='ocr_par' dir='ltr' id='par_1_45' title="bbox 2091 1654 3735 1730">
     <span class='ocr_line' id='line_1_46' title="bbox 2091 1654 3735 1730; baseline 0.004 -18"><span class='ocrx_word' id='word_1_286' title='bbox 2091 1654 2444 1730; x_wconf 87' lang='lat' dir='ltr'>ecclesiam],</span> <span class='ocrx_word' id='word_1_287' title='bbox 2477 1655 2681 1713; x_wconf 88' lang='lat' dir='ltr'>multis</span> <span class='ocrx_word' id='word_1_288' title='bbox 2713 1656 2858 1713; x_wconf 90' lang='lat' dir='ltr'>inibi</span> <span class='ocrx_word' id='word_1_289' title='bbox 2888 1657 3004 1714; x_wconf 90' lang='lat' dir='ltr'>Deo</span> <span class='ocrx_word' id='word_1_290' title='bbox 3033 1658 3285 1715; x_wconf 87' lang='lat' dir='ltr'>donante</span> <span class='ocrx_word' id='word_1_291' title='bbox 3316 1660 3735 1719; x_wconf 89' lang='lat' dir='ltr'>miraculorum</span> 
     </span>
    </p>
   </div>
   <div class='ocr_carea' id='block_1_46' title="bbox 2088 1745 3731 1819">
    <p class='ocr_par' dir='ltr' id='par_1_46' title="bbox 2088 1745 3731 1819">
     <span class='ocr_line' id='line_1_47' title="bbox 2088 1745 3731 1819; baseline 0.006 -19"><span class='ocrx_word' id='word_1_292' title='bbox 2088 1745 2315 1817; x_wconf 89' lang='lat' dir='ltr'>pollens</span> <span class='ocrx_word' id='word_1_293' title='bbox 2346 1746 2669 1803; x_wconf 80' lang='lat' dir='ltr'>effectibus.</span> <span class='ocrx_word' id='word_1_294' title='bbox 2706 1746 2818 1803; x_wconf 90' lang='lat' dir='ltr'>Sed</span> <span class='ocrx_word' id='word_1_295' title='bbox 2849 1764 2983 1803; x_wconf 92' lang='lat' dir='ltr'>cum</span> <span class='ocrx_word' id='word_1_296' title='bbox 3006 1748 3134 1819; x_wconf 85' lang='lat' dir='ltr'>jam</span> <span class='ocrx_word' id='word_1_297' title='bbox 3167 1748 3453 1807; x_wconf 90' lang='lat' dir='ltr'>Dominus</span> <span class='ocrx_word' id='word_1_298' title='bbox 3484 1750 3731 1810; x_wconf 88' lang='lat' dir='ltr'>ulterius</span> 
     </span>
    </p>
   </div>
   <div class='ocr_carea' id='block_1_47' title="bbox 2087 1835 3735 1912">
    <p class='ocr_par' dir='ltr' id='par_1_47' title="bbox 2087 1835 3735 1912">
     <span class='ocr_line' id='line_1_48' title="bbox 2087 1835 3735 1912; baseline 0.004 -23"><span class='ocrx_word' id='word_1_299' title='bbox 2087 1838 2358 1890; x_wconf 90' lang='lat' dir='ltr'>sanctum</span> <span class='ocrx_word' id='word_1_300' title='bbox 2391 1851 2565 1892; x_wconf 89' lang='lat' dir='ltr'>suum</span> <span class='ocrx_word' id='word_1_301' title='bbox 2597 1835 2889 1893; x_wconf 88' lang='lat' dir='ltr'>occultare</span> <span class='ocrx_word' id='word_1_302' title='bbox 2919 1836 3117 1906; x_wconf 90' lang='lat' dir='ltr'>nollet,</span> <span class='ocrx_word' id='word_1_303' title='bbox 3146 1854 3214 1894; x_wconf 80' lang='lat' dir='ltr'>ex</span> <span class='ocrx_word' id='word_1_304' title='bbox 3244 1839 3483 1912; x_wconf 69' lang='lat' dir='ltr'>prmfato</span> <span class='ocrx_word' id='word_1_305' title='bbox 3514 1840 3735 1897; x_wconf 92' lang='lat' dir='ltr'>cultelli</span> 
     </span>
    </p>
   </div>
   <div class='ocr_carea' id='block_1_48' title="bbox 2000 1922 3733 1997">
    <p class='ocr_par' dir='ltr' id='par_1_48' title="bbox 2000 1922 3733 1997">
     <span class='ocr_line' id='line_1_49' title="bbox 2000 1922 3733 1997; baseline 0.003 -16"><span class='ocrx_word' id='word_1_306' title='bbox 2000 1922 2050 1989; x_wconf 85' lang='lat' dir='ltr'><strong>B</strong></span> <span class='ocrx_word' id='word_1_307' title='bbox 2082 1924 2363 1981; x_wconf 89' lang='lat' dir='ltr'>miraculo</span> <span class='ocrx_word' id='word_1_308' title='bbox 2395 1925 2734 1997; x_wconf 58' lang='lat' dir='ltr'>ceterisque</span> <span class='ocrx_word' id='word_1_309' title='bbox 2755 1925 2826 1981; x_wconf 90' lang='lat' dir='ltr'>ad</span> <span class='ocrx_word' id='word_1_310' title='bbox 2857 1925 3155 1981; x_wconf 89' lang='lat' dir='ltr'>tumulum</span> <span class='ocrx_word' id='word_1_311' title='bbox 3187 1928 3376 1984; x_wconf 88' lang='lat' dir='ltr'>sancti</span> <span class='ocrx_word' id='word_1_312' title='bbox 3406 1928 3514 1983; x_wconf 87' lang='lat' dir='ltr'>viri</span> <span class='ocrx_word' id='word_1_313' title='bbox 3538 1933 3733 1986; x_wconf 88' lang='lat' dir='ltr'>osten-</span> 
     </span>
    </p>
   </div>
   <div class='ocr_carea' id='block_1_49' title="bbox 2086 2014 3733 2090">
    <p class='ocr_par' dir='ltr' id='par_1_49' title="bbox 2086 2014 3733 2090">
     <span class='ocr_line' id='line_1_50' title="bbox 2086 2014 3733 2090; baseline 0.002 -20"><span class='ocrx_word' id='word_1_314' title='bbox 2086 2014 2188 2082; x_wconf 89' lang='lat' dir='ltr'>sis,</span> <span class='ocrx_word' id='word_1_315' title='bbox 2224 2014 2407 2070; x_wconf 89' lang='lat' dir='ltr'>servis</span> <span class='ocrx_word' id='word_1_316' title='bbox 2452 2014 2552 2070; x_wconf 91' lang='lat' dir='ltr'>Dei</span> <span class='ocrx_word' id='word_1_317' title='bbox 2582 2014 2775 2071; x_wconf 91' lang='lat' dir='ltr'>visum</span> <span class='ocrx_word' id='word_1_318' title='bbox 2808 2018 2897 2070; x_wconf 90' lang='lat' dir='ltr'>est</span> <span class='ocrx_word' id='word_1_319' title='bbox 2936 2014 3073 2070; x_wconf 88' lang='lat' dir='ltr'>inde</span> <span class='ocrx_word' id='word_1_320' title='bbox 3103 2032 3315 2088; x_wconf 90' lang='lat' dir='ltr'>corpus</span> <span class='ocrx_word' id='word_1_321' title='bbox 3345 2016 3501 2073; x_wconf 88' lang='lat' dir='ltr'>beati</span> <span class='ocrx_word' id='word_1_322' title='bbox 3548 2018 3733 2090; x_wconf 86' lang='lat' dir='ltr'>patris</span> 
     </span>
    </p>
   </div>
   <div class='ocr_carea' id='block_1_50' title="bbox 2086 2102 3735 2170">
    <p class='ocr_par' dir='ltr' id='par_1_50' title="bbox 2086 2102 3735 2170">
     <span class='ocr_line' id='line_1_51' title="bbox 2086 2102 3735 2170; baseline 0.002 -11"><span class='ocrx_word' id='word_1_323' title='bbox 2086 2104 2326 2159; x_wconf 87' lang='lat' dir='ltr'>deberre</span> <span class='ocrx_word' id='word_1_324' title='bbox 2344 2102 2670 2170; x_wconf 82' lang='lat' dir='ltr'>transferri,</span> <span class='ocrx_word' id='word_1_325' title='bbox 2690 2120 2755 2158; x_wconf 88' lang='lat' dir='ltr'>ac</span> <span class='ocrx_word' id='word_1_326' title='bbox 2779 2102 2861 2157; x_wconf 90' lang='lat' dir='ltr'>illi</span> <span class='ocrx_word' id='word_1_327' title='bbox 2887 2103 3022 2158; x_wconf 92' lang='lat' dir='ltr'>inde</span> <span class='ocrx_word' id='word_1_328' title='bbox 3042 2103 3394 2161; x_wconf 87' lang='lat' dir='ltr'>translatum</span> <span class='ocrx_word' id='word_1_329' title='bbox 3414 2105 3735 2163; x_wconf 87' lang='lat' dir='ltr'>tumulave-</span> 
     </span>
    </p>
   </div>
   <div class='ocr_carea' id='block_1_51' title="bbox 2085 2191 3733 2265">
    <p class='ocr_par' dir='ltr' id='par_1_51' title="bbox 2085 2191 3733 2265">
     <span class='ocr_line' id='line_1_52' title="bbox 2085 2191 3733 2265; baseline 0.002 -19"><span class='ocrx_word' id='word_1_330' title='bbox 2085 2197 2241 2248; x_wconf 79' lang='lat' dir='ltr'>runtv</span> <span class='ocrx_word' id='word_1_331' title='bbox 2255 2196 2408 2248; x_wconf 89' lang='lat' dir='ltr'>retro</span> <span class='ocrx_word' id='word_1_332' title='bbox 2439 2191 2620 2247; x_wconf 87' lang='lat' dir='ltr'>altare</span> <span class='ocrx_word' id='word_1_333' title='bbox 2650 2192 2709 2246; x_wconf 91' lang='lat' dir='ltr'>in</span> <span class='ocrx_word' id='word_1_334' title='bbox 2741 2191 2987 2247; x_wconf 87' lang='lat' dir='ltr'>basilica</span> <span class='ocrx_word' id='word_1_335' title='bbox 3016 2192 3118 2248; x_wconf 90' lang='lat' dir='ltr'>SS.</span> <span class='ocrx_word' id='word_1_336' title='bbox 3152 2191 3549 2265; x_wconf 89' lang='lat' dir='ltr'>apostolorum</span> <span class='ocrx_word' id='word_1_337' title='bbox 3582 2194 3733 2250; x_wconf 89' lang='lat' dir='ltr'>Petri</span> 
     </span>
    </p>
   </div>
   <div class='ocr_carea' id='block_1_52' title="bbox 2082 2279 3732 2359">
    <p class='ocr_par' dir='ltr' id='par_1_52' title="bbox 2082 2279 3732 2359">
     <span class='ocr_line' id='line_1_53' title="bbox 2082 2279 3732 2359; baseline 0.001 -21"><span class='ocrx_word' id='word_1_338' title='bbox 2082 2288 2140 2338; x_wconf 91' lang='lat' dir='ltr'>et</span> <span class='ocrx_word' id='word_1_339' title='bbox 2161 2281 2345 2351; x_wconf 88' lang='lat' dir='ltr'>Pauli,</span> <span class='ocrx_word' id='word_1_340' title='bbox 2371 2298 2547 2354; x_wconf 89' lang='lat' dir='ltr'>quam</span> <span class='ocrx_word' id='word_1_341' title='bbox 2579 2280 2703 2353; x_wconf 90' lang='lat' dir='ltr'>ipse</span> <span class='ocrx_word' id='word_1_342' title='bbox 2732 2279 2929 2336; x_wconf 85' lang='lat' dir='ltr'>vivens</span> <span class='ocrx_word' id='word_1_343' title='bbox 2958 2281 3361 2351; x_wconf 81' lang='lat' dir='ltr'>aedificaverat,</span> <span class='ocrx_word' id='word_1_344' title='bbox 3398 2281 3498 2338; x_wconf 90' lang='lat' dir='ltr'>ubi</span> <span class='ocrx_word' id='word_1_345' title='bbox 3530 2284 3732 2359; x_wconf 71' lang='lat' dir='ltr'>suifra-</span> 
     </span>
    </p>
   </div>
   <div class='ocr_carea' id='block_1_53' title="bbox 2082 2369 3732 2446">
    <p class='ocr_par' dir='ltr' id='par_1_53' title="bbox 2082 2369 3732 2446">
     <span class='ocr_line' id='line_1_54' title="bbox 2082 2369 3732 2446; baseline 0.002 -21"><span class='ocrx_word' id='word_1_346' title='bbox 2082 2370 2359 2443; x_wconf 88' lang='lat' dir='ltr'>gantibus</span> <span class='ocrx_word' id='word_1_347' title='bbox 2388 2372 2516 2442; x_wconf 87' lang='lat' dir='ltr'>ejus</span> <span class='ocrx_word' id='word_1_348' title='bbox 2544 2369 2770 2425; x_wconf 86' lang='lat' dir='ltr'>meritis</span> <span class='ocrx_word' id='word_1_349' title='bbox 2800 2369 2986 2424; x_wconf 90' lang='lat' dir='ltr'>multa</span> <span class='ocrx_word' id='word_1_350' title='bbox 3006 2369 3350 2426; x_wconf 87' lang='lat' dir='ltr'>tribuuntur</span> <span class='ocrx_word' id='word_1_351' title='bbox 3369 2371 3523 2427; x_wconf 88' lang='lat' dir='ltr'>dona</span> <span class='ocrx_word' id='word_1_352' title='bbox 3551 2389 3732 2446; x_wconf 91' lang='lat' dir='ltr'>popu-</span> 
     </span>
    </p>
   </div>
   <div class='ocr_carea' id='block_1_54' title="bbox 2083 2457 3731 2532">
    <p class='ocr_par' dir='ltr' id='par_1_54' title="bbox 2083 2457 3731 2532">
     <span class='ocr_line' id='line_1_55' title="bbox 2083 2457 3731 2532; baseline 0.002 -19"><span class='ocrx_word' id='word_1_353' title='bbox 2083 2459 2175 2515; x_wconf 91' lang='lat' dir='ltr'>lis.</span> <span class='ocrx_word' id='word_1_354' title='bbox 2208 2460 2289 2515; x_wconf 86' lang='lat' dir='ltr'>Ex</span> <span class='ocrx_word' id='word_1_355' title='bbox 2319 2460 2492 2531; x_wconf 85' lang='lat' dir='ltr'>cujus</span> <span class='ocrx_word' id='word_1_356' title='bbox 2536 2457 2807 2531; x_wconf 88' lang='lat' dir='ltr'>sepulcro</span> <span class='ocrx_word' id='word_1_357' title='bbox 2846 2457 3019 2529; x_wconf 85' lang='lat' dir='ltr'>longo</span> <span class='ocrx_word' id='word_1_358' title='bbox 3067 2463 3200 2530; x_wconf 91' lang='lat' dir='ltr'>post</span> <span class='ocrx_word' id='word_1_359' title='bbox 3229 2463 3491 2532; x_wconf 88' lang='lat' dir='ltr'>tempore</span> <span class='ocrx_word' id='word_1_360' title='bbox 3537 2460 3731 2517; x_wconf 90' lang='lat' dir='ltr'>oleum</span> 
     </span>
    </p>
   </div>
   <div class='ocr_carea' id='block_1_55' title="bbox 2080 2547 3733 2622">
    <p class='ocr_par' dir='ltr' id='par_1_55' title="bbox 2080 2547 3733 2622">
     <span class='ocr_line' id='line_1_56' title="bbox 2080 2547 3733 2622; baseline 0.001 -18"><span class='ocrx_word' id='word_1_361' title='bbox 2080 2548 2381 2622; x_wconf 92' lang='lat' dir='ltr'>pullulans</span> <span class='ocrx_word' id='word_1_362' title='bbox 2401 2548 2459 2603; x_wconf 89' lang='lat' dir='ltr'>in</span> <span class='ocrx_word' id='word_1_363' title='bbox 2483 2564 2584 2603; x_wconf 89' lang='lat' dir='ltr'>vas</span> <span class='ocrx_word' id='word_1_364' title='bbox 2606 2548 2677 2603; x_wconf 88' lang='lat' dir='ltr'>ad</span> <span class='ocrx_word' id='word_1_365' title='bbox 2701 2547 2811 2603; x_wconf 90' lang='lat' dir='ltr'>hoc</span> <span class='ocrx_word' id='word_1_366' title='bbox 2832 2551 3106 2618; x_wconf 88' lang='lat' dir='ltr'>paratum</span> <span class='ocrx_word' id='word_1_367' title='bbox 3122 2547 3315 2603; x_wconf 90' lang='lat' dir='ltr'>visum</span> <span class='ocrx_word' id='word_1_368' title='bbox 3340 2553 3431 2604; x_wconf 89' lang='lat' dir='ltr'>est</span> <span class='ocrx_word' id='word_1_369' title='bbox 3451 2549 3733 2606; x_wconf 86' lang='lat' dir='ltr'>deﬂuxis-</span> 
     </span>
    </p>
   </div>
   <div class='ocr_carea' id='block_1_56' title="bbox 2080 2635 3732 2711">
    <p class='ocr_par' dir='ltr' id='par_1_56' title="bbox 2080 2635 3732 2711">
     <span class='ocr_line' id='line_1_57' title="bbox 2080 2635 3732 2711; baseline 0.001 -17"><span class='ocrx_word' id='word_1_370' title='bbox 2080 2655 2163 2707; x_wconf 89' lang='lat' dir='ltr'>sc,</span> <span class='ocrx_word' id='word_1_371' title='bbox 2198 2636 2425 2693; x_wconf 88' lang='lat' dir='ltr'>cunctis</span> <span class='ocrx_word' id='word_1_372' title='bbox 2455 2636 2659 2692; x_wconf 91' lang='lat' dir='ltr'>morbo</span> <span class='ocrx_word' id='word_1_373' title='bbox 2682 2635 2942 2691; x_wconf 89' lang='lat' dir='ltr'>obsessis</span> <span class='ocrx_word' id='word_1_374' title='bbox 2974 2636 3224 2691; x_wconf 89' lang='lat' dir='ltr'>nimium</span> <span class='ocrx_word' id='word_1_375' title='bbox 3258 2636 3513 2693; x_wconf 88' lang='lat' dir='ltr'>salubre.</span> <span class='ocrx_word' id='word_1_376' title='bbox 3542 2639 3732 2711; x_wconf 82' lang='lat' dir='ltr'>Hujus</span> 
     </span>
    </p>
   </div>
   <div class='ocr_carea' id='block_1_57' title="bbox 2080 2724 3731 2801">
    <p class='ocr_par' dir='ltr' id='par_1_57' title="bbox 2080 2724 3731 2801">
     <span class='ocr_line' id='line_1_58' title="bbox 2080 2724 3731 2801; baseline 0.001 -19"><span class='ocrx_word' id='word_1_377' title='bbox 2080 2728 2283 2801; x_wconf 88' lang='lat' dir='ltr'>igitur,</span> <span class='ocrx_word' id='word_1_378' title='bbox 2304 2726 2443 2799; x_wconf 87' lang='lat' dir='ltr'>quia</span> <span class='ocrx_word' id='word_1_379' title='bbox 2464 2729 2837 2798; x_wconf 90' lang='lat' dir='ltr'>peccatorum</span> <span class='ocrx_word' id='word_1_380' title='bbox 2860 2724 3115 2795; x_wconf 89' lang='lat' dir='ltr'>pondere</span> <span class='ocrx_word' id='word_1_381' title='bbox 3156 2726 3463 2797; x_wconf 69' lang='lat' dir='ltr'>praegavati</span> <span class='ocrx_word' id='word_1_382' title='bbox 3495 2743 3731 2782; x_wconf 88' lang='lat' dir='ltr'>summa</span> 
     </span>
    </p>
   </div>
   <div class='ocr_carea' id='block_1_58' title="bbox 2078 2812 3729 2891">
    <p class='ocr_par' dir='ltr' id='par_1_58' title="bbox 2078 2812 3729 2891">
     <span class='ocr_line' id='line_1_59' title="bbox 2078 2812 3729 2891; baseline -0.004 -15"><span class='ocrx_word' id='word_1_383' title='bbox 2078 2834 2320 2891; x_wconf 88' lang='lat' dir='ltr'>operum</span> <span class='ocrx_word' id='word_1_384' title='bbox 2352 2814 2587 2887; x_wconf 89' lang='lat' dir='ltr'>assequi</span> <span class='ocrx_word' id='word_1_385' title='bbox 2616 2812 2869 2886; x_wconf 92' lang='lat' dir='ltr'>propriis</span> <span class='ocrx_word' id='word_1_386' title='bbox 2898 2812 3123 2867; x_wconf 81' lang='lat' dir='ltr'>viribus</span> <span class='ocrx_word' id='word_1_387' title='bbox 3157 2830 3529 2886; x_wconf 88' lang='lat' dir='ltr'>nequaquam</span> <span class='ocrx_word' id='word_1_388' title='bbox 3578 2832 3729 2887; x_wconf 68' lang='lat' dir='ltr'>prae-</span> 
     </span>
    </p>
   </div>
   <div class='ocr_carea' id='block_1_59' title="bbox 2078 2901 3727 2977">
    <p class='ocr_par' dir='ltr' id='par_1_59' title="bbox 2078 2901 3727 2977">
     <span class='ocr_line' id='line_1_60' title="bbox 2078 2901 3727 2977; baseline -0.002 -14"><span class='ocrx_word' id='word_1_389' title='bbox 2078 2906 2391 2975; x_wconf 89' lang='lat' dir='ltr'>sumimus,</span> <span class='ocrx_word' id='word_1_390' title='bbox 2416 2906 2548 2977; x_wconf 85' lang='lat' dir='ltr'>ejus</span> <span class='ocrx_word' id='word_1_391' title='bbox 2578 2903 2679 2976; x_wconf 89' lang='lat' dir='ltr'>qui</span> <span class='ocrx_word' id='word_1_392' title='bbox 2726 2902 2873 2957; x_wconf 80' lang='lat' dir='ltr'>dixit</span> <span class='ocrx_word' id='word_1_393' title='bbox 2907 2918 2921 2956; x_wconf 91' lang='lat'><strong>:</strong></span> <span class='ocrx_word' id='word_1_394' title='bbox 2958 2902 3094 2957; x_wconf 88' lang='lat' dir='ltr'>Sine</span> <span class='ocrx_word' id='word_1_395' title='bbox 3144 2918 3237 2957; x_wconf 90' lang='lat' dir='ltr'>me</span> <span class='ocrx_word' id='word_1_396' title='bbox 3288 2901 3434 2958; x_wconf 87' lang='lat' dir='ltr'>nihil</span> <span class='ocrx_word' id='word_1_397' title='bbox 3484 2903 3727 2975; x_wconf 87' lang='lat' dir='ltr'>potestis</span> 
     </span>
    </p>
   </div>
   <div class='ocr_carea' id='block_1_60' title="bbox 2076 2990 3725 3067">
    <p class='ocr_par' dir='ltr' id='par_1_60' title="bbox 2076 2990 3725 3067">
     <span class='ocr_line' id='line_1_61' title="bbox 2076 2990 3725 3067; baseline -0.004 -14"><span class='ocrx_word' id='word_1_398' title='bbox 2076 2998 2283 3064; x_wconf 89' lang='lat' dir='ltr'>facere,</span> <span class='ocrx_word' id='word_1_399' title='bbox 2310 2994 2691 3067; x_wconf 89' lang='lat' dir='ltr'>implorcmus</span> <span class='ocrx_word' id='word_1_400' title='bbox 2731 2990 3014 3047; x_wconf 86' lang='lat' dir='ltr'>auxilium</span> <span class='ocrx_word' id='word_1_401' title='bbox 3057 2991 3282 3064; x_wconf 69' lang='lat' dir='ltr'>gratiae,</span> <span class='ocrx_word' id='word_1_402' title='bbox 3303 2995 3594 3064; x_wconf 87' lang='lat' dir='ltr'>quatenus</span> <span class='ocrx_word' id='word_1_403' title='bbox 3624 2993 3725 3064; x_wconf 90' lang='lat' dir='ltr'>qui</span> 
     </span>
    </p>
   </div>
   <div class='ocr_carea' id='block_1_61' title="bbox 2075 3080 3726 3157">
    <p class='ocr_par' dir='ltr' id='par_1_61' title="bbox 2075 3080 3726 3157">
     <span class='ocr_line' id='line_1_62' title="bbox 2075 3080 3726 3157; baseline -0.004 -15"><span class='ocrx_word' id='word_1_404' title='bbox 2075 3086 2282 3143; x_wconf 89' lang='lat' dir='ltr'>merito</span> <span class='ocrx_word' id='word_1_405' title='bbox 2343 3087 2715 3157; x_wconf 86' lang='lat' dir='ltr'>peccatorum</span> <span class='ocrx_word' id='word_1_406' title='bbox 2765 3080 3174 3152; x_wconf 87' lang='lat' dir='ltr'>deprimimur,</span> <span class='ocrx_word' id='word_1_407' title='bbox 3207 3080 3444 3136; x_wconf 86' lang='lat' dir='ltr'>dextera</span> <span class='ocrx_word' id='word_1_408' title='bbox 3489 3080 3726 3137; x_wconf 89' lang='lat' dir='ltr'>virtutis</span> 
     </span>
    </p>
   </div>
   <div class='ocr_carea' id='block_1_62' title="bbox 2074 3168 3724 3243">
    <p class='ocr_par' dir='ltr' id='par_1_62' title="bbox 2074 3168 3724 3243">
     <span class='ocr_line' id='line_1_63' title="bbox 2074 3168 3724 3243; baseline -0.004 -12"><span class='ocrx_word' id='word_1_409' title='bbox 2074 3193 2192 3231; x_wconf 70' lang='lat' dir='ltr'>sua:</span> <span class='ocrx_word' id='word_1_410' title='bbox 2224 3173 2616 3240; x_wconf 90' lang='lat' dir='ltr'>sublevemur,</span> <span class='ocrx_word' id='word_1_411' title='bbox 2650 3169 2752 3243; x_wconf 91' lang='lat' dir='ltr'>qui</span> <span class='ocrx_word' id='word_1_412' title='bbox 2800 3186 2936 3226; x_wconf 93' lang='lat' dir='ltr'>cum</span> <span class='ocrx_word' id='word_1_413' title='bbox 2982 3168 3149 3224; x_wconf 85' lang='lat' dir='ltr'>Patre</span> <span class='ocrx_word' id='word_1_414' title='bbox 3180 3172 3237 3224; x_wconf 92' lang='lat' dir='ltr'>et</span> <span class='ocrx_word' id='word_1_415' title='bbox 3267 3168 3488 3241; x_wconf 90' lang='lat' dir='ltr'>Spiritu</span> <span class='ocrx_word' id='word_1_416' title='bbox 3521 3173 3724 3225; x_wconf 88' lang='lat' dir='ltr'>sancto</span> 
     </span>
    </p>
   </div>
   <div class='ocr_carea' id='block_1_63' title="bbox 294 3240 3776 3346">
    <p class='ocr_par' dir='ltr' id='par_1_63' title="bbox 294 3240 3776 3346">
     <span class='ocr_line' id='line_1_64' title="bbox 294 3240 3776 3346; baseline 0.001 -35"><span class='ocrx_word' id='word_1_417' title='bbox 294 3240 432 3312; x_wconf 86' lang='lat' dir='ltr'>tate</span> <span class='ocrx_word' id='word_1_418' title='bbox 476 3255 728 3312; x_wconf 86' lang='lat' dir='ltr'>remitto.</span> <span class='ocrx_word' id='word_1_419' title='bbox 764 3256 1009 3311; x_wconf 81' lang='lat' dir='ltr'>Romam</span> <span class='ocrx_word' id='word_1_420' title='bbox 1060 3271 1217 3329; x_wconf 87' lang='lat' dir='ltr'>ergo,</span> <span class='ocrx_word' id='word_1_421' title='bbox 1251 3256 1356 3328; x_wconf 79' lang='lat' dir='ltr'>ﬁli,</span> <span class='ocrx_word' id='word_1_422' title='bbox 1391 3260 1758 3333; x_wconf 89' lang='lat' dir='ltr'>progredere,</span> <span class='ocrx_word' id='word_1_423' title='bbox 1797 3240 1868 3318; x_wconf 68' lang='lat' dir='ltr'>ut</span> <span class='ocrx_word' id='word_1_424' title='bbox 1908 3267 1963 3320; x_wconf 90' lang='lat' dir='ltr'>te</span> <span class='ocrx_word' id='word_1_425' title='bbox 1993 3252 2037 3320; x_wconf 85' lang='lat' dir='ltr'><strong><em>C</em></strong></span> <span class='ocrx_word' id='word_1_426' title='bbox 2074 3265 2211 3323; x_wconf 84' lang='lat' dir='ltr'>vivit</span> <span class='ocrx_word' id='word_1_427' title='bbox 2232 3270 2289 3321; x_wconf 88' lang='lat' dir='ltr'>et</span> <span class='ocrx_word' id='word_1_428' title='bbox 2309 3262 2593 3338; x_wconf 88' lang='lat' dir='ltr'>gloriatur</span> <span class='ocrx_word' id='word_1_429' title='bbox 2622 3240 2776 3318; x_wconf 79' lang='lat' dir='ltr'>Deus</span> <span class='ocrx_word' id='word_1_430' title='bbox 2798 3258 2857 3313; x_wconf 91' lang='lat' dir='ltr'>in</span> <span class='ocrx_word' id='word_1_431' title='bbox 2881 3256 3093 3314; x_wconf 72' lang='lat' dir='ltr'>smcula</span> <span class='ocrx_word' id='word_1_432' title='bbox 3123 3240 3492 3314; x_wconf 72' lang='lat' dir='ltr'>swculorum.</span> <span class='ocrx_word' id='word_1_433' title='bbox 3515 3259 3722 3315; x_wconf 84' lang='lat' dir='ltr'>Amen.</span> <span class='ocrx_word' id='word_1_434' title='bbox 3771 3340 3776 3346; x_wconf 19' lang='grc' dir='ltr'><strong><em>ο</em></strong></span> 
     </span>
    </p>
   </div>
   <div class='ocr_carea' id='block_1_64' title="bbox 1790 3470 2261 3540">
    <p class='ocr_par' dir='ltr' id='par_1_64' title="bbox 1790 3470 2261 3540">
     <span class='ocr_line' id='line_1_65' title="bbox 1790 3470 2261 3540; baseline 0.011 -8"><span class='ocrx_word' id='word_1_435' title='bbox 1790 3470 1843 3532; x_wconf 88' lang='grc' dir='ltr'><em>Α</em></span> <span class='ocrx_word' id='word_1_436' title='bbox 1855 3471 2261 3540; x_wconf 80' lang='grc' dir='ltr'>ΡΡΕΝΒΙΧ</span> 
     </span>
    </p>
   </div>
   <div class='ocr_carea' id='block_1_65' title="bbox 572 3622 3471 3712">
    <p class='ocr_par' dir='ltr' id='par_1_65' title="bbox 572 3622 3471 3712">
     <span class='ocr_line' id='line_1_66' title="bbox 572 3622 3471 3712; baseline 0.001 -29"><span class='ocrx_word' id='word_1_437' title='bbox 572 3623 676 3683; x_wconf 67' lang='lat' dir='ltr'>Eat</span> <span class='ocrx_word' id='word_1_438' title='bbox 711 3642 819 3683; x_wconf 86' lang='lat' dir='ltr'>ms.</span> <span class='ocrx_word' id='word_1_439' title='bbox 853 3622 985 3684; x_wconf 84' lang='lat' dir='ltr'>cod.</span> <span class='ocrx_word' id='word_1_440' title='bbox 1017 3624 1308 3686; x_wconf 82' lang='lat' dir='ltr'>Dervensi</span> <span class='ocrx_word' id='word_1_441' title='bbox 1330 3644 1441 3707; x_wconf 80' lang='lat' dir='ltr'>per</span> <span class='ocrx_word' id='word_1_442' title='bbox 1468 3627 1546 3688; x_wconf 80' lang='lat' dir='ltr'>Il.</span> <span class='ocrx_word' id='word_1_443' title='bbox 1581 3628 1660 3690; x_wconf 83' lang='lat' dir='ltr'>P.</span> <span class='ocrx_word' id='word_1_444' title='bbox 1692 3629 2049 3704; x_wconf 70' lang='lat' dir='ltr'>Fz&#39;li&#39;bertum</span> <span class='ocrx_word' id='word_1_445' title='bbox 2090 3632 2435 3712; x_wconf 82' lang='lat' dir='ltr'>Boulanger</span> <span class='ocrx_word' id='word_1_446' title='bbox 2465 3648 2741 3710; x_wconf 88' lang='lat' dir='ltr'>congreg.</span> <span class='ocrx_word' id='word_1_447' title='bbox 2778 3627 2851 3689; x_wconf 91' lang='lat' dir='ltr'>S.</span> <span class='ocrx_word' id='word_1_448' title='bbox 2899 3625 3097 3687; x_wconf 78' lang='lat' dir='ltr'>Vitoni</span> <span class='ocrx_word' id='word_1_449' title='bbox 3120 3624 3471 3696; x_wconf 80' lang='lat' dir='ltr'>monac/mm</span> 
     </span>
    </p>
   </div>
   <div class='ocr_carea' id='block_1_66' title="bbox 1585 3726 2453 3793">
    <p class='ocr_par' dir='ltr' id='par_1_66' title="bbox 1585 3726 2453 3793">
     <span class='ocr_line' id='line_1_67' title="bbox 1585 3726 2453 3793; baseline 0.005 -8"><span class='ocrx_word' id='word_1_450' title='bbox 1585 3726 1970 3792; x_wconf 77' lang='lat' dir='ltr'>Benedictum</span> <span class='ocrx_word' id='word_1_451' title='bbox 1999 3730 2453 3793; x_wconf 79' lang='lat' dir='ltr'>communicato.</span> 
     </span>
    </p>
   </div>
   <div class='ocr_carea' id='block_1_67' title="bbox 957 3900 1323 3957">
    <p class='ocr_par' dir='ltr' id='par_1_67' title="bbox 957 3900 1323 3957">
     <span class='ocr_line' id='line_1_68' title="bbox 957 3900 1323 3957; baseline 0.003 -3"><span class='ocrx_word' id='word_1_452' title='bbox 957 3900 1082 3956; x_wconf 74' lang='lat' dir='ltr'>Dies</span> <span class='ocrx_word' id='word_1_453' title='bbox 1124 3900 1323 3957; x_wconf 78' lang='lat' dir='ltr'>obitus.</span> 
     </span>
    </p>
   </div>
   <div class='ocr_carea' id='block_1_68' title="bbox 380 3988 1969 4064">
    <p class='ocr_par' dir='ltr' id='par_1_68' title="bbox 380 3988 1969 4064">
     <span class='ocr_line' id='line_1_69' title="bbox 380 3988 1969 4064; baseline 0.006 -21"><span class='ocrx_word' id='word_1_454' title='bbox 380 3991 472 4043; x_wconf 88' lang='lat'><strong>22.</strong></span> <span class='ocrx_word' id='word_1_455' title='bbox 493 3988 703 4043; x_wconf 88' lang='lat' dir='ltr'>Beatus</span> <span class='ocrx_word' id='word_1_456' title='bbox 724 3988 1071 4045; x_wconf 89' lang='lat' dir='ltr'>Bercharius</span> <span class='ocrx_word' id='word_1_457' title='bbox 1089 3989 1393 4046; x_wconf 90' lang='lat' dir='ltr'>durissimi</span> <span class='ocrx_word' id='word_1_458' title='bbox 1413 3990 1696 4064; x_wconf 87' lang='lat' dir='ltr'>languore</span> <span class='ocrx_word' id='word_1_459' title='bbox 1712 3994 1969 4053; x_wconf 89' lang='lat' dir='ltr'>vulneris</span> 
     </span>
    </p>
   </div>
   <div class='ocr_carea' id='block_1_69' title="bbox 311 4076 1971 4156">
    <p class='ocr_par' dir='ltr' id='par_1_69' title="bbox 311 4076 1971 4156">
     <span class='ocr_line' id='line_1_70' title="bbox 311 4076 1971 4156; baseline 0.005 -24"><span class='ocrx_word' id='word_1_460' title='bbox 311 4077 643 4145; x_wconf 90' lang='lat' dir='ltr'>morbidus,</span> <span class='ocrx_word' id='word_1_461' title='bbox 659 4076 797 4133; x_wconf 89' lang='lat' dir='ltr'>licet</span> <span class='ocrx_word' id='word_1_462' title='bbox 817 4076 1059 4134; x_wconf 88' lang='lat' dir='ltr'>trahens</span> <span class='ocrx_word' id='word_1_463' title='bbox 1079 4076 1254 4150; x_wconf 85' lang='lat' dir='ltr'>longa</span> <span class='ocrx_word' id='word_1_464' title='bbox 1275 4081 1534 4153; x_wconf 87' lang='lat' dir='ltr'>suspiria</span> <span class='ocrx_word' id='word_1_465' title='bbox 1552 4081 1644 4136; x_wconf 88' lang='lat' dir='ltr'>vix</span> <span class='ocrx_word' id='word_1_466' title='bbox 1668 4082 1971 4156; x_wconf 88' lang='lat' dir='ltr'>proloque-</span> 
     </span>
    </p>
   </div>
   <div class='ocr_carea' id='block_1_70' title="bbox 312 4164 1971 4241">
    <p class='ocr_par' dir='ltr' id='par_1_70' title="bbox 312 4164 1971 4241">
     <span class='ocr_line' id='line_1_71' title="bbox 312 4164 1971 4241; baseline 0.007 -22"><span class='ocrx_word' id='word_1_467' title='bbox 312 4170 498 4231; x_wconf 89' lang='lat' dir='ltr'>retur,</span> <span class='ocrx_word' id='word_1_468' title='bbox 528 4165 683 4221; x_wconf 88' lang='lat' dir='ltr'>fesso</span> <span class='ocrx_word' id='word_1_469' title='bbox 713 4164 977 4221; x_wconf 88' lang='lat' dir='ltr'>anhelitu</span> <span class='ocrx_word' id='word_1_470' title='bbox 1008 4169 1205 4222; x_wconf 91' lang='lat' dir='ltr'>tamen</span> <span class='ocrx_word' id='word_1_471' title='bbox 1245 4167 1561 4225; x_wconf 75' lang='lat' dir='ltr'>Dominicze</span> <span class='ocrx_word' id='word_1_472' title='bbox 1593 4171 1884 4241; x_wconf 89' lang='lat' dir='ltr'>passionis</span> <span class='ocrx_word' id='word_1_473' title='bbox 1913 4178 1971 4230; x_wconf 88' lang='lat' dir='ltr'>et</span> 
     </span>
    </p>
   </div>
   <div class='ocr_carea' id='block_1_71' title="bbox 311 4253 1970 4332">
    <p class='ocr_par' dir='ltr' id='par_1_71' title="bbox 311 4253 1970 4332">
     <span class='ocr_line' id='line_1_72' title="bbox 311 4253 1970 4332; baseline 0.006 -24"><span class='ocrx_word' id='word_1_474' title='bbox 311 4253 762 4310; x_wconf 89' lang='lat' dir='ltr'>resurrectionis</span> <span class='ocrx_word' id='word_1_475' title='bbox 821 4253 1130 4324; x_wconf 89' lang='lat' dir='ltr'>solemnia,</span> <span class='ocrx_word' id='word_1_476' title='bbox 1181 4273 1299 4311; x_wconf 68' lang='lat' dir='ltr'>suae</span> <span class='ocrx_word' id='word_1_477' title='bbox 1360 4258 1535 4312; x_wconf 89' lang='lat' dir='ltr'>etiam</span> <span class='ocrx_word' id='word_1_478' title='bbox 1586 4259 1970 4332; x_wconf 88' lang='lat' dir='ltr'>depositionis</span> 
     </span>
    </p>
   </div>
   <div class='ocr_carea' id='block_1_72' title="bbox 310 4342 1967 4422">
    <p class='ocr_par' dir='ltr' id='par_1_72' title="bbox 310 4342 1967 4422">
     <span class='ocr_line' id='line_1_73' title="bbox 310 4342 1967 4422; baseline 0.005 -24"><span class='ocrx_word' id='word_1_479' title='bbox 310 4342 667 4414; x_wconf 90' lang='lat' dir='ltr'>obsequium</span> <span class='ocrx_word' id='word_1_480' title='bbox 690 4360 756 4400; x_wconf 89' lang='lat' dir='ltr'>ac</span> <span class='ocrx_word' id='word_1_481' title='bbox 777 4342 971 4399; x_wconf 91' lang='lat' dir='ltr'>locum</span> <span class='ocrx_word' id='word_1_482' title='bbox 994 4343 1307 4416; x_wconf 70' lang='lat' dir='ltr'>sepultura:</span> <span class='ocrx_word' id='word_1_483' title='bbox 1338 4345 1641 4404; x_wconf 84' lang='lat' dir='ltr'>humiliter</span> <span class='ocrx_word' id='word_1_484' title='bbox 1666 4350 1967 4422; x_wconf 88' lang='lat' dir='ltr'>ordinans,</span> 
     </span>
    </p>
   </div>
   <div class='ocr_carea' id='block_1_73' title="bbox 313 4430 1971 4505">
    <p class='ocr_par' dir='ltr' id='par_1_73' title="bbox 313 4430 1971 4505">
     <span class='ocr_line' id='line_1_74' title="bbox 313 4430 1971 4505; baseline 0.006 -19"><span class='ocrx_word' id='word_1_485' title='bbox 313 4431 629 4502; x_wconf 88' lang='lat' dir='ltr'>discipulis</span> <span class='ocrx_word' id='word_1_486' title='bbox 678 4430 865 4487; x_wconf 88' lang='lat' dir='ltr'>multa</span> <span class='ocrx_word' id='word_1_487' title='bbox 913 4435 1160 4488; x_wconf 89' lang='lat' dir='ltr'>ventura</span> <span class='ocrx_word' id='word_1_488' title='bbox 1206 4433 1492 4505; x_wconf 76' lang='lat' dir='ltr'>prmdixit,</span> <span class='ocrx_word' id='word_1_489' title='bbox 1527 4436 1837 4495; x_wconf 89' lang='lat' dir='ltr'>indicendo</span> <span class='ocrx_word' id='word_1_490' title='bbox 1885 4440 1971 4497; x_wconf 91' lang='lat' dir='ltr'>eis</span> 
     </span>
    </p>
   </div>
   <div class='ocr_carea' id='block_1_74' title="bbox 313 4519 1971 4585">
    <p class='ocr_par' dir='ltr' id='par_1_74' title="bbox 313 4519 1971 4585">
     <span class='ocr_line' id='line_1_75' title="bbox 313 4519 1971 4585; baseline 0.005 -9"><span class='ocrx_word' id='word_1_491' title='bbox 313 4519 781 4576; x_wconf 87' lang='lat' dir='ltr'>sollicitudinem</span> <span class='ocrx_word' id='word_1_492' title='bbox 812 4521 994 4577; x_wconf 91' lang='lat' dir='ltr'>divini</span> <span class='ocrx_word' id='word_1_493' title='bbox 1022 4521 1253 4578; x_wconf 90' lang='lat' dir='ltr'>timoris</span> <span class='ocrx_word' id='word_1_494' title='bbox 1282 4540 1348 4579; x_wconf 91' lang='lat' dir='ltr'>ac</span> <span class='ocrx_word' id='word_1_495' title='bbox 1379 4523 1810 4583; x_wconf 87' lang='lat' dir='ltr'>observantiam</span> <span class='ocrx_word' id='word_1_496' title='bbox 1841 4546 1971 4585; x_wconf 84' lang='lat' dir='ltr'>san-</span> 
     </span>
    </p>
   </div>
   <div class='ocr_carea' id='block_1_75' title="bbox 310 4607 1969 4683">
    <p class='ocr_par' dir='ltr' id='par_1_75' title="bbox 310 4607 1969 4683">
     <span class='ocr_line' id='line_1_76' title="bbox 310 4607 1969 4683; baseline 0.005 -17"><span class='ocrx_word' id='word_1_497' title='bbox 310 4615 420 4666; x_wconf 60' lang='lat' dir='ltr'>ctw</span> <span class='ocrx_word' id='word_1_498' title='bbox 453 4607 776 4681; x_wconf 74' lang='lat' dir='ltr'>religionis.</span> <span class='ocrx_word' id='word_1_499' title='bbox 803 4610 1067 4666; x_wconf 89' lang='lat' dir='ltr'>Tandem</span> <span class='ocrx_word' id='word_1_500' title='bbox 1116 4610 1506 4683; x_wconf 87' lang='lat' dir='ltr'>triumphanti</span> <span class='ocrx_word' id='word_1_501' title='bbox 1555 4613 1803 4672; x_wconf 91' lang='lat' dir='ltr'>Domino</span> <span class='ocrx_word' id='word_1_502' title='bbox 1834 4634 1969 4674; x_wconf 89' lang='lat' dir='ltr'>cum</span> 
     </span>
    </p>
   </div>
   <div class='ocr_carea' id='block_1_76' title="bbox 312 4697 1971 4776">
    <p class='ocr_par' dir='ltr' id='par_1_76' title="bbox 312 4697 1971 4776">
     <span class='ocr_line' id='line_1_77' title="bbox 312 4697 1971 4776; baseline 0.007 -25"><span class='ocrx_word' id='word_1_503' title='bbox 312 4697 514 4770; x_wconf 87' lang='lat' dir='ltr'>palma</span> <span class='ocrx_word' id='word_1_504' title='bbox 540 4698 792 4753; x_wconf 67' lang='lat' dir='ltr'>victoriae</span> <span class='ocrx_word' id='word_1_505' title='bbox 823 4715 1200 4768; x_wconf 91' lang='lat' dir='ltr'>occursurus,</span> <span class='ocrx_word' id='word_1_506' title='bbox 1234 4716 1407 4756; x_wconf 91' lang='lat' dir='ltr'>mane</span> <span class='ocrx_word' id='word_1_507' title='bbox 1448 4701 1753 4760; x_wconf 90' lang='lat' dir='ltr'>Dominica</span> <span class='ocrx_word' id='word_1_508' title='bbox 1783 4705 1971 4776; x_wconf 89' lang='lat' dir='ltr'>ipsius</span> 
     </span>
    </p>
   </div>
   <div class='ocr_carea' id='block_1_77' title="bbox 2478 3896 3335 3961">
    <p class='ocr_par' dir='ltr' id='par_1_77' title="bbox 2478 3896 3335 3961">
     <span class='ocr_line' id='line_1_78' title="bbox 2478 3896 3335 3961; baseline -0.012 0"><span class='ocrx_word' id='word_1_509' title='bbox 2478 3903 2872 3961; x_wconf 78' lang='lat' dir='ltr'>Translationis</span> <span class='ocrx_word' id='word_1_510' title='bbox 2902 3900 3017 3956; x_wconf 78' lang='lat' dir='ltr'>dics</span> <span class='ocrx_word' id='word_1_511' title='bbox 3046 3906 3097 3955; x_wconf 86' lang='lat' dir='ltr'>el</span> <span class='ocrx_word' id='word_1_512' title='bbox 3122 3896 3335 3956; x_wconf 80' lang='lat' dir='ltr'>modus.</span> 
     </span>
    </p>
   </div>
   <div class='ocr_carea' id='block_1_78' title="bbox 2146 3986 3728 4064">
    <p class='ocr_par' dir='ltr' id='par_1_78' title="bbox 2146 3986 3728 4064">
     <span class='ocr_line' id='line_1_79' title="bbox 2146 3986 3728 4064; baseline -0.009 -11"><span class='ocrx_word' id='word_1_513' title='bbox 2146 3998 2236 4052; x_wconf 89' lang='lat'><strong>23.</strong></span> <span class='ocrx_word' id='word_1_514' title='bbox 2258 3996 2369 4052; x_wconf 89' lang='lat' dir='ltr'>Sed</span> <span class='ocrx_word' id='word_1_515' title='bbox 2392 4011 2528 4050; x_wconf 93' lang='lat' dir='ltr'>cum</span> <span class='ocrx_word' id='word_1_516' title='bbox 2538 3994 2665 4064; x_wconf 88' lang='lat' dir='ltr'>jam</span> <span class='ocrx_word' id='word_1_517' title='bbox 2684 3990 2972 4047; x_wconf 88' lang='lat' dir='ltr'>Dominus</span> <span class='ocrx_word' id='word_1_518' title='bbox 2991 3986 3239 4045; x_wconf 89' lang='lat' dir='ltr'>ulterius</span> <span class='ocrx_word' id='word_1_519' title='bbox 3258 3989 3533 4042; x_wconf 89' lang='lat' dir='ltr'>sanctum</span> <span class='ocrx_word' id='word_1_520' title='bbox 3553 3999 3728 4040; x_wconf 91' lang='lat' dir='ltr'>suum</span> 
     </span>
    </p>
   </div>
   <div class='ocr_carea' id='block_1_79' title="bbox 2077 4073 3730 4152">
    <p class='ocr_par' dir='ltr' id='par_1_79' title="bbox 2077 4073 3730 4152">
     <span class='ocr_line' id='line_1_80' title="bbox 2077 4073 3730 4152; baseline -0.008 -11"><span class='ocrx_word' id='word_1_521' title='bbox 2077 4084 2369 4142; x_wconf 89' lang='lat' dir='ltr'>occultare</span> <span class='ocrx_word' id='word_1_522' title='bbox 2401 4081 2601 4149; x_wconf 84' lang='lat' dir='ltr'>nollet,</span> <span class='ocrx_word' id='word_1_523' title='bbox 2627 4098 2695 4138; x_wconf 86' lang='lat' dir='ltr'>ex</span> <span class='ocrx_word' id='word_1_524' title='bbox 2727 4079 2965 4152; x_wconf 81' lang='lat' dir='ltr'>praefato</span> <span class='ocrx_word' id='word_1_525' title='bbox 2995 4074 3216 4133; x_wconf 87' lang='lat' dir='ltr'>cultelli</span> <span class='ocrx_word' id='word_1_526' title='bbox 3250 4073 3534 4130; x_wconf 90' lang='lat' dir='ltr'>miraculo</span> <span class='ocrx_word' id='word_1_527' title='bbox 3563 4076 3730 4128; x_wconf 65' lang='lat' dir='ltr'>crete-</span> 
     </span>
    </p>
   </div>
   <div class='ocr_carea' id='block_1_80' title="bbox 2079 4160 3732 4246">
    <p class='ocr_par' dir='ltr' id='par_1_80' title="bbox 2079 4160 3732 4246">
     <span class='ocr_line' id='line_1_81' title="bbox 2079 4160 3732 4246; baseline -0.009 -16"><span class='ocrx_word' id='word_1_528' title='bbox 2079 4175 2276 4246; x_wconf 88' lang='lat' dir='ltr'>risque</span> <span class='ocrx_word' id='word_1_529' title='bbox 2308 4173 2379 4229; x_wconf 91' lang='lat' dir='ltr'>ad</span> <span class='ocrx_word' id='word_1_530' title='bbox 2413 4169 2710 4228; x_wconf 90' lang='lat' dir='ltr'>tumulum</span> <span class='ocrx_word' id='word_1_531' title='bbox 2743 4167 2931 4226; x_wconf 89' lang='lat' dir='ltr'>sancti</span> <span class='ocrx_word' id='word_1_532' title='bbox 2962 4166 3070 4222; x_wconf 92' lang='lat' dir='ltr'>viri</span> <span class='ocrx_word' id='word_1_533' title='bbox 3115 4162 3387 4233; x_wconf 89' lang='lat' dir='ltr'>ostensis,</span> <span class='ocrx_word' id='word_1_534' title='bbox 3415 4161 3599 4219; x_wconf 90' lang='lat' dir='ltr'>servis</span> <span class='ocrx_word' id='word_1_535' title='bbox 3628 4160 3732 4216; x_wconf 92' lang='lat' dir='ltr'>Dei</span> 
     </span>
    </p>
   </div>
   <div class='ocr_carea' id='block_1_81' title="bbox 2075 4249 3729 4331">
    <p class='ocr_par' dir='ltr' id='par_1_81' title="bbox 2075 4249 3729 4331">
     <span class='ocr_line' id='line_1_82' title="bbox 2075 4249 3729 4331; baseline -0.01 -11"><span class='ocrx_word' id='word_1_536' title='bbox 2075 4263 2268 4320; x_wconf 90' lang='lat' dir='ltr'>visum</span> <span class='ocrx_word' id='word_1_537' title='bbox 2284 4266 2374 4319; x_wconf 90' lang='lat' dir='ltr'>est</span> <span class='ocrx_word' id='word_1_538' title='bbox 2397 4261 2532 4316; x_wconf 90' lang='lat' dir='ltr'>inde</span> <span class='ocrx_word' id='word_1_539' title='bbox 2553 4275 2767 4331; x_wconf 88' lang='lat' dir='ltr'>corpus</span> <span class='ocrx_word' id='word_1_540' title='bbox 2788 4255 2944 4313; x_wconf 89' lang='lat' dir='ltr'>beati</span> <span class='ocrx_word' id='word_1_541' title='bbox 2967 4254 3151 4329; x_wconf 88' lang='lat' dir='ltr'>patris</span> <span class='ocrx_word' id='word_1_542' title='bbox 3172 4253 3382 4310; x_wconf 87' lang='lat' dir='ltr'>debere</span> <span class='ocrx_word' id='word_1_543' title='bbox 3403 4249 3729 4314; x_wconf 85' lang='lat' dir='ltr'>transferri,</span> 
     </span>
    </p>
   </div>
   <div class='ocr_carea' id='block_1_82' title="bbox 2080 4338 3733 4423">
    <p class='ocr_par' dir='ltr' id='par_1_82' title="bbox 2080 4338 3733 4423">
     <span class='ocr_line' id='line_1_83' title="bbox 2080 4338 3733 4423; baseline -0.01 -15"><span class='ocrx_word' id='word_1_544' title='bbox 2080 4352 2291 4408; x_wconf 85' lang='lat' dir='ltr'>Habita</span> <span class='ocrx_word' id='word_1_545' title='bbox 2326 4350 2522 4423; x_wconf 88' lang='lat' dir='ltr'>itaque</span> <span class='ocrx_word' id='word_1_546' title='bbox 2555 4347 2863 4405; x_wconf 88' lang='lat' dir='ltr'>collatione</span> <span class='ocrx_word' id='word_1_547' title='bbox 2892 4361 3028 4402; x_wconf 90' lang='lat' dir='ltr'>cum</span> <span class='ocrx_word' id='word_1_548' title='bbox 3076 4342 3330 4416; x_wconf 90' lang='lat' dir='ltr'>plurimo</span> <span class='ocrx_word' id='word_1_549' title='bbox 3362 4338 3601 4410; x_wconf 87' lang='lat' dir='ltr'>collegio</span> <span class='ocrx_word' id='word_1_550' title='bbox 3633 4354 3733 4393; x_wconf 88' lang='lat' dir='ltr'>sa-</span> 
     </span>
    </p>
   </div>
   <div class='ocr_carea' id='block_1_83' title="bbox 2079 4427 3732 4499">
    <p class='ocr_par' dir='ltr' id='par_1_83' title="bbox 2079 4427 3732 4499">
     <span class='ocr_line' id='line_1_84' title="bbox 2079 4427 3732 4499; baseline -0.011 0"><span class='ocrx_word' id='word_1_551' title='bbox 2079 4441 2381 4499; x_wconf 88' lang='lat' dir='ltr'>cerdotum</span> <span class='ocrx_word' id='word_1_552' title='bbox 2412 4440 2485 4497; x_wconf 89' lang='lat' dir='ltr'>ob</span> <span class='ocrx_word' id='word_1_553' title='bbox 2530 4438 2641 4494; x_wconf 91' lang='lat' dir='ltr'>hoc</span> <span class='ocrx_word' id='word_1_554' title='bbox 2681 4437 2742 4492; x_wconf 91' lang='lat' dir='ltr'>in</span> <span class='ocrx_word' id='word_1_555' title='bbox 2773 4451 2958 4491; x_wconf 90' lang='lat' dir='ltr'>unum</span> <span class='ocrx_word' id='word_1_556' title='bbox 2991 4430 3485 4498; x_wconf 84' lang='lat' dir='ltr'>convenientium,</span> <span class='ocrx_word' id='word_1_557' title='bbox 3529 4427 3732 4482; x_wconf 87' lang='lat' dir='ltr'>decre-</span> 
     </span>
    </p>
   </div>
   <div class='ocr_carea' id='block_1_84' title="bbox 2078 4512 3781 4587">
    <p class='ocr_par' dir='ltr' id='par_1_84' title="bbox 2078 4512 3781 4587">
     <span class='ocr_line' id='line_1_85' title="bbox 2078 4512 3781 4587; baseline -0.01 -1"><span class='ocrx_word' id='word_1_558' title='bbox 2078 4534 2206 4587; x_wconf 90' lang='lat' dir='ltr'>tum</span> <span class='ocrx_word' id='word_1_559' title='bbox 2238 4529 2298 4584; x_wconf 90' lang='lat' dir='ltr'>id</span> <span class='ocrx_word' id='word_1_560' title='bbox 2329 4527 2454 4583; x_wconf 82' lang='lat' dir='ltr'>ﬁeri</span> <span class='ocrx_word' id='word_1_561' title='bbox 2485 4530 2646 4583; x_wconf 87' lang='lat' dir='ltr'>sexto</span> <span class='ocrx_word' id='word_1_562' title='bbox 2678 4524 2905 4581; x_wconf 91' lang='lat' dir='ltr'>decimo</span> <span class='ocrx_word' id='word_1_563' title='bbox 2937 4521 3227 4579; x_wconf 83' lang='lat' dir='ltr'>Kalendas</span> <span class='ocrx_word' id='word_1_564' title='bbox 3257 4514 3473 4575; x_wconf 88' lang='lat' dir='ltr'>Martii.</span> <span class='ocrx_word' id='word_1_565' title='bbox 3497 4512 3733 4573; x_wconf 84' lang='lat' dir='ltr'>Nullam</span> <span class='ocrx_word' id='word_1_566' title='bbox 3772 4577 3781 4586; x_wconf 86' lang='lat'><em>_</em></span> 
     </span>
    </p>
   </div>
   <div class='ocr_carea' id='block_1_85' title="bbox 2079 4601 3738 4690">
    <p class='ocr_par' dir='ltr' id='par_1_85' title="bbox 2079 4601 3738 4690">
     <span class='ocr_line' id='line_1_86' title="bbox 2079 4601 3738 4690; baseline -0.009 -16"><span class='ocrx_word' id='word_1_567' title='bbox 2079 4623 2275 4674; x_wconf 90' lang='lat' dir='ltr'>tamen</span> <span class='ocrx_word' id='word_1_568' title='bbox 2289 4619 2606 4690; x_wconf 86' lang='lat' dir='ltr'>capessunt</span> <span class='ocrx_word' id='word_1_569' title='bbox 2621 4611 2930 4670; x_wconf 84' lang='lat' dir='ltr'>audaciam</span> <span class='ocrx_word' id='word_1_570' title='bbox 2949 4607 3225 4681; x_wconf 87' lang='lat' dir='ltr'>tangendi</span> <span class='ocrx_word' id='word_1_571' title='bbox 3241 4604 3471 4679; x_wconf 89' lang='lat' dir='ltr'>glebam</span> <span class='ocrx_word' id='word_1_572' title='bbox 3491 4601 3738 4659; x_wconf 72' lang='lat' dir='ltr'>sanctis~</span> 
     </span>
    </p>
   </div>
   <div class='ocr_carea' id='block_1_86' title="bbox 2079 4691 3737 4778">
    <p class='ocr_par' dir='ltr' id='par_1_86' title="bbox 2079 4691 3737 4778">
     <span class='ocr_line' id='line_1_87' title="bbox 2079 4691 3737 4778; baseline -0.011 -13"><span class='ocrx_word' id='word_1_573' title='bbox 2079 4708 2213 4765; x_wconf 88' lang='lat' dir='ltr'>simi</span> <span class='ocrx_word' id='word_1_574' title='bbox 2255 4705 2544 4778; x_wconf 90' lang='lat' dir='ltr'>corporis;</span> <span class='ocrx_word' id='word_1_575' title='bbox 2580 4718 2769 4774; x_wconf 88' lang='lat' dir='ltr'>neque</span> <span class='ocrx_word' id='word_1_576' title='bbox 2817 4698 3103 4772; x_wconf 87' lang='lat' dir='ltr'>fatigandi</span> <span class='ocrx_word' id='word_1_577' title='bbox 3150 4695 3327 4768; x_wconf 88' lang='lat' dir='ltr'>longa</span> <span class='ocrx_word' id='word_1_578' title='bbox 3373 4691 3737 4765; x_wconf 82' lang='lat' dir='ltr'>bajulatione</span> 
     </span>
    </p>
   </div>
   <div class='ocr_carea' id='block_1_87' title="bbox 310 4766 3738 4869">
    <p class='ocr_par' dir='ltr' id='par_1_87' title="bbox 310 4766 3738 4869">
     <span class='ocr_line' id='line_1_88' title="bbox 310 4766 3738 4869; baseline 0.005 -27"><span class='ocrx_word' id='word_1_579' title='bbox 310 4766 698 4842; x_wconf 68' lang='lat' dir='ltr'>sacrosancta:</span> <span class='ocrx_word' id='word_1_580' title='bbox 720 4787 1013 4844; x_wconf 84' lang='lat' dir='ltr'>abinl‘eris</span> <span class='ocrx_word' id='word_1_581' title='bbox 1033 4766 1503 4847; x_wconf 82' lang='lat' dir='ltr'>Resurrectionis</span> <span class='ocrx_word' id='word_1_582' title='bbox 1524 4808 1695 4848; x_wconf 91' lang='lat' dir='ltr'>carne</span> <span class='ocrx_word' id='word_1_583' title='bbox 1715 4766 1969 4864; x_wconf 74' lang='lat' dir='ltr'>solutus,</span> <span class='ocrx_word' id='word_1_584' title='bbox 1999 4766 2047 4829; x_wconf 81' lang='lat' dir='ltr'>D</span> <span class='ocrx_word' id='word_1_585' title='bbox 2082 4796 2293 4869; x_wconf 87' lang='lat' dir='ltr'>lapidei</span> <span class='ocrx_word' id='word_1_586' title='bbox 2325 4766 2441 4867; x_wconf 69' lang='lat' dir='ltr'>quo</span> <span class='ocrx_word' id='word_1_587' title='bbox 2475 4793 2780 4865; x_wconf 88' lang='lat' dir='ltr'>tegebatur</span> <span class='ocrx_word' id='word_1_588' title='bbox 2808 4785 3180 4859; x_wconf 63' lang='lat' dir='ltr'>sarcopbugi.</span> <span class='ocrx_word' id='word_1_589' title='bbox 3203 4784 3306 4840; x_wconf 69' lang='lat' dir='ltr'>sed</span> <span class='ocrx_word' id='word_1_590' title='bbox 3334 4780 3738 4869; x_wconf 67' lang='lat' dir='ltr'>humillimam</span> 
     </span>
    </p>
   </div>
   <div class='ocr_carea' id='block_1_88' title="bbox 311 4875 1974 4956">
    <p class='ocr_par' dir='ltr' id='par_1_88' title="bbox 311 4875 1974 4956">
     <span class='ocr_line' id='line_1_89' title="bbox 311 4875 1974 4956; baseline 0.005 -25"><span class='ocrx_word' id='word_1_591' title='bbox 311 4875 569 4931; x_wconf 73' lang='lat' dir='ltr'>ccclesiis</span> <span class='ocrx_word' id='word_1_592' title='bbox 595 4876 725 4930; x_wconf 72' lang='lat' dir='ltr'>vita:</span> <span class='ocrx_word' id='word_1_593' title='bbox 757 4876 974 4947; x_wconf 85' lang='lat' dir='ltr'>gaudia</span> <span class='ocrx_word' id='word_1_594' title='bbox 1022 4876 1337 4932; x_wconf 87' lang='lat' dir='ltr'>exsultanti</span> <span class='ocrx_word' id='word_1_595' title='bbox 1384 4879 1599 4951; x_wconf 87' lang='lat' dir='ltr'>spiritu</span> <span class='ocrx_word' id='word_1_596' title='bbox 1649 4882 1785 4938; x_wconf 84' lang='lat' dir='ltr'>felix</span> <span class='ocrx_word' id='word_1_597' title='bbox 1829 4884 1974 4956; x_wconf 91' lang='lat' dir='ltr'>peti-</span> 
     </span>
    </p>
   </div>
   <div class='ocr_carea' id='block_1_89' title="bbox 270 4964 1975 5037">
    <p class='ocr_par' dir='ltr' id='par_1_89' title="bbox 270 4964 1975 5037">
     <span class='ocr_line' id='line_1_90' title="bbox 270 4964 1975 5037; baseline 0.008 -22"><span class='ocrx_word' id='word_1_598' title='bbox 270 5012 271 5015; x_wconf 44' lang='grc' dir='ltr'><strong>η</strong></span> <span class='ocrx_word' id='word_1_599' title='bbox 306 4964 397 5020; x_wconf 87' lang='lat' dir='ltr'>vit</span> <span class='ocrx_word' id='word_1_600' title='bbox 418 4964 644 5034; x_wconf 85' lang='lat' dir='ltr'>(39).Ad</span> <span class='ocrx_word' id='word_1_601' title='bbox 669 4965 815 5019; x_wconf 88' lang='lat' dir='ltr'>tanti</span> <span class='ocrx_word' id='word_1_602' title='bbox 836 4964 946 5020; x_wconf 90' lang='lat' dir='ltr'>viri</span> <span class='ocrx_word' id='word_1_603' title='bbox 972 4981 1203 5037; x_wconf 82' lang='lat' dir='ltr'>quoque</span> <span class='ocrx_word' id='word_1_604' title='bbox 1244 4967 1471 5022; x_wconf 90' lang='lat' dir='ltr'>obitum</span> <span class='ocrx_word' id='word_1_605' title='bbox 1504 4968 1645 5023; x_wconf 90' lang='lat' dir='ltr'>viris</span> <span class='ocrx_word' id='word_1_606' title='bbox 1668 4972 1975 5029; x_wconf 65' lang='lat' dir='ltr'>undecum-</span> 
     </span>
    </p>
   </div>
   <div class='ocr_carea' id='block_1_90' title="bbox 311 5051 1975 5130">
    <p class='ocr_par' dir='ltr' id='par_1_90' title="bbox 311 5051 1975 5130">
     <span class='ocr_line' id='line_1_91' title="bbox 311 5051 1975 5130; baseline 0.008 -24"><span class='ocrx_word' id='word_1_607' title='bbox 311 5069 431 5125; x_wconf 89' lang='lat' dir='ltr'>que</span> <span class='ocrx_word' id='word_1_608' title='bbox 450 5051 745 5126; x_wconf 87' lang='lat' dir='ltr'>religiosis</span> <span class='ocrx_word' id='word_1_609' title='bbox 764 5053 1220 5122; x_wconf 83' lang='lat' dir='ltr'>confluentibus,</span> <span class='ocrx_word' id='word_1_610' title='bbox 1236 5055 1508 5126; x_wconf 90' lang='lat' dir='ltr'>sepultus</span> <span class='ocrx_word' id='word_1_611' title='bbox 1529 5062 1619 5112; x_wconf 90' lang='lat' dir='ltr'>est</span> <span class='ocrx_word' id='word_1_612' title='bbox 1638 5064 1703 5113; x_wconf 92' lang='lat' dir='ltr'>ut</span> <span class='ocrx_word' id='word_1_613' title='bbox 1713 5061 1975 5130; x_wconf 88' lang='lat' dir='ltr'>jusserat</span> 
     </span>
    </p>
   </div>
   <div class='ocr_carea' id='block_1_91' title="bbox 309 5140 1973 5213">
    <p class='ocr_par' dir='ltr' id='par_1_91' title="bbox 309 5140 1973 5213">
     <span class='ocr_line' id='line_1_92' title="bbox 309 5140 1973 5213; baseline 0.007 -18"><span class='ocrx_word' id='word_1_614' title='bbox 309 5141 572 5213; x_wconf 88' lang='lat' dir='ltr'>quodam</span> <span class='ocrx_word' id='word_1_615' title='bbox 603 5140 730 5199; x_wconf 87' lang='lat' dir='ltr'>loco</span> <span class='ocrx_word' id='word_1_616' title='bbox 763 5147 929 5199; x_wconf 83' lang='lat' dir='ltr'>extra</span> <span class='ocrx_word' id='word_1_617' title='bbox 958 5142 1292 5212; x_wconf 88' lang='lat' dir='ltr'>ecclesiam,</span> <span class='ocrx_word' id='word_1_618' title='bbox 1327 5143 1533 5200; x_wconf 89' lang='lat' dir='ltr'>multis</span> <span class='ocrx_word' id='word_1_619' title='bbox 1553 5144 1695 5201; x_wconf 90' lang='lat' dir='ltr'>inibi</span> <span class='ocrx_word' id='word_1_620' title='bbox 1722 5152 1836 5205; x_wconf 91' lang='lat' dir='ltr'>Deo</span> <span class='ocrx_word' id='word_1_621' title='bbox 1867 5152 1973 5206; x_wconf 91' lang='lat' dir='ltr'>do-</span> 
     </span>
    </p>
   </div>
   <div class='ocr_carea' id='block_1_92' title="bbox 314 5230 1553 5305">
    <p class='ocr_par' dir='ltr' id='par_1_92' title="bbox 314 5230 1553 5305">
     <span class='ocr_line' id='line_1_93' title="bbox 314 5230 1553 5305; baseline 0.002 -19"><span class='ocrx_word' id='word_1_622' title='bbox 314 5234 496 5287; x_wconf 85' lang='lat' dir='ltr'>nante</span> <span class='ocrx_word' id='word_1_623' title='bbox 529 5230 953 5289; x_wconf 90' lang='lat' dir='ltr'>miraculorum</span> <span class='ocrx_word' id='word_1_624' title='bbox 975 5230 1203 5305; x_wconf 90' lang='lat' dir='ltr'>pollens</span> <span class='ocrx_word' id='word_1_625' title='bbox 1229 5231 1553 5289; x_wconf 84' lang='lat' dir='ltr'>etl‘ectibus.</span> 
     </span>
    </p>
   </div>
   <div class='ocr_carea' id='block_1_93' title="bbox 386 5372 1981 5447">
    <p class='ocr_par' dir='ltr' id='par_1_93' title="bbox 386 5372 1981 5447">
     <span class='ocr_line' id='line_1_94' title="bbox 386 5372 1981 5447; baseline 0.006 -20"><span class='ocrx_word' id='word_1_626' title='bbox 386 5372 597 5447; x_wconf 57' lang='lat' dir='ltr'>(39)_In</span> <span class='ocrx_word' id='word_1_627' title='bbox 638 5374 841 5447; x_wconf 77' lang='lat' dir='ltr'>eodem</span> <span class='ocrx_word' id='word_1_628' title='bbox 876 5390 1007 5447; x_wconf 16' lang='lat' dir='ltr'>gms.</span> <span class='ocrx_word' id='word_1_629' title='bbox 1042 5374 1163 5447; x_wconf 64' lang='lat' dir='ltr'>haec</span> <span class='ocrx_word' id='word_1_630' title='bbox 1217 5373 1500 5447; x_wconf 81' lang='lat' dir='ltr'>leguntur</span> <span class='ocrx_word' id='word_1_631' title='bbox 1532 5391 1544 5429; x_wconf 93' lang='lat'>:</span> <span class='ocrx_word' id='word_1_632' title='bbox 1574 5398 1601 5426; x_wconf 80' lang='lat' dir='ltr'>u</span> <span class='ocrx_word' id='word_1_633' title='bbox 1646 5376 1981 5436; x_wconf 88' lang='lat' dir='ltr'>Extremum</span> 
     </span>
    </p>
   </div>
   <div class='ocr_carea' id='block_1_94' title="bbox 310 5444 1984 5507">
    <p class='ocr_par' dir='ltr' id='par_1_94' title="bbox 310 5444 1984 5507">
     <span class='ocr_line' id='line_1_95' title="bbox 310 5444 1984 5507; baseline 0.005 -9"><span class='ocrx_word' id='word_1_634' title='bbox 310 5444 443 5498; x_wconf 76' lang='lat' dir='ltr'>vita:</span> <span class='ocrx_word' id='word_1_635' title='bbox 473 5444 632 5500; x_wconf 91' lang='lat' dir='ltr'>diem</span> <span class='ocrx_word' id='word_1_636' title='bbox 663 5445 845 5501; x_wconf 88' lang='lat' dir='ltr'>obivit</span> <span class='ocrx_word' id='word_1_637' title='bbox 876 5445 970 5500; x_wconf 83' lang='lat' dir='ltr'>hic</span> <span class='ocrx_word' id='word_1_638' title='bbox 1014 5447 1078 5501; x_wconf 90' lang='grc' dir='ltr'>Β.</span> <span class='ocrx_word' id='word_1_639' title='bbox 1113 5446 1175 5500; x_wconf 91' lang='grc' dir='ltr'>Ρ.</span> <span class='ocrx_word' id='word_1_640' title='bbox 1210 5444 1566 5502; x_wconf 70' lang='lat' dir='ltr'>Bercharius</span> <span class='ocrx_word' id='word_1_641' title='bbox 1597 5464 1749 5504; x_wconf 88' lang='lat' dir='ltr'>anno</span> <span class='ocrx_word' id='word_1_642' title='bbox 1780 5450 1851 5504; x_wconf 93' lang='lat' dir='ltr'>ab</span> <span class='ocrx_word' id='word_1_643' title='bbox 1888 5451 1984 5507; x_wconf 83' lang='lat' dir='ltr'>In-</span> 
     </span>
    </p>
   </div>
   <div class='ocr_carea' id='block_1_95' title="bbox 312 5516 1984 5590">
    <p class='ocr_par' dir='ltr' id='par_1_95' title="bbox 312 5516 1984 5590">
     <span class='ocr_line' id='line_1_96' title="bbox 312 5516 1984 5590; baseline 0.004 -19"><span class='ocrx_word' id='word_1_644' title='bbox 312 5520 539 5590; x_wconf 76' lang='lat' dir='ltr'>cernat.</span> <span class='ocrx_word' id='word_1_645' title='bbox 596 5516 828 5590; x_wconf 81' lang='lat' dir='ltr'>Domini</span> <span class='ocrx_word' id='word_1_646' title='bbox 876 5518 1004 5585; x_wconf 87' lang='lat'>685,</span> <span class='ocrx_word' id='word_1_647' title='bbox 1042 5518 1246 5574; x_wconf 89' lang='lat' dir='ltr'>indict.</span> <span class='ocrx_word' id='word_1_648' title='bbox 1283 5520 1372 5590; x_wconf 74' lang='lat'>13,</span> <span class='ocrx_word' id='word_1_649' title='bbox 1404 5522 1610 5590; x_wconf 88' lang='lat' dir='ltr'>epacta</span> <span class='ocrx_word' id='word_1_650' title='bbox 1655 5537 1732 5587; x_wconf 72' lang='grc' dir='ltr'>χι,</span> <span class='ocrx_word' id='word_1_651' title='bbox 1765 5536 1820 5575; x_wconf 82' lang='lat' dir='ltr'><strong>VI</strong></span> <span class='ocrx_word' id='word_1_652' title='bbox 1870 5522 1984 5577; x_wconf 85' lang='lat' dir='ltr'>Ka-</span> 
     </span>
    </p>
   </div>
   <div class='ocr_carea' id='block_1_96' title="bbox 314 5587 1983 5659">
    <p class='ocr_par' dir='ltr' id='par_1_96' title="bbox 314 5587 1983 5659">
     <span class='ocr_line' id='line_1_97' title="bbox 314 5587 1983 5659; baseline 0.003 -17"><span class='ocrx_word' id='word_1_653' title='bbox 314 5587 476 5643; x_wconf 86' lang='lat' dir='ltr'>lend.</span> <span class='ocrx_word' id='word_1_654' title='bbox 508 5587 745 5659; x_wconf 84' lang='lat' dir='ltr'>Aprilis,</span> <span class='ocrx_word' id='word_1_655' title='bbox 779 5605 951 5644; x_wconf 92' lang='lat' dir='ltr'>mane</span> <span class='ocrx_word' id='word_1_656' title='bbox 999 5606 1165 5644; x_wconf 89' lang='lat' dir='ltr'>sacro</span> <span class='ocrx_word' id='word_1_657' title='bbox 1205 5587 1521 5645; x_wconf 57' lang='lat' dir='ltr'>Dominicis</span> <span class='ocrx_word' id='word_1_658' title='bbox 1578 5590 1983 5648; x_wconf 82' lang='lat' dir='ltr'>Resurrectio-</span> 
     </span>
    </p>
   </div>
   <div class='ocr_carea' id='block_1_97' title="bbox 316 5659 1983 5746">
    <p class='ocr_par' dir='ltr' id='par_1_97' title="bbox 316 5659 1983 5746">
     <span class='ocr_line' id='line_1_98' title="bbox 316 5659 1983 5746; baseline 0.003 -31"><span class='ocrx_word' id='word_1_659' title='bbox 316 5659 490 5746; x_wconf 27' lang='lat' dir='ltr'>nisi»:</span> <span class='ocrx_word' id='word_1_660' title='bbox 520 5659 630 5726; x_wconf 89' lang='lat' dir='ltr'>Qui</span> <span class='ocrx_word' id='word_1_661' title='bbox 662 5659 1032 5746; x_wconf 68' lang='lat' dir='ltr'>characteres</span> <span class='ocrx_word' id='word_1_662' title='bbox 1052 5660 1449 5746; x_wconf 63' lang='lat' dir='ltr'>chropolegici</span> <span class='ocrx_word' id='word_1_663' title='bbox 1473 5676 1589 5715; x_wconf 93' lang='lat' dir='ltr'>non</span> <span class='ocrx_word' id='word_1_664' title='bbox 1597 5662 1983 5746; x_wconf 51' lang='lat' dir='ltr'>conveniunt,</span> 
     </span>
    </p>
   </div>
   <div class='ocr_carea' id='block_1_98' title="bbox 2081 4868 3741 4958">
    <p class='ocr_par' dir='ltr' id='par_1_98' title="bbox 2081 4868 3741 4958">
     <span class='ocr_line' id='line_1_99' title="bbox 2081 4868 3741 4958; baseline -0.012 -16"><span class='ocrx_word' id='word_1_665' title='bbox 2081 4902 2259 4958; x_wconf 91' lang='lat' dir='ltr'>quam</span> <span class='ocrx_word' id='word_1_666' title='bbox 2310 4886 2645 4956; x_wconf 88' lang='lat' dir='ltr'>potuerunt,</span> <span class='ocrx_word' id='word_1_667' title='bbox 2677 4880 3003 4936; x_wconf 88' lang='lat' dir='ltr'>deliberant</span> <span class='ocrx_word' id='word_1_668' title='bbox 3049 4870 3443 4931; x_wconf 87' lang='lat' dir='ltr'>transferendi</span> <span class='ocrx_word' id='word_1_669' title='bbox 3487 4868 3741 4958; x_wconf 81' lang='lat' dir='ltr'>facilita-</span> 
     </span>
    </p>
   </div>
   <div class='ocr_carea' id='block_1_99' title="bbox 2080 4957 3744 5039">
    <p class='ocr_par' dir='ltr' id='par_1_99' title="bbox 2080 4957 3744 5039">
     <span class='ocr_line' id='line_1_100' title="bbox 2080 4957 3744 5039; baseline -0.01 -10"><span class='ocrx_word' id='word_1_670' title='bbox 2080 4957 2222 5030; x_wconf 77' lang='lat' dir='ltr'>tem.</span> <span class='ocrx_word' id='word_1_671' title='bbox 2237 4974 2382 5029; x_wconf 87' lang='lat' dir='ltr'>Nam</span> <span class='ocrx_word' id='word_1_672' title='bbox 2402 4969 2629 5027; x_wconf 89' lang='lat' dir='ltr'>decenti</span> <span class='ocrx_word' id='word_1_673' title='bbox 2653 4967 2872 5022; x_wconf 85' lang='lat' dir='ltr'>fornice</span> <span class='ocrx_word' id='word_1_674' title='bbox 2889 4968 3181 5039; x_wconf 83' lang='lat' dir='ltr'>perforata</span> <span class='ocrx_word' id='word_1_675' title='bbox 3199 4959 3469 5019; x_wconf 88' lang='lat' dir='ltr'>orientali</span> <span class='ocrx_word' id='word_1_676' title='bbox 3486 4957 3744 5015; x_wconf 81' lang='lat' dir='ltr'>maceria</span> 
     </span>
    </p>
   </div>
   <div class='ocr_carea' id='block_1_100' title="bbox 2082 5048 3740 5136">
    <p class='ocr_par' dir='ltr' id='par_1_100' title="bbox 2082 5048 3740 5136">
     <span class='ocr_line' id='line_1_101' title="bbox 2082 5048 3740 5136; baseline -0.011 -17"><span class='ocrx_word' id='word_1_677' title='bbox 2082 5062 2270 5136; x_wconf 88' lang='lat' dir='ltr'>ipsius</span> <span class='ocrx_word' id='word_1_678' title='bbox 2291 5059 2546 5118; x_wconf 78' lang='lat' dir='ltr'>ecclesiae</span> <span class='ocrx_word' id='word_1_679' title='bbox 2579 5075 2705 5130; x_wconf 67' lang='lat' dir='ltr'>quae</span> <span class='ocrx_word' id='word_1_680' title='bbox 2751 5056 3018 5128; x_wconf 82' lang='lat' dir='ltr'>proxima</span> <span class='ocrx_word' id='word_1_681' title='bbox 3064 5055 3196 5125; x_wconf 90' lang='lat' dir='ltr'>ejus</span> <span class='ocrx_word' id='word_1_682' title='bbox 3246 5048 3563 5136; x_wconf 70' lang='lat' dir='ltr'>sepultura:</span> <span class='ocrx_word' id='word_1_683' title='bbox 3594 5048 3740 5114; x_wconf 88' lang='lat' dir='ltr'>erat,</span> 
     </span>
    </p>
   </div>
   <div class='ocr_carea' id='block_1_101' title="bbox 2082 5135 3743 5215">
    <p class='ocr_par' dir='ltr' id='par_1_101' title="bbox 2082 5135 3743 5215">
     <span class='ocr_line' id='line_1_102' title="bbox 2082 5135 3743 5215; baseline -0.01 -9"><span class='ocrx_word' id='word_1_684' title='bbox 2082 5135 2217 5207; x_wconf 88' lang='lat' dir='ltr'>inde</span> <span class='ocrx_word' id='word_1_685' title='bbox 2247 5165 2314 5205; x_wconf 90' lang='lat' dir='ltr'>eo</span> <span class='ocrx_word' id='word_1_686' title='bbox 2357 5147 2518 5204; x_wconf 89' lang='lat' dir='ltr'>aditu</span> <span class='ocrx_word' id='word_1_687' title='bbox 2564 5146 2717 5201; x_wconf 87' lang='lat' dir='ltr'>infra</span> <span class='ocrx_word' id='word_1_688' title='bbox 2766 5162 2902 5201; x_wconf 91' lang='lat' dir='ltr'>cum</span> <span class='ocrx_word' id='word_1_689' title='bbox 2952 5142 3316 5215; x_wconf 88' lang='lat' dir='ltr'>sarcophago</span> <span class='ocrx_word' id='word_1_690' title='bbox 3361 5135 3743 5204; x_wconf 87' lang='lat' dir='ltr'>translatum,</span> 
     </span>
    </p>
   </div>
   <div class='ocr_carea' id='block_1_102' title="bbox 2082 5222 3746 5303">
    <p class='ocr_par' dir='ltr' id='par_1_102' title="bbox 2082 5222 3746 5303">
     <span class='ocr_line' id='line_1_103' title="bbox 2082 5222 3746 5303; baseline -0.009 -7"><span class='ocrx_word' id='word_1_691' title='bbox 2082 5239 2341 5297; x_wconf 90' lang='lat' dir='ltr'>secundo</span> <span class='ocrx_word' id='word_1_692' title='bbox 2361 5234 2807 5293; x_wconf 87' lang='lat' dir='ltr'>tumulaverunt</span> <span class='ocrx_word' id='word_1_693' title='bbox 2836 5237 2991 5290; x_wconf 86' lang='lat' dir='ltr'>retro</span> <span class='ocrx_word' id='word_1_694' title='bbox 3032 5232 3214 5290; x_wconf 86' lang='lat' dir='ltr'>altare</span> <span class='ocrx_word' id='word_1_695' title='bbox 3242 5229 3303 5285; x_wconf 94' lang='lat' dir='ltr'>in</span> <span class='ocrx_word' id='word_1_696' title='bbox 3337 5229 3466 5303; x_wconf 90' lang='lat' dir='ltr'>ipsa</span> <span class='ocrx_word' id='word_1_697' title='bbox 3499 5222 3746 5282; x_wconf 80' lang='lat' dir='ltr'>basilica</span> 
     </span>
    </p>
   </div>
   <div class='ocr_carea' id='block_1_103' title="bbox 2089 5364 3742 5437">
    <p class='ocr_par' dir='ltr' id='par_1_103' title="bbox 2089 5364 3742 5437">
     <span class='ocr_line' id='line_1_104' title="bbox 2089 5364 3742 5437; baseline -0.011 0"><span class='ocrx_word' id='word_1_698' title='bbox 2089 5382 2193 5437; x_wconf 78' lang='grc'>624</span> <span class='ocrx_word' id='word_1_699' title='bbox 2216 5376 2532 5435; x_wconf 87' lang='lat' dir='ltr'>incidebat.</span> <span class='ocrx_word' id='word_1_700' title='bbox 2557 5375 2616 5430; x_wconf 93' lang='lat' dir='ltr'>S.</span> <span class='ocrx_word' id='word_1_701' title='bbox 2642 5373 2990 5431; x_wconf 84' lang='lat' dir='ltr'>Bercharius</span> <span class='ocrx_word' id='word_1_702' title='bbox 3018 5372 3363 5429; x_wconf 89' lang='lat' dir='ltr'>inscribitur</span> <span class='ocrx_word' id='word_1_703' title='bbox 3382 5369 3441 5423; x_wconf 90' lang='lat' dir='ltr'>in</span> <span class='ocrx_word' id='word_1_704' title='bbox 3463 5364 3742 5437; x_wconf 48' lang='lat' dir='ltr'>Additum</span> 
     </span>
    </p>
   </div>
   <div class='ocr_carea' id='block_1_104' title="bbox 2093 5433 3744 5516">
    <p class='ocr_par' dir='ltr' id='par_1_104' title="bbox 2093 5433 3744 5516">
     <span class='ocr_line' id='line_1_105' title="bbox 2093 5433 3744 5516; baseline -0.012 -8"><span class='ocrx_word' id='word_1_705' title='bbox 2093 5433 2425 5509; x_wconf 70' lang='lat' dir='ltr'>Usuar&#39;lum</span> <span class='ocrx_word' id='word_1_706' title='bbox 2447 5463 2564 5502; x_wconf 86' lang='lat' dir='ltr'>xvn</span> <span class='ocrx_word' id='word_1_707' title='bbox 2587 5444 2826 5500; x_wconf 84' lang='lat' dir='ltr'>Kalend.</span> <span class='ocrx_word' id='word_1_708' title='bbox 2864 5446 3166 5514; x_wconf 61' lang='lat' dir='ltr'>Novemb,</span> <span class='ocrx_word' id='word_1_709' title='bbox 3192 5440 3459 5516; x_wconf 33' lang='lat' dir='ltr'>quiAdies</span> <span class='ocrx_word' id='word_1_710' title='bbox 3481 5433 3744 5516; x_wconf 45' lang='lat' dir='ltr'>trnan-sla-</span> 
     </span>
    </p>
   </div>
   <div class='ocr_carea' id='block_1_105' title="bbox 2094 5507 3743 5589">
    <p class='ocr_par' dir='ltr' id='par_1_105' title="bbox 2094 5507 3743 5589">
     <span class='ocr_line' id='line_1_106' title="bbox 2094 5507 3743 5589; baseline -0.012 -10"><span class='ocrx_word' id='word_1_711' title='bbox 2094 5507 2273 5579; x_wconf 87' lang='lat' dir='ltr'>tionis</span> <span class='ocrx_word' id='word_1_712' title='bbox 2303 5526 2391 5577; x_wconf 90' lang='lat' dir='ltr'>est</span> <span class='ocrx_word' id='word_1_713' title='bbox 2434 5516 2802 5589; x_wconf 73' lang='lat' dir='ltr'>exdicendis</span> <span class='ocrx_word' id='word_1_714' title='bbox 2832 5517 2987 5573; x_wconf 89' lang='lat' dir='ltr'>infra</span> <span class='ocrx_word' id='word_1_715' title='bbox 3020 5507 3183 5572; x_wconf 84' lang='lat' dir='ltr'>num.</span> <span class='ocrx_word' id='word_1_716' title='bbox 3205 5507 3261 5570; x_wconf 75' lang='grc'>’7.</span> <span class='ocrx_word' id='word_1_717' title='bbox 3285 5510 3498 5589; x_wconf 77' lang='lat' dir='ltr'>Gorrds</span> <span class='ocrx_word' id='word_1_718' title='bbox 3520 5508 3579 5589; x_wconf 67' lang='lat' dir='ltr'>S.</span> <span class='ocrx_word' id='word_1_719' title='bbox 3603 5507 3743 5589; x_wconf 71' lang='lat' dir='ltr'>Ber-</span> 
     </span>
    </p>
   </div>
   <div class='ocr_carea' id='block_1_106' title="bbox 2095 5582 3746 5709">
    <p class='ocr_par' dir='ltr' id='par_1_106' title="bbox 2095 5582 3746 5709">
     <span class='ocr_line' id='line_1_107' title="bbox 2095 5582 3746 5709; baseline -0.011 -59"><span class='ocrx_word' id='word_1_720' title='bbox 2095 5592 2279 5650; x_wconf 88' lang='lat' dir='ltr'>charii</span> <span class='ocrx_word' id='word_1_721' title='bbox 2310 5592 2368 5646; x_wconf 93' lang='lat' dir='ltr'>in</span> <span class='ocrx_word' id='word_1_722' title='bbox 2398 5587 2654 5645; x_wconf 86' lang='lat' dir='ltr'>Ecclesia</span> <span class='ocrx_word' id='word_1_723' title='bbox 2686 5587 2993 5645; x_wconf 90' lang='lat' dir='ltr'>Dervensis</span> <span class='ocrx_word' id='word_1_724' title='bbox 3023 5583 3386 5665; x_wconf 78' lang='lat' dir='ltr'>monasterii,</span> <span class='ocrx_word' id='word_1_725' title='bbox 3412 5582 3590 5709; x_wconf 58' lang='lat' dir='ltr'>caput</span> <span class='ocrx_word' id='word_1_726' title='bbox 3618 5582 3746 5651; x_wconf 84' lang='lat' dir='ltr'>qui-</span> 
     </span>
     <span class='ocr_line' id='line_1_108' title="bbox 2098 5656 3746 5709; baseline 0 0"><span class='ocrx_word' id='word_1_727' title='bbox 2098 5667 2228 5709; x_wconf 72' lang='lat' dir='ltr'>dam</span> <span class='ocrx_word' id='word_1_728' title='bbox 2265 5665 2321 5709; x_wconf 87' lang='lat' dir='ltr'>in</span> <span class='ocrx_word' id='word_1_729' title='bbox 2359 5660 2572 5709; x_wconf 64' lang='lat' dir='ltr'>scrinio</span> <span class='ocrx_word' id='word_1_730' title='bbox 2605 5663 2898 5709; x_wconf 70' lang='lat' dir='ltr'>argenteo.</span> <span class='ocrx_word' id='word_1_731' title='bbox 2934 5658 3160 5709; x_wconf 78' lang='lat' dir='ltr'>reliqua</span> <span class='ocrx_word' id='word_1_732' title='bbox 3189 5673 3325 5709; x_wconf 82' lang='lat' dir='ltr'>ossa</span> <span class='ocrx_word' id='word_1_733' title='bbox 3357 5671 3419 5709; x_wconf 85' lang='lat' dir='ltr'>1n</span> <span class='ocrx_word' id='word_1_734' title='bbox 3450 5656 3474 5708; x_wconf 69' lang='grc' dir='ltr'><strong>ι</strong></span> <span class='ocrx_word' id='word_1_735' title='bbox 3519 5666 3620 5708; x_wconf 85' lang='lat' dir='ltr'>eca</span> <span class='ocrx_word' id='word_1_736' title='bbox 3650 5665 3746 5709; x_wconf 81' lang='lat' dir='ltr'>as-</span> 
     </span>
    </p>
   </div>
   <div class='ocr_carea' id='block_1_107' title="bbox 2098 5655 3746 5737">
    <p class='ocr_par' dir='ltr' id='par_1_107' title="bbox 2098 5655 3746 5737">
     <span class='ocr_line' id='line_1_109' title="bbox 2098 5655 3746 5737; baseline -0.007 -15"><span class='ocrx_word' id='word_1_737' title='bbox 2098 5667 2232 5722; x_wconf 85' lang='lat' dir='ltr'>dem</span> <span class='ocrx_word' id='word_1_738' title='bbox 2265 5665 2325 5721; x_wconf 86' lang='lat' dir='ltr'>in</span> <span class='ocrx_word' id='word_1_739' title='bbox 2358 5660 2572 5719; x_wconf 87' lang='lat' dir='ltr'>scrinio</span> <span class='ocrx_word' id='word_1_740' title='bbox 2605 5663 2898 5737; x_wconf 83' lang='lat' dir='ltr'>argenteo,</span> <span class='ocrx_word' id='word_1_741' title='bbox 2934 5658 3160 5737; x_wconf 88' lang='lat' dir='ltr'>reliqua</span> <span class='ocrx_word' id='word_1_742' title='bbox 3189 5673 3325 5718; x_wconf 88' lang='lat' dir='ltr'>ossa</span> <span class='ocrx_word' id='word_1_743' title='bbox 3357 5655 3419 5712; x_wconf 91' lang='lat' dir='ltr'>in</span> <span class='ocrx_word' id='word_1_744' title='bbox 3450 5655 3620 5709; x_wconf 86' lang='lat' dir='ltr'>theca</span> <span class='ocrx_word' id='word_1_745' title='bbox 3650 5665 3746 5711; x_wconf 73' lang='lat' dir='ltr'>as-</span> 
     </span>
    </p>
   </div>
   <div class='ocr_carea' id='block_1_108' title="bbox 331 5729 2424 5816">
    <p class='ocr_par' dir='ltr' id='par_1_108' title="bbox 331 5729 2424 5816">
     <span class='ocr_line' id='line_1_110' title="bbox 331 5729 2424 5816; baseline 0.001 -23"><span class='ocrx_word' id='word_1_746' title='bbox 331 5730 448 5793; x_wconf 83' lang='lat' dir='ltr'>nisi</span> <span class='ocrx_word' id='word_1_747' title='bbox 474 5729 639 5812; x_wconf 84' lang='lat' dir='ltr'>legas</span> <span class='ocrx_word' id='word_1_748' title='bbox 665 5748 749 5792; x_wconf 85' lang='lat' dir='ltr'>vu</span> <span class='ocrx_word' id='word_1_749' title='bbox 783 5730 1023 5791; x_wconf 84' lang='lat' dir='ltr'>Kalend.</span> <span class='ocrx_word' id='word_1_750' title='bbox 1045 5731 1283 5812; x_wconf 82' lang='lat' dir='ltr'>Aprilis,</span> <span class='ocrx_word' id='word_1_751' title='bbox 1307 5729 1369 5791; x_wconf 75' lang='lat' dir='ltr'>in</span> <span class='ocrx_word' id='word_1_752' title='bbox 1390 5748 1566 5816; x_wconf 86' lang='lat' dir='ltr'>quem</span> <span class='ocrx_word' id='word_1_753' title='bbox 1596 5732 1818 5797; x_wconf 79' lang='lat' dir='ltr'>Pascha</span> <span class='ocrx_word' id='word_1_754' title='bbox 1835 5729 1989 5803; x_wconf 72' lang='lat' dir='ltr'>anno</span> <span class='ocrx_word' id='word_1_755' title='bbox 2098 5739 2424 5800; x_wconf 82' lang='lat' dir='ltr'>servantur.</span> 
     </span>
    </p>
   </div>
  </div>
