4028 6172
270 260 375 374 689

1202 299 1432 362 LIBER
1474 300 1575 361 DE
1623 300 2039 363 MIRACULIS
2086 302 2147 363 S.
2197 304 2743 367 WALDEBERTI.

3557 310 3679 374 690

277 437 526 514 tor-poris
581 431 811 507 ignavia
859 448 971 487 non
1020 429 1258 501 lateant,
1291 432 1582 506 praecipue
1632 449 1766 489 cum
1817 449 1917 489 eos
1945 436 1999 502 Α
2028 435 2243 507 quirat,
2295 435 2394 491 ubi
2444 436 2712 508 perfacile
2767 438 3009 495 inveniri
3060 440 3290 513 poterit,
3343 443 3579 515 quantis
3618 447 3678 502 et

287 531 445 589 nobis
474 524 667 582 divina
710 522 1071 597 providentia
1116 526 1398 594 tanquam
1450 522 1720 594 specialis
1768 524 1918 579 dono

287 614 557 696 privilegii
611 616 885 687 patronos
929 610 1327 679 destinaverit,
1361 627 1611 683 quorum
1661 627 1918 683 praesens

286 705 616 779 sull‘ragium
639 719 743 758 nos
765 699 1041 768 muniret,
1062 698 1478 754 miraculorum
1495 699 1681 754 virtus
1702 698 1931 755 clarius'

284 797 604 854 illustraret.
643 792 753 847 Sed
795 805 931 845 cum
979 787 1292 843 laudamus
1337 787 1492 843 viros
1541 786 1824 859 gloriosos
1856 788 1916 843 in

281 888 393 942 vita
437 900 559 950 sua,
595 894 968 952 nequaquam
1019 875 1184 931 illum
1236 876 1761 948 praetermittimus,
1799 877 1915 933 imo

281 970 783 1032 cunctisomnibus
806 965 1248 1039 proponendum
1272 969 1427 1020 recta
1452 966 1563 1019 fide
1584 982 1913 1033 censemus,

280 1082 376 1139 per
403 1077 573 1134 quem
604 1059 725 1113 lucc
757 1054 955 1111 omnia
975 1071 1074 1109 eos
1102 1054 1495 1126 promeruisse
1515 1058 1570 1108 ct
1590 1053 1916 1109 obtinuisse

279 1170 387 1210 non
420 1148 782 1213 dubitamus,
817 1144 915 1218 qui
947 1148 1036 1199 est
1064 1142 1354 1216 gloriosus
1386 1142 1443 1197 in
1468 1142 1687 1198 sanctis
1708 1141 1916 1211 suis,et

277 1238 652 1300 admirandus
682 1236 739 1290 in
759 1233 986 1291 cunctis
1007 1232 1280 1305 operibus
1301 1231 1445 1287 suis.
1462 1233 1542 1287 Ea
1567 1232 1763 1304 itaque
1788 1250 1913 1304 quae

273 1332 442 1388 iidem
472 1325 695 1400 praefati
727 1324 924 1379 Patres
951 1321 1039 1379 vel
1062 1322 1119 1376 in
1140 1322 1278 1389 vita,
1301 1319 1388 1376 vel
1411 1326 1565 1377 certe
1589 1338 1715 1393 qua:
1739 1321 1912 1392 paulo

271 1424 397 1495 post
424 1413 801 1473 discessionis
831 1428 950 1469 suae
980 1415 1244 1483 tempora
1271 1410 1490 1483 operati
1523 1415 1912 1483 sunt,ncqua-

271 1524 441 1584 quam
471 1505 775 1579 tangimus
810 1520 822 1556 :
856 1502 954 1557 sed
990 1501 1145 1573 quod
1178 1504 1309 1572 post
1335 1498 1505 1572 longe
1545 1501 1911 1556 succedentis

271 1597 452 1656 aetatis
483 1610 816 1657 excursum,
849 1590 1017 1647 nobis
1051 1588 1276 1644 scilicet
1302 1587 1689 1655 intuentibus,
1717 1590 1912 1645 divina

269 1685 576 1744 clementia
600 1698 703 1756 per
733 1697 830 1737 eos
862 1678 1158 1735 declarare
1188 1677 1474 1744 voluit,ex
1498 1677 1767 1749 pluribus
1784 1694 1910 1749 qua":

2029 522 2305 596 qualibus
2334 523 2617 580 virtutum
2654 531 2897 599 uterque
2927 544 3129 585 eorum
3152 529 3484 604 insignibus
3505 532 3682 589 clare-

2028 616 2173 668 seat.

2042 732 2045 737 ·
2096 704 2150 756 2.
2186 701 2481 774 Suscipiat
2524 717 2660 777 ergo
2709 709 2901 760 vestra
2950 713 3153 763 sancta
3203 709 3525 780 paternitas
3571 710 3681 767 hoc

2028 794 2239 846 nostra;
2268 790 2588 846 devotionis
2621 794 2974 865 epusculum
3007 813 3020 851 :
3057 814 3183 869 quae
3217 799 3325 853 etsi
3377 798 3681 871 imperitos

2027 896 2133 933 nos
2164 878 2446 934 facundim
2479 879 2673 952 lepore
2704 883 3060 951 considerat,
3094 890 3287 941 tamen
3322 887 3553 943 dedisse
3575 905 3681 944 nos

2026 983 2261 1038 operam
2289 973 2624 1039 cognoscat,
2658 986 2729 1023 ne
2760 970 2831 1025 ad
2861 969 3306 1043 glorificandam
3346 975 3679 1032 divinorum

2024 1072 2266 1127 operum
2292 1057 2799 1129 magniﬁcentiam
2849 1064 3052 1115 nostra
3103 1061 3335 1133 ignavia
3364 1068 3675 1137 torpescat.

2025 1145 2110 1201 Ita
2140 1149 2336 1200 tamen
2383 1145 2496 1201 ista
2545 1148 2979 1218 prosequimur,
3012 1153 3078 1204 ut
3108 1150 3158 1204 si
3209 1151 3295 1205 vel
3347 1152 3560 1208 rectius
3588 1153 3677 1209 vel

2024 1234 2268 1289 facetius
2298 1234 2368 1289 ad
2393 1232 2676 1307 explenda
2698 1235 2821 1290 hzec
2842 1236 3195 1309 scriptorum
3221 1237 3470 1311 quilibet
3490 1257 3675 1297 cmer-

2022 1323 2182 1391 serit,
2218 1322 2264 1377 si
2298 1324 2431 1395 quis
2461 1341 2529 1380 ex
2559 1324 2651 1379 his
2683 1328 2784 1380 aut
2813 1324 3006 1382 laudis
3036 1344 3138 1382 seu
3188 1328 3453 1385 mortalis
3505 1330 3675 1387 nobis

2022 1410 2259 1467 honoris
2291 1412 2516 1467 fructus
2546 1412 2846 1486 provenire
2890 1414 3096 1486 possit,
3133 1415 3380 1471 libenter
3428 1434 3535 1473 nos
3564 1419 3674 1476 hoc

2020 1500 2365 1571 profitemur
2394 1517 2588 1557 carere
2620 1501 2941 1574 privilegio,
2976 1505 3116 1559 dum
3166 1504 3534 1563 solummodo
3567 1524 3673 1565 nos

2021 1588 2145 1644 loco
2177 1588 2462 1660 cedimus,
2496 1590 2543 1646 si
2578 1590 2724 1646 alter
2752 1591 2942 1664 potior
2979 1593 3066 1648 vel
3115 1593 3420 1650 facundior
3467 1595 3673 1653 subro-

2020 1681 2209 1750 getur,
2243 1682 2473 1733 tantum
2508 1680 2918 1751 pernoscendze
2970 1683 3223 1739 materiae
3272 1683 3425 1739 viam
3476 1689 3673 1741 osten-

269 1775 560 1833 memoriaa
594 1770 860 1828 mandari
886 1772 1224 1841 potuerunt,
1250 1767 1322 1823 ad
1345 1767 1732 1823 exhibendam
1756 1772 1913 1822 tena-
1941 1808 1988 1874 Β
2013 1757 2177 1822 disse
2209 1766 2483 1823 sufficiat.
2518 1768 2632 1823 Nec
2682 1769 2848 1824 nobis
2898 1786 3120 1827 merces
3172 1771 3408 1839 laboris,
3445 1778 3507 1829 ut
3540 1791 3674 1846 spe-

268 1867 389 1922 cius
418 1867 721 1919 tantorum
751 1859 1009 1914 virorum
1041 1854 1424 1913 reverentiam
1459 1872 1573 1910 non
1623 1860 1906 1910 tacemus.

266 1954 407 2011 Nam
438 1951 487 2008 si
522 1951 655 2023 quis
686 1965 887 2005 eorum
917 1950 1082 2019 gesta
1110 1944 1341 2018 plenius
1394 1961 1563 1999 nosse
1595 1943 1905 2011 desiderat,

266 2058 459 2099 eorum
493 2043 661 2096 actus
692 2037 794 2110 qui
824 2033 1223 2091 voluminibus
1255 2032 1507 2106 propriis
1553 2033 1624 2088 ab
1675 2032 1909 2087 exordio

266 2147 453 2188 rerum
482 2132 787 2202 gestarum
817 2123 994 2181 latius
1024 2123 1421 2190 continentur,
1455 2120 1796 2194 diligentius
1829 2121 1912 2175 in-

2020 1871 2240 1922 ramus,
2276 1872 2307 1911 a
2348 1856 2595 1911 Domino
2655 1857 3050 1924 frustrabitur,
3103 1860 3151 1914 si
3202 1861 3360 1917 vocis
3419 1862 3665 1918 facultas

2020 1943 2287 2011 defuerit,
2324 1961 2457 1999 cum
2481 1951 2790 2017 promptus
2812 1947 3094 2004 exstiterit
3118 1952 3327 2004 nostra:
3352 1950 3672 2006 devotionis

2019 2032 2279 2087 affectus.

1426 2442 2049 2576 INCIPIT
2138 2446 2518 2581 VlTA

379 2705 711 2766 Columbam
741 2703 984 2759 Luxavio
1012 2700 1189 2772 pulso,
1221 2697 1458 2754 succedit
1484 2698 1786 2754 Eustasius.

328 2828 382 2882 3.
416 2823 609 2898 Igitur
636 2824 948 2894 postquam
981 2813 1358 2871 beatissimus
1393 2817 1555 2885 pater
1602 2812 1909 2869 Columba-

267 2920 466 2983 nus,ut
493 2912 649 2968 liber
677 2906 934 2964 historiae
958 2906 1027 2960 de
1043 2903 1172 2958 Vita
1187 2908 1243 2959 et
1254 2902 1575 2959 virtutibus
1592 2904 1720 2973 ejus
1736 2902 1913 2973 scrip-

266 3011 357 3061 tus
385 3003 634 3067 indicat,
668 2996 778 3054 sub
806 3010 938 3067 rege
970 2993 1326 3048 Francorum
1359 2989 1660 3063 Sigeberto
1712 2989 1912 3061 patria:

265 3092 553 3150 Hiberniae
567 3087 784 3143 finibus
794 3082 957 3139 exsul
977 3079 1375 3153 Burgundiam
1393 3094 1706 3152 aggressus
1719 3077 1911 3134 locum

265 3180 371 3238 sibi
401 3174 740 3252 specialiter
770 3172 1080 3244 delegerat,
1108 3169 1200 3225 cui
1234 3169 1305 3224 ab
1328 3167 1569 3240 antiquo
1593 3166 1913 3223 Luxovium

266 3270 350 3341 (ut
379 3268 498 3323 illic
533 3263 769 3339 legitur)
803 3275 1015 3317 nomen
1048 3261 1194 3324 erat,
1227 3260 1451 3312 tantam
1475 3274 1509 3312 a
1532 3256 1776 3311 Domino
1797 3255 1917 3312 effl-

265 3359 607 3414 ciendorum
638 3367 879 3426 operum
910 3348 1160 3422 gratiam
1182 3350 1272 3402 est
1300 3347 1745 3410 consecutus,ut
1767 3344 1826 3400 in
1848 3360 1913 3400 eo

264 3447 384 3504 loco
413 3444 609 3519 signis
638 3447 695 3498 et
723 3437 1005 3514 prodigiis
1055 3434 1472 3509 praeeuntibus,
1510 3437 1913 3490 sexcentorum

265 3537 438 3592 ferme
469 3530 899 3590 monachorum
929 3527 988 3582 in
1022 3525 1175 3581 brevi
1200 3522 1917 3594 multitudinem,disposi-

262 3626 336 3681 tis
366 3641 468 3698 per
497 3623 634 3678 loca
663 3618 776 3677 sibi
823 3616 1035 3689 exigua
1061 3617 1151 3683 (ut
1178 3629 1368 3685 usque
1413 3611 1585 3667 hodie
1632 3611 1912 3679 cernitur)

265 3714 605 3789 agminibus
637 3710 997 3782 aggregarct.
1031 3702 1255 3770 Quibus
1288 3701 1346 3755 in
1379 3700 1539 3756 omni
1581 3699 1916 3789 sanctitate,

263 3787 577 3877 sapientia,
613 3796 876 3855 doctrina
911 3797 968 3851 et
1016 3790 1296 3865 religione
1339 3789 1558 3861 Optime
1606 3787 1912 3854 institutis,

265 3894 343 3949 ita
372 3897 439 3949 ut
467 3891 647 3962 longe
676 3887 907 3957 lateque
938 3900 1040 3955 per
1087 3882 1262 3936 urbes
1304 3878 1393 3934 vel
1443 3877 1802 3934 monasteria
1847 3893 1915 3933 ex

263 3981 589 4054 disciplinae
607 3977 759 4033 beati
773 3968 1310 4048 patrisColumbani
1326 3966 1634 4039 discipulis
1652 3970 1915 4038 pastores

264 4070 622 4144 eligerentur
642 4070 699 4121 et
719 4068 991 4127 rectores,
1012 4060 1330 4132 instigante
1350 4054 1581 4133 diabolo
1604 4055 1677 4111 ab
1695 4054 1917 4127 impiis-

264 4157 413 4217 sima
444 4152 835 4215 Brunechilde
856 4148 1060 4223 regina
1074 4146 1373 4220 expulsus,
1395 4160 1668 4218 egressus
1685 4160 1718 4199 a
1735 4144 1916 4199 Luxo—

264 4247 349 4304 vio
379 4246 616 4304 Italiam
649 4239 1128 4316 petiit,Bobiense
1150 4233 1573 4291 monasterium
1608 4232 1915 4305 magniﬁce

264 4335 548 4402 condidit,
573 4333 632 4387 in
666 4346 780 4404 quo
802 4328 1040 4384 tandem
1064 4323 1267 4380 multis
1289 4321 1705 4378 miraculorum
1729 4320 1914 4393 signis

265 4424 454 4481 clarus
484 4424 660 4479 beato
692 4420 807 4475 fine
837 4415 1076 4490 quievit.
1109 4413 1213 4469 Cui
1245 4412 1317 4468 ad
1358 4410 1671 4483 regendam
1727 4410 1912 4465 Luxo-

2023 2698 2310 2754 floruisse.
2346 2700 2454 2765 Qui
2501 2698 2724 2756 scilicet
2773 2717 2907 2755 cum
2956 2706 3109 2756 esset
3156 2701 3373 2774 inclyta
3402 2705 3679 2779 prosapia

2022 2783 2410 2853 clarissimus,
2446 2784 2503 2840 in
2539 2802 2687 2858 pago
2709 2785 2805 2858 qui
2828 2786 2999 2858 vulgo
3024 2787 3298 2843 Pontivus
3320 2790 3553 2857 dicitur,
3577 2792 3682 2863 ho-t

2024 2871 2265 2928 noribus
2294 2877 2349 2928 et
2379 2890 2574 2929 rerum
2608 2875 2894 2947 dignitate
2916 2875 3086 2945 juxta
3108 2874 3333 2932 natales
3355 2894 3494 2934 suos
3515 2879 3678 2937 ditis-

2023 2961 2237 3029 simus,
2268 2966 2463 3018 tamen
2496 2962 2605 3018 sub
2638 2963 2813 3018 rebus
2830 2963 3023 3018 saeculi
3044 2963 3205 3036 regni
3224 2982 3339 3021 non
3363 2966 3675 3025 immemor

2024 3049 2584 3117 mterni,sectabatur
2600 3050 2841 3107 sedulus
2859 3068 3035 3124 opera
3054 3052 3674 3129 misericordim,agens

1945 3130 1987 3195 C
2029 3155 2154 3210 qua:
2187 3137 2287 3193 Dei
2319 3132 2478 3207 sunt,
2513 3155 2626 3195 non
2660 3156 2787 3211 quae
2819 3139 3148 3195 hominum.
3182 3141 3382 3207 Qualis
3399 3148 3597 3201 autem
3618 3150 3675 3202 et

2023 3231 2244 3299 quanta
2273 3227 2332 3282 in
2365 3242 2431 3283 eo
2464 3228 2573 3283 sub
2595 3225 2694 3283 illo
2728 3227 2967 3284 militari
3001 3222 3206 3285 habitu
3238 3230 3524 3288 bonorum
3544 3249 3675 3306 ope-

2022 3332 2155 3372 rum
2187 3315 2370 3371 virtus
2401 3315 2701 3384 effulserit,
2732 3333 2924 3373 sermo
2958 3317 3155 3374 nullus
3186 3318 3475 3390 explicare
3506 3321 3672 3377 suffi-

2023 3405 2134 3461 cit:
2157 3421 2291 3460 cum
2310 3404 2369 3459 in
2393 3405 2617 3461 caeteris
2646 3406 3120 3478 quampluribus,
3145 3410 3274 3463 tum
3295 3409 3555 3465 etiamin
3580 3409 3673 3467 his

2024 3493 2477 3562 intentissimus,
2493 3494 2714 3550 scilicet
2734 3495 2998 3568 algentes
3019 3495 3251 3565 vestire,
3271 3496 3475 3569 inopes
3498 3497 3670 3567 alere,

2026 3582 2417 3639 imbecillibus
2451 3588 2726 3654 praestare
2753 3583 3039 3655 solamen,
3071 3600 3359 3656 pauperes
3391 3602 3673 3659 recreare,

2025 3672 2277 3727 rcfovere
2308 3676 2568 3737 mcestos,
2605 3673 2676 3726 ad
2709 3688 2910 3743 pacem
2944 3689 3209 3727 revocare
3238 3674 3558 3730 discordes.
3579 3675 3678 3731 Sic

2025 3759 2194 3816 miles
2224 3759 2483 3831 optimus
2513 3760 2666 3815 inter
2686 3761 2871 3815 fasces
2902 3760 3259 3816 constitutus
3281 3765 3338 3817 et
3358 3779 3677 3833 arma,per-

2023 3847 2196 3904 ituris
2228 3865 2573 3920 prmponens
2605 3864 2835 3919 semper
2856 3852 3090 3916 aeterna,
3110 3848 3315 3904 sedula
3337 3849 3677 3905 versabatur

2025 3936 2397 4009 cogitatione,
2434 3936 2586 4008 quod
2620 3940 2821 4008 postea
2852 3936 3093 3991 devotus
3124 3936 3433 4009 complevit
3480 3953 3670 4008 opere.

2024 4027 2203 4099 Cuius
2236 4025 2473 4099 quidem
2505 4026 2616 4081 sub
2647 4024 2745 4081 illo
2782 4026 3068 4081 bonorum
3113 4026 3385 4082 exemitio
3434 4025 3675 4084 initium

2025 4116 2326 4189 signorum
2357 4115 2465 4170 hoc
2498 4113 2757 4169 referunt
2784 4114 3095 4170 exstitisse.
3684 4104 3691 4107 ’

2252 4285 2310 4338 In
2338 4300 2476 4357 paqo
2505 4282 2813 4340 Meldiccnsi
2842 4285 3090 4340 clarescit
3122 4283 3447 4341 adolescens.

2093 4430 2147 4484 5.
2173 4429 2331 4484 Intra
2352 4428 2497 4483 fines
2521 4427 2794 4494 Franciae,
2811 4426 2870 4482 in
2894 4442 3041 4500 pago
3064 4425 3333 4482 videlicet
3356 4426 3674 4500 Meldense,

262 4512 553 4571 viensium
584 4506 1006 4565 monachorum
1037 4500 1548 4575 congregationem
1579 4498 1788 4587 beatus
1810 4515 1915 4572 Pa'
1945 4500 1993 4565 D
2024 4516 2231 4574 famosi
2262 4516 2425 4572 vicus
2456 4520 2544 4571 est
2573 4515 2851 4582 nominis,
2872 4498 3064 4587 prisco
3086 4515 3320 4571 nomine
3340 4498 3677 4586 Nant(infra

263 4605 349 4657 ter
376 4598 691 4658 Eustasius
714 4594 990 4671 providus
1011 4592 1367 4665 gubernator
1387 4586 1797 4660 successit,qui
1820 4604 1916 4643 no-

266 4688 456 4746 biliori
482 4683 944 4761 Lingonensium
975 4695 1184 4755 genere
1204 4682 1461 4748 exortus,
1476 4676 1915 4750 praedecessoris

267 4778 355 4835 sui
386 4778 448 4834 in
480 4776 758 4835 omnibus
788 4772 1063 4830 instituta
1082 4773 1343 4837 secutus,
1363 4783 1525 4840 mque
1555 4766 1844 4840 sapientia
1862 4772 1918 4824 et

266 4867 580 4926 sanctitate
612 4864 827 4938 ubique
867 4861 1129 4918 locorum
1178 4858 1336 4915 fama
1363 4861 1421 4913 et
1448 4857 1764 4913 virtutibus
1814 4873 1915 4913 no-

267 4956 543 5014 tissimus
603 4952 875 5027 migravit
924 4950 995 5007 ad
1046 4946 1380 5015 Dominum,
1416 4946 1474 5000 in
1529 4946 1731 5003 eodem
1792 4945 1916 5002 loco

268 5059 507 5118 corpore
540 5041 886 5101 tumulatus.

692 5150 828 5206 Dein
868 5145 1164 5204 Walbertus
1200 5160 1270 5201 ex
1294 5141 1491 5197 milite.

336 5239 391 5293 4.
424 5237 536 5294 Cui
566 5237 626 5293 iu
647 5235 931 5311 regimine
952 5237 1192 5291 sanctus
1220 5245 1524 5311 successor
1544 5229 1923 5286 exstititWal-

268 5325 496 5383 her-tus.
532 5327 638 5392 Qui
669 5310 937 5382 videlicet
960 5323 1050 5378 vir
1078 5322 1139 5377 iu
1159 5310 1279 5375 vita
1301 5336 1408 5375 sua
1432 5316 1918 5390 gloriosissimus,

272 5413 405 5471 licet
434 5415 724 5488 posterior
754 5413 929 5470 fuerit
960 5412 1183 5475 ordine,
1209 5425 1324 5464 non
1349 5411 1545 5463 tamen
1574 5405 1815 5463 inferior
1833 5425 1923 5465 ex-

273 5503 423 5558 stitit
444 5503 787 5559 meritorum
811 5500 1124 5574 qualitate;
1145 5498 1315 5569 cujus
1336 5510 1567 5568 quoque
1584 5510 1768 5549 annos
1791 5495 1923 5550 ado-

273 5588 565 5647 lescentiae
594 5590 650 5647 in
683 5589 863 5647 armis
894 5588 1135 5645 tradunt
1157 5585 1415 5659 primum
1438 5579 1923 5638 excellentissime

2024 4624 2084 4661 π.
2120 4605 2205 4677 14)
2235 4609 2476 4660 vocatus
2502 4621 2513 4659 :
2541 4603 2640 4675 qui
2672 4603 2896 4661 scilicet
2921 4603 3085 4660 vicus
3114 4602 3223 4660 sibi
3243 4620 3277 4658 a
3297 4603 3679 4677 progenitori-

2027 4696 2137 4750 bus
2162 4695 2296 4766 jure
2325 4692 2689 4749 haereditario
2719 4692 3105 4765 competebat,
3133 4695 3263 4748 ortu
3291 4707 3523 4764 quoque
3547 4692 3676 4764 ejus

2027 4783 2420 4857 etpuerilihus
2440 4782 2819 4838 incrementis
2835 4781 2928 4838 hic
2946 4779 3110 4838 locus
3131 4795 3317 4854 usque
3338 4780 3398 4836 in
3420 4796 3677 4853 praesens

2027 4873 2345 4931 admodum
2376 4871 2627 4928 habetur
2657 4870 2928 4943 insignis.
2959 4870 3045 4926 Ad
3077 4868 3310 4927 laudem
3341 4869 3518 4926 etiam
3550 4870 3680 4941 ejus

2028 4962 2284 5021 nominis
2334 4961 2464 5018 fons
2514 4959 2633 5016 illic
2693 4959 2951 5015 exoritur
3009 4957 3428 5028 memorabilis,
3462 4975 3531 5016 ex
3560 4973 3680 5031 quo

2028 5052 2264 5126 perfusa
2294 5050 2467 5106 turba
2494 5047 2793 5121 popularis
2841 5047 3129 5106 laetiorum
3160 5049 3251 5123 (an
3282 5046 3585 5121 laetiorem)
3617 5037 3682 5104 se

2029 5140 2345 5196 arbitratur
2376 5138 2448 5193 ad
2481 5154 2589 5193 sua
2619 5136 2832 5193 referre
2859 5137 2933 5193 ob
2974 5136 3321 5195 memoriam
3370 5136 3523 5193 beati
3573 5135 3681 5191 viri

2030 5226 2194 5284 lucra
2217 5225 2662 5283 incolumitatis.
2697 5225 2759 5280 In
2790 5225 2899 5281 hoc
2928 5224 3153 5298 itaque,
3172 5230 3240 5282 ut
3270 5224 3680 5293 diximus,vieo

2031 5317 2121 5372 sui
2146 5315 2303 5386 juris
2330 5331 2470 5387 ager
2499 5312 2825 5368 latissimus
2857 5314 3047 5369 fuerat
3092 5318 3148 5370 et
3196 5314 3502 5370 fecundus.
3536 5313 3683 5369 Nam

2031 5422 2165 5461 cum
2198 5403 2257 5459 in
2284 5402 2414 5458 aliis
2444 5402 2531 5457 vir
2560 5402 2670 5457 iste
2701 5400 3012 5472 fclicimus,
3046 5408 3173 5459 tum
3223 5418 3456 5474 quoque
3505 5390 3682 5456 rebus

2032 5493 2284 5566 pollebat
2315 5509 2328 5546 :
2353 5495 2409 5547 et
2439 5490 2595 5546 hunc
2622 5507 2855 5562 quoque
2886 5508 3093 5563 agrum
3126 5506 3362 5547 anseres
3400 5492 3680 5561 agrestes,

2033 5599 2180 5655 quas
2211 5600 2245 5637 a
2275 5581 2524 5637 candore
2553 5579 2641 5635 vel
2669 5579 2865 5635 sonitu
2894 5581 3051 5637 vocis
3085 5597 3245 5636 more
3284 5578 3501 5634 rustico
3533 5594 3680 5649 gan-
