4028 6172
349 247 462 308 691

1443 249 1772 312 ADSONIS
1817 249 2256 314 DERVENSIS
2303 253 2661 316 ABBATIS.

3641 257 3750 319 692

347 381 440 439 tas
471 381 588 452 (41)
616 383 845 451 vocant,
879 379 1112 456 agmine
1141 379 1380 438 collecto
1410 381 1698 455 frequenti
1725 381 1998 456 raptione
2024 385 2082 454 Α
2111 387 2439 445 tentamina
2468 404 2585 445 non
2618 405 2794 462 parvo
2825 392 3086 464 tempore
3136 387 3513 463 singulariter
3557 389 3754 448 decer-

349 471 426 528 ab
457 471 585 544 ipso
606 470 774 542 jactu
805 470 1048 526 seminis
1075 474 1132 526 et
1161 469 1403 526 sationis
1427 471 1784 527 incremento
1814 475 2001 529 vasta-

347 559 512 616 bant.
548 558 816 616 Minister
844 559 1207 633 indignatus,
1243 577 1378 615 cum
1409 577 1507 615 eas
1557 558 1722 616 nulla
1768 559 1819 615 vi
1865 560 2000 617 inde

347 647 827 726 posset-abigere,
855 647 1136 703 familiare
1164 647 1447 703 damnum
1471 649 1707 705 domino
1728 655 2000 720 procurat

349 737 632 794 intimari.
668 737 739 792 At
768 735 863 790 ille
895 735 1189 806 imperans
1223 753 1236 790 ε
1269 736 1448 804 Vade,
1484 736 1696 810 inquit,
1731 739 1998 803 citins,et

349 827 549 884 ordine
581 825 832 897 pedestri
869 841 1108 880 numero
1133 825 1356 898 integro
1377 827 1744 898 subsequens
1767 825 1998 881 reclude

347 932 448 972 eas
477 913 658 970 domi.
692 915 822 970 Mox
863 931 1026 970 servo
1075 915 1434 986 praecedente
1480 915 1706 970 videres
1759 919 2000 970 mcestas

345 1003 615 1060 volucres
645 1002 860 1058 mirum
894 1003 952 1058 in
975 1001 1215 1074 globum
1239 1002 1503 1074 deposita
1526 1003 1750 1058 feritate
1779 1001 1996 1075 colligi,

351 1110 418 1149 ac
451 1109 553 1165 pro
575 1089 842 1163 jubentis
876 1095 1021 1146 nutu
1054 1094 1211 1145 certo
1246 1089 1478 1146 tramite
1501 1108 1615 1162 quo
1638 1091 2001 1147 ducebantur

350 1185 572 1237 tectum
603 1179 987 1236 subintrassc.
1024 1180 1110 1234 Ita
1131 1180 1258 1251 jam
1290 1179 1550 1235 triduum
1585 1197 1717 1236 aves
1740 1179 1850 1234 illm
1873 1180 1999 1236 sine

350 1271 480 1327 cibo
512 1274 770 1344 agentes,
795 1269 946 1325 beati
971 1269 1076 1322 viri
1098 1267 1334 1324 tandem
1357 1267 1723 1341 indulgentia
1743 1269 2000 1325 relaxan-

348 1364 466 1429 tur,
499 1362 736 1432 dempta
779 1357 1002 1414 scilicet
1048 1375 1165 1412 una
1210 1357 1280 1412 do
1333 1373 1576 1413 numero
1633 1361 1994 1428 caeterarum,

349 1466 527 1523 quam
559 1465 713 1504 unus
745 1464 775 1504 e
807 1445 1028 1502 familia
1059 1445 1211 1501 furto
1243 1445 1592 1518 sublegerat,
1625 1450 1682 1502 et
1711 1446 1822 1503 sibi
1846 1447 1997 1502 male

347 1537 619 1594 conscius
651 1537 710 1592 in
759 1552 926 1592 escas
971 1551 1145 1591 vorax
1193 1537 1508 1591 temerator
1565 1535 1993 1608 absumpserat.

346 1627 463 1686 Illae
495 1631 691 1684 tamen
718 1625 982 1681 volucres
1013 1623 1215 1680 solutae
1247 1623 1319 1679 de
1350 1641 1600 1692 carcere,
1635 1624 1784 1681 elato
1816 1625 1875 1680 in
1908 1623 1997 1680 al-

2105 479 2284 532 tasse.

2357 569 2606 625 [iustas-io
2635 570 2929 640 sufﬁcitur.
2966 570 3092 626 Rem
3127 569 3325 642 optime
3350 569 3506 640 gerit.

2177 665 2231 717 7.
2268 663 2548 720 Prmtcrea
2578 669 2744 736 pater
2772 664 3100 731 Eustasius,
3124 665 3280 721 sicut
3301 683 3480 738 supra
3501 664 3760 737 praeliba-

2107 750 2319 817 vimus,
2353 751 2540 823 signis
2571 759 2627 808 et
2654 753 2970 808 virtutibus
3001 752 3547 826 quampluribus,ut
3576 752 3635 808 in
3668 754 3757 810 de-

2107 839 2426 910 scriptione
2457 845 2694 896 actuum
2727 841 2916 913 ipsius
2946 842 3309 898 sufticienter
3339 841 3572 914 legitur,
3595 859 3754 897 com.

2108 929 2410 1000 probatus,
2441 947 2574 984 cum
2599 930 2794 1002 palma
2822 931 3110 986 bonorum
3133 931 3652 1002 operum.Domino
3669 948 3760 988 vo-

2107 1020 2296 1086 cante,
2330 1018 2560 1074 caeleste
2599 1019 2942 1092 capitolium
2994 1019 3321 1092 ingreditur
3363 1021 3755 1076 coronandus.

2107 1106 2214 1170 Qui
2247 1107 2422 1162 etiam
2449 1113 2579 1180 post
2597 1126 2822 1164 sacram
2843 1108 2992 1165 beati
3013 1108 3164 1164 Petri
3183 1108 3580 1181 apostolorum
3606 1110 3756 1182 prin-

2107 1193 2253 1267 cipis
2285 1214 2446 1251 aram
2478 1196 2634 1252 intra
2665 1197 2880 1252 mmnia
2910 1196 3250 1270 principalis
3289 1195 3760 1289 ecc’lecim,quam

2107 1285 2232 1356 ipse
2262 1302 2398 1341 cum
2422 1291 2584 1358 patre
2604 1286 2963 1342 Columbano
2985 1285 3730 1359 condiderat,magnitiram
3744 1331 3764 1360 ,

2109 1378 2174 1429 ut
2202 1391 2306 1445 par
2353 1379 2495 1443 erat,
2530 1375 2893 1446 sepulturam
2938 1378 3210 1431 retentat.
3244 1375 3358 1431 Nec
3406 1375 3634 1446 patitur
3681 1375 3762 1431 di-

2104 1463 2242 1518 vina
2271 1463 2637 1534 providentia
2667 1480 2900 1520 sacrum
2932 1462 3078 1519 ovile
3101 1468 3321 1520 rectore
3342 1464 3760 1520 destitui.Nam

2109 1552 2167 1607 in
2199 1551 2296 1607 illo
2329 1557 2664 1608 sanctorum
2697 1551 2936 1625 collegio
2967 1569 3100 1608 cum
3133 1553 3322 1608 forent
3341 1551 3760 1626 plurimi,quos

2107 1645 2164 1697 et
2192 1641 2478 1714 sapientia
2508 1646 2566 1697 et
2595 1643 2715 1698 vita
2749 1642 3219 1708 commendarat;
3254 1646 3449 1697 tamen
3500 1643 3760 1698 universi

345 1721 473 1774 tum
504 1715 727 1788 gemitu
760 1713 1012 1770 clamore
1044 1711 1335 1784 replentes
1375 1729 1530 1780 aera,
1563 1717 1716 1768 tecta
1745 1713 1991 1769 circum-

392 1804 455 1824 -I,
482 1809 538 1824 ,,1
605 1809 769 1824 ,ιγ-μ--
801 1801 853 1824 Ξ..
896 1819 1062 1824 ---..--
1098 1802 1280 1824 -_._-l:
1315 1800 1419 1824 --2-2
1459 1801 1734 1824 _I____._-__-
1787 1800 1991 1824 _--!_1-

2109 1731 2233 1803 pari
2262 1711 2394 1786 voto
2443 1731 2686 1803 parique
2730 1747 3021 1787 consensu
3070 1729 3520 1786 Waldebertum
3567 1731 3760 1788 virum

345 1804 568 1873 volant,
597 1809 775 1876 atque
801 1801 859 1858 in
893 1819 1065 1858 aures
1097 1802 1282 1857 sancti
1315 1800 1421 1856 viri
1454 1801 1741 1857 damnum
1784 1800 1998 1858 sociale

347 1895 662 1954 resolvunt.
696 1895 804 1962 Qui
837 1911 970 1949 mox
999 1909 1239 1949 causam
1272 1892 1626 1966 intelligens,
1663 1892 1994 1965 depositum

347 1985 616 2056 inquirit,
647 2001 849 2056 pinnas
871 1981 1126 2054 jussisse
1155 1981 1381 2036 debitas
1413 1997 1518 2053 pro
1550 1981 1792 2038 crimine
1823 1982 1996 2054 profi-

343 2077 520 2141 tetur,
555 2089 671 2129 non
701 2083 871 2127 neces
893 2066 1182 2126 intulisse.
1207 2069 1602 2142 Praesumptor
1621 2075 1686 2126 ut
1701 2069 1836 2125 furti
1865 2087 1998 2127 reus

345 2161 568 2236 pudore
597 2158 1014 2232 deprehensus,
1051 2157 1388 2231 plumarum
1419 2172 1567 2231 quas
1598 2158 1744 2214 forte
1776 2160 1996 2216 subdu-

342 2255 506 2308 xerat
535 2266 602 2306 ac
633 2265 878 2322 quisque
909 2245 1144 2302 residua
1176 2244 1395 2318 profert
1423 2245 1483 2302 in
1516 2246 1893 2304 medium.lta
1911 2247 2000 2303 vir

341 2343 582 2397 sanctus
613 2339 765 2394 facta
793 2337 1052 2393 oratione
1081 2334 1408 2390 exanimem
1435 2351 1714 2407 reparans
1733 2381 1746 2404 ,
1767 2340 1997 2392 restau-

343 2433 469 2484 rato
502 2443 745 2483 numero
792 2425 936 2482 sinit
981 2423 1140 2480 abire
1189 2421 1471 2490 lzetantes,
1507 2438 1812 2496 nunquam
1865 2430 1998 2497 post

345 2517 468 2574 haec
497 2515 652 2572 infra
680 2531 887 2588 agrum
921 2512 1088 2568 illum
1121 2512 1505 2584 irruptionem
1546 2513 1733 2569 facere
1776 2531 1997 2586 praesu-

347 2610 594 2662 mentes.
631 2603 762 2660 Heee
791 2619 927 2676 ergo
948 2603 1077 2674 jam
1108 2605 1249 2656 tune
1278 2599 1566 2656 Dominus
1597 2601 1655 2656 in
1697 2620 1860 2659 servo
1891 2620 1996 2659 suo

347 2691 1038 2767 dignabaturostendere,
1055 2706 1228 2762 quem
1253 2689 1600 2762 disponebat
1619 2691 1997 2763 postmodum

347 2785 552 2838 sancto
579 2781 661 2837 illi
697 2779 1148 2837 Luxoviensium
1173 2777 1595 2834 monachorum
1619 2779 1779 2852 gregi
1802 2785 1998 2852 pasto-

350 2871 456 2927 rali
490 2870 836 2928 auctoritate
867 2869 1178 2942 praeficere.
1207 2867 1314 2934 Qui
1345 2866 1522 2923 etiam
1555 2867 1604 2923 si
1637 2867 1801 2923 sicin
1833 2867 2000 2923 mini-

351 2962 466 3017 mis
494 2959 680 3016 laicus
711 2959 917 3032 potuit,
943 2960 1160 3032 quanto
1184 2957 1374 3029 magis
1395 2955 1454 3010 in
1473 2956 1746 3012 maximis
1767 2958 2002 3014 creden-

349 3049 464 3104 dus
492 3052 583 3105 est
613 3049 726 3104 sub
757 3051 958 3104 sancto
987 3045 1195 3102 habitu
1224 3043 1508 3100 valuisse!

2108 1835 2270 1890 mque
2302 1820 2744 1876 sanctissimum
2779 1819 2904 1876 loco
2940 1819 3126 1892 patris
3173 1819 3512 1876 decedentis
3560 1820 3759 1876 decer-

2107 1913 2275 1976 nunt,
2309 1926 2374 1964 ac
2414 1907 2522 1964 loci
2575 1915 2865 1966 rectorum
2913 1908 3303 1977 constituunt,
3335 1909 3476 1964 certi
3529 1909 3602 1964 de
3631 1909 3761 1980 ejus

2106 1997 2318 2053 virtute
2343 2003 2400 2052 et
2430 1998 2655 2053 meritis
2691 2015 2704 2054 :
2737 2015 2864 2070 quae
2907 1996 3017 2054 etsi
3065 1997 3124 2052 in
3175 2014 3241 2053 eo
3290 2002 3561 2070 poterant
3615 2014 3757 2071 aug-

2107 2087 2378 2154 mentari,
2412 2087 2558 2142 nulli
2591 2087 2838 2142 dubium
2887 2086 3032 2159 quin
3086 2091 3329 2158 possent
3375 2087 3490 2141 fixa
3535 2083 3754 2142 delibe-

2108 2175 2332 2230 ratione
2364 2175 2765 2232 moveri.Nihil
2796 2175 2953 2231 enim
2983 2193 3017 2230 a
3047 2174 3295 2247 pristino
3340 2173 3536 2247 vigore
3579 2191 3758 2246 agens

2107 2263 2434 2332 remissius,
2477 2263 2785 2338 exquisitis
2836 2263 3102 2320 arctioris
3150 2263 3278 2319 vitae
3327 2280 3390 2320 se
3437 2263 3758 2319 districtio-

2108 2353 2283 2408 nibus
2313 2354 2634 2408 coercebat.
2667 2353 2725 2409 Si
2760 2353 2900 2426 quid
2931 2369 3064 2408 vero
3091 2352 3151 2408 in
3193 2352 3367 2408 rebus
3397 2351 3484 2408 vel
3533 2351 3759 2408 caeteris

2109 2443 2416 2514 utriusque
2463 2442 2590 2497 vitae
2643 2441 3163 2498 commoditatibus
3213 2447 3474 2514 tempore
3521 2439 3760 2496 illorum

2107 2531 2359 2586 duorum
2404 2537 2658 2604 patrum,
2692 2530 3038 2587 Columbani
3089 2529 3357 2586 videlicet
3385 2534 3443 2586 et
3479 2530 3757 2596 Eustasii,

2105 2619 2512 2692 imperfectum
2544 2621 2822 2689 restabat,
2849 2620 2944 2676 hic
2966 2625 3168 2692 pastor
3197 2618 3576 2676 beatissimus
3609 2617 3759 2675 Wal-

2107 2709 2382 2765 debertus
2438 2708 2599 2766 omni
2657 2709 2950 2765 industria
3007 2706 3320 2780 supplevit,
3366 2707 3547 2775 auxit,
3581 2711 3641 2762 et
3681 2708 3756 2762 ad

2108 2815 2364 2872 unguem
2397 2798 2708 2870 perfectius
2737 2797 3018 2853 elimavit.
3052 2795 3236 2852 Villae
3261 2813 3494 2870 quoque
3522 2801 3581 2852 et
3612 2813 3755 2868 prae-

2107 2887 2204 2942 dia
2229 2887 2464 2960 copiosa
2490 2886 2803 2943 traditione
2827 2886 3059 2960 publice
3090 2887 3242 2942 facta
3270 2885 3329 2940 in
3358 2903 3503 2940 usus
3532 2885 3755 2940 Monas-

2108 2975 2237 3031 terii
2294 2975 2586 3032 contulit:
2630 2976 2780 3030 inter
2833 2992 2960 3048 qua:
3018 2973 3211 3031 vicum
3270 2991 3526 3048 quoque,
3581 2990 3749 3046 quem

2108 3064 2380 3138 superius
2408 3065 2552 3121 Nam
2589 3070 2860 3121 vocatum
2909 3063 3188 3130 diximus,
3218 3063 3543 3137 genuinum
3592 3062 3753 3118 vide-

347 3155 590 3210 Eustasii
616 3155 838 3210 monitis
868 3153 1173 3208 Luxavium
1198 3167 1256 3207 se
1283 3157 1497 3222 recepit.
1529 3150 1822 3206 Solitarius
1845 3153 1995 3207 vivit.
2029 3127 2072 3193 ί)
2109 3127 2244 3212 licet
2271 3156 2401 3226 ejus
2433 3155 2544 3226 (43)
2584 3153 2796 3222 solum,
2829 3170 2964 3209 cum
3018 3127 3301 3210 membris
3350 3153 3756 3224 adjacentibus

416 3263 472 3317 6.
507 3261 653 3316 Hinc
675 3261 802 3332 jam
834 3275 968 3314 cum
999 3258 1072 3313 ad
1104 3256 1315 3312 altiora
1342 3257 1842 3325 tenderet,saaculo
1872 3275 1997 3314 om-

347 3350 488 3407 nino
516 3347 850 3406 renuntiare
880 3345 1300 3414 desiderat,Dei
1331 3349 1479 3401 nutu
1509 3347 1582 3401 ab
1614 3345 1767 3402 beati
1816 3348 1998 3418 patris

345 3438 604 3496 Eustasii
635 3435 906 3494 consultu
952 3433 1310 3490 Luxoviense
1359 3435 1804 3502 monasterium,
1839 3438 1995 3508 quod

345 3545 463 3602 prae
495 3526 718 3584 czeteris
745 3542 812 3582 eo
840 3529 1101 3596 tempore
1131 3521 1386 3596 regulari
1417 3523 1622 3579 ordine
1669 3524 1995 3582 districtius

343 3620 491 3685 erat,
519 3616 686 3689 copia
716 3629 912 3670 rerum
935 3617 992 3668 et
1012 3629 1256 3668 numero
1277 3611 1698 3668 monachorum
1718 3614 1997 3671 excellen-

343 3707 466 3763 tius
495 3703 888 3779 prrepollebat,
904 3703 1146 3758 devotus
1162 3699 1435 3774 expetiit:
1461 3717 1526 3757 ac
1543 3702 1774 3758 traditis
1797 3721 1992 3761 rerum

345 3811 587 3852 suarum
609 3793 729 3850 illic
751 3809 879 3866 quae
902 3809 1004 3864 per
1023 3789 1252 3846 diversa
1267 3789 1396 3845 loca
1415 3791 1778 3862 amplissime
1801 3811 1994 3866 posse-

343 3885 509 3940 derat
539 3881 791 3956 praadiis,
815 3880 1114 3953 armisque
1135 3877 1438 3952 depositis,
1462 3896 1590 3950 (μιω
1612 3897 1800 3954 usque
1821 3882 1992 3938 hodie

340 3972 402 4028 in
433 3970 839 4029 testimonium
862 3985 1039 4025 sacrae
1063 3967 1287 4022 militias
1311 3967 1440 4039 ejus
1461 3967 1519 4022 in
1541 3985 1607 4023 eo
1629 3967 1754 4024 loco
1778 3969 1990 4026 haben-

342 4066 462 4126 tur,
495 4077 793 4116 servorum
825 4057 927 4114 Dei
958 4073 1201 4113 numero
1223 4055 1365 4112 adiit
1380 4056 1829 4124 sociandus.0ui
1853 4077 1986 4116 san-

343 4153 448 4205 eta:
477 4146 874 4203 oonversionis
904 4145 1153 4217 gratiam
1183 4149 1345 4200 tanta
1373 4149 1462 4200 est
1491 4146 1840 4217 perfectione
1862 4149 1991 4206 ade-

342 4242 502 4310 ptus,
534 4239 600 4292 ut
627 4234 803 4291 etiam
834 4238 1037 4290 sancto
1069 4232 1291 4304 Spiritu
1322 4233 1654 4290 illustrante
1684 4236 1854 4310 signa
1874 4238 1986 4293 vir-

339 4329 534 4383 tutum
592 4324 946 4388 ostenderet,
994 4338 1130 4378 cum
1188 4321 1248 4376 in
1305 4321 1546 4378 alterius
1606 4325 1989 4397 dispositione

339 4414 706 4471 consisteret.
741 4413 1102 4469 Monstratur
1127 4411 1320 4466 adhuc
1349 4412 1464 4480 (42)
1494 4411 1746 4486 denique
1798 4415 1983 4484 locus,

2107 3245 2218 3300 sub
2249 3243 2723 3300 interminatione
2753 3241 2996 3298 tradidit
3027 3259 3040 3297 :
3075 3246 3141 3298 ut
3171 3241 3273 3315 qui
3301 3258 3437 3298 eum
3458 3258 3494 3297 a
3513 3240 3638 3296 loco
3660 3259 3760 3296 an-

2106 3332 2298 3402 ferret,
2331 3338 2557 3388 aeternae
2603 3331 2997 3388 maledictioni
3047 3331 3474 3387 succumberet.
3509 3330 3572 3385 In
3607 3347 3756 3403 pago

2105 3438 2338 3496 quoque
2366 3421 2652 3478 Tarnensi
2683 3420 3010 3494 (1:4)vieum
3032 3419 3337 3476 Herlerum
3361 3419 3598 3474 nomine
3619 3435 3754 3474 cum

2104 3512 2380 3567 omnibus
2409 3511 2478 3566 ad
2513 3527 2575 3567 se
2605 3509 3054 3584 pertinentibus,
3077 3525 3183 3565 seu
3213 3507 3500 3580 quidquid
3525 3508 3584 3562 in
3609 3507 3756 3565 Pon-

2104 3599 2220 3656 tivo
2252 3600 2438 3656 solido
2457 3600 2594 3672 jure
2626 3598 2984 3672 possederat,
3012 3596 3262 3653 obtulit:
3296 3601 3355 3652 et
3382 3597 3652 3652 omnium
3677 3613 3758 3653 ro-

2103 3707 2235 3745 rum
2266 3705 2508 3746 suarum
2541 3689 2778 3743 beatum
2819 3687 3050 3742 Petrum
3098 3683 3428 3758 apostolum
3461 3685 3521 3740 in
3553 3702 3754 3758 perpe-

2103 3784 2270 3834 tuum
2301 3778 2591 3834 haeredem
2612 3794 2740 3833 esse
2765 3773 3092 3832 constituit.
3118 3774 3275 3830 Inter
3294 3779 3504 3830 cratera
3522 3792 3753 3848 quoque

2101 3869 2230 3938 ejus
2259 3867 2506 3924 donaria
2535 3865 2782 3921 contulit
2810 3865 2988 3920 etiam
3021 3862 3457 3936 pretiosissima:
3507 3880 3753 3936 gemmae

2100 3954 2375 4028 poculum
2407 3971 2475 4010 ex
2505 3971 2620 4009 uno
2643 3953 2888 4024 topazio,
2909 3950 3056 4007 miro
3073 3951 3246 4006 modo
3263 3948 3516 4022 guttulis
3537 3952 3751 4021 aureis,

2099 4049 2166 4100 ut
2196 4046 2324 4117 ejus
2357 4047 2448 4099 est
2478 4047 2706 4109 natura,
2743 4041 3090 4107 interlitum,
3122 4038 3469 4112 interposito
3509 4039 3750 4096 anathe-

2098 4138 2274 4199 mate,
2301 4137 2366 4187 ut
2395 4130 2666 4204 quisquis
2687 4145 3038 4202 quacunque
3054 4127 3359 4184 occasione
3373 4127 3585 4184 exinde
3608 4127 3747 4184 illud

2096 4220 2486 4288 subtraheret,
2507 4219 2594 4276 vel
2612 4219 2984 4276 subtractum
3003 4233 3151 4273 ausu
3170 4215 3482 4272 temerario
3501 4215 3746 4274 retinere

2097 4314 2371 4376 tentaret,
2403 4326 2536 4365 cum
2571 4307 2800 4365 diabolo
2831 4313 2890 4364 et
2916 4305 3142 4380 angelis
3173 4306 3301 4376 ejus
3333 4305 3568 4360 aeternis
3592 4305 3748 4361 flam-

2097 4401 2211 4456 mis
2231 4401 2290 4455 in
2313 4404 2661 4472 perpetuum
2685 4398 3038 4454 cruciandus
3059 4396 3310 4464 adesset,
3327 4393 3488 4451 salva
3514 4411 3744 4468 quoque

339 4504 571 4560 duobus
600 4520 636 4559 a
661 4501 1016 4558 monasterio
1047 4498 1311 4556 millibus
1332 4483 1685 4572 disparatus,
1705 4505 1816 4560 sub
1847 4523 1986 4563 saxo

2105 4489 2436 4545 auctoritate
2460 4489 2815 4544 Francorum
2838 4502 3040 4560 regum
3063 4489 3121 4541 et
3135 4483 3578 4557 proccrum,qui
3603 4501 3743 4540 usus

333 4592 572 4666 quidem
603 4589 1004 4666 praeeminenti
1053 4605 1365 4656 concavus,
1396 4605 1550 4662 aqua
1601 4609 1734 4648 vero
1765 4610 1796 4650 e
1828 4599 1982 4652 terra

335 4682 657 4755 prodeunte
687 4679 961 4736 blandius
993 4677 1267 4751 irrigans,
1285 4678 1382 4734 ubi
1405 4679 1676 4736 cellulam
1698 4682 1808 4738 sibi
1836 4685 1979 4740 refe-

335 4774 474 4826 runt
501 4769 782 4826 statuisse
811 4785 877 4824 ac
905 4771 1110 4824 contra
1127 4765 1214 4822 vel
1231 4765 1424 4824 carnis
1440 4767 1527 4824 vel
1541 4769 1766 4842 antiqui
1795 4771 1981 4832 hostis

404 4896 515 4970 (41)
546 4894 640 4970 _S_ic
671 4897 875 4950 sancta
897 4891 1246 4970 Amalb_erga
1275 4891 1434 4964 virgo
1465 4908 1534 4948 ex
1563 4909 1702 4970 agro
1734 4912 1839 4952 suo
1891 4899 1977 4954 fn-

332 4964 505 5042 gasse
529 4966 745 5042 dicitnr
771 4981 911 5042 aves
930 4964 1216 5036 quaedam
1247 4979 1382 5036 quas
1410 4964 1690 5022 commtim'
1726 4970 1980 5028 vocabulo

331 5036 522 5112 genta;
550 5036 827 5112 appellare
851 5037 1047 5112 placet.

403 5110 516 5194 (42)
545 5106 816 5165 Cernitur
845 5106 1095 5194 adhunc
1123 5122 1309 5178 usque
1329 5106 1508 5188 diem,
1531 5106 1895 5194 habeturque
1919 5115 1977 5172 in

329 5177 611 5260 spelunca
639 5197 806 5236 sacra
837 5177 1088 5260 rigidum
1123 5194 1327 5260 saxum
1351 5177 1570 5260 jacenti
1605 5177 1824 5260 homini
1876 5205 1975 5260 ap-

331 5248 543 5324 tatum,
577 5251 636 5306 in
675 5269 792 5324 quo
841 5248 1236 5305 febricitantes
1285 5248 1606 5322 saepissime
1664 5248 1976 5314 sanitatem

332 5323 642 5379 recipiunt.

398 5341 763 5466 Sig;uli.l.ii.hoc
795 5392 920 5466 loco
949 5390 1296 5466 intelligitur
1327 5392 1508 5466 (quod
1529 5393 1705 5466 etiam
1739 5401 1978 5457 manifo-

329 5461 608 5535 stum'est
635 5483 703 5521 ex
747 5463 905 5520 Actis
953 5465 1012 5518 S.
1047 5461 1263 5535 Reatini
1313 5461 1567 5535 abbatis)
1615 5465 1796 5524 alium
1847 5489 1974 5529 esse

327 5534 769 5593 Waldebertum
823 5535 978 5591 hunc
1019 5552 1053 5591 a
1089 5533 1385 5590 Walberto
1444 5533 1654 5593 comite
1709 5541 1970 5614 Arcensi,

2097 4577 2416 4634 admodum
2447 4591 2514 4632 eo
2541 4575 2798 4649 iempore
2829 4576 3142 4632 ferebatur.

2195 4684 2400 4740 Nicetio
2429 4685 2674 4756 episcopo
2697 4680 3154 4754 familiaris,obit.
3177 4678 3253 4734 Ab
3282 4695 3342 4735 eo
3369 4677 3638 4749 sepultus.

2159 4783 2214 4836 8.
2247 4781 2460 4838 Sancto
2491 4779 2713 4836 Nicetio
2741 4779 3014 4852 episcopo
3055 4791 3408 4850 magnarum
3456 4775 3738 4830 virtutum

3260 4916 3592 4968 ermanum,
3641 4903 3738 4954 aut

2089 4904 2378 4978 discipulo
2406 4906 2503 4978 βε
2545 4904 2761 4978 Bertini
2799 4921 2812 4960 :
2847 4919 2952 4978 nec
3009 4903 3165 4959 Fara:

2292 4977 2354 5031 ia:
2403 4976 2772 5034 Mcldieensis
2821 4975 3161 5040 episcopum
3212 4971 3417 5040 fuisse,
3460 4971 3546 5026 uti
3597 4971 3738 5027 alias

2088 4975 2354 5033 Ecclesiae
2403 4976 2772 5034 Mcldieensis
2821 4975 3161 5048 episcopum

2130 5049 2422 5105 robatum.

2087 5067 2422 5122 probatum.

2157 5122 2270 5193 (44)
2302 5121 2396 5176 Sic
2437 5136 2860 5192 nonnunquam
2909 5116 3225 5193 eontrac_tis
3275 5112 3487 5171 litteris
3537 5111 3733 5193 media;

2087 5189 2274 5265 aetatis
2305 5189 2806 5265 auctorcsvocant
2850 5206 3065 5265 pagum
3115 5189 3611 5265 Tarvennengem,
3643 5189 3730 5265 cni

2085 5263 2398 5339 contiguus
2428 5266 2518 5339 est
2548 5262 2710 5339 vicps
2738 5256 3032 5339 licrler'us,
3062 5258 3236 5339 gulgo
3260 5257 3387 5329 jam
3437 5256 3626 5339 {fer-lg,
3654 5256 3731 5339 si-

2084 5339 2181 5388 tus
2213 5331 2278 5388 iri
2303 5333 2584 5390 comitatu
2636 5333 2903 5389 Paulensi
2946 5333 3017 5388 ad
3070 5331 3365 5387 Romanas
3411 5331 3558 5396 vias,
3587 5331 3734 5380 inter

2083 5405 2365 5476 Agnionis
2395 5409 2454 5476 et
2479 5405 2752 5460 Edivinim
2807 5405 3112 5462 fluviorum
3166 5399 3378 5476 capita,
3413 5403 3562 5454 teste
3594 5396 3728 5452 Mal-

2084 5474 2300 5532 branco
2333 5476 2390 5532 in
2423 5475 2522 5531 lib.
2557 5494 2614 5532 1v
2643 5477 2713 5532 de
2745 5475 2986 5533 Morinis
3020 5491 3146 5547 cap.
3180 5474 3234 5528 6.
