4066 6172
216 258 345 325 693
1189 253 1425 332 LIBER
1469 253 1571 315 DE
1615 246 2046 314 MIRACULIS
2091 249 2156 311 S.
2206 250 2777 317 WALDEBERTI.
3595 269 3713 336 694

216 394 349 451 viro
400 388 744 449 familiarus
799 386 1158 455 adhmrebat,
1194 387 1544 461 interposita
1605 383 1919 454 utriusque
1948 382 2006 450 Α
2035 382 2676 459 defuit,ettemporalis
2698 389 3127 464 subsidiicopia
3148 398 3421 466 usquead
3440 384 3713 461 ultimum

220 482 566 542 conditione
591 478 768 553 pacti,
805 476 1025 548 utquis
1052 494 1253 532 eorum
1282 479 1515 550 primus
1542 474 1794 532 Domino
1824 489 1924 527 vo-
2035 488 2239 528 eorum
2261 475 2574 545 abbatem,
2607 478 2841 535 nomine
2873 480 3175 550 Melinum,
3202 501 3480 558 prospere
3508 492 3713 560 perdu-

221 578 397 630 cante
420 572 600 626 rebus
625 565 911 623 humanis
954 567 1287 632 excederet,
1323 566 1474 621 alter
1504 566 1809 636 superstes
1837 562 1924 617 lo-
2036 562 2355 619 ravit.lizec
2379 583 2486 622 nos
2509 566 2802 639 siquidem
2828 570 2999 640 quasi
3022 588 3126 642 per
3146 575 3714 647 praeoccupationem

221 680 360 720 cum
394 660 510 717 sibi
552 656 874 730 sepulturae
925 653 1325 728 competentis
1366 654 1724 710 ordinasset.
1759 652 1925 718 Quod
2035 651 2295 706 materiae
2323 653 2581 710 breviter
2602 656 3143 727 praelibantes,cum
3165 661 3714 735 nobispropositum

221 756 283 810 et
306 754 387 807 ita
408 747 677 819 contigit.
714 745 861 801 Nam
887 760 1027 799 cum
1060 761 1165 815 per
1196 742 1598 815 quadraginta
1629 756 1923 797 annorum
2035 756 2151 795 non
2185 742 2375 798 fuerit
2406 745 2835 815 prietcritorum
2880 752 3215 818 temporum
3249 757 3379 806 acta
3408 753 3709 824 replicare,

223 841 487 916 spatium
506 837 804 910 gloriosus
823 831 1391 889 confessorDomini
1414 831 1825 887 Waldebertus
1847 829 1927 885 lo-
2037 827 2129 884 his
2151 831 2402 888 omissis
2434 833 2504 887 ad
2538 838 2747 888 nostrze
2781 836 2968 891 (etatis
3003 842 3285 909 tempora,
3313 841 3465 896 sicut
3497 858 3706 899 sumus

223 949 360 988 cum
383 920 1311 997 sibidclcgatum,omnivirtutis
1333 936 1547 990 genere
1563 919 1788 991 Optime
1808 920 1927 974 dis-
2034 917 2306 989 polliciti,
2348 922 2679 977 redeamus.

224 1020 486 1095 positum
511 1018 756 1087 augeret
785 1014 960 1069 rebus
985 1016 1043 1067 et
1074 1025 1337 1065 numero
1363 1010 1479 1064 Deo
1513 1008 1920 1075 servientium,

2036 1029 2210 1097 Drogo
2271 1029 2439 1083 etiam
2490 1029 2653 1084 abbas
2713 1032 3087 1108 Luafoviensis.
3123 1038 3247 1105 Quo
3288 1038 3479 1092 mortis
3507 1053 3703 1108 genere

225 1110 434 1167 multis
457 1105 880 1163 miraculorum
911 1100 1232 1157 virtutibus
1267 1099 1599 1153 adornatus
1622 1097 1919 1169 migravit,

2715 1106 2983 1159 extinctus
2995 1144 3008 1161 .

227 1201 301 1257 ad
330 1197 651 1255 Dominum
682 1212 739 1248 vx
773 1192 965 1248 Nonas
996 1189 1203 1251 Maias,
1243 1203 1651 1259 supernorum
1704 1186 1919 1242 civium

228 1288 428 1347 socius
450 1291 507 1342 et
529 1300 771 1341 consors
794 1283 1051 1342 etl‘ectus,
1069 1283 1124 1333 ct
1145 1275 1498 1344 adjanuam
1522 1277 1923 1347 perpetuznju-

229 1377 553 1438 cunditatis
585 1372 831 1430 feliciter
857 1368 1254 1425 introductus.
1277 1364 1347 1418 In
1370 1367 1542 1435 cujus
1564 1364 1917 1434 obsequium

230 1466 457 1525 funeris
490 1461 923 1520 confluentibus
957 1456 1224 1526 undique
1281 1452 1551 1508 ﬁdelium
1584 1453 1822 1519 turmis,
1856 1452 1916 1509 in

229 1556 482 1619 ecclesia
511 1553 668 1610 beati
715 1549 947 1606 Martini
983 1547 1095 1627 (lib)
1127 1560 1263 1614 quae
1330 1546 1421 1597 est
1478 1546 1819 1597 constructa
1849 1560 1919 1598 ex

227 1648 415 1705 latere
462 1638 811 1699 monasterii
844 1638 901 1691 in
935 1638 1098 1708 parte
1130 1629 1491 1702 aquilonari,
1525 1630 1850 1703 composita
1883 1648 1917 1685 a

2105 1188 2189 1240 11.
2220 1187 2360 1243 Post
2410 1190 2850 1247 memorabilem
2897 1192 3083 1248 Caroli
3122 1194 3315 1265 Magni
3351 1196 3461 1265 (47)
3494 1201 3549 1252 et
3578 1196 3696 1269 glo-

2030 1275 2167 1330 riosi
2201 1276 2573 1348 imperatoris
2623 1280 2871 1347 obitum,
2906 1286 3033 1335 orta
3086 1282 3266 1338 fuisse
3296 1284 3511 1339 dicitur
3541 1286 3695 1341 inter

2031 1369 2287 1436 quatuor
2307 1383 2473 1437 rcges
2496 1368 2882 1424 dissensionis
2905 1386 3131 1440 magnae
3155 1374 3566 1440 controversia,
3591 1375 3692 1429 Ca-

2029 1454 2221 1510 rolum
2257 1454 2481 1511 scilicet
2512 1461 2569 1511 et
2600 1457 2933 1529 Pippinum,
2972 1459 3319 1515 Lutharium
3371 1479 3605 1534 quoque
3634 1468 3691 1518 et

2029 1544 2415 1610 Ludovieum,
2435 1545 2765 1601 rixantibus
2800 1563 3034 1618 quoque
3054 1552 3112 1602 et
3132 1549 3183 1602 vi
3208 1566 3421 1622 magna
3441 1550 3594 1607 inter
3624 1569 3688 1608 se

2026 1633 2490 1701 decertantibus,
2526 1635 2616 1689 cui
2679 1651 2881 1691 eorum
2937 1636 3121 1691 solius
3169 1639 3329 1709 regni
3364 1639 3686 1695 dominatio

229 1740 438 1794 sancto
468 1730 692 1787 Nicetio
726 1727 1001 1800 pontiﬁce
1019 1726 1153 1795 post
1183 1735 1354 1818 aram
1390 1724 1592 1791 crypta
1614 1736 1786 1792 opere
1812 1720 1915 1774 mi-
1945 1755 1991 1819 Β
2027 1722 2286 1777 Francia:
2309 1722 2623 1794 specialius
2642 1723 3263 1796 obveniret,quodjam
3290 1728 3525 1799 quidem
3558 1746 3687 1800 ger-

230 1826 421 1890 riﬁco,
438 1821 688 1879 Domino
712 1816 1063 1888 disponente
1088 1806 1443 1880 dignissima
1464 1807 1679 1864 ibidem
1712 1808 1911 1863 condi-

232 1920 334 1971 tus
366 1915 457 1969 est
487 1908 809 1982 sepultura.

329 2002 535 2073 Corpus
564 2000 682 2071 ejus
710 1992 1045 2067 praesidium
1075 1989 1317 2043 maritae
1347 1994 1533 2042 contra.
1557 2002 1818 2058 paganos.

310 2094 367 2146 9.
401 2091 465 2146 In
500 2104 617 2161 quo
635 2082 911 2140 videlicet
932 2080 1082 2146 loco,
1116 2080 1248 2150 post
1275 2074 1597 2148 gloriosum
1627 2075 1755 2129 vitae
1782 2075 1911 2145 ejus

238 2160 575 2244 excessum,
599 2176 670 2231 ad
697 2174 982 2229 honorem
1008 2163 1186 2222 divini
1213 2162 1468 2219 nominis
1500 2160 1754 2233 plurima
1774 2167 1914 2218 sunt

238 2273 483 2327 ostensa
510 2261 963 2329 miracula,cum
994 2254 1224 2312 exsectis
1253 2250 1513 2307 vultibus
1542 2250 1703 2307 visus
1726 2251 1914 2307 reddi-

240 2365 365 2427 tur,
399 2353 625 2411 claudis
642 2353 817 2423 rupta
834 2359 1149 2403 nervorum
1182 2338 1523 2413 compagine
1552 2354 1791 2412 gressus
1823 2355 1910 2394 το-

239 2438 830 2509 stauratur,inﬁrmis
857 2435 1083 2508 aspirat
1105 2431 1397 2496 sanitas,a
1425 2427 1707 2485 membris
1730 2444 1907 2501 ingre-

241 2531 503 2591 tantium
524 2524 967 2601 pelliturinvisa
989 2518 1281 2585 debilitas,
1316 2515 1540 2572 mcnstis
1571 2514 1908 2583 solatia,ad-

240 2620 431 2679 versis
453 2614 862 2675 decidentibus
887 2612 1245 2684 prmstantur
1266 2604 1576 2661 beneﬁcia:
1598 2604 1751 2660 inter
1782 2621 1909 2676 quze

243 2711 426 2768 etiam
448 2706 646 2763 divina
667 2708 807 2760 sunt
846 2699 1085 2756 virtutis
1134 2694 1503 2752 commercia.
1538 2694 1597 2748 Id
1632 2698 1789 2749 certa
1819 2710 1908 2749 ra-

242 2800 405 2856 tione
426 2798 585 2869 prior
607 2798 744 2850 tetas
765 2791 987 2846 dicitur
1008 2784 1440 2857 comprobasse,
1466 2782 1621 2853 quod
1656 2781 1911 2837 exhibita

245 2890 343 2962 pio
360 2885 557 2942 debito
573 2881 792 2956 jacenti
812 2876 1055 2935 honoris
1077 2871 1416 2937 reverentia,
1438 2870 1697 2943 quandiu
1732 2887 1909 2926 manu

246 2960 507 3034 hominis
521 2972 822 3027 exstiterat
843 2966 995 3024 sacri
1016 2961 1277 3036 corporis
1295 2960 1614 3033 sepultura,
1650 2975 1754 3015 nec
1779 2977 1909 3033 pra-

245 3065 396 3120 vitas
425 3059 774 3124 inﬁdelium,
810 3072 916 3111 nec
949 3053 1069 3108 ulla
1116 3050 1235 3106 illic
1293 3048 1599 3121 praevalere
1657 3048 1912 3120 potuerit

2023 1826 2238 1865 manus
2263 1810 2687 1882 eorumjunior
2708 1810 2949 1867 Carolus
2978 1818 3124 1869 nutu
3148 1815 3330 1887 patris
3352 1816 3686 1873 decedentis

2024 1898 2404 1971 singulariter
2435 1904 2757 1972 acceperat.
2797 1902 2929 1967 Qua:
2964 1903 3228 1958 fraterna:
3260 1903 3380 1959 litis
3413 1906 3686 1977 impietas

2022 2002 2159 2042 cum
2193 1987 2355 2043 nulla
2386 1993 2585 2061 posset
2616 1988 2843 2045 ratione
2873 1989 3110 2059 revinci,
3131 2008 3195 2047 eo
3227 2009 3415 2065 usque
3436 1994 3688 2050 deducta

2022 2080 2131 2143 est,
2163 2081 2227 2131 ut
2258 2078 2591 2132 convocatis
2650 2076 2928 2149 utrinque
2977 2094 3292 2152 regnorum
3323 2081 3681 2150 cohortibus,

2023 2164 2329 2236 dispositis
2361 2164 2709 2221 bellantium
2741 2166 2966 2234 cuneis,
2995 2167 3054 2222 in
3087 2169 3373 2225 fraternas
3406 2170 3560 2227 acies
3588 2187 3684 2227 ve-

2019 2250 2159 2308 xilla
2207 2252 2593 2309 solverentur.
2639 2253 2703 2308 In
2754 2267 2870 2325 qua
2927 2254 3050 2310 acie
3106 2256 3369 2312 Lutharii
3429 2256 3685 2331 fugiente

2021 2340 2301 2407 exercitu,
2324 2342 2572 2412 juvante
2602 2340 2845 2398 Warino
2878 2343 3228 2417 Burgundim
3278 2346 3424 2401 duce
3481 2350 3684 2420 poten-

2021 2430 2253 2486 tissimo
2314 2430 2558 2486 Carolus
2616 2430 2866 2485 victoriae
2923 2431 3092 2505 signa
3138 2436 3469 2506 reportavit,
3505 2452 3570 2491 ac
3601 2434 3686 2492 sic

2021 2535 2268 2591 regnum
2293 2519 2550 2575 Franciae
2581 2517 2786 2574 divisis
2808 2520 2865 2574 in
2891 2525 3127 2577 caeteros
3160 2539 3473 2595 regnorum
3505 2523 3684 2597 parti-

2020 2606 2131 2661 bus
2164 2604 2327 2660 solus
2356 2606 2599 2678 accepit.
2636 2604 2962 2678 Drogonem
2996 2607 3109 2678 (48)
3140 2627 3272 2665 vero
3304 2612 3683 2682 quintum,83-

2020 2710 2132 2765 que
2164 2694 2449 2765 regnandi
2512 2693 2768 2761 avidum,
2805 2693 2904 2765 qui
2964 2695 3305 2753 clarissimae
3366 2703 3567 2771 utpote
3615 2717 3685 2756 ex

2020 2782 2222 2838 eodem
2256 2798 2469 2854 genere
2501 2780 2808 2837 videbatur
2863 2800 2992 2839 esse
3048 2784 3284 2855 indolis,
3322 2787 3375 2841 in
3406 2787 3684 2844 clericum

2022 2870 2353 2941 attondent,
2382 2887 2446 2925 ac
2479 2869 2538 2926 in
2572 2871 2709 2925 sede
2741 2870 3019 2927 Metensis
3051 2874 3317 2930 Ecclesiae
3347 2876 3683 2947 pontificem

2021 2957 2415 3015 constituunt.
2449 2958 2613 3015 Hunc
2648 2959 2824 3015 etiam
2858 2961 2927 3015 ad
2965 2962 3268 3033 amplioris
3307 2964 3682 3039 supplemen-

2021 3053 2147 3104 tum
2171 3046 2412 3104 honoris
2436 3048 2687 3103 Luxovio
2731 3053 3024 3120 pastorem
3056 3068 3305 3124 prmcsse
3338 3055 3677 3110 decernunt.

250 3117 403 3211 saeva
421 3149 668 3222 irruptio
690 3117 1158 3220 pa'ganorumAt
1179 3117 1512 3212 postquam,
1535 3154 1636 3193 seu
1658 3117 1731 3193 ob
1765 3154 1907 3209 pau-
1939 3117 1982 3184 (ἶ
2020 3138 2201 3203 Quem
2227 3134 2325 3192 ille
2344 3135 2540 3192 locum
2565 3117 2867 3209 accep—tum
2893 3138 2975 3194 ita
2997 3117 3233 3197 strenue
3266 3146 3394 3214 post
3415 3143 3679 3216 priorum

250 3241 425 3300 eioris
449 3238 721 3313 praeconii
749 3234 1052 3298 meritum,
1086 3244 1187 3285 seu
1220 3228 1396 3284 etiam
1429 3226 1624 3298 aliquo
1657 3225 1908 3298 compel-

249 3332 405 3389 lente
443 3344 606 3397 casu,
638 3320 1177 3398 supervenientium
1238 3333 1429 3372 rerum
1488 3319 1724 3388 sumpta
1775 3314 1911 3371 inde

251 3416 552 3477 reverendi
584 3413 844 3486 corporis
876 3427 1013 3466 ossa
1041 3404 1516 3477 alteriustempli
1552 3409 1692 3461 sunt
1749 3402 1912 3460 illata

252 3507 548 3573 sacrariis,
582 3520 688 3561 nec
717 3503 984 3558 nocitura
1015 3496 1287 3570 impietas
1346 3510 1771 3567 perversorum,
1807 3510 1911 3548 nec

252 3598 569 3655 defuerunt
590 3597 817 3664 strages
829 3594 884 3645 et
897 3585 1217 3643 infortunia
1231 3582 1555 3638 crudelium
1572 3582 1907 3637 nationum:

254 3704 390 3744 cum
412 3684 593 3741 etiam
613 3682 783 3754 longe
805 3682 937 3753 post
959 3674 1171 3749 pagani
1196 3673 1307 3744 (46)
1327 3672 1521 3727 subito
1543 3670 1682 3725 illuc
1706 3670 1915 3725 irrum-

254 3781 484 3852 pentcs,
517 3772 677 3829 omni
707 3768 1015 3826 conamine
1049 3762 1161 3820 nisi
1196 3763 1432 3817 fuerunt
1486 3758 1913 3816 monasterium

255 3847 590 3929 incendere,
624 3860 723 3915 sed
760 3856 916 3913 relisi
952 3853 1107 3910 mani
1120 3852 1267 3907 testa
1325 3849 1424 3905 Dei
1455 3849 1689 3915 virtute,
1723 3847 1912 3901 incas-

256 3972 392 4012 sum
424 3951 531 4006 visi
565 3952 705 4005 sunt
735 3964 845 4003 sua
877 3942 1145 4000 incendia
1203 3939 1548 3995 admovisse.
1584 3939 1706 4002 Quo
1737 3935 1913 3991 etiam

255 4050 541 4114 tempore,
577 4044 642 4092 ut
667 4039 798 4108 post
829 4035 1075 4102 dicetur,
1110 4028 1375 4086 nonnulli
1432 4025 1849 4083 monachorum
1884 4042 1917 4081 a

259 4129 510 4205 paganis
542 4126 760 4183 inventi
793 4128 934 4180 sunt
963 4120 1320 4191 interempti.

832 4213 1169 4268 Successores
1210 4210 1345 4280 ejus.

334 4311 423 4366 10.
458 4306 782 4363 Decedentc
834 4303 1032 4373 itaque
1060 4299 1133 4355 ab
1164 4298 1273 4354 hac
1301 4296 1440 4362 vita,
1474 4298 1540 4350 ut
1572 4292 1795 4365 praefati
1828 4310 1920 4348 su-

260 4375 799 4465 mus,Waldeberto
823 4395 1055 4463 pastore
1078 4385 1437 4450 beatissimo,
1473 4386 1712 4438 sanctus
1744 4382 1919 4455 lngo-

2018 3224 2216 3281 studia
2246 3229 2302 3281 et
2334 3226 2738 3298 potentissime
2779 3227 3147 3299 gubernavit,
3181 3234 3247 3285 ut
3277 3237 3449 3287 aucta
3481 3249 3677 3289 rerum

2020 3314 2187 3387 cepia
2213 3314 2272 3369 in
2306 3315 2641 3387 quindecim
2671 3331 3014 3372 mansorum
3063 3318 3249 3374 millia
3279 3339 3384 3376 suo
3417 3324 3677 3394 tempore

2021 3404 2376 3459 recensenda
2406 3403 2719 3461 videretur.
2749 3404 2850 3459 Hic
2884 3404 3181 3463 interdum
3208 3408 3304 3465 ille
3335 3409 3504 3466 solito
3525 3427 3680 3466 com-

2022 3492 2454 3557 moratus,dum
2481 3493 2814 3547 amoenitate
2838 3493 3097 3550 locorum
3114 3496 3676 3572 fruitur,Lignoncm

2020 3579 2275 3635 vicinum
2299 3580 2541 3635 fluvium
2572 3582 2761 3652 gratia
2793 3582 3055 3653 piscandi
3090 3589 3573 3657 aggressus,dum
3595 3588 3680 3659 pi-

2023 3686 2181 3725 scem
2213 3669 2535 3723 immanem
2567 3669 2856 3740 sequitur,
2881 3672 3051 3743 aquis
3076 3672 3275 3745 lapsus
3307 3676 3502 3731 subito
3532 3693 3677 3747 pra:-

2023 3759 2267 3827 focatur,
2294 3756 2608 3827 Mettisque
2640 3756 2868 3814 delatus
2901 3759 2959 3812 in
2991 3760 3175 3815 sancti
3208 3762 3428 3817 Arnulﬁ
3463 3764 3683 3818 confes-

2024 3846 2173 3902 soris
2194 3844 2378 3900 Chisti
2408 3840 2653 3900 ecclesia
2688 3845 3034 3902 tumulatur.
3072 3848 3205 3904 Post
3251 3848 3372 3905 haec
3418 3855 3684 3922 tempora

2026 3933 2373 4001 Ludovicus,
2399 3937 2788 4006 cognomento
2822 3934 2979 4005 Pius,
3015 3936 3072 3990 in
3104 3937 3350 3993 Francia
3381 3956 3532 4011 papa
3562 3938 3684 3994 Ste-

2025 4025 2219 4098 phano
2243 4027 2555 4079 coronante
2584 4022 2903 4096 imperator
2934 4025 3207 4081 efﬁcitur.
3227 4026 3328 4082 His
3351 4028 3560 4083 diebus
3580 4044 3683 4100 per

2026 4113 2284 4187 plurima
2314 4112 2807 4168 monasteriorum
2839 4112 2966 4170 loca
2996 4114 3284 4187 regularis
3305 4117 3446 4172 ordo
3469 4116 3685 4173 defece-

2027 4206 2199 4271 rat,et
2221 4218 2417 4258 rerum
2440 4200 2849 4273 temporalium
2871 4203 3301 4259 administratio
3324 4203 3683 4277 quotidianis

2030 4290 2321 4347 malorum
2336 4289 2573 4345 casibus
2596 4289 2915 4361 deperibat.
2940 4291 3043 4347 Hic
3060 4296 3256 4348 tamen
3277 4292 3680 4363 frequentibus

2030 4378 2410 4452 synodalibus
2442 4376 2707 4434 conciliis
2738 4384 2958 4434 statum
2988 4380 3378 4437 Ecclesiarum
3412 4380 3468 4434 in
3494 4379 3684 4449 pristi-

258 4488 485 4551 fredus,
521 4482 680 4540 omni
710 4481 995 4536 virtutum
1029 4492 1240 4551 genere
1270 4471 1622 4545 conspicuus
1653 4476 1710 4527 et
1739 4471 1922 4543 perfe-
1949 4489 1996 4554 Β
2038 4485 2179 4524 num
2211 4484 2314 4539 pro
2343 4466 2567 4523 viribus
2598 4469 2927 4539 reparabat.

261 4585 420 4644 etus,
452 4574 578 4630 loco
611 4572 739 4642 ejus
769 4574 859 4626 est
898 4564 1239 4624 solemniter
1295 4562 1668 4633 subrogatus.
1702 4559 1919 4616 Deinde

260 4665 492 4741 prolixa
511 4661 899 4735 plurimornm
919 4661 1253 4727 temporum
1284 4651 1432 4708 serie
1464 4651 1825 4716 decurrente,
1860 4648 1920 4703 in

259 4739 367 4812 illo
398 4751 647 4810 candido
673 4748 823 4804 nivei
856 4743 1276 4802 monachorum
1337 4739 1592 4813 agminis
1638 4741 1921 4794 conventu

262 4842 557 4918 patribus,
592 4843 656 4894 ut
687 4838 746 4892 in
778 4833 1039 4907 catalogo
1096 4846 1297 4888 eorum
1331 4828 1498 4885 facile
1534 4832 1625 4883 est
1652 4827 1921 4913 inveniri,

264 4915 384 4990 sibi
401 4930 646 4985 invicem
671 4916 1253 4989 suceedentibus,nec
1270 4916 1585 4991 pastoralis
1607 4915 1926 4973 auctoritas

339 5065 455 5139 (45)
487 5060 746 5119 Ecclesia
774 5060 890 5114 ista
922 5057 1201 5112 hactenus
1228 5055 1504 5135 superest
1524 5049 1583 5106 in
1601 5049 1926 5107 meditullio

339 5135 471 5176 mm;
504 5131 761 5176 annvit
795 5133 998 5176 animm
1029 5123 1377 5176 narmciahs.

267 5133 358 5211 op'
394 5135 473 5190 idi
504 5133 763 5197 Luxovii,
795 5133 998 5211 estque
1029 5133 1377 5207 parmcialis.
1714 5192 1727 5203 .

342 5155 459 5276 856)
489 5201 777 5276 Saraceni
793 5199 1033 5265 scilicet,
1049 5203 1105 5253 et
1122 5196 1359 5269 quidem
1384 5209 1536 5249 anno
1562 5195 1651 5262 (ut
1674 5191 1922 5262 videtur)

266 5274 376 5336 731
411 5274 481 5333 ex
499 5276 683 5350 dictis
712 5274 781 5350 ad
810 5287 952 5350 eum
984 5283 1229 5350 δίηῐιιέωο
1321 5336 1355 5350 ,.
1430 5337 1440 5347 .
1551 5332 1648 5350 η...
1686 5333 1722 5350 ν.
1753 5333 1763 5343 .

346 5348 780 5426 (47)_1m‘o_pqst
810 5339 1082 5426 Ludovici
1112 5333 1923 5426 augustigejus‘filii

272 5407 543 5499 cujus_hi
567 5407 668 5499 filii
696 5411 1077 5499 fuegnnbAlia
1098 5407 1269 5491 etiam
1295 5408 1388 5499 hic
1412 5407 1927 5499 peceatapptomrgit

272 5475 413 5549 cuin
448 5489 758 5562 Pippinum
791 5475 1432 5562 Fontanetensiprgelio:
1450 5475 1827 5562 superstitem
1851 5475 1928 5529 fa-

273 5508 413 5549 cum
448 5507 548 5561 t'lp
594 5507 758 5543 ιΠΠῐῘὶ
791 5507 1416 5606 Γυῐιιυῐιυιυιιδιβξξυιιυ
1450 5507 1615 5547 δυγυι
1631 5507 1827 5529 ῡιιυυυι
1851 5507 1927 5529 ια.-

273 5566 520 5632 cit,cum
553 5507 877 5633 Brogonem
902 5553 1173 5611 Ludovici
1216 5552 1333 5608 ilus
1364 5550 1733 5615 adnumerat,
1752 5563 1927 5618 quem

2597 4556 2889 4628 Ansegisus
2928 4558 3111 4614 abbas.

2104 4651 2190 4703 12.
2225 4648 2305 4703 Ea
2334 4649 2679 4719 tempestate
2702 4645 3151 4702 Luxoviensium
3175 4660 3406 4719 quoque
3427 4645 3684 4719 dignitas

2036 4736 2188 4793 inter
2216 4741 2421 4793 caetera
2450 4735 2697 4808 pristino
2747 4734 2934 4809 rigore
2992 4734 3322 4791 tabescente
3360 4736 3488 4806 jam
3534 4752 3680 4807 pene

2032 4825 2362 4883 vacillabat.
2405 4826 2567 4891 Quod
2627 4829 2816 4880 Caesar
2874 4822 3200 4879 Ludovicus
3256 4828 3547 4895 expertus,
3577 4825 3693 4879 Ana

2041 4915 2304 4990 segisum
2334 4915 2447 4986 (49)
2476 4914 2665 4969 virum
2723 4912 3166 4985 dignissimum,
3221 4916 3521 4991 comptum
3569 4927 3685 4967 mo-

2037 5045 2314 5103 Ludovici
2356 5043 2604 5117 Augusti
2634 5044 2892 5117 fratrem,
2926 5048 2983 5099 et
3012 5060 3078 5099 eo
3108 5043 3336 5099 vivente
3366 5042 3685 5100 Metensem

2037 5118 2378 5190 episcopum
2409 5115 2669 5171 creatum
2700 5115 2880 5190 fuisse
2909 5118 3160 5190 constat.

2103 5185 2311 5259 (48)Ἰά
2344 5202 2536 5259 nemo,
2571 5187 2727 5259 quod
2772 5185 2994 5259 sciam,
3028 5186 3100 5240 de
3151 5185 3444 5259 Drogonis
3502 5187 3688 5259 morte

2032 5256 2418 5332 predi'ditsEo
2452 5256 2687 5332 L_uxov_ii
2736 5256 2942 5311 abbate
2986 5256 3341 5332 Angelomus
3368 5256 3550 5332 libros
3586 5256 3689 5310 Re-

2033 5326 2173 5404 gum
2204 5327 2552 5404 explanavit,
2570 5327 2654 5381 uti
2673 5326 2797 5398 ipse
2820 5326 3160 5382 testatur’in
3194 5326 3439 5399 epistola
3469 5343 3692 5382 nuncu-

2076 5401 2284 5458 atoria.
3536 5436 3541 5441 .

2034 5420 2303 5543 Ρᾶ(
2325 5468 2559 5543 vulgato
2582 5468 2771 5524 indice
2797 5469 3072 5543 abbatum
3097 5470 3417 5541 Ansegisus
3440 5436 3691 5543 Drogoni

2035 5540 2393 5618 praeponitur
2423 5540 2479 5596 et
2510 5541 2698 5614 Drogo
2730 5541 2968 5612 quidem
3008 5540 3291 5615 Ansegiso
3322 5540 3663 5613 superviXit.
