4060 6170
393 323 512 386 695

393 543 518 601 ﬁcit
545 543 604 600 in
627 543 1074 618 pastorem-Hic
1105 539 1364 614 collapsa
1393 543 1642 614 reparat,
1666 539 1932 614 dispersa
1961 555 2044 596 re-

395 632 634 706 colligit,
657 631 836 689 situm
860 631 1127 686 Ecclesiae
1149 631 1384 703 longius
1415 628 1692 698 extendit,
1727 630 2048 702 circumpo-

395 723 538 778 sitas
567 719 832 776 offlcinas
889 718 1276 792 amplioribus
1335 718 1548 792 spatiis
1605 723 1778 791 atque
1826 719 2044 775 altiori-

365 811 506 868 -bus
565 809 752 866 muris
809 809 1144 882 exporrigit,
1182 809 1433 881 parietes
1489 823 1722 881 quoque
1779 809 2045 865 Ecclesiae

393 916 528 956 cum
561 897 785 956 caeteris
809 899 1170 954 ornamentis
1195 898 1440 970 pulchra
1460 899 1740 953 varietate
1762 897 2043 970 depingit.

399 989 672 1062 Capitula
700 987 991 1060 siquidem
1023 1004 1225 1059 regum
1262 988 1620 1043 Francorum
1643 1004 1770 1060 quae
1803 987 2046 1042 diversis

390 1080 624 1135 fuerant
645 1079 777 1133 acta
798 1075 1084 1144 conciliis,
1109 1075 1354 1148 excepit,
1379 1079 1435 1131 et
1456 1081 1572 1132 uno
1593 1075 1887 1132 volumine
1919 1091 2048 1132 con-

391 1167 564 1223 tineri
586 1165 741 1221 fecit.
761 1164 1025 1237 Cumque
1039 1165 1192 1220 inter
1207 1163 1368 1236 regni
1391 1181 1658 1236 proceres
1690 1165 2045 1220 Francorum

394 1255 632 1330 regibus
652 1257 856 1328 gratus
881 1257 1057 1322 esset,
1065 1251 1249 1324 justis
1269 1258 1328 1310 et
1347 1252 1461 1326 piis
1491 1254 1766 1326 operibus
1786 1253 2046 1310 intentus

391 1343 521 1400 vitae
553 1345 731 1400 finem
771 1343 926 1412 fecit,
961 1346 1020 1398 et
1049 1341 1169 1398 illic
1216 1339 1318 1398 ubi
1367 1343 1684 1416 spatiosius
1728 1341 2046 1401 Ecclesium

391 1433 748 1502 extenderat,
781 1431 1021 1506 dignam
1053 1431 1277 1504 accepit
1305 1430 1688 1505 sepulturam.

391 1539 674 1598 Fulbertus
711 1537 896 1612 abbas.
933 1535 1221 1595 Gibardus.
1255 1535 1560 1612 Galliarum
1590 1535 1808 1612 infelix
1853 1549 2044 1598 status.

651 1611 924 1685 Reliquiae
954 1613 1015 1666 in
1043 1626 1230 1667 rerum
1262 1611 1540 1668 invasores
1569 1609 1777 1668 delata.

464 1702 551 1757 13.
587 1700 900 1757 Fulbertus
940 1713 1192 1772 quoque,
1223 1697 1313 1756 vir
1343 1699 1587 1772 quidam
1617 1698 1886 1770 illustris,
1915 1717 2047 1774 pro-

392 1789 616 1848 cedenti
673 1793 934 1862 tempore
973 1787 1032 1844 in
1065 1789 1266 1844 eodem
1314 1785 1440 1844 loco
1489 1789 1866 1846 constituitur
1897 1806 1910 1845 :
1943 1789 2042 1862 qui

391 1880 568 1936 etiam
629 1882 968 1934 sanctorum
1027 1875 1281 1933 oratoria
1325 1876 1477 1933 inter
1525 1877 1641 1934 duo
1691 1880 2046 1936 monasteria

391 1966 567 2040 pulch
577 1983 639 2023 ro
657 1965 802 2022 satis
825 1965 1031 2022 decore
1043 1959 1694 2038 composuit,rebusque
1705 1966 1926 2024 decenti
1935 1968 2045 2024 bus

393 2053 715 2112 adornavit.
751 2054 885 2110 Post
915 2053 1035 2109 haec
1063 2053 1235 2127 longe
1265 2053 1532 2128 paganis,
1557 2059 1622 2110 ut
1647 2055 2042 2128 praediximus,

393 2142 776 2214 irruentibus,
810 2141 1116 2198 monachis
1165 2141 1321 2198 fama
1351 2141 1590 2199 terroris
1621 2143 1799 2200 subiti
1831 2159 1934 2218 per
1963 2143 2046 2200 di-

390 2248 559 2288 versa
602 2229 988 2304 reptantibus,
1022 2229 1312 2288 Gibardus
1340 2229 1430 2287 vir
1458 2245 1667 2306 genere
1695 2235 1754 2288 et
1781 2232 2047 2290 doctrina

391 2319 778 2388 clarissimus,
804 2319 902 2393 qui
925 2322 1128 2392 pastor
1158 2319 1494 2377 monasterii
1521 2323 1578 2377 et
1597 2320 1778 2378 abbas
1799 2335 1866 2378 eo
1896 2325 2044 2378 tem-

387 2427 527 2483 pore
548 2411 738 2466 fuerat
765 2408 1146 2475 constitutus,
1167 2409 1308 2464 dum
1333 2405 1569 2483 longius
1589 2410 1660 2466 ad
1683 2409 1830 2466 alias
1849 2414 2044 2484 partes

388 2500 578 2556 fuerat
595 2498 650 2554 di
657 2513 1287 2572 gressus,paganorum
1303 2497 1415 2570 (50)
1437 2497 1668 2572 sagittis
1690 2500 2038 2570 confoditur,

385 2593 562 2662 atque
619 2587 679 2644 in
727 2587 854 2646 loco
903 2587 1004 2661 qui
1035 2587 1269 2644 Martini
1303 2587 1440 2644 villa
1470 2588 1706 2658 dicitur,
1738 2588 2038 2664 sepelitur.

384 2677 684 2736 Tetelmus
709 2694 942 2751 quoque
964 2677 1289 2734 monachus
1309 2676 1674 2734 honorabilis
1698 2677 1850 2735 inter
1878 2697 2036 2748 suos,

384 2785 499 2824 non
523 2765 694 2841 longe
716 2785 750 2824 a
771 2765 1128 2824 monasterio
1169 2767 1441 2822 inventus
1474 2770 1564 2823 est
1590 2784 1724 2824 cum
1747 2767 1878 2825 aliis
1909 2769 2036 2842 qui-

383 2857 636 2912 busdam
659 2855 1019 2912 interfectus.
1045 2855 1191 2912 Iliae
1217 2857 1346 2928 jam
1377 2873 1566 2930 usque
1594 2857 1665 2913 ad
1688 2857 1809 2913 hzec
1839 2863 2040 2914 nostra

383 2947 650 3018 tempora
708 2943 1045 3018 pastoribus
1102 2945 1540 3012 decedentibus,
1593 2945 1882 3002 Richardo
1923 2948 2038 3016 (51)

384 3051 598 3106 magno
615 3035 762 3090 duce
778 3033 1153 3106 Burgundiae,
1177 3033 1318 3089 dum
1348 3033 1520 3090 invisi
1551 3034 1781 3106 tyranni
1816 3035 2034 3106 passim

382 3121 699 3192 coepissent
729 3137 1044 3193 emergere,
1079 3137 1147 3176 ac
1177 3137 1305 3178 sese
1334 3119 1582 3178 invicem
1612 3127 1820 3179 mutua
1845 3127 2038 3198 strage

381 3207 676 3277 collidere,
701 3207 958 3266 Ecclesia
979 3209 1080 3264 Dei
1103 3209 1500 3278 confunditur,
1515 3211 1657 3282 jura
1677 3218 2036 3285 rumpuntur

379 3298 444 3366 (ι.
457 3295 993 3370 violantur),legum
1013 3299 1232 3354 statuta
1253 3300 2037 3372 rumpuntur,posscssiones

377 3385 647 3443 Ecclesiae
669 3385 1086 3459 pervaduntur,
1105 3389 1162 3441 et
1184 3387 1258 3442 ab
1289 3385 1490 3460 impiis
1512 3387 1774 3460 undique
1799 3389 2034 3462 rapiun-

377 3469 494 3555 tur.
529 3475 723 3531 Sacris
744 3491 860 3555 non
897 3479 986 3530 est
1013 3475 1338 3531 reverentia
1359 3473 1526 3544 locis,
1555 3477 1658 3532 sed
1688 3479 2035 3550 praevalente

379 3548 644 3636 nequitia
672 3548 990 3636 impiorum
1023 3565 1184 3620 totus
1213 3564 1435 3636 pariter
1465 3548 1720 3622 concidit
1749 3567 1936 3626 honor
1953 3587 2036 3626 re-

375 3649 656 3725 ligionis:
715 3652 869 3726 quod
930 3652 1183 3708 nimium
1240 3651 1599 3710 habitatores
1655 3655 2033 3715 Luxoviensis

375 3739 620 3798 cmnobii
655 3738 908 3814 peccatis
934 3739 1304 3816 exigentibus
1335 3740 1585 3814 plcniter
1605 3748 1746 3801 sunt
1770 3748 1988 3819 experti
2017 3766 2030 3816 ;

375 3848 512 3888 nam
541 3829 710 3888 villas
741 3835 800 3888 ct
843 3831 1248 3904 possessiones
1305 3848 1507 3887 eorum
1540 3831 1598 3886 in
1629 3832 2030 3892 haereditatem

372 3919 486 3978 sibi
507 3919 879 3993 diripuerunt
901 3938 1116 3976 manus
1141 3920 1486 3977 alienorum.
1513 3922 1776 3996 Cumque
1796 3941 1892 3980 rex
1915 3941 2030 3981 non

371 4013 528 4070 esset
547 4013 605 4064 et
617 4011 820 4082 judex,
855 4009 953 4082 qui
975 4027 1121 4066 ναι-ω
1145 4009 1362 4066 intuitu
1377 4010 1628 4082 justitia:
1649 4011 1788 4067 huic
1817 4011 2030 4082 impio-

372 4114 504 4152 rum
551 4097 820 4170 pravitati
877 4095 1052 4154 vellet
1109 4115 1178 4154 ex
1235 4101 1356 4154 toto
1415 4099 1708 4172 resistere,
1741 4101 2030 4175 compulsi

372 4189 514 4241 sunt
529 4185 952 4258 quamplurimi
970 4186 1316 4244 clericorum
1337 4191 1543 4244 contra
1563 4192 1908 4247 temeratam
1935 4209 2032 4250 au-

369 4274 600 4331 daciam
633 4273 1038 4349 diripientium
1091 4291 1333 4332 suorum
1381 4277 1627 4350 pignora
1656 4279 2030 4337 circumferre

369 4367 730 4435 sanctorum,
760 4369 984 4436 utquos
996 4367 1257 4438 potestas
1271 4365 1532 4422 humana
1554 4385 1668 4422 non
1695 4384 2026 4442 compesce-

368 4458 476 4522 ret,
508 4452 698 4510 virtus
736 4457 974 4510 ostensa
1011 4453 1206 4510 divine
1245 4459 1554 4511 coerceret.
1581 4455 1722 4512 Inde
1753 4460 1844 4514 est
1870 4459 2025 4532 quod

1491 318 1842 382 ADSONIS'
1864 315 2308 380 nanvnnsrs
2353 294 2705 382 annuis.

391 454 558 512 ribus
587 458 644 511 et
671 453 970 528 sapientiae
1018 453 1222 511 decoro
1261 450 1716 526 prmpollentem,
1748 449 1874 508 loco
1905 463 2044 524 prze-
2068 451 2126 520 Α

3688 321 3814 383 693

2490 451 2548 508 S.
2587 444 2908 510 Wdldeberti
2936 469 3130 527 corpus
3161 453 3221 510 in
3247 449 3467 527 primis.

2229 541 2313 596 14.
2332 539 2486 596 Villa
2500 539 2745 597 marinis
2765 541 3061 599 littoribus
3083 540 3512 616 contigua,quze
3539 541 3820 616 superius

2156 629 2479 684 Hcrlcrium
2502 634 2592 686 est
2622 635 2844 698 vocata,
2861 635 3242 704 tyrannorum
3267 631 3322 687 vi
3344 630 3580 688 sublata
3601 631 3813 688 fuerat.

2157 719 2422 774 Monachi
2446 719 2686 791 ancipiti
2711 719 2768 774 in
2793 720 3135 776 discrimine
3157 719 3553 794 positi,sancti
3582 721 3817 778 Walde-

2155 807 2303 862 berti
2336 808 2686 880 protectoris
2733 807 2824 864 sui
2874 809 3221 882 suffragium
3255 811 3554 882 expetunt,
3587 815 3818 866 sancto-

2155 913 2404 969 rumque
2427 887 2739 970 pignorum
2763 897 2892 970 ejus
2923 897 3153 970 glebam
3178 897 3288 955 sibi
3311 897 3820 970 imponentcs,per

2157 985 2302 1042 fines
2325 985 2579 1041 Franciaa
2602 984 3443 1054 illuciterintendunt.Quibus
3457 988 3818 1044 abeuntibus

2156 1074 2350 1131 subito
2383 1075 2622 1131 Mantnc
2653 1075 2714 1147 (ι.
2749 1075 3032 1148 Materna)
3060 1076 3272 1132 fluvius
3303 1076 3510 1132 obvius
3531 1077 3814 1133 occurrit.

2155 1166 2336 1231 Quem
2350 1181 2483 1221 cum
2499 1164 2897 1222 transmittere
2908 1163 3437 1238 cupiunt,plurima
3453 1166 3818 1238 praecedente

2154 1254 2328 1310 turba
2357 1253 2706 1327 populorum
2762 1253 2912 1310 sacri
2961 1253 3226 1327 pignoris
3272 1253 3444 1328 gleba
3475 1253 3625 1310 citra
3650 1253 3818 1310 littus

2155 1335 2796 1400 constiterat.Monachi
2819 1341 2878 1397 in
2902 1342 3150 1400 articulo
3179 1340 3354 1416 positi
3387 1341 3528 1416 quid
3561 1341 3822 1401 facerent

2155 1431 2516 1494 nesciebant.
2547 1431 2696 1488 Mira
2755 1431 3023 1488 dicturus
3069 1449 3224 1488 sum.
3258 1431 3392 1488 Mox
3420 1430 3586 1487 navis
3617 1431 3819 1490 divino

2157 1519 2418 1594 impulsu
2450 1537 2485 1577 a
2525 1521 2744 1594 remige
2787 1518 2928 1576 illuc
2973 1521 3199 1594 absque
3227 1520 3486 1576 humano
3507 1519 3817 1592 juvamino

2157 1612 2364 1683 sponte
2393 1605 2751 1683 perducitur,
2786 1625 2905 1682 qua
2935 1609 3124 1666 sancti
3159 1609 3420 1682 corporis
3449 1607 3626 1682 gleba
3655 1613 3834 1668 tene;

2157 1700 2346 1756 batur.
2383 1697 2574 1756 Mirati
2631 1698 2878 1755 comites
2909 1699 3074 1754 tanta
3103 1697 3378 1756 facultate
3410 1696 3588 1754 ﬂuvio
3619 1702 3828 1756 trans-

2159 1785 2566 1860 ducti,quanta
2576 1790 2819 1844 eatenus
2841 1803 3145 1860 nunquam
3165 1787 3398 1843 fuerant
3418 1785 3840 1859 experti.Hinu.

2157 1877 2353 1949 itaque
2392 1877 2794 1950 procedentes,
2827 1874 3002 1948 paulo
3031 1879 3164 1949 post
3190 1876 3263 1932 ad
3295 1875 3582 1948 praedium
3617 1867 3843 1950 perve-~

2155 1965 2328 2022 niunt
2348 1966 2490 2021 Nam
2510 1967 2624 2034 (52)
2655 1965 2928 2038 superius
2959 1969 3348 2022 memoratum
3379 1982 3392 2022 :
3418 1961 3518 2020 ubi
3545 1961 3830 2022 videlicet-

2154 2053 2279 2128 ipse
2307 2058 2366 2110 et
2393 2053 2522 2109 vitae
2553 2055 2857 2120 exordium
2911 2053 3317 2126 temporaliter
3371 2056 3723 2126 sumpserat,
3761 2057 3818 2110 et

2155 2131 2510 2216 quibusdam
2543 2142 2965 2200 miraculorum
3021 2141 3209 2217 signis
3237 2141 3436 2198 vivens
3463 2139 3812 2198 illustrant.

2154 2232 2258 2289 Hic
2273 2238 2572 2305 comperta
2602 2232 2888 2306 corporali
2913 2233 3042 2305 ejus
3071 2231 3400 2305 praesentia,
3415 2228 3532 2287 dici
3564 2247 3678 2286 non
3707 2247 3814 2304 po-

2152 2323 2286 2390 test,
2320 2325 2540 2395 quanta
2561 2319 3068 2394 utriusque'sexus
3086 2319 3226 2377 illuc
3257 2320 3605 2376 confluxerit
3629 2335 3814 2394 popu-

2152 2409 2344 2467 lorum
2402 2410 2754 2484 frequentia.
2791 2411 2948 2467 Inter
2977 2425 3106 2488 quae
3135 2407 3210 2466 ob
3239 2408 3664 2466 beneficiorum
3683 2409 3813 2482 ejus

2151 2499 2403 2574 gratiam
2447 2515 2583 2556 cum
2615 2499 2846 2556 diversa
2874 2500 3165 2556 donorum
3195 2513 3442 2554 munera
3471 2515 3610 2555 cum
3643 2497 3812 2572 gleba

2151 2587 2335 2644 sancti
2357 2589 2464 2644 viri
2489 2588 2643 2646 inter
2663 2589 2898 2646 frondes
2921 2589 3200 2646 arborum
3222 2604 3338 2662 prae
3358 2587 3533 2643 turba
3553 2587 3810 2644 irruente

2151 2667 2531 2734 decernerent
2563 2678 2834 2752 appendi,
2857 2677 3152 2750 quoddam
3183 2675 3445 2750 ligneum
3476 2675 3809 2749 poculuma

2148 2766 2404 2838 quodam
2427 2766 2672 2841 contigit
2695 2765 2910 2822 offerri.
2935 2762 3053 2822 Hoc
3075 2781 3232 2822 unus
3253 2781 3284 2820 e
3305 2762 3547 2821 famulis
3571 2782 3805 2821 servan-

2150 2855 2291 2912 dum
2323 2858 2642 2928 acceperat.
2676 2855 2838 2922 Quod
2867 2871 3002 2910 cum
3029 2855 3270 2928 quidam
3303 2852 3808 2926 lascivusjuvenis

2147 2949 2207 3001 et
2225 2945 2498 3018 petulans
2519 2943 2714 3000 abillo
2735 2949 2955 3017 peteret
2975 2945 3087 3001 sibi
3131 2944 3277 3012 dari,
3311 2959 3446 2998 cum
3478 2943 3629 2999 forte
3657 2943 3805 3000 vide-

2148 3037 2310 3090 retur
2331 3034 2610 3106 indignus
2630 3033 2971 3106 promereri,
3005 3031 3102 3089 ille
3123 3036 3391 3106 exempto
3413 3047 3552 3088 ense
3573 3031 3682 3088 viri
3703 3032 3798 3088 Dei

2145 3122 2425 3196 obsequio
2449 3123 2708 3178 deditum
2727 3121 3111 3196 gladionisus
3134 3126 3224 3178 est
3241 3123 3802 3194 appetere.Cumque

2064 3199 2108 3264 C
2146 3211 2206 3268 in
2225 3229 2359 3269 eum
2379 3211 2654 3268 librasset
2677 3211 3080 3280 ictum,subito
3110 3209 3374 3268 ferientis
3393 3211 3635 3266 dextera
3653 3209 3800 3284 liga-

2144 3305 2243 3357 tur
2267 3301 2327 3357 in
2359 3317 2512 3358 aere.
2542 3301 2636 3356 Sic
2663 3299 2759 3357 ille
2789 3301 2917 3358 sine
2964 3299 3230 3374 patibulo
3279 3299 3423 3356 cmlo
3474 3316 3800 3372 suspensus

2145 3407 2352 3448 amens
2373 3390 2658 3459 redditur,
2684 3405 2863 3446 sensu
2895 3389 3463 3458 confunditur,ﬁxus
3481 3388 3698 3445 tellure
3720 3392 3798 3444 te-

2145 3483 2336 3548 netur,
2370 3495 2476 3534 nec
2507 3477 2671 3551 prius
2722 3479 2913 3551 potuit
2957 3478 3070 3534 sibi
3112 3476 3298 3547 reddi,
3328 3493 3508 3550 quam
3539 3477 3798 3535 oratione

2143 3567 2623 3641 illorum,quibus
2638 3567 2944 3624 nociturus
2955 3571 3544 3636 venerat,mereretur
3554 3565 3794 3624 absolvi.

2143 3657 2228 3714 Ita
2251 3655 2640 3730 plurimorum
2699 3661 2936 3730 pectora
2963 3660 3151 3712 terror
3174 3655 3596 3728 perstrinxerat
3624 3655 3798 3728 huius

2142 3743 2300 3804 facti.
2329 3747 2590 3819 Denique
2613 3745 2706 3802 hic
2727 3745 3152 3818 aliquantisper
3170 3762 3206 3801 a
3225 3742 3438 3818 populo
3459 3744 3683 3800 detenti
3714 3759 3798 3800 re-

2142 3839 2388 3892 sumunt
2417 3835 2526 3891 iter
2555 3835 2711 3908 quod
2744 3839 3056 3906 ceperant,
3089 3834 3161 3890 ad
3196 3831 3500 3890 Herlerum
3555 3833 3798 3890 veniunt

2140 3942 2256 3998 quo
2269 3924 2600 3980 tendebant.
2613 3923 2674 3980 In
2683 3928 2934 3996 surgunt
2946 3923 3204 3996 undique
3215 3921 3270 3977 in
3270 3923 3419 3996 justi
3434 3938 3791 3995 pervasores,

2138 4013 2396 4070 volentes
2427 4029 2528 4070 eos
2558 4031 2593 4069 a
2621 4012 2840 4069 finibus
2861 4011 3160 4086 repellere,
3181 4027 3332 4085 quos
3362 4011 3452 4067 sui
3483 4011 3792 4084 dispendio

2140 4102 2457 4158 cernebant
2505 4101 2832 4158 advenisse.
2865 4101 2976 4158 Sed
3008 4100 3196 4158 sancti
3224 4099 3331 4156 viri
3359 4099 3546 4156 virtus
3578 4104 3791 4156 terrore

2139 4195 2367 4248 mentes
2379 4191 3029 4264 edomatimpiorum,et
3043 4190 3168 4246 suis
3179 4190 3457 4246 reformat
3471 4188 3792 4246 domestica

2136 4280 2518 4353 praedia,quts
2542 4279 2865 4337 alienorum
2895 4277 3251 4336 factionibus
3281 4279 3513 4334 fuerant
3541 4278 3786 4352 direpta.

2140 4365 2245 4441 Ita,
2273 4369 2412 4426 licet
2446 4385 2583 4426 cum
2618 4368 2836 4439 labore,
2860 4369 3039 4426 rebus
3068 4366 3429 4441 compositis,
3453 4384 3590 4424 cum
3612 4369 3789 4424 sacris

2136 4457 2482 4533 pignoribus
2505 4458 2775 4515 monachi
2795 4456 3186 4530 obsequentes
3199 4454 3452 4514 laetiores
3467 4455 3789 4512 redduntur

367 4541 476 4600 loci
492 4542 674 4636 hujus
693 4541 896 4600 anOltB
918 4541 1059 4598 alibi
1081 4541 2029 4636 ﬁduciaminonihabentes,contra
2055 4566 2103 4636 Ι)
2135 4547 2386 4622 propriis
2417 4547 2661 4605 laribus.

367 4633 692 4707 nequitiam
711 4649 1116 4707 perversorum
1141 4634 1326 4691 sancti
1349 4631 1706 4693 Waldeberti
1729 4635 1823 4694 sui
1835 4637 2026 4694 defen-

330 4778 335 4785 _
367 4723 518 4780 seris
555 4721 691 4780 latis
721 4719 982 4796 corporis
1010 4723 1140 4796 ejus
1170 4723 1516 4798 pignoribus
1546 4724 1773 4782 soleant
1809 4725 2024 4784 inferre

365 4810 735 4882 virtutem,ut
755 4812 854 4886 qui
877 4812 1175 4886 quondam
1208 4811 1548 4886 temporalis
1578 4813 1800 4871 militiai
1829 4832 2022 4873 sacra-

367 4902 567 4981 menta
585 4915 847 4966 servasse
868 4896 1029 4957 visus
1051 4899 1392 4973 fuerat,ipse
1423 4916 1657 4975 quoque
1677 4901 1832 4960 inter
1851 4921 2023 4962 casus

367 5005 610 5045 suorum
642 4987 907 5046 ﬁdelium
939 4988 1074 5063 pius
1116 4993 1519 5063 propugnator
1547 4991 1806 5048 assistat.
1841 4991 2023 5066 Cujus

366 5078 447 5134 rei
480 5078 946 5150 experimentum
978 5096 1040 5136 se
1071 5079 1226 5136 ultro
1268 5077 1506 5152 ingerit,
1538 5079 1589 5136 si
1621 5081 2024 5140 consideretur

364 5165 596 5223 virtutis
621 5168 750 5240 ejus
780 5168 1060 5241 potentia,
1093 5185 1272 5242 quam
1304 5169 1640 5240 frequenter
1669 5171 1948 5239 ostendit.

435 5273 550 5346 (50)
581 5274 640 5330 Id
674 5278 765 5330 est
812 5275 1332 5332 Nortmannorum.
1365 5276 1526 5342 Quod
1567 5277 1838 5334 existimo
1871 5280 2020 5335 acci-

363 5343 522 5420 disse
553 5363 706 5402 anno
730 5345 960 5402 Domini
984 5349 1250 5420 888,Aquo
1285 5347 1416 5402 czesi
1459 5347 1530 5402 ab
1548 5349 1783 5420 eisdem
1817 5368 2020 5407 mona-

365 5415 458 5470 chi
492 5417 836 5484 Besuenses,
871 5422 1018 5474 teste
1045 5412 1312 5474 Jahanne
1336 5412 1623 5476 monacho
1648 5421 1926 5478 Besuensi
1963 5424 2020 5479 in

365 5487 666 5562 Chronico,
690 5487 994 5562 ASpicilcgii
1026 5491 1286 5562 tomoill.

438 5559 549 5629 (51)
581 5559 1283 5633 ΒίεὴᾱῐιάιιεΒιινςυιιὰἰω
1305 5561 1422 5615 dux
1443 5566 1721 5619 strenuus
1743 5564 2020 5622 adversus

367 5629 1183 5700 Nortmanuos,inortuus’est
1215 5649 1367 5688 anno
1399 5633 1568 5688 tertio
1599 5640 1732 5707 post
1764 5636 2018 5693 obsidio-

2706 4637 2987 4694 Ιηυαδοτθε
3012 4639 3218 4710 puniti.

2207 4729 2294 4783 15.
2327 4725 2506 4784 Vicus
2535 4729 2626 4784 est
2653 4725 2867 4784 iterum
2892 4741 3010 4782 non
3031 4723 3327 4800 ignobilis,
3352 4720 3782 4780 Provincherias

2133 4831 2240 4872 suo
2269 4812 2552 4871 vocabulo
2583 4813 2797 4884 dictus,
2822 4829 2970 4890 pene
2997 4804 3203 4888 viginti
3233 4809 3500 4869 millibus
3529 4827 3564 4867 a
3593 4815 3786 4866 mona-

2133 4902 2308 4962 sterio
2335 4903 2671 4976 disparatus
2703 4919 2718 4960 :
2751 4918 2930 4977 quem
2987 4900 3258 4959 videlicet
3305 4897 3497 4956 vicum
3546 4897 3781 4971 quidam

2133 4993 2304 5050 miles
2342 4995 2694 5066 pervaserat,
2728 4992 2882 5050 inter
2939 5005 3080 5049 suos
3139 4987 3672 5048 nominatissimus.
3700 4985 3781 5042 Ad

2131 5099 2307 5156 quem
2338 5081 2618 5155 angustia
2647 5081 3004 5151 imminenti,
3035 5081 3176 5154 quia
3205 5079 3406 5136 deerat
3439 5075 3782 5148 suffragium

2130 5171 2344 5228 terreni
2368 5171 2711 5240 defensoris,
2735 5171 2924 5227 sancti
2951 5170 3061 5228 viri
3082 5169 3314 5243 glebam
3338 5163 3664 5238 imperabat
3692 5177 3784 5218 ne-

2131 5297 2266 5335 nem
2287 5276 2633 5352 Carnutum,
2657 5281 2806 5334 teste
2825 5277 3067 5352 Hugone
3088 5273 3375 5332 monacho
3408 5269 3776 5336 Floriacensi,

2133 5368 2259 5424 qua:
2291 5349 2537 5424 contigit
2565 5367 2727 5424 anno
2745 5352 2870 5406 891.
2905 5349 2961 5424 ._‘_
3225 5415 3300 5424 ω
3338 5415 3354 5424 _
3380 5415 3395 5424 _
3437 5415 3451 5424 .
3548 5413 3584 5424 Α
3699 5413 3728 5424 ν

2203 5423 2314 5494 (52)
2347 5415 2491 5478 Hinc
2522 5421 2870 5494 conjicimius
2915 5421 3194 5494 flantum,
3225 5415 3588 5494 Waldeberti
3619 5415 3775 5494 nata:

2127 5479 2244 5568 leni
2269 5479 2909 5568 locumj‘essc'oppidum
2924 5479 3606 5568 Nantogilnrnﬂmitueil,
3626 5479 3772 5568 quod

2129 5582 2161 5620 e
2191 5558 2531 5636 Burgundia
2563 5558 2885 5636 Maternum
2945 5558 3343 5636 praetervectis
3392 5558 3772 5636 obviunpcst,

2137 5637 2236 5692 ubi
2271 5628 2554 5691 hactenus
2587 5638 2675 5691 est
2706 5628 3000 5708 prior-atus
3030 5632 3254 5692 ordinis
3283 5628 3704 5688 Cluniacensis.
