4060 6170
280 290 405 368 69'7-

1213 303 1446 364 LIBER
1488 303 1591 363 ne
1635 284 2058 363 MIRACULIS
2106 303 2169 361 s.
2200 282 2770 369 ’WALDEBERTI.

3464 328 3469 333 '
3574 308 3693 372 698

281 434 529 495 cessitas
560 435 872 509 deportari.
892 437 1017 503 Qua
1049 435 1106 491 in
1138 435 1385 492 ecclesia
1414 433 1534 491 illic
1563 434 1799 508 propria
1818 432 1934 490 col-
1961 433 2019 503 Α
2047 450 2232 509 gnora
2259 453 2329 493 ex
2356 438 2639 495 membris
2661 440 2848 496 sancti
2877 437 3155 509 Eustasii,
3173 456 3280 499 nec
3311 458 3426 496 non
3458 441 3518 497 S.
3539 442 3694 499 Wal-

278 526 478 585 locata
498 523 1032 599 milesindignatus
1074 525 1249 599 ccepit
1271 524 1482 593 furere,
1506 523 1700 593 irasci,
1735 526 1935 581 sancto

281 615 582 687 derogare,
615 613 887 671 bacchari
921 617 978 670 et
1005 613 1601 683 insanire,affirmans
1641 630 1733 669 res
1756 612 1937 670 cccle-

278 704 381 761 siaa
404 702 613 760 ditioni
648 720 767 759 suae
798 703 980 759 libere
1002 705 1135 776 subj
1146 718 1344 777 ngare.
1364 703 1624 776 Denique
1645 720 1778 758 cum
1803 720 1940 776 qua-

279 794 421 850 dam
453 792 547 848 die
576 792 840 847 tumidus
872 796 928 848 et
959 793 1149 849 elatus
1178 809 1327 866 equo
1349 792 1650 865 spumanti
1675 809 1778 865 per
1798 793 1935 848 sub-

278 881 633 954 terpositum
663 879 921 937 ecclesia:
955 898 1230 953 campum
1254 880 1464 938 solutis
1495 880 1739 937 habenis
1761 898 1937 937 cursu

186 986 197 991 '
277 971 538 1029 ferretur
578 968 1031 1043 przepeti,crure
1086 971 1268 1026 fracto
1327 987 1514 1042 equus
1563 971 1621 1027 in
1682 987 1938 1043 prwceps

280 1059 568 1127 concidit;
602 1059 726 1131 ipse
753 1058 847 1113 vix
876 1076 1078 1115 casum
1106 1060 1450 1128 cvadens,in
1482 1058 1743 1133 proximo
1775 1075 1809 1115 a
1836 1060 1940 1114 mi-

279 1148 386 1204 lite
443 1147 808 1216 interfectus,
842 1147 1039 1203 villam
1090 1165 1279 1220 usque
1326 1149 1383 1204 in
1434 1165 1691 1222 praesens
1737 1152 1939 1204 sancto

281 1237 454 1293 Petro
488 1235 668 1292 libere
696 1236 1117 1308 possidendam
1149 1236 1403 1310 reliquit.

358 1327 448 1381 16.
479 1324 606 1380 Alio
627 1340 861 1403 quoque
889 1329 1151 1397 tempore
1182 1326 1494 1383 Rotbertus
1539 1328 1779 1399 quidam
1829 1328 1936 1383 mi-

278 1414 396 1482 les,
426 1414 649 1469 viribus
681 1417 889 1495 potens
921 1418 978 1470 et
1007 1414 1236 1487 opibus,
1270 1433 1405 1471 cum
1439 1420 1644 1489 nepote
1691 1418 1940 1487 Berardo

279 1504 346 1559 in
380 1519 528 1575 pago
552 1501 886 1576 Divionensi
908 1502 1218 1561 Caciacum
1239 1504 1437 1561 villam
1461 1506 1724 1578 apprime
1742 1506 1940 1563 vinife—

278 1591 772 1662 ram;liubaldus
800 1608 935 1650 vero
968 1592 1331 1650 Molisiacum
1371 1594 1430 1651 in
1466 1611 1614 1669 pago
1646 1595 1936 1661 Belnensi,

280 1699 380 1739 res
403 1679 672 1737 videlicet
703 1681 1085 1738 Luxoviensis
1115 1682 1567 1751 Ecclesiaz,satis
1605 1684 1809 1757 iniqua
1838 1686 1938 1741 do-

284 1770 610 1829 minatione
643 1771 1246 1843 possidebant.0uare
1278 1774 1548 1830 monachi
1575 1791 1709 1830 cum
1732 1775 1942 1847 princi-
1970 1810 2019 1876 Β

283 1862 466 1936 pihus
496 1860 848 1933 Burgundisa
881 1861 1100 1933 smpius
1127 1864 1452 1935 conquesti,
1487 1863 1794 1935 praevalere
1825 1881 1941 1921 non

284 1953 577 2025 poterant.
603 1948 752 2006 Inito
801 1948 981 2023 igitur
1031 1950 1249 2006 Letoldi
1298 1950 1530 2008 comitis
1573 1952 1842 2009 consultu
1876 1970 1942 2009 eo

282 2045 570 2112 tempore,
604 2055 721 2111 quo
773 2055 871 2094 rex
913 2037 1233 2096 ‘Lotharius
1276 2041 1390 2109 (53)
1422 2039 1594 2113 pulsa
1639 2041 1941 2099 obsidione

280 2126 764 2201 Burgundiorum
787 2127 897 2183 sub
922 2125 1137 2183 ditione
1159 2145 1266 2184 sua
1281 2128 1628 2185 Divionense
1651 2136 1943 2203 receperat

283 2221 572 2285 castrum;
591 2215 862 2272 monachi
877 2220 1082 2273 notum
1095 2221 1367 2290 repetunt
1380 2218 1940 2292 suifragium,sancti

284 2304 651 2363 Waldeberti
668 2303 883 2378 pignus
896 2304 1224 2362 venerabile
1245 2305 1385 2363 illuc
1407 2308 1776 2364 constituunt
1796 2308 1944 2365 defe-

283 2395 698 2462 rendum.Quo
729 2409 864 2451 cum
898 2395 1525 2468 pervenissent,medio
1554 2396 1703 2453 villa:
1747 2402 1942 2454 tento-

284 2484 445 2541 rium
471 2487 874 2557 competenter
902 2499 1038 2540 cnm
1066 2500 1233 2541 sacro
1264 2484 1453 2542 loculo
1484 2489 1772 2556 statuunt,
1806 2502 1942 2543 cum

286 2576 530 2646 repente
558 2572 757 2629 hostes
789 2574 999 2630 armati
1033 2576 1183 2630 ferro
1212 2579 1270 2632 et
1289 2574 1524 2645 animis,
1542 2576 1830 2634 Berardus
1858 2577 1940 2632 vi-

286 2661 503 2720 delicet
531 2679 667 2718 cum
699 2662 843 2731 suis,
878 2663 1251 2720 advenientes
1274 2664 1511 2737 quidem
1543 2681 1677 2721 cum
1709 2683 1817 2722 suo
1843 2667 1940 2722 de-

286 2753 521 2809 fensore
552 2768 668 2808 non
699 2751 918 2808 audent
938 2752 1523 2827 contingere.Villam
1550 2758 1747 2811 tamen
1772 2754 1942 2811 solito

288 2856 454 2897 more
484 2839 824 2913 corripiunt,
844 2839 1128 2897 familiam
1152 2841 1303 2898 male
1324 2843 1684 2915 opprimunt,
1707 2844 1944 2900 alimen-

290 2934 489 2987 torum
513 2934 787 3002 sumptus
808 2930 1101 3002 copiosius
1122 2948 1188 2986 ac
1210 2931 1417 2988 durius
1438 2932 1709 3005 exigunt;
1743 2934 1943 3006 sicque

293 3018 424 3076 cibo
458 3019 747 3091 rapaciter
775 3023 832 3075 et
860 3019 993 3074 vino
1014 3021 1576 3092 perfusi,monachis
1625 3022 1819 3079 inedia
1858 3022 1941 3079 la-

292 3108 661 3176 borantibus,
678 3113 847 3164 nocte
868 3108 1145 3177 irruente,
1160 3125 1365 3182 sopore
1386 3112 1653 3168 membra
1666 3116 1943 3184 protensa

2043 524 2265 582 deberti
2295 526 2650 584 confessoris
2680 527 2912 583 Domini
2943 527 3211 603 gloriosi,
3235 528 3295 584 in
3326 544 3443 601 quo
3490 527 3696 586 itinere

2044 631 2161 671 non
2193 614 2363 689 longe
2393 632 2427 672 a
2459 615 2833 686 monasterio,
2868 618 3022 691 apud
3052 617 3252 674 villam
3297 635 3424 691 quae
3471 617 3697 673 Sanctis

2046 704 2239 760 Maria":
2260 705 2491 774 dicitur,
2508 705 2765 778 primum
2792 707 2931 760 sunt
2950 704 3249 779 hospitati.
3266 705 3482 762 Deinde
3501 704 3696 761 locum

2046 793 2147 865 qui
2176 794 2585 867 Campaniolas
2614 798 2855 849 vocatur
2884 794 3168 868 aggressi,
3203 798 3410 867 quarto
3456 794 3696 850 demum

2047 881 2140 938 die
2164 881 2302 938 illuc
2332 884 2697 955 perveniunt,
2721 900 2836 956 quo
2884 883 3118 938 fuerant
3156 882 3446 939 malorum
3488 882 3701 954 impro-

2046 971 2232 1030 bitate
2263 973 2577 1045 provocati.
2615 973 2753 1028 Erat
2784 973 2844 1027 in
2876 972 2984 1028 illo.
3005 973 3289 1028 comitatu
3320 989 3435 1028 non
3485 987 3699 1044 parvus

2047 1077 2329 1117 numerus
2360 1065 2481 1117 tam
2503 1080 2570 1118 ex
2593 1061 2897 1118 monachis
2919 1078 3096 1133 quam
3113 1076 3182 1116 ex
3201 1059 3697 1128 ministrantibus,

2048 1168 2181 1207 cum
2205 1152 2421 1223 quibus
2444 1151 2589 1207 ierat
2609 1152 2792 1208 abbas
2813 1156 2871 1207 et
2893 1151 3223 1224 episcopus,
3238 1149 3475 1205 nomine
3491 1147 3698 1205 Aalon-

2047 1257 2172 1296 cus.
2191 1241 2592 1297 Pcrvenientes
2613 1241 2808 1313 itaque
2829 1242 2902 1296 ad
2932 1239 3127 1295 locum
3165 1235 3703 1311 destinatum,quia

2048 1329 2187 1387 alibi
2220 1329 2381 1385 locus
2412 1335 2584 1403 aptus
2614 1347 2730 1385 non
2753 1328 3041 1397 fuerat,in
3074 1331 3240 1400 prato
3261 1326 3517 1400 quodam
3543 1326 3700 1399 quod

2049 1419 2133 1475 eis
2196 1420 2652 1489 contradicehat,
2687 1435 2864 1492 super
2914 1418 3094 1475 unius
3153 1433 3405 1491 quercus
3455 1414 3700 1473 abscisas

2050 1513 2326 1566 truncum
2359 1509 2747 1566 statuunt.Ad
2784 1509 2999 1565 famam
3031 1507 3213 1581 igitur
3234 1510 3411 1563 tanta:
3430 1504 3702 1563 novitatis

2049 1597 2318 1672 pluribus
2363 1599 2973 1666 concitatis,cerneres
3016 1594 3335 1671 promiscui
3367 1611 3539 1653 sexus
3568 1594 3701 1669 infl-

2051 1688 2237 1744 nitam
2268 1687 2620 1762 populorum
2653 1680 3096 1744 multitudinem
3129 1684 3267 1741 illac
3297 1688 3535 1757 repente
3564 1699 3701 1740 con-

2050 1775 2308 1848 ﬂuxisse,
2344 1796 2460 1835 non
2492 1776 2683 1834 solum
2734 1792 2802 1833 ex
2848 1776 3078 1844 vicinis,
3102 1774 3204 1831 sed
3251 1791 3319 1831 ex
3366 1771 3702 1847 longinquis

2051 1867 2339 1941 partibus,
2371 1867 2535 1935 locis,
2565 1866 2721 1923 villis
2752 1870 2810 1923 et
2841 1864 3071 1938 oppidis
3102 1863 3320 1919 mirum
3352 1862 3412 1917 in
3459 1862 3702 1919 modum

2050 1956 2378 2031 conglobati
2410 1972 2615 2011 omnes
2644 1954 3034 2011 conveniunt:
3060 1969 3127 2008 ac
3141 1967 3275 2008 mox
3305 1966 3581 2023 campum
3614 1966 3713 2021 re-_

2051 2044 2296 2119 plentes,
2322 2062 2439 2101 una
2467 2061 2625 2113 voce,
2651 2059 2906 2100 consona
2936 2040 3239 2098 devotione
3287 2038 3703 2111 omnipotentis

2052 2136 2153 2192 Dei
2198 2150 2412 2191 nomen
2460 2138 2518 2190 et
2561 2133 2747 2189 sancti
2795 2130 3154 2188 Waldeberti
3185 2126 3380 2185 cuncti
3410 2128 3702 2193 invocant,

2051 2226 2177 2281 suis
2197 2223 2589 2281 incommodis
2618 2225 2948 2297 opportuna
2968 2218 3249 2293 suffragia
3268 2221 3495 2292 petunt.
3511 2210 3587 2274 Ut
3606 2231 3707 2272 au-

2050 2318 2167 2370 tem
2201 2313 2522 2370 declararet
2551 2311 2747 2368 divina
2775 2313 3035 2384 potestas
3085 2311 3425 2365 sanctorum
3461 2318 3703 2363 suorum

2050 2403 2226 2461 etiam
2260 2401 2555 2475 corporale
2576 2402 2780 2457 adesse
2802 2397 3257 2468 heneflcium,fit
3285 2394 3482 2453 subito
3503 2397 3705 2451 tantus

2053 2493 2124 2549 de
2153 2492 2295 2548 cmlo
2327 2491 2846 2563 strepitus,tantus
2866 2492 3072 2556 terror,
3089 2504 3155 2543 ac
3183 2486 3243 2542 in
3277 2485 3520 2542 modum
3550 2482 3703 2540 toni-

2051 2583 2168 2639 trui
2202 2599 2383 2638 sonus
2429 2580 2743 2636 vehemens
2790 2576 3087 2643 concitati,
3123 2580 3190 2631 ut
3219 2580 3394 2644 terra,
3419 2573 3573 2631 sicut
3619 2573 3706 2630 eis

2050 2671 2373 2739 videbatur,
2388 2671 2693 2737 tremente,
2716 2667 2810 2723 vix
2830 2668 3145 2739 prensantes
3162 2662 3363 2737 populi
3403 2679 3582 2735 supra
3611 2676 3704 2734 pe-

2052 2762 2155 2817 des
2174 2759 2655 2826 consisterent,ac
2676 2754 2948 2829 quisquis
2971 2752 3203 2808 illorum
3227 2768 3345 2825 qua
3364 2754 3527 2824 parte
3549 2751 3707 2805 esset

2052 2849 2407 2906 constitutus
2440 2847 2753 2903 nescirent.
2775 2843 2861 2900 llli
2911 2841 3165 2911 attoniti,
3199 2846 3256 2897 et
3284 2840 3356 2897 de
3387 2855 3455 2895 ea
3484 2854 3546 2894 re
3575 2854 3702 2911 qua:

2052 2939 2339 2996 acciderat
2367 2935 2618 2992 nimium
2650 2933 3281 3009 pavefacti,postquam
3320 2928 3536 2984 virtute
3574 2926 3704 2982 red-

2051 3029 2175 3085 dita
2193 3028 2265 3083 ad
2288 3027 2633 3098 semetipsos
2655 3027 2795 3080 sunt
2814 3020 3026 3078 reversi
3040 3019 3216 3090 (mira
3237 3019 3505 3075 dicturus
3526 3015 3703 3101 sum),

2050 3118 2276 3173 videres
2307 3131 2470 3172 avem
2503 3114 2561 3170 in
2594 3114 2784 3186 figura
2813 3110 3099 3167 columbae
3128 3123 3232 3183 per
3261 3122 3533 3163 serenum
3573 3120 3710 3161 aera

293 3196 613 3255 resolvunt.
629 3198 773 3253 Ecce
793 3197 989 3254 subito
1008 3199 1194 3255 noctis
1207 3179 1399 3255 medio
1422 3216 1623 3256 eorum
1647 3179 1937 3275 princeps,
1971 3179 2015 3247 (ἶ
2055 3207 2125 3263 de
2156 3203 2511 3262 sublimibus
2533 3179 2929 3268 descendisse,
2961 3214 3028 3255 ac
3060 3179 3274 3254 blande
3303 3195 3500 3252 volatu
3533 3210 3710 3267 super

294 3285 586 3343 Berardus
615 3285 904 3354 videlicet,
938 3285 1096 3343 febre
1145 3288 1476 3362 corripitur,
1510 3291 1713 3347 morbo
1742 3292 1945 3365 dysen-

292 3375 452 3432 teria:
501 3375 767 3431 membra
810 3378 1178 3449 torquentur,
1212 3376 1370 3433 ﬂuxu
1417 3378 1637 3435 ventris
1685 3380 1946 3452 undique

293 3468 646 3521 coarctatur.
678 3463 903 3537 Vixque
932 3482 1203 3522 auroram
1235 3467 1605 3538 priestolatus
1626 3469 1946 3526 monachos

292 3553 438 3621 adit,
469 3557 605 3610 ante
661 3553 1032 3627 prmsentiam
1089 3556 1276 3611 sancti
1335 3557 1575 3624 corruit,
1608 3563 1804 3614 reatus
1852 3560 1944 3614 sui

292 3642 697 3717 pmnitentiam
747 3643 915 3716 agit:
950 3643 1154 3716 sicque
1202 3644 1429 3700 indulta
1486 3646 1756 3715 sanitate,
1808 3646 1948 3704 villa

291 3732 574 3788 Caciacus
599 3748 668 3787 ex
686 3735 828 3787 tunc
856 3737 915 3789 et
945 3750 1101 3788 nunc
1132 3732 1321 3789 alieno
1343 3733 1568 3790 eruitur
1588 3751 1944 3808 possessore,

293 3820 519 3878 domini
551 3821 767 3893 proprii
801 3820 1025 3893 potitur
1052 3821 1340 3879 libertate.

366 3911 456 3965 17.
487 3909 789 3966 llubaldus
816 3927 950 3966 vero
982 3910 1321 3980 miles,licet
1344 3912 1403 3968 in
1425 3912 1602 3968 rebus
1631 3914 1950 3969 sanctuarii

294 3998 675 4068 avidus,alias
691 4003 891 4056 tamen
906 4000 996 4056 vir
1014 4001 1254 4073 probus,
1269 4006 1328 4057 et
1352 4007 1419 4058 ut
1439 4002 1639 4071 armis,
1664 4003 1748 4059 ita
1769 4004 1947 4060 etiam

295 4088 563 4146 moribus
594 4090 917 4159 modestus,
942 4105 1116 4163 quem
1138 4090 1199 4145 in
1220 4106 1369 4163 pago
1390 4089 1692 4147 Belnensis
1716 4093 1947 4165 provin-

295 4178 397 4234 ciae
419 4178 578 4252 apud
609 4177 979 4235 Molisiacum
1010 4178 1212 4236 villam
1256 4180 1678 4237 monachorum
1726 4181 1846 4237 vini
1894 4186 1953 4239 et

297 4268 536 4341 frugum
568 4267 832 4324 redditus
862 4267 1116 4325 diximus
1163 4269 1533 4342 subjugasse.
1566 4269 1722 4327 Visis
1772 4271 1951 4345 hujus

297 4356 487 4413 sancti
518 4356 834 4412 virtutibus
861 4356 1102 4413 territus
1133 4362 1190 4414 et
1218 4357 1615 4425 miraculis,in
1635 4358 1949 4433 reliquum,

295 4443 436 4500 licet
483 4444 707 4515 nolens,
741 4445 1174 4520 possessionem
1224 4462 1393 4503 suam
1450 4446 1705 4504 ecclesiae
1743 4448 1951 4506 dereli-

299 4532 447 4606 quit.

904 4643 1029 4699 Alia
1054 4644 1344 4700 miracula.

372 4765 461 4821 18.
493 4762 621 4821 Alio
640 4770 775 4838 post
792 4765 913 4823 hec
933 4770 1194 4841 tempore
1228 4768 1405 4825 iidem
1428 4769 1700 4827 monachi
1724 4771 1782 4826 in
1803 4786 1952 4845 pago

294 4851 794 4927 Alsgodiensium,
826 4860 1209 4929 tyrannorum
1261 4858 1633 4917 infestatione
1684 4878 1954 4934 prorum-

298 4946 496 5015 pente,
511 4945 904 5015 quarumdam
918 4962 1116 5003 rerum
1133 4963 1376 5003 suarum
1398 4947 1630 5005 fuerant
1647 4950 1955 5023 dispendia

298 5029 483 5105 passi.
517 5030 636 5088 Hac
665 5037 1013 5107 perurgente
1044 5036 1390 5092 necessitate
1433 5051 1532 5093 eas
1559 5037 1762 5095 habita
1809 5040 1952 5096 deli-

298 5118 601 5196 beratione
630 5122 952 5179 decernunt
981 5129 1178 5198 partes
1209 5125 1392 5194 adire,
1423 5125 1705 5183 habentes
1752 5144 1953 5185 secum

300 5208 440 5265 ﬁdei
472 5211 784 5281 tutamina;
819 5230 987 5271 sacra
1014 5214 1284 5271 videlicet
1305 5213 1690 5287 reliquiarum
1720 5217 1835 5287 (34)
1865 5216 1953 5290 pi-

346 5378 487 5467 .(§3)
520 5379 842 5467 Eetharius
862 5384 1137 5467 regnavit
1154 5385 1228 5440 ab
1259 5400 1411 5467 anno
1439 5383 1545 5439 954
1569 5383 1626 5467 in
1650 5401 1835 5443 annos
1852 5388 1953 5443 tri-

303 5450 488 5533 ginta.
520 5450 671 5533 Hinc
715 5450 973 5533 auctoris
1013 5462 1239 5533 {etatem
1288 5455 1601 5533 discetqui
1652 5472 1957 5515 successor

302 5524 544 5594 ponitur
572 5524 830 5592 Aalonci,
866 5526 997 5581 aliis
1027 5528 1303 5583 Adalonci
1336 5524 1581 5582 inferius
1625 5533 1952 5587 memorati.

374 5595 490 5666 (ἰή)
523 5594 921 5669 Ιὶοιίίμὶειιυῐη
970 5599 1029 5655 S.
1082 5600 1333 5656 Eustasii
1384 5616 1519 5672 pars
1577 5599 1843 5673 quaedam
1896 5604 1954 5660 in

2052 3296 2313 3353 loculum
2344 3297 2614 3351 sanctum
2647 3289 3016 3347 familiariter
3044 3283 3497 3343 circumvolasse
3531 3301 3543 3340 :
3579 3300 3708 3356 quae

2053 3386 2263 3442 deinde
2319 3383 2547 3457 expleto
2592 3398 2770 3437 cursu
2818 3378 2948 3435 ouili
2999 3380 3221 3434 secreto
3263 3375 3560 3448 recipitur,
3593 3390 3708 3447 quo

2055 3472 2365 3529 manifeste
2386 3469 2691 3527 advenisse
2712 3469 3015 3541 probatur.
3032 3464 3178 3521 Hinc
3188 3464 3379 3521 virtus
3400 3462 3710 3535 utriusque

2056 3561 2243 3618 sancti
2269 3560 2445 3632 coepit
2474 3558 2723 3614 ostendi.
2759 3557 2891 3612 Mox
2916 3555 3133 3611 etenim
3167 3554 3285 3609 duo
3324 3552 3576 3626 propriis
3607 3551 3708 3608 diu

2055 3649 2383 3706 luminibus
2411 3646 2620 3713 orbati,
2636 3662 2704 3701 ea
2733 3644 2877 3700 hora
2898 3660 3016 3715 qua
3036 3642 3158 3697 avis
3181 3642 3460 3713 prmdicta
3478 3640 3603 3696 visa
3622 3644 3711 3696 est

2055 3737 2430 3804 abscessisse,
2445 3735 2573 3790 sine
2593 3734 2772 3789 ductu
2813 3730 3054 3787 alterius
3076 3734 3309 3801 recepta
3339 3728 3584 3783 luminis
3598 3727 3710 3783 cla-

2056 3829 2226 3885 ritate
2255 3825 2461 3881 ineunt
2487 3823 2808 3897 gaudentes
2857 3820 2930 3877 ad
2964 3835 3080 3874 sua
3120 3817 3468 3872 festinanter
3496 3831 3707 3887 prope-

2057 3934 2203 3974 rare.
2232 3915 2451 3972 Deinde
2481 3926 2712 3985 quoque
2739 3908 2837 3966 alii
2868 3909 2984 3964 duo
3026 3904 3359 3980 complicita
3398 3919 3708 3959 nervorum

2060 4006 2386 4064 nodositate
2435 3998 2720 4059 catenatis
2758 3997 2927 4070 quasi
2979 3994 3260 4051 membris
3306 3996 3429 4049 toto
3469 4008 3708 4064 corpore

2057 4093 2301 4163 astricti,
2334 4091 2583 4149 aliorum
2615 4088 2890 4144 manibus
2921 4084 3105 4142 sacris
3135 4081 3498 4157 pignoribus
3538 4079 3707 4151 illati,

2060 4185 2255 4242 divina
2280 4182 2494 4238 virtute
2523 4182 2761 4235 ostensa
2778 4176 2839 4231 in
2856 4174 3033 4249 pedes
3055 4176 3195 4229 sunt
3217 4171 3411 4229 subito
3433 4170 3633 4239 erecti,
3652 4174 3711 4227 et

2060 4277 2132 4333 ad
2166 4271 2401 4348 propria
2430 4270 2651 4341 absque
2679 4266 2901 4322 humno
2925 4264 3230 4337 juvamine
3259 4261 3524 4318 lzetantes
3572 4263 3713 4316 sunt

2061 4361 2296 4429 reversi,
2329 4377 2395 4417 ac
2422 4363 2641 4414 terram
2671 4371 2849 4429 quam
2876 4354 3040 4427 prius
3077 4351 3303 4409 calcare
3351 4348 3709 4416 nesciebant,

2061 4469 2208 4511 novo
2224 4449 2379 4508 docti
2410 4447 2619 4503 itinere
2644 4444 2846 4501 liberis
2867 4441 3169 4517 gressibus
3188 4440 3504 4497 Dominum
3544 4434 3715 4509 glori-

1979 4549 2028 4617 D
2060 4544 2304 4601 ficantes
2325 4542 2381 4594 et
2402 4538 2673 4592 sanctum
2694 4532 3137 4589 Waldebertum
3177 4528 3456 4602 previum
3492 4524 3712 4582 haben-

2060 4638 2150 4691 tes
2178 4627 2481 4688 ambulare
2510 4626 2829 4696 cmperunt.

2134 4773 2222 4831 19.
2256 4770 2403 4828 Huic
2430 4768 2639 4825 itidem
2669 4765 2795 4822 loco
2825 4767 3086 4821 castrum
3115 4758 3376 4818 cernitur
3402 4773 3532 4815 esse
3576 4772 3713 4814 con-

2062 4865 2315 4939 tiguum,
2340 4859 2496 4933 quod
2517 4854 2697 4930 priori
2729 4858 2991 4925 tempore
3021 4850 3280 4907 Montem
3307 4846 3574 4939 Biliardte
3596 4845 3717 4939 -(55)

2064 4933 2335 5011 novimus
2356 4963 2485 5006 esse
2504 4940 3008 5018 cognominatum.
3023 4938 3212 5011 Hujus
3241 4935 3440 5009 oppidi
3464 4933 3715 4991 incolam

2063 5041 2300 5100 nomine
2330 5037 2737 5101 Utoncm,non
2768 5030 2839 5087 ab
2871 5027 3114 5103 ignobili
3138 5041 3346 5101 genere
3375 5023 3715 5090 oriundum,

2062 5131 2334 5207 pluribus
2382 5126 2587 5181 notum
2636 5120 2817 5176 fuisse
2863 5119 3011 5207 satis
3056 5121 3147 5174 est
3192 5111 3717 5207 compertum.“Hic

2064 5201 2259 5278 nervis
2278 5212 2496 5273 coactis
2511 5214 2569 5267 et
2588 5208 2847 5282 corporis
2868 5206 3143 5264 facultate
3160 5202 3420 5278 privatus
3439 5201 3727 5287 manibus

2065 5388 2326 5449 ccenobio
2358 5377 2703 5440 Luxoviensi
2734 5380 3083 5444 asservatur,
3117 5372 3331 5431 scrinio
3370 5371 3628 5427 eburneo
3658 5372 3715 5424 et

2065 5453 2628 5535 argentQanfllls“:
2781 5521 2831 5535 ..
3247 5516 3259 5529 .
3354 5511 3687 5535 ._--__.

2134 5516 2245 5603 F55)
2279 5522 2628 5603 Montbdlt'ard
2660 5521 2942 5594 oppidum
2966 5516 3433 5587 munitissimum
3456 5516 3515 5569 in
3539 5516 3716 5581 comi:

2064 5596 2189 5667 tatu
2221 5596 2591 5673 Burgundiai.
