4034 6170
382 281 502 344 699

1309 279 1411 342 DE
1455 279 1521 341 S.
1565 273 1924 340 AYMARDI
1966 273 2301 337 ABBATIS
2346 273 2701 340 CLUNIAC.
2747 275 2854 338 III.

3673 277 3786 340 τοο

379 432 484 490 per
500 421 718 473 terram
746 429 956 487 repens
985 411 1068 469 ire
1114 427 1228 468 non
1278 416 1523 484 poterat,
1560 411 1671 466 nisi
1718 409 1808 465 vel
1847 424 2017 481 equo,
2048 407 2106 478 Α
2130 409 2281 464 trato
2303 409 2459 481 quod
2493 409 2592 466 diu
2623 414 2941 484 rogaverat,
2966 409 3384 467 mmstissimus
3413 409 3784 466 abscedebat.

377 505 469 562 vel
500 505 665 562 asino
696 519 922 560 sessore
944 505 1224 558 uteretur.
1248 501 1349 556 llic
1375 502 1570 572 itaque
1593 501 1665 556 ad
1686 499 1876 554 locum
1901 514 2024 570 per-

381 595 594 651 ductus
623 595 712 650 est
731 609 866 648 cum
888 607 1123 646 summa
1155 591 1473 657 devotione,
1494 607 1610 662 quo
1637 587 1822 643 sancti
1847 588 2024 658 hujus

377 681 706 752 venerabile
734 679 949 753 pignus
979 683 1325 752 cognoverat
1353 677 1704 734 constitisse.
1721 677 1894 732 Venit
1927 676 2027 748 igi-

379 776 495 837 tur,
528 769 804 842 lacrymis
833 769 1082 824 humum
1115 767 1390 840 perfudit,
1411 767 1599 823 sancti
1634 781 1848 821 nomen
1872 765 2028 820 invo-

378 863 490 928 cat,
525 857 871 932 suli‘ragium
902 856 1160 930 exposcit
1192 874 1205 912 :
1240 873 1343 911 nec
1376 860 1510 912 ante
1543 873 1576 911 a
1605 855 1730 911 loco
1753 854 2021 920 discedit,

377 949 560 1004 donec
589 947 787 1004 divina
816 946 1029 1000 virtute
1061 945 1250 1016 ruptis
1279 961 1584 1000 nervorum
1610 944 1854 999 nexibus
1877 943 2026 997 redit

375 1037 448 1092 ad
481 1038 736 1108 propria,
770 1035 1019 1108 pristina
1048 1034 1452 1090 incolumitate
1483 1035 1756 1088 donatus.

445 1128 536 1180 20.
571 1126 640 1180 Et
669 1124 946 1196 quoniam
972 1123 1256 1194 tamporis
1287 1127 1342 1176 et
1371 1121 1634 1192 ejusdem
1667 1121 1928 1176 beneficii
1965 1137 2026 1176 se

377 1211 784 1284 opportunitas
804 1210 982 1277 dedit;
1000 1229 1110 1265 non
1127 1209 1284 1284 piget
1301 1209 1508 1264 iterum
1525 1207 1682 1264 aliud
1697 1209 1766 1262 ad
1791 1207 2023 1262 laudem

379 1301 557 1357 divini
591 1298 846 1356 nominis
878 1299 1110 1366 referre,
1143 1299 1297 1370 quod
1350 1298 1406 1352 in
1456 1316 1516 1352 re
1563 1295 1738 1353 simili
1785 1295 1872 1350 vir
1917 1295 2025 1350 iste

377 1391 618 1446 sanctus
647 1386 1016 1444 dissimiliter
1035 1392 1123 1442 est
1151 1391 1446 1459 Operatus.
1471 1386 1534 1441 ln
1558 1401 1705 1458 pago
1729 1385 2022 1456 siquidem

377 1477 731 1534 rusticorum
782 1493 894 1532 usu
942 1475 1290 1532 \Varascum
1320 1475 1430 1548 (56)
1465 1479 1822 1546 nuncupato,
1857 1477 2023 1527 (etate

375 1567 567 1640 priore
596 1565 777 1622 fuisse
825 1565 1140 1638 quemdam
1186 1563 1378 1620 virum
1424 1563 1714 1632 novimus,
1749 1562 1849 1634 qui
1899 1578 2026 1634 pro-

2133 496 2399 570 Cumque
2423 497 2856 570 aliquantulum
2887 498 3114 554 itineris
3145 499 3376 555 rediens
3415 500 3738 572 peregisset
3767 517 3782 556 :

2135 585 2179 640 0
2209 591 2429 654 sancte,
2469 587 2684 660 inquit,
2716 586 3101 656 Waldeberte,
3145 587 3410 659 plaeetne
3465 588 3572 644 tibi
3631 591 3783 661 quod

2135 675 2323 731 tristis
2353 677 2502 744 veni,
2535 677 2762 732 tristior
2790 677 3033 733 recedo?
3063 677 3192 732 Haec
3223 677 3425 732 dicens
3453 676 3786 751 plaustrum

2135 767 2290 820 stare
2311 765 2504 837 jubet,
2534 769 2752 822 terram
2785 766 2948 838 petit,
2976 765 3302 838 bovemque
3350 766 3408 820 in
3443 783 3663 838 pascua
3695 785 3788 822 re-

2135 852 2305 908 solvit
2339 870 2351 908 :
2387 871 2518 909 cum
2545 853 2738 911 subito
2769 872 2950 911 sanus
2982 854 3166 910 factus
3189 856 3454 910 concitus
3477 855 3789 928 redit,gra-

2133 941 2246 999 tias
2278 943 2418 1016 agit,
2451 945 2656 1000 bovem
2689 944 2990 1000 duetorem
3022 943 3334 1011 obtulit,ac
3355 943 3606 1000 firmatis
3636 962 3786 1017 gres-

2135 1031 2300 1087 sibus
2331 1033 2401 1087 ad
2433 1033 2676 1088 domum
2710 1032 3048 1088 laetissimus
3081 1033 3248 1087 redit.

2204 1123 2293 1175 21.
2329 1122 2602 1188 Quaadam
2634 1123 2846 1178 iterum
2882 1121 3098 1176 femina
3128 1138 3337 1193 genere
3380 1122 3618 1190 nobilis,
3651 1139 3785 1194 gra-

2131 1209 2372 1264 vissimo
2429 1211 2738 1266 tenebatur
2793 1211 2997 1266 morbo
3037 1211 3300 1282 ejusdem
3349 1212 3782 1280 contractionis,

2135 1298 2416 1354 destituta
2445 1299 2651 1355 solatio
2683 1315 2969 1372 corporeae
3002 1299 3312 1356 facultatis.
3333 1302 3468 1367 Qua:
3498 1317 3638 1356 cum
3661 1303 3784 1372 jam

2134 1403 2239 1442 con
2247 1404 2462 1459 sequen
2470 1389 2553 1444 die
2569 1387 2780 1444 salutis
2792 1389 3142 1444 commercio
3155 1389 3466 1462 desperata
3475 1389 3783 1458 videretur,

2135 1476 2206 1530 ad
2230 1475 2424 1532 locum
2446 1477 2719 1533 eumdem
2741 1477 2851 1548 (57)
2874 1495 2936 1533 se
2966 1477 3135 1550 petiit
3172 1477 3483 1550 deportari.
3513 1477 3622 1534 Ubi
3655 1496 3786 1536 cum

2133 1563 2378 1620 diutinis
2400 1565 2674 1638 precibus
2703 1569 2762 1622 et
2787 1565 3063 1638 lacrymis
3083 1565 3662 1638 insisteret,repente
3691 1587 3786 1624 sa-

375 1654 502 1728 prio
532 1653 723 1710 fuerat
761 1653 1104 1709 Bernericus
1131 1653 1368 1710 nomine
1397 1651 1734 1718 dictus.Qui
1783 1650 2022 1723 quidem
2052 1665 2101 1731 Β
2133 1657 2270 1710 nata
2299 1670 2415 1710 non
2448 1654 2575 1711 sine
2601 1653 2985 1711 admiratione
3016 1654 3336 1710 multorum
3369 1655 3426 1709 in
3451 1656 3632 1728 pedes
3652 1674 3784 1714 con-

374 1744 606 1819 generis
637 1746 760 1799 erat
791 1741 1058 1798 libertate
1089 1741 1331 1814 potitus,
1363 1741 1466 1797 sed
1497 1745 1692 1797 tamen
1725 1745 1848 1796 toto
1895 1757 2022 1794 cor-

374 1849 514 1907 pore
557 1837 614 1888 et
663 1831 854 1888 nervis
903 1830 1204 1899 astrictus,
1244 1829 1408 1886 nulla
1464 1829 1738 1886 facultate
1797 1831 2024 1900 poterat

375 1921 559 1979 solide
582 1919 752 1978 terris
784 1919 1042 1993 affligere
1069 1935 1330 1993 gressus.
1363 1919 1466 1975 Hic
1510 1918 1698 1974 biroto
1748 1922 2020 1988 carpento

373 2009 688 2084 impositus
717 2023 1070 2081 quocunque
1095 2011 1252 2064 esset
1280 2007 1604 2075 ducendus,
1631 2006 1808 2062 unius
1857 2005 2020 2061 bovis

373 2103 434 2156 et
461 2095 665 2156 famuli
694 2095 1000 2153 videbatur
1017 2111 1145 2152 esse
1175 2099 1506 2152 contentus.
1528 2095 1634 2161 Qui
1665 2093 1865 2174 audita
1903 2093 2019 2148 vir-

373 2191 500 2246 tute
527 2185 952 2258 sancti,juncto
983 2184 1127 2242 bove
1155 2200 1223 2241 ac
1255 2183 1528 2240 ministro
1559 2182 1863 2257 praemisso
1893 2200 2018 2239 car-

373 2279 550 2350 pento
577 2273 914 2349 impositus,
949 2271 1211 2348 pervenit
1258 2273 1330 2330 ad
1381 2271 1596 2341 locum,
1631 2288 1745 2346 quo
1795 2288 1858 2328 se
1883 2272 2017 2327 duci

2131 1741 2304 1798 stitit.
2325 1743 2436 1799 Sed
2454 1759 2588 1798 cum
2619 1743 2831 1816 adepta
2861 1743 3111 1800 sanitate
3139 1741 3310 1799 vellet
3338 1743 3473 1800 inde
3495 1747 3781 1814 recedere,

2129 1831 2190 1886 in
2213 1831 2418 1887 itinere
2444 1833 2572 1903 jam
2597 1831 2787 1904 posita
2807 1831 3000 1888 subito
3026 1831 3085 1886 in
3109 1837 3327 1888 terram
3349 1831 3628 1900 concidit,
3647 1838 3705 1892 et
3725 1834 3782 1890 in

2129 1921 2403 1975 eumdem
2435 1921 2849 1976 contractionis
2898 1921 3170 1977 morbum
3212 1921 3514 1978 astrictam
3568 1939 3632 1979 se
3661 1939 3782 1980 esse

2129 2011 2416 2082 cognovit.
2451 2009 2788 2082 Suspiciens
2810 2009 3023 2066 ccelum
3063 2009 3370 2083 ingemuit,
3386 2016 3446 2066 et
3474 2029 3684 2068 rursus
3711 2013 3780 2069 ad

2128 2095 2322 2153 locum
2345 2113 2405 2154 se
2428 2099 2626 2154 referri
2653 2098 2928 2155 fecit.Ubi
2951 2115 3086 2154 cum
3126 2098 3436 2172 pristinam
3465 2101 3778 2158 sanitatem

2129 2185 2461 2258 recepisset,
2485 2187 2654 2260 quasi
2687 2187 3119 2262 aliquantulum
3143 2188 3272 2260 jam
3303 2202 3528 2257 secura,
3553 2206 3649 2246 res
3677 2208 3776 2247 ne-

2129 2274 2414 2332 cessarias
2445 2275 2691 2333 revisere
2720 2277 2963 2350 cupiens
2998 2293 3034 2334 a
3063 2276 3191 2333 loco
3228 2277 3496 2346 discedit,
3521 2279 3583 2334 et
3623 2278 3776 2338 abire

373 2365 564 2436 fuerat
592 2363 958 2436 deprecatus.
979 2363 1126 2418 Ante
1155 2362 1526 2436 prmsentiam
1557 2362 1744 2418 sancti
1777 2362 1834 2416 in
1865 2363 2022 2416 terra
2121 2363 2246 2436 jazn
2281 2365 2476 2438 cmpit.
2501 2365 2713 2439 Sicque
2735 2366 2796 2422 in
2827 2365 3035 2422 itinere
3057 2365 3188 2438 jam
3217 2366 3560 2435 constituta,
3575 2383 3774 2424 rursus

372 2455 700 2528 prostratus
711 2449 813 2508 diu
831 2451 1100 2519 decubat,
1114 2465 1250 2508 cum
1271 2447 1545 2524 lacrymis
1565 2466 1767 2523 preces
1788 2449 2016 2517 miscet,

372 2547 429 2600 et
444 2539 792 2598 familiarem
807 2540 1014 2597 bovem
1037 2542 1239 2596 sancto
1249 2537 1622 2596 Waldeberto
1639 2555 1755 2594 non
1777 2540 2019 2596 tardans

371 2628 716 2704 polliceri,si
748 2629 858 2686 hac
889 2628 1151 2702 corporis
1180 2627 1661 2684 incommoditate
1698 2632 2021 2684 mereretur

369 2717 613 2776 absolvi.
629 2717 810 2791 Cujus
821 2717 1060 2790 quidem
1071 2715 1410 2774 virsanctus
1431 2733 1546 2772 non
1569 2715 2020 2790 estdedignatus

369 2806 666 2882 suscipere
685 2805 973 2881 gemitum
995 2804 1404 2880 supplicantis,
1425 2806 1525 2863 sed
1549 2812 1741 2863 tamen
1765 2823 2016 2880 prmsen-

2129 2453 2188 2508 in
2219 2470 2405 2509 unum
2436 2453 2694 2526 corporis
2725 2453 2966 2528 globum
2989 2453 3568 2528 contrahitur,atque
3591 2455 3773 2512 denuo

2129 2542 2201 2596 ad
2224 2541 2415 2598 locum
2447 2542 2713 2598 refertur.
2749 2541 2960 2616 Sicque
3009 2544 3231 2598 factum
3277 2547 3387 2614 est,
3409 2545 3476 2598 ut
3521 2545 3774 2616 quoties-

2128 2647 2358 2702 cunque
2370 2630 2505 2686 inde
2516 2630 2676 2686 abire
2690 2629 3058 2699 voluisset,in
3070 2633 3342 2688 eumdem
3362 2633 3638 2688 morbum
3654 2649 3778 2689 con-

2127 2719 2362 2787 cideret,
2397 2718 2580 2774 donec
2636 2720 2873 2776 tandem
2923 2725 3154 2792 recepta
3210 2720 3462 2777 sanitate
3515 2721 3778 2777 animum

2127 2807 2336 2875 fixit,et
2359 2824 2543 2880 usque
2564 2809 2634 2864 ad
2655 2807 2932 2865 ultimum
2949 2809 3080 2865 vita
3101 2827 3221 2866 sua:
3239 2814 3472 2883 tempus
3496 2811 3559 2866 in
3579 2811 3778 2868 eodem

369 2900 490 2954 tem
520 2895 754 2953 distulit
781 2894 1118 2970 impendere
1149 2895 1486 2952 sanitatem.
1511 2895 1657 2951 Nam
1689 2912 1802 2951 non
1834 2895 2017 2968 impe-
2048 2925 2098 2991 Β
2130 2895 2254 2954 loco
2283 2893 2628 2968 permansit.

439 3027 552 3102 (56)
581 3029 890 3102 Eustasius
919 3028 1100 3084 abbas
1138 3031 1196 3102 et
1239 3043 1374 3084 cum
1406 3043 1472 3083 eo
1509 3027 1712 3100 Agilus
1749 3027 2023 3086 Warascos

369 3098 762 3156 ab‘erroribus
792 3114 1090 3154 revocasse
1119 3098 1416 3154 dicuntur.

441 3171 556 3239 (57)
574 3167 866 3240 Reliquus
897 3167 1653 3240 S.Waldebertigbactenus
1685 3170 1744 3224 in
1775 3169 2023 3226 ecclesia

371 3237 716 3312 Lp‘xoviensi
734 3237 1036 3312 coluntur,
1052 3242 1229 3310 caput
1256 3238 1509 3312 quidem
1528 3239 1588 3294 in
1610 3245 1882 3312 argentea
1903 3241 2022 3296 efﬁ-

369 3310 482 3384 gie,
516 3309 750 3384 reliquie
796 3310 1057 3383 corporis
1116 3309 1312 3382 partes
1359 3310 1420 3364 in
1469 3309 1640 3366 theca
1679 3309 1748 3366 ex
1777 3316 2019 3384 argento

2131 3029 2506 3095 deaurato,ut
2519 3045 2622 3100 me
2644 3028 2872 3086 monuit
2883 3031 3009 3100 jam
3031 3029 3309 3087 laudatus
3326 3031 3392 3086 R.
3413 3031 3475 3086 Ρ.
3493 3031 3779 3087 Constan-

2129 3101 2292 3172 tinus
2308 3099 2760 3172 Gravellius,ﬁcui
2779 3099 3103 3172 plurimum
3118 3103 3177 3156 in
3197 3101 3290 3157 his
3305 3102 3780 3159 adnotationibus

2131 3171 2432 3245 debemus.
2457 3172 2524 3245 AS.
2543 3171 2894 3245 Waldeberti
2925 3171 3232 3245 translatio
3267 3173 3485 3245 (t'orsan
3517 3173 3778 3245 elevatio)

2131 3242 2366 3298 Luxovii
2391 3242 2716 3298 celebratur
2744 3242 2876 3299 Maii
2908 3244 3002 3300 die
3035 3244 3120 3312 16,
3148 3243 3234 3300 uti
3276 3242 3338 3302 et
3385 3245 3487 3302 SS.
3525 3244 3776 3302 Eustasii

2131 3316 2189 3369 et
2219 3313 2588 3370 Columbani.
3531 3351 3546 3359 -

2130 3316 2189 3369 et
2219 3313 2588 3370 Columbani.
3531 3351 3546 3359 -

369 3485 3770 3550 ῃ

1679 3667 1842 3715 ANNO
1885 3667 2101 3714 DOHINI
2145 3668 2478 3716 DCCCCXCIV

1051 3827 1914 3990 SANCTUS
2043 3833 3116 3995 AYMARDUS

1579 4145 1590 4151 _
1622 4086 1850 4144 ABBAS
1888 4085 2404 4146 CLUNIACENSIS
2445 4089 2522 4146 III

845 4334 1228 4398 VE'I‘ERUM
1255 4334 1358 4396 DE
1389 4337 1452 4398 S.
1487 4336 1876 4400 AYMARDO
1908 4339 2008 4400 AB
2021 4339 2219 4400 BATE
2249 4338 2768 4402 CLUNIACENSI
2813 4340 3301 4404 TESTIMONIA

1317 4493 1418 4561 (Ex
1446 4494 1779 4553 Bibliotheca
1811 4495 2181 4563 Cluniacensi,
2213 4498 2420 4555 edente
2450 4499 2517 4554 D.
2551 4497 2837 4571 Marrier.)

1174 4798 1196 4854 Ι

491 4887 548 4943 S.
583 4885 740 4944 0dilo
769 4887 934 4944 abbas
966 4839 1344 4944 Cluniacensis
1377 4889 1438 4942 in
1470 4887 1584 4943 Vita
1611 4885 1668 4942 S.
1701 4885 1886 4944 Μαίοίί

917 4958 1330 5032 pra'decessoris
1356 4961 1466 5014 sui.

436 5064 582 5139 Huic
597 5065 827 5139 (Odoni)
844 5065 1133 5139 successit
1145 5064 1331 5139 felicis
1344 5065 1637 5139 memoriae
1653 5064 2019 5139 Heymardus

365 5135 622 5208 nomine,
654 5135 836 5192 beatae
884 5135 1305 5208 simplicitatis
1339 5141 1396 5192 et
1447 5135 1792 5193 innocentia:
1838 5135 2016 5208 (ilius.

364 5206 469 5262 Hic
501 5207 560 5262 in
607 5206 1082 5281 augmentatioiie
1111 5207 1505 5281 praediorum,
1531 5212 1588 5281 et
1615 5207 2020 5281 acquisitiono

364 5278 714 5350 temporalis
731 5279 1026 5335 commodi
1055 5278 1200 5334 adeo
1222 5279 1525 5350 studiosus
1548 5278 1657 5335 fuit
1671 5278 1808 5335 etin
1827 5281 2020 5336 obser-

361 5349 591 5422 vatione
617 5350 762 5407 satis
793 5351 1056 5422 devotus.
1076 5350 1180 5422 Hic
1201 5354 1257 5406 et
1277 5349 1653 5422 amissionem
1677 5350 2018 5422 temporalis

364 5419 629 5494 luminis,
661 5425 718 5478 et
745 5421 1033 5494 quidquid
1065 5420 1176 5476 sibi
1208 5421 1578 5494 adversitatis
1622 5419 1897 5494 accidere,
1918 5439 2015 5494 po-

363 5491 953 5565 tuit_,ahsquc_omni
1002 5492 1466 5565 murmuratione
1516 5497 1572 5548 et
1616 5491 2016 5565 indignatione

368 5562 798 5638 patientissime
829 5563 982 5620 tulit.
1003 5563 1106 5620 Hic
1138 5563 1353 5619 etenim
1381 5563 1467 5620 vir
1497 5565 1569 5620 ob
1601 5562 1878 5621 meritum
1909 5583 2007 5638 pa-

2048 4788 2096 4854 D
2127 4784 2364 4860 tientia,
2399 4783 2685 4860 simplicis
2717 4789 2776 4840 et
2802 4785 3132 4844 innocentis
3159 4787 3486 4860 vitae,tanto
3508 4787 3767 4860 taliquea

2128 4855 2357 4913 Christo
2405 4855 2764 4932 ditatuslest
2809 4873 3072 4932 munere,
3107 4862 3172 4914 ut
3220 4855 3351 4931 ejds
3397 4855 3656 4932 tempore
3699 4857 3764 4932 ad

2131 4943 2390 4984 amorem
2423 4927 2732 4984 monastici
2764 4928 2988 4984 ordinis
3014 4927 3312 4986 auctorem
3334 4927 3546 4986 nostra:
3569 4928 3766 4988 salutis

2129 4998 2368 5056 beatum
2402 4997 2680 5057 Maiolum
2712 4999 2988 5074 dignatus
3009 5005 3100 5057 est
3128 5017 3442 5058 accersere.

2923 5121 2992 5178 II.

2307 5228 2500 5286 Glaber
2529 5227 2836 5302 Rodolphus
2867 5229 2965 5286 lib.
2998 5247 3060 5286 ιιι
3081 5231 3359 5300 Historia),
3391 5247 3510 5303 cap.
3543 5233 3600 5287 5.

2200 5352 2336 5408 Post
2365 5351 2585 5408 Odonis
2614 5351 2842 5408 obitum
2865 5353 3150 5410 successit
3168 5354 3516 5410 lleimardus
3537 5354 3626 5408 vir
3645 5354 3774 5410 sim-

2127 5421 2257 5496 plex
2281 5422 2339 5479 in
2371 5424 2556 5496 ipsius
2586 5423 2802 5496 locum,
2835 5424 2957 5496 qui,
2993 5424 3129 5482 licet
3173 5443 3286 5481 non
3327 5426 3470 5481 adeo
3509 5425 3771 5482 famosis-

2127 5494 2334 5620 simtus,
2383 5494 2670 5569 regularis
2725 5494 2921 5552 tamen
2976 5497 3355 5554 observantia:
3414 5515 3531 5553 non
3591 5495 3772 5570 impar

2127 5581 2231 5620 cus
2260 5583 2346 5620 os.

2127 5581 2346 5622 ουεῐοε.
