4066 6172
239 374 365 435 705

1640 371 2304 439 CIIABTULARIUM.

3583 394 3701 455 706

244 503 638 562 illustrissimi
671 500 976 575 principes
1011 507 1176 578 regni
1210 507 1416 574 nostri,
1449 507 1613 579 Hugo
1643 504 1924 562 videlicet
1950 509 2010 575 Α
2044 508 2101 562 in
2153 509 2370 566 honore
2415 511 2739 568 beatorum
2789 516 3187 587 apostblorum
3240 520 3387 577 Petri
3437 529 3493 578 et
3540 524 3702 580 Pauli

246 597 371 651 dux
401 595 843 659 Francorum,et
872 590 1038 650 alter
1067 596 1234 669 Hugo
1267 596 1384 651 dux
1409 595 1924 669 Burgundionum,

247 690 311 743 et
339 682 615 742 Letaldus
645 696 861 747 comes,
900 687 1126 741 nostra:
1159 684 1350 758 Regia:
1383 685 1716 741 serenitatis
1764 684 1928 741 adie-

249 773 393 828 runt
421 767 845 833 excellentiam,
877 767 1276 842 deprecantes
1306 777 1597 845 quatenus
1646 772 1929 829 Cluniaco

249 859 610 929 monasterio
639 857 700 913 in
729 857 960 914 honore
992 860 1299 917 beatorum
1325 862 1477 918 Petri
1508 871 1566 919 et
1596 862 1759 918 Pauli
1793 879 1932 935 apo-

250 949 539 1007 stolarum
568 950 934 1013 consecrato,
972 951 1275 1021 quandam
1306 949 1573 1007 villulam
1596 951 1667 1007 de
1699 950 1929 1007 ratione

250 1037 691 1095 vicecomitatus
705 1035 1129 1109 Lugdunensis
1142 1056 1247 1110 per
1259 1038 1453 1111 regale
1470 1040 1929 1111 concederemus

251 1133 632 1201 praeceptum.
662 1125 767 1180 Est
797 1141 933 1180 vero
966 1127 1096 1198 ipsa
1124 1127 1266 1181 villa
1296 1128 1413 1182 sita
1443 1129 1503 1182 in
1537 1130 1741 1184 eodem
1774 1147 1947 1202 pago

254 1215 637 1290 Lugdunensi
667 1232 849 1287 super
863 1215 1094 1271 Ararim
1111 1216 1144 1270 ll
1156 1215 1566 1289 uvium,quam
1590 1234 1725 1273 cum
1739 1219 1926 1273 omni-

253 1307 370 1363 bus
398 1306 573 1362 rebus
603 1305 677 1361 ad
703 1320 837 1359 eam
886 1304 1330 1378 pertinentibus
1382 1307 1698 1374 donamus,
1738 1306 1925 1362 vineis

253 1394 480 1453 scilicet
507 1397 565 1451 et
593 1393 846 1466 campis,
871 1393 1066 1463 terris,
1094 1393 1306 1467 pratis,
1327 1393 1514 1464 silvis,
1541 1395 1927 1468 aquis,aqua«

254 1500 510 1557 rumque
537 1481 891 1540 decursibus
921 1482 1289 1555 majoribus,’
1311 1487 1370 1539 et
1400 1483 1540 1540 rivis
1570 1484 1922 1551 minoribus,

253 1571 512 1641 vivariis,
545 1570 795 1645 stagnis,
831 1570 1026 1639 fossis,
1061 1575 1119 1627 et
1150 1574 1345 1643 portu,
1380 1588 1516 1629 cum
1566 1571 1820 1630 exitibus
1868 1578 1926 1630 et

256 1661 795 1736 regressibus,cum
829 1660 1066 1733 pascuis
1098 1666 1155 1717 et
1187 1659 1468 1717 omnibus
1499 1662 1926 1735 adjacentiis,et

256 1751 548 1810 universis
578 1748 980 1823 piscatoribus
1023 1756 1081 1805 et
1124 1750 1481 1822 piscatoriis,
1514 1768 1619 1807 ceu
1648 1752 1926 1809 omnibus

257 1841 442 1898 servis
472 1844 529 1897 et
558 1838 814 1907 ancillis,
846 1838 935 1894 vel
969 1837 1212 1906 colonis,
1249 1856 1385 1894 cum
1419 1840 1745 1897 infantibus
1776 1841 1920 1908 suis,

258 1936 319 1987 et
346 1929 506 1987 omni
540 1928 859 2002 agnatione
890 1944 1113 1995 eorum,
1155 1926 1469 1999 quaesitum
1512 1934 1569 1985 et
1621 1929 1919 2003 inquiren-

257 2021 427 2088 dum,
460 2021 648 2075 totum
680 2022 739 2074 et
773 2017 846 2073 ad
884 2016 1177 2090 integrum
1206 2016 1347 2074 cedo
1379 2023 1554 2089 atque
1574 2018 1923 2075 transfundo

258 2126 366 2181 pro
425 2107 529 2165 Dei
579 2122 802 2174 amore,
852 2110 909 2161 et
958 2106 1263 2162 beatorum
1311 2105 1712 2179 apostolorum
1771 2108 1921 2179 ejus,

259 2214 367 2271 pro
398 2201 554 2255 statu
584 2200 641 2253 et
671 2194 997 2252 stabilitate
1028 2195 1191 2267 regni
1225 2196 1430 2263 nostri,
1466 2195 1643 2252 simul
1671 2202 1728 2252 et
1759 2198 1922 2268 prin-

259 2289 462 2360 cipum
494 2289 860 2352 nostrorum,
887 2288 1062 2355 atque
1093 2282 1358 2339 omnium
1390 2283 1603 2340 Christi
1638 2285 1921 2355 ﬁdelium,

258 2376 527 2433 vivorum
558 2373 786 2431 scilicet
817 2390 884 2428 ac
915 2371 1327 2428 defunctorum
1361 2371 1571 2429 salute.
1589 2373 1925 2447 Prescipien-

259 2471 355 2522 tes
399 2481 537 2539 ergo
578 2462 889 2537 jubemus,
924 2466 991 2516 ut
1039 2460 1313 2534 deinceps
1362 2479 1466 2534 per
1512 2461 1663 2519 hanc
1713 2467 1924 2520 nostra:

261 2553 655 2614 sublimitatis
684 2550 1095 2608 auctoritatem
1119 2550 1256 2622 jure
1286 2550 1922 2626 ﬁrmissimo,przedicti

262 2644 371 2704 Dei
395 2644 652 2717 judices,
686 2640 844 2698 beati
893 2639 1162 2696 videlicet
1208 2639 1414 2696 Petrus
1462 2644 1519 2696 et
1567 2640 1803 2710 Paulus,
1838 2640 1925 2698 vel

263 2734 510 2792 abbates
557 2737 618 2789 et
663 2734 921 2788 rectores
973 2728 1198 2801 praefati
1250 2728 1497 2785 cmnobii
1546 2747 1772 2799 eorum,
1819 2748 1924 2788 seu

262 2824 445 2881 etiam
477 2819 819 2878 monasterii
850 2816 1139 2891 ejusdem,
1172 2816 1390 2875 Christi
1436 2818 1772 2891 apostolicis
1802 2836 1924 2875 ser-

264 2914 759 2980 vientes,teneant
781 2912 958 2980 atque
976 2906 1402 2978 possideant,et
1419 2907 1705 2981 quidquid
1720 2907 1926 2965 exinde

265 2984 459 3058 facere
488 2998 578 3056 vel
600 2997 872 3070 judicare
903 2992 1211 3062 voluerint,
1245 2994 1497 3051 liberum
1542 2995 1600 3051 in
1649 2996 1924 3053 omnibus

264 3090 572 3164 potiantur
600 3084 913 3144 arbitrium
944 3083 1251 3140 ordinandi
1270 3087 1328 3140 et
1358 3083 1605 3141 faciendi
1638 3085 1924 3159 quidquid

262 3178 571 3253 elegerint.
604 3177 673 3232 Et
702 3178 768 3231 ut
796 3174 919 3229 haec
951 3178 1161 3230 nostrae
1205 3171 1573 3230 celsitudinis
1605 3176 1925 3232 auctoritas

2041 603 2397 667 consecrato,
2430 598 2747 671 quoddam
2798 607 3216 663 monasterium
3266 609 3324 664 in
3374 610 3593 667 honore
3637 611 3695 667 S.

2040 685 2322 759 Stephani
2355 692 2800 760 consecratum,
2835 696 2987 766 quod
3020 697 3472 768 cognominatur
3490 697 3701 754 Carilo—

2039 793 2163 844 cus,
2198 780 2255 831 et
2283 776 2492 833 cellam
2529 775 2647 833 sibi
2668 781 3055 852 pertinentem
3077 784 3435 857 Regniacum
3458 785 3517 840 in
3533 802 3697 842 vene-

2039 864 2262 920 ratione
2294 866 2352 921 S.
2386 865 2633 922 Martini
2668 869 2997 927 dedicatam
3025 889 3130 945 per
3171 873 3364 946 regale
3412 875 3695 930 concede-

2038 969 2238 1009 remus
2286 956 2700 1026 praeceptum:
2751 956 3057 1013 ecclesiam
3107 960 3285 1015 etiam
3336 962 3405 1017 de
3463 960 3693 1016 ratione

2038 1041 2190 1098 beati
2225 1035 2459 1099 Martini
2492 1043 2856 1100 Turonensis
2887 1046 3275 1116 pertinentem
3309 1048 3368 1102 in
3409 1048 3691 1109 suburbio

2038 1130 2453 1187 Matiscouensi
2488 1132 2689 1188 sitam.
2724 1134 2853 1188 llaec
2880 1151 3013 1190 vero
3046 1134 3172 1190 loca
3201 1136 3472 1208 superius
3508 1137 3692 1191 deno-

2036 1219 2329 1276 minatain
2346 1239 2495 1293 pago
2514 1221 2926 1285 Matisconensi
2942 1224 3055 1279 sita
3071 1240 3209 1278 cum
3224 1224 3499 1280 omnibus
3517 1225 3694 1281 rebus

2035 1308 2149 1364 sibi
2180 1309 2637 1380 pertinentibus,
2660 1310 2921 1366 ecclesiis
2948 1311 3240 1381 videlicet,
3260 1312 3435 1380 villis,
3468 1313 3692 1369 manci-

2034 1396 2149 1470 piis
2174 1396 2483 1471 utriusque
2513 1415 2708 1467 sexus,
2740 1398 2946 1468 vineis,
2980 1401 3231 1473 campis,
3264 1401 3471 1474 pratis,
3503 1400 3690 1471 silvis,

2034 1485 2593 1558 aquis,aquarumve
2622 1486 2970 1543 decursibus
2997 1505 3134 1545 cum
3166 1490 3329 1547 omni
3359 1489 3692 1565 integritate

2034 1574 2431 1630 concedimus.
2464 1575 2627 1641 Quod
2660 1578 2780 1632 tam
2811 1592 2916 1648 pro
2947 1575 3146 1633 divino
3177 1594 3396 1648 amore,
3416 1584 3475 1636 et
3503 1579 3693 1636 beato-

2036 1679 2167 1719 rum
2199 1662 2620 1736 apostolorum,
2654 1663 2744 1720 vel
2775 1681 2879 1736 pro
2911 1664 3103 1733 nobis,
3139 1683 3320 1739 quam
3370 1668 3547 1725 etiam
3586 1685 3690 1742 pro

2034 1756 2192 1808 statu
2224 1751 2387 1824 regni
2411 1751 2898 1820 nostri,similiter
2909 1757 2966 1809 et
2979 1754 3316 1827 principum
3331 1761 3688 1827 nostrorum,

2034 1845 2211 1912 atque
2242 1856 2345 1913 pro
2375 1841 2640 1896 omnium
2672 1840 2886 1897 Christi
2938 1841 3226 1911 fidelium,
3260 1844 3585 1902 voluntarie
3616 1847 3695 1901 fe-

2035 1929 2243 1996 cimus,
2277 1944 2599 2001 eorumque
2630 1928 2736 2001 piae
2769 1934 2825 1985 et
2861 1930 3081 1986 devota
3129 1932 3395 2004 petitioni
3443 1934 3693 1992 libenter
3724 1956 3733 1967 ι

2035 2018 2374 2075 annuimus.
2410 2018 2815 2091 Przecipientcs
2847 2034 2984 2091 ergo
3008 2020 3319 2092 jubemus,
3335 2028 3401 2079 ut
3416 2024 3692 2095 deinceps

2034 2107 2305 2181 prtefatas
2353 2123 2445 2163 res
2496 2122 2600 2180 per
2642 2106 2795 2164 hanc
2825 2112 3088 2165 nostram
3122 2112 3532 2169 auctoritatem
3554 2113 3693 2185 jure

2035 2196 2397 2264 ﬁrmissimo,
2413 2195 2672 2267 praedicti
2691 2200 2871 2253 testes
2892 2196 3131 2268 Christi,
3156 2199 3362 2257 Petrus
3379 2207 3437 2257 et
3454 2200 3689 2270 Paulus,

2033 2283 2121 2341 vel
2153 2285 2334 2341 abbas
2363 2302 2708 2354 eorum,seu
2740 2286 3011 2343 monachi
3043 2287 3269 2346 eisdem
3301 2290 3516 2357 Christi
3548 2306 3693 2363 apo-

2034 2373 2201 2431 stolis
2224 2373 2806 2442 servicntes,teneant
2832 2380 3013 2448 atque
3044 2378 3418 2449 possideant;
3440 2384 3499 2436 et
3527 2379 3695 2452 quid-

2034 2463 2177 2536 quid
2209 2461 2414 2518 exinde
2440 2463 2627 2519 facere
2656 2463 2744 2519 vel
2768 2463 3040 2535 judicare
3072 2465 3384 2537 voluerint,
3417 2468 3602 2525 libero
3631 2466 3692 2522 in

2036 2550 2312 2608 omnibus
2340 2550 2718 2622 perfruantur
2733 2551 2974 2608 arbitrio
3006 2553 3260 2611 faciendi
3278 2555 3565 2629 quidquid
3583 2556 3690 2614 ele-

2034 2639 2246 2714 gerint.
2279 2639 2352 2696 Ut
2383 2643 2581 2696 autem
2607 2639 2729 2695 haec
2760 2644 2973 2696 nostra:
3005 2641 3344 2700 sublimatis
3374 2644 3692 2701 auctoritas

2035 2730 2261 2785 ﬁrmior
2289 2728 2592 2798 habeatur,
2607 2732 2666 2785 et
2694 2745 2798 2801 per
2827 2727 3028 2785 futura
3045 2735 3316 2804 tempora
3332 2731 3545 2789 melius
3559 2749 3693 2789 con-

2035 2817 2393 2888 servetur,de
2423 2816 2643 2875 annulo
2662 2820 2861 2874 nostro
2877 2817 3084 2874 subter
3093 2820 3119 2892 j
3128 2820 3393 2878 ussimus
3415 2821 3684 2895 sigillari.

2479 2907 2726 2979 Signum
2759 2905 3036 2962 Ludovici
3068 2907 3244 2982 regis.

2107 2995 2356 3069 Itorigus
2389 2993 2775 3053 cancellarius
2808 2994 2880 3051 ad
2918 2995 3107 3052 vicem
3150 2999 3360 3055 Acardi
3410 3015 3688 3074 recogno-

2033 3086 2137 3141 vit.

2102 3176 2311 3231 Actum
2338 3174 2679 3249 Capriuiaco
2720 3172 2857 3228 villa
2888 3173 3012 3230 Kal.
3041 3175 3207 3249 Julii,
3237 3195 3392 3235 anno
3439 3197 3496 3236 x1
3527 3180 3689 3255 regni

266 3251 496 3327 ﬁrmior
521 3265 830 3332 habeatur,
867 3266 924 3318 et
954 3278 1057 3335 per
1101 3266 1350 3318 ventura
1396 3256 1663 3336 tempora
1710 3263 1923 3321 melius
1954 3251 1998 3317 C
2038 3263 2311 3320 Ludovici
2338 3263 2753 3338 regis,quando
2784 3261 2961 3319 etiam
2982 3264 3286 3322 Franciam
3306 3251 3683 3341 recuperavit.
3724 3301 3735 3313 ι

266 3360 666 3422 conservetur,
701 3354 772 3408 de
805 3350 1022 3407 annulo
1054 3356 1254 3407 nostro
1288 3351 1489 3408 subter
1536 3350 1781 3424 sigillari
1815 3354 1928 3419 du-

268 3462 490 3503 xumus.

717 3531 967 3605 Signum
1002 3529 1276 3585 Ludovici
1308 3530 1482 3603 regis.

347 3623 630 3698 Rogerius
662 3618 1048 3676 cancellarius
1078 3619 1150 3674 ad
1183 3618 1368 3674 vicem
1400 3618 1608 3674 Acardi
1644 3636 1928 3694 recogno-

267 3719 557 3857 “tectum
587 3794 928 3871 Caprinacio
958 3795 1117 3863 villa,
1153 3795 1271 3851 Kal.
1304 3795 1469 3868 Julii,
1503 3813 1655 3852 anno
1677 3814 1733 3853 xx
1765 3800 1926 3874 regni

273 3886 556 3945 Ludovici
589 3885 765 3960 regis,
796 3886 1033 3957 quando
1062 3884 1244 3940 etiam
1279 3885 1585 3942 Franciam
1620 3902 1928 3960 recupera-

270 3979 383 4033 vit.

1054 4082 1144 4139 ιν.

267 4194 614 4318 Ρνκεὲριιιτη
654 4188 896 4263 ejusdem
941 4190 1085 4263 regis
1114 4189 1179 4245 de
1209 4188 1472 4256 Cariloco,
1513 4199 1565 4247 et
1611 4191 1926 4262 Reginatdo,

347 4270 403 4318 et
468 4262 662 4318 cclesia
694 4261 836 4318 beati
881 4260 1105 4318 Martini
1142 4262 1456 4318 .Turonensi
1504 4266 1822 4318 pertinente.
1868 4268 1926 4318 in

250 4305 259 4310 -
347 4270 403 4319 et
424 4260 662 4334 Ecclesia
676 4260 836 4334 :tgeati
881 4260 1105 4319 Martini
1125 4262 1456 4334 .Turonensi
1499 4260 1822 4334 pertinente,
1868 4260 1930 4321 in

348 4333 642 4392 mrburbio
670 4332 1054 4391 Matisconensi
1079 4333 1206 4388 sita.

919 4431 1106 4503 (Anno
1136 4429 1288 4502 946.)

351 4540 417 4596 In
443 4540 680 4597 nomine
710 4541 926 4595 sancta:
955 4541 1013 4593 et
1045 4536 1359 4593 individua:
1388 4537 1711 4603 Trinitatis,
1750 4539 1932 4596 Leno.

2817 3378 2886 3434 V.

2070 3487 2407 3559 Prmceptum
2436 3485 2861 3625 ejusdemécgig
2880 3484 3386 3629 (ξὲὅιῖιβηηαεὼηε
3424 3491 3647 3563 Alﬁ-edi.

2745 3574 2824 3612 nn
3002 3600 3015 3612 .

2109 3654 2172 3709 In
2205 3653 2442 3710 nomine
2474 3658 2689 3709 sancta:
2722 3657 2780 3708 et
2801 3651 3116 3712 individua:
3142 3655 3469 3728 Trinitatis,
3494 3660 3683 3717 Luno-
3754 3679 3767 3691 ο

2036 3754 2204 3798 \‘lCUS
2236 3741 2434 3797 divina
2476 3740 2827 3814 propitiante
2877 3742 3278 3801 misericordia
3328 3746 3683 3805 Francorum

2037 3846 2155 3887 ῙῸΧ.

2108 3920 2168 3976 Si
2201 3918 2413 3976 divinis
2445 3918 2704 3976 cultibus
2730 3934 2965 3990 operam
2996 3920 3548 3989 dantes,Ecclesiam
3579 3925 3682 3984 Dei

2038 4010 2112 4067 ad
2139 4025 2442 4067 summum
2471 4025 2650 4066 sacra:
2680 4007 2980 4081 religionis
3010 4014 3232 4067 statum
3262 4011 3570 4071 sustollere
3594 4031 3685 4072 co-

2039 4116 2270 4168 namur,
2311 4098 2470 4171 regio
2516 4113 2699 4167 more,
2747 4113 2814 4154 ac
2862 4098 3299 4172 progenitor-um
3347 4107 3683 4161 nostrorum

2036 4186 2358 4262 privilegiis
2388 4186 2724 4243 innitimur.
2740 4186 3022 4254 Quocirca
3042 4188 3309 4246 omnium
3341 4195 3554 4249 sanetae
3581 4191 3684 4249 Dei

2037 4275 2306 4332 Ecclesiae
2335 4275 2458 4332 tam
2476 4274 3060 4349 prmsentium,quam
3077 4277 3409 4335 futurorum
3420 4280 3683 4337 ﬁdelium

2040 4362 2262 4421 noverit
2286 4363 2544 4435 solertia,
2579 4364 2859 4437 quoniam
2888 4369 3152 4423 nostram
3183 4366 3388 4425 adiens
3430 4384 3683 4440 prasen-

2038 4452 2182 4509 tiam
2209 4453 2543 4526 Stephanus
2567 4457 2961 4511 Arvernorum
2986 4454 3332 4513 venerabilis
3350 4456 3681 4530 episcopus,

2020 4546 2369 4598 reverenter
2414 4541 2670 4614 expetiit,
2722 4548 3013 4616 quatenus
3056 4545 3343 4616 quaedam
3393 4562 3505 4615 res,
3538 4562 3685 4618 quas

270 4646 444 4686 VICUS
474 4628 672 4685 divina
701 4626 1055 4700 propitiante
1086 4625 1396 4682 clementia
1426 4628 1786 4684 Francorum
1806 4647 1924 4686 rex.
1958 4623 2004 4689 D
2034 4632 2318 4687 Acfredus
2349 4632 2647 4703 quondam
2679 4648 2875 4689 comes
2905 4650 2975 4689 ex
3007 4650 3126 4688 suae
3157 4634 3526 4705 proprietatis
3547 4637 3683 4708 jure

346 4718 409 4774 Si
440 4717 597 4774 enim
622 4716 895 4789 precibus
911 4732 1210 4772 servorum
1229 4715 1330 4772 Dei
1353 4734 1455 4788 pro
1477 4722 1692 4773 sanctm
1705 4718 1802 4774 Dei
1823 4719 1926 4774 Ec-

276 4806 471 4864 clesiae
501 4809 915 4877 statu,necnon
946 4810 1224 4861 eteorum
1254 4805 1606 4861 utilitatibus
1619 4824 1927 4864 assensum

274 4892 855 4968 praebemus,regiam
888 4892 1088 4966 procul
1109 4894 1288 4949 dubio
1310 4896 1926 4969 conservaniusdigni-

277 4987 544 5053 tatem,et
572 4982 761 5038 hocin
783 4984 1232 5056 posterumjurc
1256 4982 1595 5038 firmissimo
1611 4989 1669 5038 et
1688 4984 1926 5040 inviola-

278 5071 385 5127 bili
409 5088 756 5127 mansurum
781 5073 900 5129 fore
923 5071 1511 5144 decernimus.lgitur
1525 5073 1791 5127 omnium
1805 5074 1928 5127 uni-

274 5160 519 5217 versalis
542 5164 755 5217 sancta:
779 5160 880 5216 Dei
901 5159 1651 5231 Ecclesimmostrorumque
1664 5161 1926 5217 ﬁdelium

279 5250 503 5305 noverit
530 5248 840 5319 industria,
875 5249 1256 5321 prementium
1306 5246 1530 5305 scilicet
1579 5265 1645 5306 ac
1698 5249 1926 5305 futuro-

278 5354 434 5407 rum,
468 5336 745 5409 quoniam
777 5337 1152 5411 inclytissimi
1181 5336 1474 5410 principes
1522 5336 1684 5410 regni
1716 5336 1925 5406 nostri,

277 5426 448 5499 Hugo
477 5425 744 5483 videlicet
774 5426 892 5483 dux
923 5427 1301 5494 Francorum,
1336 5430 1393 5482 et
1424 5424 1570 5484 alter
1600 5425 1783 5499 Hugo,
1809 5426 1927 5482 dux

276 5514 786 5589 Burgundionum,
835 5532 1062 5573 necnon
1111 5520 1168 5571 et
1226 5513 1553 5571 Leucaldus
1603 5512 1924 5586 (L‘etaldus)

276 5620 478 5662 comes
509 5608 719 5660 nostra:
750 5605 921 5679 regiae
953 5604 1285 5661 serenitatis
1317 5603 1587 5671 adierunt
1638 5601 1923 5659 excellen-

274 5696 448 5765 tiam,
477 5692 852 5768 deprecantes
884 5697 1174 5768 quatenus
1225 5692 1502 5751 Cluniaco
1546 5690 1920 5762 monasterio,

2036 4720 2095 4775 in
2128 4737 2277 4793 pago
2304 4721 2674 4789 Arvernensi,
2709 4722 2781 4777 ob
2812 4720 3020 4778 animae
3072 4739 3189 4777 sua:
3235 4724 3582 4794 remedium,
3615 4741 3682 4781 ac

2037 4815 2348 4880 parentum
2381 4826 2645 4877 suorum,
2674 4810 2789 4866 Deo
2819 4814 2877 4866 et
2907 4809 3126 4866 sanctis
3173 4810 3302 4882 ejus
3332 4812 3679 4881 contulerat,

2038 4915 2141 4970 pro
2175 4897 2375 4971 regula
2406 4899 2593 4954 sancti
2628 4897 2921 4953 Benedicti
2945 4897 3086 4952 inibi
3118 4902 3531 4971 construenda,
3554 4901 3683 4957 Clu-

2038 4986 2296 5043 niacensi
2325 4985 2680 5043 monasterio
2712 5003 2777 5040 ac
2812 4986 3008 5042 abbati
3039 4986 3245 5059 ipsius,
3280 4995 3486 5045 nostra:
3519 5006 3683 5063 rega-

2036 5073 2219 5130 litatis
2250 5081 2538 5146 praecepto
2560 5074 2796 5129 easdem
2815 5091 2906 5129 res
2923 5075 3268 5132 confirmare
3283 5077 3681 5150 dignaremur,

2037 5164 2192 5235 quod
2226 5168 2283 5218 et
2312 5161 2750 5217 fecimus.Unde
2781 5162 2890 5217 hoc
2910 5166 3121 5218 nostra:
3152 5163 3480 5222 altitudinis
3496 5169 3686 5225 decre-

2034 5256 2160 5307 tum
2178 5251 2396 5322 ﬂcri,ac
2406 5251 2697 5323 Aymardo
2711 5251 2908 5307 abbati
2921 5251 3181 5323 prmdicti
3196 5255 3533 5312 monasterii
3546 5257 3684 5313 dare

2035 5339 2444 5411 praecepimus,
2475 5339 2534 5395 id
2585 5342 2693 5407 est,
2735 5354 2839 5411 per
2886 5340 3043 5411 quod
3089 5342 3359 5413 praafatas
3408 5348 3501 5401 res
3548 5361 3684 5403 cum

2034 5426 2194 5485 omni
2219 5426 3080 5500 integritate,qucmadmodum
3099 5429 3157 5483 in
3176 5429 3377 5488 charta
3398 5432 3684 5505 przelibati

2034 5516 2268 5572 comitis
2298 5515 2527 5572 Act‘redi
2557 5515 2908 5585 continetur,
2943 5515 3130 5574 isdem
3152 5517 3538 5592 abbas,atque
3558 5538 3684 5578 sue-

2032 5620 2296 5661 cessores
2328 5606 2478 5677 ejus,
2526 5601 2967 5676 perpetualiter,
3015 5605 3249 5663 nemine
3298 5608 3682 5683 inquietante,

2033 5692 2390 5768 possideant.
2424 5694 2493 5752 Et
2518 5700 2583 5752 ut
2631 5692 2742 5752 hoc
2775 5698 2985 5753 nostris
3037 5697 3405 5759 auctoritatis
3461 5700 3686 5781 emolu:
