4034 6170
247 399 372 461 709

1493 402 1847 466 ELOGIUM
1894 403 2402 468 HISTORICUM.

3534 378 3653 470 'llO

259 610 3660 662 Μ

1577 782 1650 820 AN
1659 780 1731 819 ΝΟ
1770 780 1977 821 DOMINI
2017 781 2340 821 DCCCCXCIV.

1226 945 1915 1104 SANCTUS
2010 944 2696 1105 MAIOLUS

1329 1214 1580 1275 ABBAS
1624 1214 2178 1277 CLUNIACENSIS
2224 1215 2595 1287 QUARTUS

1756 1407 2149 1422 —

976 1508 1329 1632 SANCTI
1392 1543 1737 1637 MAIOLI
1803 1544 2248 1637 ELOGIUM
2308 1545 2952 1636 HISTORICUM.

1313 1750 1498 1820 (Apud
1532 1749 1752 1804 Mabill.
1786 1751 1933 1819 Acta,
1962 1751 2167 1807 Steculi
2199 1751 2265 1818 V,
2300 1767 2431 1824 pag.
2464 1752 2614 1821 760.)

450 2058 490 2114 Ι.
524 2060 652 2130 Ejus
686 2061 812 2116 vita?
841 2062 1127 2132 scriptores
1151 2062 1371 2132 ejusque
1402 2061 1725 2117 laudatores.

329 2148 475 2204 LEa
504 2154 592 2203 est
617 2148 941 2219 primorum
973 2148 1442 2204 Cluniacensium
1468 2150 1745 2206 abbatum
1769 2151 1912 2207 cele-

250 2234 439 2291 britas
469 2242 525 2291 et
556 2238 840 2291 factorum
865 2236 1141 2310 gleria,ut
1171 2254 1528 2310 quamquam
1562 2239 1631 2295 de
1653 2238 1770 2294 illis
1792 2240 1912 2311 plu-

253 2342 349 2380 res
381 2325 746 2397 scripserunt
781 2330 1069 2395 auctores,
1101 2343 1169 2381 ca
1198 2330 1393 2382 tamen
1444 2344 1546 2383 nec
1594 2344 1697 2399 pro
1728 2328 1914 2400 digni-

250 2417 375 2469 tate
406 2413 721 2487 explicent,
774 2431 879 2469 nec
929 2432 1033 2487 pro
1082 2414 1230 2471 votis
1282 2416 1519 2471 nostris.
1554 2418 1915 2488 Quapropter

256 2503 418 2574 quod
448 2505 507 2558 in
538 2508 739 2559 sancto
772 2503 969 2560 Odone
1004 2504 1133 2575 jam
1182 2504 1508 2577 praestitum
1539 2509 1627 2561 est
1657 2522 1691 2561 a
1719 2505 1911 2571 nobis,

252 2592 413 2647 idem
441 2593 617 2647 etiam
648 2593 707 2646 in
742 2591 955 2648 Maiolo
979 2592 1228 2665 aliisque
1251 2593 1481 2649 duobus
1511 2593 1912 2667 subsequenti-

253 2681 395 2749 bus,
428 2679 671 2737 Odilone
721 2680 945 2737 scilicet
996 2686 1172 2754 atque
1220 2682 1480 2755 Hugone,
1514 2684 1911 2755 praestandum

251 2774 366 2838 est,
404 2787 474 2825 ue
504 2787 704 2826 eorum
736 2771 1082 2826 memoriam
1124 2770 1448 2843 neglexisse
1503 2772 1826 2839 videamus,
1861 2773 1910 2828 si

251 2874 387 2914 eam
431 2858 688 2931 segniter
736 2859 1117 2915 illustremus.
1151 2860 1231 2915 De
1281 2859 1492 2917 Maiolo
1523 2860 1757 2933 quidem
1784 2861 1910 2932 jam

255 2947 448 3003 multa
477 2947 806 3004 retulerunt
836 2948 976 3003 socii
1000 2948 1367 3004 Bollandiani
1395 2949 1454 3004 in
1479 2949 1614 3005 Maii
1636 2955 1793 3005 tome
1813 2951 1909 3017 ΙΙΙ,

253 3036 329 3092 ab
361 3036 619 3109 antiquis
648 3038 990 3093 auctoribus
1021 3042 1288 3110 accepta;
1344 3038 1446 3094 sed
1497 3037 1683 3093 multa
1727 3039 1797 3094 de
1845 3055 1911 3094 co

246 3124 509 3181 dicenda
539 3129 762 3181 restant
808 3143 877 3181 ex
924 3126 1176 3183 archivis
1233 3126 1740 3200 Cluniacensibus,
1772 3145 1913 3200 quo-

258 3231 393 3270 rum
424 3215 651 3288 copiam
682 3215 897 3271 habere
927 3216 1097 3272 nobis
1130 3215 1313 3272 licuit.

325 3307 382 3359 2.
415 3305 558 3360 Tres
615 3321 749 3360 vero
807 3304 1001 3361 Maioli
1066 3322 1359 3378 prmcones
1414 3306 1581 3362 nobis
1639 3305 1913 3362 exhibent

257 3391 862 3466 Bollandiani,nempe
892 3393 1221 3466 Nalgodum
1248 3411 1422 3467 quem
1445 3394 1639 3450 Maioli
1662 3395 1913 3467 discipu-

256 3480 381 3536 lum
416 3485 647 3553 putant,
682 3500 749 3538 ac
778 3482 981 3555 primm
1031 3483 1172 3539 Vitae
1223 3484 1601 3557 scriptorem;
1648 3482 1861 3541 alteros
1894 3501 1908 3539 :

258 3572 470 3644 Syrum
502 3576 559 3628 et
585 3571 996 3641 Aldebaldum,
1027 3573 1227 3628 itidem
1260 3590 1500 3637 comvos,
1534 3574 1633 3645 qui
1674 3574 1913 3645 conjun-

255 3661 368 3716 ctis
390 3661 604 3717 studiis
636 3660 878 3717 alteram
902 3662 973 3717 de
996 3660 1205 3717 Maiolo
1228 3661 1696 3717 lucubrationem
1720 3660 1917 3715 condi-

258 3750 508 3817 derunt;
542 3750 782 3806 tertium
811 3755 1084 3806 sanctum
1116 3750 1448 3815 Odilonem,
1500 3749 1695 3805 Maioli
1728 3750 1785 3803 in
1821 3749 1916 3804 ab-

258 3837 460 3895 batiali
491 3838 777 3912 dignitate
808 3855 1229 3894 successorem.
1264 3839 1343 3894 De
1374 3838 1466 3893 his
1495 3837 1771 3893 omnibus
1820 3836 1913 3891 hic

259 3927 319 3981 in
352 3927 557 3982 limine
589 3929 906 4000 agendum,
939 3933 1253 4000 antequam
1286 3926 1531 3982 ulterius
1580 3926 1913 3999 progredia-

260 4032 416 4070 mur.

331 4105 385 4163 3.
421 4103 652 4162 Primus
682 4104 877 4161 Maioli
907 4105 1298 4162 encomiastes
1326 4105 1564 4161 omnino
1587 4103 1916 4160 censendus

260 4197 351 4250 est
362 4193 544 4267 Syrus
557 4194 806 4252 monach
817 4196 1006 4267 us,cuj
1016 4212 1085 4250 us
1098 4211 1307 4268 puram
1322 4202 1524 4266 putam
1539 4193 1915 4265 scriptionem

259 4298 331 4338 ex
362 4283 681 4339 ms.codice
712 4284 901 4339 sancti
934 4283 1221 4340 Martialis
1252 4282 1507 4339 ecclesia:
1538 4282 1695 4355 apud
1719 4283 1919 4337 Lemo-

258 4372 421 4429 vices
451 4372 786 4444 accepimus
837 4390 871 4428 a
918 4378 1118 4428 nostro
1150 4372 1316 4429 Petro
1365 4371 1598 4441 Trellio,
1634 4388 1751 4427 una
1779 4387 1916 4427 eum

259 4459 510 4533 epistola
539 4461 669 4535 Syri
699 4462 772 4517 ad
801 4466 1072 4518 sanctum
1120 4461 1428 4518 Odilonem
1474 4460 1743 4517 abbatem
1775 4459 1917 4515 Vita:

260 4549 593 4621 praefixa,in
625 4567 741 4622 qua
770 4550 906 4606 facti
938 4551 1031 4606 sui
1062 4551 1348 4606 rationem
1378 4549 1569 4605 reddit
1598 4549 1919 4605 auctor.Ait

260 4640 481 4710 quippe
510 4638 568 4693 id
598 4638 789 4711 operis
822 4657 856 4694 a
894 4656 955 4696 se
1000 4643 1341 4711 susceptum
1390 4638 1572 4695 fuisse
1620 4638 1920 4710 ﬂagitante

266 4726 550 4783 Wamerio
597 4737 804 4784 sannae
857 4728 1248 4785 recordatimzis
1295 4726 1604 4794 monacho,
1637 4728 1736 4798 qui
1778 4728 1919 4799 Syro

1942 3441 1989 3505 B

1936 2069 1991 2133 Α
2020 2065 2285 2135 quaedam
2319 2082 2433 2120 non
2468 2066 2813 2133 necessaria,
2849 2067 3065 2138 quibus
3113 2068 3238 2141 Syri
3270 2070 3665 2126 narrationem

2022 2153 2315 2225 illustrare
2348 2159 2521 2225 atque
2551 2159 2891 2211 connectere
2920 2155 3029 2210 sibi
3060 2158 3222 2213 visus
3251 2163 3358 2214 est.
3395 2159 3537 2215 Rem
3568 2176 3663 2215 ex-

2021 2241 2198 2313 plicat
2228 2242 2606 2299 Reimbaldus
2667 2244 3010 2311 monachus,
3062 2245 3163 2318 qui
3215 2247 3385 2303 breve
3431 2266 3667 2306 carmen

2021 2330 2321 2385 communi
2364 2331 2499 2385 huic
2531 2333 2656 2404 Syri
2688 2336 2740 2389 et
2771 2332 3072 2389 Aldebaldi
3121 2336 3419 2409 scriptioni
3452 2355 3669 2411 praepo-

2021 2419 2160 2487 suit,
2194 2435 2261 2474 ex
2292 2420 2507 2491 quibus
2536 2419 2657 2475 haec
2689 2422 2898 2477 referre
2929 2439 3041 2479 non
3075 2424 3148 2478 ab
3180 2441 3239 2479 re
3270 2425 3446 2481 fuerit
3477 2442 3491 2480 :

2085 2525 2236 2591 [tunc
2266 2526 2652 2591 ubi‘gravisum
2681 2526 2793 2577 fore
2821 2528 3088 2578 credimus
3117 2530 3600 2591 areliimagistrum,

2081 2587 2243 2653 Qujus
2272 2588 2328 2636 in
2358 2587 2460 2653 hoc
2491 2603 2654 2653 parvo
2682 2591 2986 2653 retinentur
3012 2595 3159 2653 gesta
3190 2587 3366 2641 lihelle

2085 2651 2272 2715 Pauca,
2300 2650 2449 2715 velut
2477 2652 2640 2715 patris
2668 2652 2824 2701 ﬂores
2847 2650 3141 2715 carpuntur
3168 2655 3395 2703 alumnis
3425 2671 3437 2704 :

2088 2712 2166 2776 Ad
2196 2712 2388 2761 Christi
2416 2712 2631 2762 laudem
2659 2728 2780 2776 quae
2815 2712 3194 2764 Waremierius
3222 2720 3400 2765 autem

2083 2775 2142 2822 In
2172 2777 2376 2824 eunetis
2407 2776 2536 2824 Vita:
2567 2775 2864 2825 monachus
2895 2777 3123 2826 nimium
3154 2779 3463 2827 reverendae

2085 2837 2351 2903 Persuasit
2378 2838 2576 2887 domno
2607 2838 2831 2903 supplex
2859 2838 3028 2888 multa
3054 2840 3373 2903 preceSyro

2083 2900 2321 2962 Scribere
2351 2901 2622 2949 communi
2651 2900 2965 2950 cunctorum
2995 2900 3376 2962 commoditati,

2084 2961 2353 3026 Neppatris
2381 2963 2514 3011 tanti
2542 2967 2763 3026 possent
2790 2964 2877 3026 pia
2904 2963 3045 3013 facta
3073 2964 3313 3013 recondi.
3364 2961 3369 2962 ⁷
3428 3009 3432 3012 Ι

2082 3024 2427 3090 ρςιίυωᾱθιι]
2457 3024 2708 3090 precibus
2736 3024 3001 3090 et‘amore
3031 3026 3129 3090 sui;
3142 3036 3439 3090 superatus,

2084 3087 2295 3152 Piscere
2325 3100 2451 3152 quae
2474 3087 2649 3152 potuit
2676 3088 3036 3152 narrantibus,
3069 3087 3226 3152 edere
3255 3090 3436 3152 erepit.

2079 3148 2467 3213 'lfegmina'sed
2478 3148 2664 3213 carnis
2687 3149 2906 3213 solvens
2931 3164 3027 3213 per
3054 3149 3232 3200 debita
3260 3148 3467 3201 mortis.

2083 3211 2194 3275 [loc
2221 3211 2639 3275 opuseximium
2670 3211 2872 3275 dimisit
2899 3211 3330 3275 semiperactum,

2081 3274 2203 3337 Mox
2235 3272 2559 3337 Aldebaldus
2587 3273 2732 3337 quod
2762 3272 3353 3337 supplevit'studiosus,

2080 3336 2328 3409 geiigrlia
2357 3336 2701 3409 subnectens,
2714 3340 2782 3396 et,
2798 3336 3087 3409 utaspjcis,
3102 3338 3288 3409 ordine
3313 3337 3570 3409 liungens.

2079 3397 2265 3448 Certus
2294 3398 2348 3447 in
2378 3397 2478 3447 hac
2507 3412 2672 3462 opera
2701 3399 2900 3448 meruit
2917 3397 3019 3450 sibi
3047 3401 3270 3464 praemia
3297 3397 3481 3464 digna.

2093 3487 2205 3542 Sed
2237 3490 2302 3542 ut
2328 3484 2617 3558 intelligat
2644 3484 2845 3556 lector,
2868 3487 3025 3559 quod
3047 3488 3220 3560 cujus
3246 3488 3346 3558 sit,
3378 3493 3564 3547 totam
3596 3491 3667 3546 de

2023 3574 2231 3630 Maiolo
2263 3574 2656 3631 narrationem
2678 3576 2867 3632 tribus
2897 3575 3064 3632 libris
3095 3576 3433 3650 complexus
3452 3584 3543 3635 est
3572 3580 3669 3653 Sy-

2022 3681 2143 3730 rus,
2175 3667 2240 3718 ut
2262 3679 2329 3718 eo
2359 3667 2619 3734 tempore
2650 3664 2924 3732 disertus,
2958 3665 3259 3721 nonnullis
3306 3667 3668 3723 carminibus

2023 3751 2160 3807 hinc
2191 3752 2323 3806 inde
2354 3750 2671 3807 narrationi
2704 3752 3319 3810 insertis.Aldebaldus
3339 3771 3471 3810 vero
3493 3772 3669 3811 suum

2022 3839 2275 3912 singulis
2305 3838 2471 3895 libris
2504 3839 2811 3912 prologum
2833 3841 3073 3912 aptavit,
3095 3841 3358 3898 carmina
3381 3841 3586 3898 multis
3609 3843 3668 3897 in

2024 3928 2165 3985 locis
2195 3928 2445 4000 adjecit;
2479 3929 2578 4003 sed
2613 3928 2841 3984 nullum
2890 3930 3107 3984 factum
3153 3928 3354 3984 retulit
3399 3931 3473 3986 ab
3526 3932 3669 4003 Syro

2024 4017 2625 4091 prietermissummisi
2659 4017 2814 4089 quod
2842 4017 3008 4074 initio
3031 4016 3163 4074 libri
3186 4017 3361 4091 primi
3395 4019 3671 4075 narratio-

2025 4123 2159 4163 nem
2186 4106 2445 4162 instituit
2465 4106 2535 4161 de
2557 4107 2980 4162 Saracenorum
3004 4098 3388 4178 impresSioue
3410 4108 3468 4163 in
3484 4124 3673 4165 emno-

2025 4195 2190 4251 bium
2230 4193 2560 4262 Lerinense,
2592 4211 2718 4267 qua:
2749 4195 2820 4250 ad
2854 4194 3047 4251 Maioli
3073 4195 3226 4253 facta
3252 4196 3397 4254 nihil
3422 4197 3671 4269 pertine-

2025 4285 2144 4340 bat.
2160 4285 2544 4341 Communem
2566 4283 2728 4343 illam
2758 4284 2887 4357 Syri
2908 4289 2966 4341 et
2984 4284 3287 4342 Aldebaldi
3318 4286 3672 4343 lucubratio-

2027 4389 2160 4430 ncm
2193 4373 2504 4430 ediderunt
2531 4372 2673 4430 socii
2704 4371 3273 4430 Bollandiani.Nobis
3304 4390 3512 4445 puram
3543 4376 3670 4447 Syri

2026 4461 2405 4533 scriptionem
2436 4461 2532 4518 hic
2560 4466 2971 4533 repraesentem
3016 4461 3209 4517 visum
3259 4466 3368 4529 est,
3401 4479 3507 4518 suo
3545 4461 3670 4518 loco

2027 4550 2347 4606 referendis
2378 4551 2449 4606 iis
2480 4568 2607 4622 qua:
2657 4551 2727 4605 de
2758 4549 2921 4606 clade
2972 4550 3270 4605 Lerinensi
3316 4549 3671 4606 Aldebaldus

2028 4637 2354 4710 explicavit.

2100 4731 2152 4784 4.
2186 4730 2267 4785 De
2292 4729 2609 4785 Aldebaldo
2654 4734 2826 4800 atque
2878 4727 3203 4793 Warnerio,
3248 4728 3419 4799 cujus
3465 4732 3670 4801 rogatu

263 4815 450 4870 misso
480 4814 538 4869 in
576 4815 800 4871 Italiam
834 4821 968 4871 ante
1000 4817 1321 4888 perfectum
1344 4815 1723 4888 opus,ipsein
1745 4814 1915 4871 Alsa-
1945 4810 1989 4875 C
2028 4820 2209 4892 Syrus
2241 4820 2400 4891 operi
2434 4835 2674 4873 manum
2707 4816 2988 4885 admovit,
3039 4815 3184 4870 nihil
3234 4815 3506 4888 legimus,
3558 4816 3669 4871 nisi

263 4905 411 4959 tiam
444 4904 722 4970 directus,
756 4922 906 4977 opus
936 4905 1343 4977 imperfectum
1384 4905 1679 4960 detulerit.
1716 4905 1920 4961 Postea

261 5008 399 5047 vero
431 4996 661 5048 mortuo
690 4993 1018 5063 Warnerio,
1053 5011 1187 5048 cum
1235 5011 1384 5065 opus
1430 4993 1609 5059 istud,
1642 4993 1812 5064 quale
1846 4993 1918 5049 ab

264 5079 394 5151 ipso
444 5080 710 5136 relictum
761 5082 968 5148 fuerat,
1002 5080 1168 5137 Odilo
1201 5083 1261 5137 in
1305 5081 1635 5138 Morbacensi
1682 5082 1920 5137 carnobio

266 5169 389 5239 (ubi
432 5168 627 5225 forsan
685 5175 954 5226 mortuus
1000 5170 1363 5241 Warnerius)
1414 5170 1743 5242 reperisset,
1777 5171 1919 5242 Syro

266 5257 619 5314 demandata
649 5275 790 5314 cura
810 5264 875 5315 ut
896 5259 953 5314 id
977 5260 1303 5333 perﬁceret;
1338 5259 1493 5330 quod
1527 5258 1651 5330 ipse
1682 5258 1919 5314 tandem

262 5351 579 5402 exsecutus
627 5352 741 5415 est,
791 5365 908 5403 non
958 5364 1026 5403 eo
1076 5352 1273 5405 tamen
1320 5349 1514 5415 modo,
1545 5351 1611 5402 ut
1656 5347 1920 5402 numeris

264 5435 546 5492 omnibus
578 5435 917 5492 absolutum
950 5436 1080 5492 aliis
1110 5437 1302 5493 visum
1324 5436 1791 5508 siLQuapropter
1811 5438 1922 5491 sta-

266 5523 374 5580 tim
406 5529 537 5596 post
562 5525 689 5598 Syri
720 5526 947 5581 obitum
977 5526 1331 5581 Aldebaldus
1374 5542 1711 5597 supremam
1761 5524 1919 5596 operi

270 5630 514 5669 manum
544 5613 845 5686 imponere
866 5630 1178 5687 aggressus
1200 5617 1384 5670 est.At
1405 5630 1543 5670 sane
1571 5630 1697 5685 qua:
1720 5614 1771 5669 is
1787 5630 1921 5685 sup-

270 5701 470 5778 plevit,
503 5707 749 5761 ornatus
781 5703 1100 5761 admodum
1128 5704 1312 5761 vicem
1342 5706 1638 5778 praestant,
1675 5701 1784 5761 hoc
1833 5708 1922 5762 est

2028 4909 2183 4980 quod
2196 4908 2569 4963 Warnerium
2584 4911 2810 4978 oportet
2826 4906 3008 4960 fuisse
3025 4904 3378 4960 monachum
3396 4905 3673 4978 religione

2028 4997 2337 5063 celebrem,
2373 5001 2567 5068 utpote
2597 5011 2770 5066 quem
2819 5001 3021 5051 sanctae
3067 4993 3452 5050 recordationis
3482 4993 3672 5049 virum

2028 5086 2229 5158 Syrus,
2259 5090 2315 5141 et
2347 5083 2727 5141 Raimbaldus
2754 5083 3081 5140 monachum
3112 5084 3245 5140 Vitr
3263 5085 3503 5138 nimium
3530 5100 3676 5140 reve-

2026 5174 2216 5231 renda)
2243 5172 2515 5245 appellat.
2548 5172 2627 5228 De
2654 5173 2796 5244 Syro
2836 5172 2893 5227 id
2943 5188 3128 5228 unum
3178 5171 3483 5240 discimus,
3518 5173 3674 5244 quod

2029 5259 2321 5317 Iotsaldus
2359 5260 2440 5332 (in
2494 5259 2667 5315 editis
2725 5261 3001 5316 mendose
3059 5261 3360 5330 Lotsaldus)
3408 5261 3467 5316 in
3513 5262 3674 5317 Actis

2029 5349 2214 5406 sancti
2239 5348 2501 5404 Odilonis
2518 5348 2627 5403 sub
2647 5347 2823 5405 ﬁnem
2842 5354 3128 5405 memorat
3145 5351 3300 5422 apud
3326 5350 3673 5406 Bollandum

2028 5438 2087 5493 in
2120 5438 2239 5493 haec
2270 5436 2446 5493 verba
2480 5436 2748 5493 .«Verum
2780 5435 3034 5510 plurima
3055 5455 3183 5511 qua:
3215 5439 3273 5493 in
3308 5439 3498 5511 prima
3516 5440 3674 5496 fonte

2026 5528 2294 5583 dicturus
2325 5542 2478 5594 sum,
2502 5526 2627 5598 ipse
2648 5543 2764 5582 non
2794 5526 2942 5595 vidi;
2976 5528 3077 5583 sed
3109 5528 3340 5583 duobus
3369 5527 3675 5585 monachis

2029 5615 2350 5687 ejus,Petro
2382 5614 2645 5671 videlicet
2674 5614 3015 5672 monasterii
3047 5616 3235 5673 sancti
3267 5616 3483 5686 Maioli,
3516 5619 3673 5690 quod

2030 5705 2185 5781 apud
2216 5704 2454 5781 Papiam
2483 5710 2592 5775 est,
2621 5705 2952 5781 praeposito,
2973 5704 3095 5765 viro
3125 5706 3349 5765 scilicet
3376 5704 3673 5784 religioso,
