4028 6172
307 308 427 371 713

1561 312 1914 375 ELOGIUM
1960 311 2464 383 IIISTORICUM.

3604 322 3724 411 τῃ

308 439 634 518 diligentia,
668 442 765 514 qui
799 445 1071 513 parentes
1102 460 1326 515 eorum,
1360 460 1611 517 quorum
1666 446 1817 500 facta
1863 445 1961 499 de-
1993 444 2048 517 Α
2078 446 2189 501 dus
2250 448 2529 520 Regensis
2578 447 2886 521 episcopus
2935 448 3163 529 Odiloni
3221 448 3417 505 abbati
3476 454 3724 509 remittit

306 530 561 585 scribere
590 529 1147 598 volebant,intactos
1182 534 1530 604 praeteriere.
1555 532 1718 588 Unus
1768 536 1961 587 tamen

264 656 273 669 η
303 634 373 674 ex
406 616 598 674 Maioli
633 619 998 691 praeconibus
1019 619 1185 675 Odilo
1219 620 1277 677 in
1302 621 1415 677 fine
1447 622 1619 694 elogii
1651 620 1763 689 sui,
1792 620 1961 693 quasi

303 706 565 776 fortuito,
593 707 787 763 Maioli
820 711 1045 781 patrem
1079 709 1449 765 Folcherium
1483 710 1765 779 nominat,
1796 726 1960 765 eum-

300 813 415 868 que
466 798 701 852 mz’litem
744 795 1019 872 appellat.
1055 821 1081 848 «
1116 798 1249 854 Fuit
1295 800 1499 854 eodem
1544 803 1826 870 tempore,
1859 797 1958 866 ait,

301 885 545 958 quidam
580 885 750 940 miles
782 886 837 939 in
865 885 980 941 illis
1014 887 1298 958 partibus,
1332 888 1569 943 nomine
1603 887 1957 954 Fulcherius,

300 973 362 1027 iu
384 973 564 1028 arx‘nis
588 975 988 1045 steuuus,jure
1023 974 1387 1031 limreditario
1417 977 1755 1048 ueterisque
1791 975 1960 1030 bonis

302 1067 361 1116 et
409 1061 626 1117 divitiis
675 1062 1027 1130 ditissimus,
1064 1069 1117 1119 et
1170 1066 1259 1136 (ut
1307 1065 1375 1119 de
1421 1065 1788 1120 nobilissima
1833 1065 1960 1135 ejus

301 1150 465 1224 prole
496 1152 776 1225 diximus)
809 1170 877 1207 ex
912 1157 1160 1226 utroque
1194 1159 1431 1226 parente
1480 1153 1715 1226 gemina
1746 1153 1958 1209 nobili-

284 1233 423 1295 tate
452 1257 763 1309 coruscus;
797 1242 885 1296 vir
913 1242 1109 1315 magni
1155 1242 1404 1311 consilii,
1436 1243 1742 1315 prudentis
1791 1260 1958 1315 saga-

299 1330 505 1402 cisque
536 1328 959 1404 ingenii,pater
975 1330 1243 1387 videlicet
1273 1331 1446 1388 istius
1476 1332 1837 1389 sanctissimi
1863 1333 1961 1388 Pa-

297 1418 410 1476 tris
460 1418 669 1487 nostri,
700 1418 771 1473 de
821 1434 935 1491 quo
995 1417 1313 1492 loquimur,
1346 1420 1565 1479 Maioli.
1602 1443 1629 1471 ››
1672 1421 1959 1478 Eumdem

298 1507 479 1562 etiam
511 1505 881 1564 Fulcherium
914 1507 1183 1569 nominat
1207 1508 1459 1582 epitome
1482 1511 1638 1567 edita
1670 1510 1729 1566 in
1753 1527 1964 1584 appea-

300 1596 431 1652 dice
462 1595 825 1653 bibliotheca:
856 1595 1278 1654 Cluniacensis.

374 1687 462 1742 10.
489 1684 707 1741 Verum
742 1686 851 1741 etsi
884 1685 1035 1743 hanc
1069 1686 1299 1743 Odiloni
1338 1688 1586 1762 gratiam
1639 1707 1751 1745 non
1784 1689 1959 1745 habe-

300 1792 523 1842 remus,
543 1774 842 1849 intagrum
874 1776 1043 1831 nobis
1072 1775 1360 1831 Fulcherii
1394 1794 1604 1834 nomen
1632 1783 1964 1835 servassent

300 1862 517 1919 tabulae
548 1862 983 1932 Cluniacenses,
1017 1865 1075 1919 in
1110 1866 1325 1937 quibus
1357 1883 1470 1921 non
1504 1867 1683 1922 semel
1725 1866 1962 1940 legitur.

301 1970 407 2007 nec
431 1970 545 2008 non
571 1951 859 2008 Fulcherii
884 1952 1263 2026 amplissimce
1294 1954 1661 2027 donationes,
1677 1973 1802 2028 qua:
1826 1972 1961 2011 eum

302 2059 369 2096 ex
399 2041 686 2114 locuplete
723 2041 945 2097 familia
975 2048 1169 2097 ortum
1210 2042 1393 2098 fuisse
1443 2043 1867 2100 demonstrant.
1898 2045 1961 2101 In

303 2130 512 2204 primis
544 2129 886 2186 Fulcherius
903 2130 1177 2187 Cluniaco
1201 2132 1377 2187 donat
1400 2154 1427 2181 ‹‹
1446 2132 1684 2188 alodum
1704 2151 1879 2190 suum
1902 2133 1961 2189 in

302 2236 453 2292 pago
484 2219 757 2293 Regensi,
790 2218 850 2275 in
882 2220 1164 2276 comitatu
1196 2221 1393 2276 Atensi
1434 2220 1601 2278 villas
1621 2224 1961 2280 Ausnanam

304 2313 361 2364 et
391 2308 788 2377 Serulionem;
822 2312 879 2365 et
909 2308 968 2364 in
1001 2309 1285 2366 comitatu
1320 2312 1589 2383 Aquense
1618 2306 1816 2366 villam
1850 2311 1929 2368 Re
1949 2342 1963 2353 υ

304 2398 565 2471 glanam,
584 2399 723 2453 item
753 2396 952 2453 viilam
971 2396 1240 2454 Pinetum
1272 2415 1405 2453 cum
1430 2400 1558 2471 ejus
1579 2400 1823 2456 ecclesia
1853 2400 1963 2456 sub

305 2486 481 2542 titulo
528 2486 716 2542 sancti
767 2486 1019 2554 Siil‘redi,
1052 2486 1192 2543 item
1232 2487 1291 2542 in
1341 2488 1545 2544 eadem
1589 2488 1735 2545 valle
1764 2488 1963 2544 villam

308 2574 616 2644 Paludem;
647 2579 705 2631 et
734 2575 793 2631 in
824 2574 1085 2630 comitati
1118 2575 1598 2634 Secustironense
1627 2577 1963 2635 Alairacum

307 2681 443 2720 cum
477 2663 723 2719 ecclesia
743 2663 932 2720 sancti
964 2664 1294 2733 Petri,item
1324 2665 1522 2722 villam
1544 2666 1961 2737 Adducellum;

307 2757 365 2808 et
384 2754 441 2808 in
466 2753 746 2810 comitatu
770 2754 1031 2827 chense
1050 2752 1248 2809 villam
1260 2754 1540 2810 Abiacum
1565 2773 1699 2812 eum
1721 2756 1967 2813 ecclesia

309 2847 525 2898 sanctae
557 2842 777 2909 Marias,
804 2840 1003 2898 villam
1037 2841 1397 2912 Pauliacum,
1420 2843 1807 2901 Valentiolam
1829 2863 1964 2901 cum

310 2918 558 2987 eCclesia
588 2930 773 2987 sancti
821 2930 1078 3000 Maximi,
1112 2931 1417 2988 ecclesiam
1462 2937 1520 2988 et
1550 2934 1746 2988 villam
1778 2936 1965 2990 sancti

310 3018 718 3093 Tyrsi,villam
758 3024 816 3075 et
846 3019 1151 3075 ecclesiam
1183 3021 1369 3076 sancti
1402 3022 1683 3094 Stephani
1714 3024 1784 3079 de
1816 3024 1965 3079 Mar-

309 3106 638 3181 gis,villam
671 3112 729 3163 et
760 3106 1066 3164 ecclesiam
1100 3110 1285 3164 sancti
1308 3110 1552 3165 Joannis
1576 3112 1647 3166 de
1667 3113 1881 3187 Ardas;
1907 3112 1966 3167 in

2073 535 2340 606 quaedam
2401 552 2600 591 annua
2642 532 2856 605 debita,
2898 554 3025 609 quae
3078 536 3403 593 Valentiola
3452 539 3723 613 episcopo

2071 625 2323 694 pendere
2372 624 2614 681 solebat.
2648 625 2805 681 Inter
2860 625 3274 683 Cluniacenses
3333 628 3611 686 ecclesias
3657 645 3727 687 ex

2072 711 2371 768 Provincia
2395 718 2728 789 recensetur
2747 712 2805 769 in
2828 714 3183 771 bibliotheca
3197 715 3563 789 Cluniacensi
3589 742 3617 769 ‹‹
3635 720 3728 776 de-

2071 805 2317 857 canatus
2351 803 2420 857 de
2437 784 2788 880 Valensoliis
2806 803 3072 859 Reiensis
3096 803 3381 873 dimcesis,
3397 807 3497 862 ubi
3516 807 3728 864 debent

2069 906 2197 944 esse
2227 891 2446 945 decauo
2480 894 2816 964 computato
2849 891 3107 976 quinque
3155 892 3447 962 monachi,
3472 899 3528 950 et
3573 912 3727 951 unus

2070 980 2375 1050 presbyter
2431 979 2867 1050 commensalis,
2918 984 2976 1035 et
3035 981 3249 1036 debent
3310 981 3387 1037 ibi
3449 982 3725 1038 celebrari

2069 1068 2331 1138 quotidie
2354 1069 2482 1123 dua:
2508 1069 2723 1122 missa).

2142 1157 2227 1210 11.
2264 1157 2344 1211 Ex
2374 1157 2608 1212 archivo
2641 1157 3011 1213 Cluniacensi
3047 1176 3160 1213 non
3194 1157 3385 1213 solum
3440 1159 3728 1218 discimus

2069 1243 2260 1299 Maioli
2292 1246 2478 1318 patris
2511 1263 2743 1314 nomen,
2778 1247 2879 1302 sed
2911 1247 3088 1302 etiam
3121 1248 3249 1319 ejus
3279 1247 3367 1303 avi
3398 1265 3465 1303 ac
3507 1249 3725 1320 fratris.

2070 1349 2320 1405 quorum
2344 1333 2593 1391 alterum
2620 1334 2824 1390 itidem
2858 1334 3252 1406 Fulcherium,
3283 1337 3534 1393 alterum
3566 1338 3727 1412 Cyri-

2070 1437 2206 1477 cum
2240 1421 2462 1478 dictum
2497 1416 2679 1479 fuisse
2724 1423 2861 1480 inde
2914 1422 3326 1497 intelligimus.
3362 1425 3423 1483 Id
3468 1429 3631 1499 patet
3659 1444 3728 1485 ex

2072 1510 2267 1567 Maioli
2299 1512 2505 1568 ctiarta
2544 1514 2814 1585 344,qua3
2853 1513 3156 1586 praestaria
3182 1514 3271 1570 est
3300 1513 3543 1574 Arnulfo
3573 1517 3726 1590 epis-

2072 1617 2214 1673 copo
2246 1601 2444 1657 Atensi
2479 1619 2512 1656 a
2561 1599 2770 1657 Maiolo
2817 1603 2990 1671 facta,
3024 1602 3093 1658 de
3143 1601 3499 1676 quibusdam
3550 1605 3727 1661 rebus

2072 1689 2319 1745 cmnohii
2378 1689 2799 1759 Cluniacensis,
2844 1688 2973 1747 sitis
3030 1692 3088 1747 in
3149 1709 3297 1766 pago
3352 1693 3574 1750 Atensi.
3609 1694 3726 1751 Has

2074 1776 2298 1833 litteras
2327 1778 2442 1833 huc
2478 1779 2735 1852 integras
2766 1780 2977 1836 referre
2993 1781 3178 1852 juvat.
3614 1778 3619 1781 ’

2147 1889 2174 1917 ‹‹
2212 1867 2273 1923 In
2325 1867 2561 1923 nomine
2616 1867 2967 1923 Domini.....
3010 1870 3129 1942 Ego
3191 1869 3441 1928 Maiolus
3500 1873 3727 1929 favente

2071 1955 2285 2012 Christi
2310 1955 2619 2011 clementia
2644 1954 2977 2012 Cluniensis
3007 1958 3255 2014 cmnobii
3287 1959 3490 2015 abbas.
3510 1956 3727 2027 Notum

2073 2044 2196 2099 ﬁeri
2243 2045 2516 2100 volumus
2558 2044 2834 2100 omnibus
2885 2045 3157 2102 fidelibus
3207 2046 3575 2114 Christianis,
3607 2054 3727 2104 tam

2071 2133 2459 2206 prmsentibus
2513 2150 2692 2213 quam
2752 2134 3225 2204 succedentibus,
3259 2136 3415 2208 quod
3475 2138 3729 2193 domnus

2069 2221 2351 2282 Arnulfus
2382 2222 2693 2296 episcopus
2723 2223 2957 2280 Atensis
2989 2228 3251 2282 nostram
3303 2224 3727 2299 expostulando

2073 2310 2216 2367 adiit
2246 2310 2636 2383 praesentiam,
2669 2316 2960 2387 quatenus
3008 2312 3059 2368 ei
3111 2313 3565 2383 concederemus
3604 2314 3729 2372 loco

2072 2398 2345 2472 precaria:
2364 2417 2457 2456 res
2468 2401 2755 2473 quasdam
2771 2401 2929 2474 juris
2945 2406 3283 2459 sanctorum
3306 2402 3726 2476 apostolorum,

2074 2488 2223 2544 Petri
2261 2487 2529 2544 videlicet
2550 2493 2606 2544 et
2628 2489 2812 2559 Pauli,
2830 2492 3152 2563 supradicti
3177 2491 3424 2548 cmnobii
3455 2493 3728 2550 Clunien-

2074 2575 2156 2632 sis
2188 2576 2473 2650 inquisita
2513 2576 2710 2650 itaque
2750 2577 3049 2634 voluntate
3080 2580 3328 2637 fratrum
3368 2572 3727 2651 nostrorum,

2074 2665 2275 2739 eisque
2309 2666 2731 2723 rationabiliter
2759 2685 3067 2723 assensum
3099 2669 3515 2740 przebentibus,
3538 2671 3731 2734 decre-

2074 2754 2265 2810 vimus
2296 2754 2582 2826 prazlibati
2616 2755 2816 2810 domui
2846 2755 3101 2829 episcopi
3133 2757 3404 2828 precibus
3432 2748 3727 2829 obtempe-

2076 2859 2222 2899 rare.
2244 2843 2630 2899 Concedimus
2663 2845 2857 2916 itaque
2886 2844 3074 2899 cidem
3106 2840 3331 2902 domno
3352 2845 3594 2902 Arnulfo
3615 2846 3731 2919 epi-

2076 2949 2253 3004 scopo
2284 2936 2457 3004 atque
2500 2931 2936 3005 consanguineo
2986 2934 3252 3005 ejusdem
3303 2934 3605 3004 Teoberto,
3636 2952 3729 2991 res
3789 2926 3799 2937 ’

2076 3020 2297 3076 sanctis
2324 3020 2604 3093 apostolis
2636 3021 2801 3076 Petro
2830 3026 2887 3077 et
2918 3021 3094 3077 Paulo
3135 3022 3379 3092 dicatas,
3414 3041 3541 3095 quas
3591 3029 3730 3081 sunt

2076 3108 2136 3164 in
2170 3126 2316 3182 pago
2359 3109 2559 3165 Atensi
2609 3110 2752 3177 sitm,
2788 3109 2847 3164 in
2894 3109 3033 3165 villa
3081 3112 3415 3181 Lausnana,
3440 3116 3498 3168 et
3527 3112 3586 3167 in
3614 3112 3729 3169 alia

310 3197 460 3252 valle
492 3196 737 3252 Mixenis
755 3195 1029 3253 ecclesias
1053 3198 1240 3254 sancti
1268 3198 1569 3271 Stephani,
1595 3181 1781 3255 sancti
1816 3201 1967 3256 Mar-
2001 3181 2043 3248 (ἶ
2075 3198 2232 3267 villa,
2255 3181 2444 3270 liquam
2474 3203 2683 3253 vocant
2712 3198 3113 3271 Soldo,usque
3145 3201 3204 3255 in
3247 3190 3505 3257 mentem
3529 3200 3729 3264 .Clava—

310 3285 646 3354 tini,sancti
689 3285 1017 3354 Petri,item
1051 3285 1248 3342 villam
1286 3287 1578 3354 Fabricas,
1602 3288 1800 3344 villam
1832 3290 1969 3345 Nar-

313 3376 550 3444 bonam,
566 3392 701 3431 cum
724 3374 1010 3441 ecclesiis,
1027 3376 1365 3449 Fagentiam
1389 3394 1523 3432 cum
1546 3377 1810 3447 ecclesia,
1826 3378 1966 3434 Dra-

312 3465 657 3537 gonianum,
676 3463 874 3519 villam
904 3466 1180 3533 Arcus,et
1206 3465 1579 3522 medietatem
1612 3466 1971 3523 Centumcla—

312 3553 401 3609 vis
455 3552 646 3622 vallis,
696 3553 865 3610 villas
916 3555 1215 3621 Locatum,
1259 3554 1611 3627 Surigerias,
1662 3555 1969 3612 ecclesiam

313 3643 497 3698 beata:
544 3642 1038 3711 Mariaz,Bonolas
1095 3642 1379 3712 villam,»
1416 3644 1614 3701 omnia
1661 3643 1782 3699 htec
1834 3662 1969 3700 eum

314 3730 679 3803 appendieiis
710 3731 855 3787 suis.
880 3733 1013 3799 Quae
1045 3730 1261 3788 idcirco
1300 3731 1639 3788 minutatim
1689 3732 1882 3802 retuli,
1908 3736 1973 3789 ut

315 3824 594 3893 appareat
626 3836 802 3892 quam
835 3819 1042 3893 ampla:
1075 3820 1291 3876 fuerint
1314 3820 1599 3877 Fulcherii
1625 3820 1968 3879 facultates:

314 3908 534 3981 quibus
567 3909 626 3963 in
656 3907 800 3967 locis
827 3908 1195 3983 sitae,nompe
1217 3909 1276 3965 in
1299 3909 1465 3983 pagis
1492 3910 1972 3984 Regensi,Atensi

314 4016 421 4053 seu
441 3998 703 4069 Aptensi,
719 3998 975 4070 AquenSi
995 4003 1053 4055 et
1076 3998 1578 4069 Secustironcnsi;
1602 4003 1728 4055 tum
1751 4004 1975 4072 quanta

315 4087 448 4158 ejus
481 4088 884 4144 munificentia
912 4088 970 4142 in
1014 4088 1141 4145 loca
1188 4105 1374 4156 sacra,
1411 4106 1476 4144 ac
1503 4089 1761 4158 demum,
1796 4106 1974 4162 quam

315 4177 420 4234 illo
441 4194 559 4231 ωκό
588 4176 756 4234 laicis
798 4176 1083 4233 familiare
1127 4178 1303 4234 fuerit
1349 4177 1629 4251 plebanas
1680 4179 1977 4251 possidere

317 4264 621 4335 ecclesias,
653 4282 870 4338 easque
919 4266 1294 4321 monasteriis
1339 4266 1566 4322 tradere
1600 4284 1613 4321 :
1648 4267 1800 4340 quod
1851 4284 1976 4323 sex-

317 4355 510 4411 centis
534 4353 816 4429 exemplis
847 4355 1119 4428 (quorum
1146 4354 1331 4411 multa
1353 4355 1410 4409 in
1434 4357 1832 4427 superioribus
1851 4357 1981 4411 Ber-

322 4444 519 4509 nonis,
556 4443 774 4500 Odonis
805 4447 860 4498 et
889 4443 1186 4516 Aymardi,
1221 4442 1428 4516 elogiis
1448 4443 1723 4515 vidimus)
1747 4444 1979 4517 probari

2078 3288 2335 3355 niacum,
2369 3287 2505 3342 etin
2539 3286 2651 3342 alio
2683 3286 2828 3357 loco,
2864 3287 2964 3342 ubi
2997 3288 3212 3343 dicitur
3240 3288 3533 3359 Trabalio,
3567 3294 3624 3359 et
3671 3289 3732 3346 in

2078 3376 2193 3432 alia
2221 3375 2360 3431 villa
2390 3393 2516 3449 qum
2546 3381 2786 3432 vocatur
2814 3377 3052 3445 Bassus,
3088 3380 3145 3432 et
3176 3376 3236 3432 in
3268 3376 3383 3434 alia
3423 3376 3562 3434 villa
3602 3395 3732 3451 qua:

2079 3464 2296 3521 dicitur
2323 3463 2570 3538 Siciago,
2590 3468 2648 3520 et
2678 3465 2737 3519 in
2769 3464 2883 3520 alia
2910 3464 3048 3520 villa
3078 3483 3205 3538 quae
3252 3466 3466 3523 dicitur
3509 3466 3733 3524 Borcio.

2078 3558 2136 3609 et
2164 3553 2223 3608 in
2254 3553 2371 3609 alia
2401 3570 2527 3625 quae
2559 3552 2775 3608 dicitur
2804 3554 3145 3623 Soricarias,
3179 3558 3236 3611 et
3265 3554 3323 3610 in
3354 3554 3467 3612 alia
3488 3572 3617 3628 quae
3647 3556 3736 3611 di-

2080 3643 2231 3699 citur
2261 3641 2521 3709 Leocola,
2546 3645 2603 3696 et
2630 3640 2690 3695 in
2712 3640 2829 3697 alia
2857 3659 2984 3713 qua:
3016 3642 3235 3698 dicitur
3264 3641 3517 3712 Valle,et
3538 3645 3735 3716 ipsum

2080 3730 2315 3787 alodum
2339 3745 2514 3801 quem
2546 3746 2687 3787 avus
2710 3746 2877 3785 meus
2900 3728 3247 3786 Fulcherius
3278 3733 3635 3804 comparavit
3664 3734 3738 3789 de

2082 3818 2395 3887 Bernardo,
2417 3822 2473 3875 et
2502 3819 2561 3873 in
2594 3818 2708 3875 alia
2735 3817 2875 3879 villa
2904 3834 3031 3890 quae
3049 3823 3289 3876 vocatur
3317 3819 3588 3886 Jocadas,
3601 3825 3658 3881 et
3676 3821 3736 3877 in

2083 3909 2197 3966 alia
2226 3925 2351 3979 qua:
2378 3911 2618 3963 vocatur
2646 3906 2931 3975 Cariaras,
2966 3911 3023 3963 et
3067 3906 3127 3961 in
3172 3905 3286 3963 alia
3333 3924 3461 3980 qua:
3499 3912 3739 3965 vocatur

2084 3997 2363 4055 Serulius.
2399 3997 2515 4052 Ista
2546 3996 2747 4051 omnia
2776 3995 2921 4052 mihi
2961 4000 3018 4053 et
3067 3995 3230 4055 fratri
3264 4012 3392 4055 meo
3441 3996 3642 4071 Cyrico
3666 4014 3737 4054 ex

2085 4086 2456 4145 successione
2486 4089 2821 4143 nostrorum
2854 4089 3163 4158 parentum
3186 4085 3355 4142 nobis
3376 4091 3694 4143 evenerunt
3718 4103 3732 4141 :

2086 4194 2193 4233 nos
2230 4192 2386 4246 vero,
2433 4191 2538 4248 ego
2585 4172 2853 4233 videlicet
2900 4172 3168 4243 Maiolus,
3211 4174 3433 4246 praefati
3466 4163 3737 4241 'Iccsnobii

2090 4264 2424 4322 Cluniensis
2454 4263 2659 4330 abbas,
2692 4267 2750 4318 et
2776 4263 3090 4335 praedictus
3113 4262 3290 4320 frater
3317 4279 3486 4320 meus
3518 4281 3621 4345 pro
3642 4280 3735 4320 re-

2091 4352 2284 4410 medio
2317 4350 2649 4407 animarum
2680 4356 3037 4418 nostrarum,
3062 4355 3513 4424 nostrorumque
3540 4368 3740 4423 paren-

2088 4428 2219 4498 tum
2267 4439 2651 4511 omniumque
2699 4438 2960 4495 fidelium
3011 4439 3502 4507 Christianorum,
3524 4439 3638 4495 Deo
3682 4424 3743 4495 et

322 4538 540 4607 potest.
565 4534 687 4600 Quo
719 4549 871 4587 anno
903 4530 1055 4587 facta
1077 4532 1153 4587 sit
1174 4532 1295 4587 haec
1322 4530 1609 4587 Fulcherii
1650 4532 1979 4599 donatio,in
2016 4548 2064 4613 D
2095 4530 2314 4589 sanctis
2344 4530 2472 4600 ejus
2517 4528 2797 4600 apostolis
2828 4528 2991 4583 Petro
3037 4533 3095 4584 et
3140 4527 3315 4584 Paulo
3358 4528 3416 4583 in
3468 4527 3742 4585 Cluniaco

323 4622 530 4679 charta
562 4639 680 4676 non
713 4620 1061 4694 exprimitur
1093 4637 1106 4674 :
1140 4625 1199 4675 at
1229 4624 1453 4675 certum
1489 4624 1577 4675 est
1607 4635 1734 4675 eam
1770 4622 1982 4676 factam

323 4728 455 4767 esse
483 4710 648 4782 prius
687 4726 863 4781 quam
906 4708 1153 4765 Maiolus
1185 4708 1394 4764 saeculo
1428 4708 1701 4763 nuntium
1733 4710 1978 4777 remisit,

324 4799 544 4871 quippe
576 4815 690 4852 non
725 4797 837 4852 nisi
863 4797 1111 4853 mortuis
1143 4798 1485 4869 parentibus
1514 4797 1856 4853 Cluniacum
1891 4815 1982 4854 se-

327 4887 529 4954 cessit,
551 4891 616 4941 ut
648 4891 847 4959 postea
871 4904 1248 4959 exponemus.
1272 4887 1335 4941 ln
1366 4904 1434 4942 ea
1465 4904 1633 4958 porro
1672 4888 1983 4943 donatione

328 4976 550 5031 mentio
576 4976 639 5030 fit
660 4977 731 5031 de
756 4974 1089 5032 Valentiola:
1123 4976 1454 5043 traditione,
1480 4994 1657 5048 quam
1681 4977 1985 5033 Boucheus

327 5063 534 5119 retulit
553 5065 624 5119 ad
643 5080 866 5119 annum
882 5064 1008 5130 990,
1026 5081 1272 5136 eamque
1292 5082 1325 5119 a
1345 5064 1658 5120 comitibus
1676 5065 1985 5121 Provinciae

327 5152 609 5210 Cluniaco
640 5151 899 5223 primum
931 5151 1145 5207 factam
1180 5153 1425 5225 putavit.
1462 5153 1521 5207 In
1557 5151 1751 5209 Maioll
1773 5154 1996 5210 charta-

330 5244 418 5298 rio
447 5242 664 5315 legitur
693 5241 753 5296 in
788 5241 989 5297 charta
1019 5248 1181 5298 sexta
1212 5240 1511 5312 Willelmi,
1537 5242 1675 5297 data
1718 5249 1995 5315 regnante

2096 4619 2357 4676 cmnobio
2376 4617 2746 4673 tradidimus.
2761 4616 2970 4673 Omnia
2990 4618 3186 4688 itaque
3197 4617 3326 4689 jam
3348 4616 3743 4673 denominatis

2094 4708 2249 4764 villis
2280 4705 2797 4779 conjacentia,sive
2821 4710 3107 4778 quantum
3139 4722 3283 4761 avus
3312 4721 3481 4761 meus
3511 4705 3747 4762 Fulche'

2092 4798 2216 4854 rius
2245 4803 2302 4855 et
2333 4795 2559 4870 genitor
2589 4812 2755 4850 meus
2784 4796 3045 4866 ejusdem
3080 4795 3334 4859 nominis
3363 4794 3424 4849 in
3464 4794 3744 4857 comitatu

2095 4887 2297 4945 Atensi
2348 4891 2604 4952 tenuere,
2634 4883 2722 4939 vel
2780 4882 3166 4954 conquisiere,
3221 4887 3411 4939 totum
3469 4883 3745 4956 praedicto

2097 4976 2369 5048 episcopo
2383 4979 2440 5029 et
2452 4976 2581 5046 ejus
2598 4971 3031 5045 consanguineo
3047 4972 3331 5032 Teoberto
3347 4971 3742 5051 concedimus,

2095 5064 2155 5118 in
2189 5081 2257 5119 ea
2277 5063 2501 5119 scilicet
2532 5062 2753 5117 ratione
2785 5062 3050 5116 tradente
3079 5061 3295 5118 domno
3335 5062 3608 5134 episcopo
3655 5076 3748 5116 res

2102 5169 2260 5219 suas,
2285 5169 2412 5223 qua:
2442 5153 2581 5205 sunt
2609 5150 2732 5205 sitae
2753 5149 2812 5204 in
2838 5166 2987 5222 pago
3007 5149 3095 5206 vel
3125 5151 3406 5207 comitatu
3436 5149 3657 5218 Ateusi,
3690 5148 3752 5204 iu

2104 5240 2242 5295 villa
2273 5241 2602 5305 Lausnana,
2621 5239 2736 5294 Deo
2768 5242 2825 5293 et
2844 5236 3066 5293 sanctis
3098 5240 3227 5311 ejus
3258 5236 3538 5311 apostolis
3586 5237 3753 5299 Petro

329 5330 600 5387 Conrado
630 5346 785 5402 rege,
800 5328 1159 5386 Willelmum
1195 5329 1391 5402 ipsum
1416 5330 1666 5384 donasse
1696 5329 1996 5386 Cluniensi

330 5419 690 5485 monasterio
739 5423 797 5474 et
855 5417 1067 5474 Maiolo
1125 5419 1320 5475 abbati
1371 5435 1440 5474 ex
1491 5418 1665 5473 rebus
1697 5435 1842 5490 quas
1874 5419 1999 5492 ipse

331 5507 584 5577 Maiolus
616 5508 796 5563 abbas
828 5511 885 5562 et
915 5506 1257 5562 Clunienses
1289 5508 1497 5562 fratres
1528 5506 1577 5561 ei
1613 5507 1683 5561 ad
1707 5506 1886 5562 vitam
1909 5508 2003 5565 de-

333 5597 561 5667 derant,
592 5596 793 5653 villam
824 5594 1237 5652 Valentiolam.
1263 5595 1398 5653 Post
1429 5593 1710 5655 Maiolum
1739 5586 2000 5657 Almera-

665 5722 933 5788 Parnm.
977 5721 1323 5790 CXXXVII.

2108 5333 2165 5385 et
2187 5328 2364 5383 Paulo
2394 5328 2454 5382 in
2486 5325 2785 5399 prmlibato
2826 5327 3088 5384 coenobio
3135 5326 3453 5395 Cluniensi,
3483 5343 3550 5384 eo
3598 5324 3757 5397 Vide-

2116 5415 2253 5473 licet
2282 5421 2501 5484 tenore,
2520 5418 2588 5471 ut
2617 5414 2879 5487 quandiu
2912 5414 3036 5487 ipse
3057 5414 3365 5493 episcopus
3385 5419 3443 5472 et
3464 5415 3591 5486 ejus
3621 5430 3758 5499 con-

2116 5503 2476 5576 sanguineus
2496 5501 2764 5571 vixerint,
2796 5507 3033 5559 teneant
3059 5507 3117 5559 et
3144 5503 3573 5576 possideant,et
3590 5502 3761 5559 festi-

2113 5590 2293 5655 vitate
2319 5590 2378 5652 S.
2412 5589 2646 5651 Martini
2676 5584 2943 5653 incensa
2974 5590 3192 5655 solidos
3221 5592 3482 5669 quinque
3511 5591 3586 5681 ad
3624 5588 3760 5673 Clu:

3332 5718 3414 5785 23
