4034 6170
358 344 488 411 ’715

1490 346 1552 410 s.
1602 341 1876 410 MAIOLI
1921 338 2252 408 ABBATIS
2297 311 2653 408 CLUNIAC.

3657 340 3781 404 ⁸716

371 484 605 540 niacum
639 481 970 555 persolvant
1003 499 1016 538 :
1052 486 1181 555 post
1211 481 1436 538 obitum
1466 497 1598 537 vero
1631 485 2016 552 utrorumque
2045 480 2102 546 Α
2135 495 2319 534 annos
2349 494 2484 532 cum
2509 476 2764 532 maxime
2789 475 3149 532 Lembardize
3180 479 3238 530 et
3269 474 3573 530 Provinciae
3600 475 3782 530 detri-

371 589 464 629 res
485 588 688 628 omnes
721 588 900 643 supra
921 571 1147 644 scriptae
1169 587 1305 626 eum
1329 571 1488 626 omni
1512 569 1914 626 melioratione
1945 569 2017 624 ad

351 653 676 734 praefatum
707 658 1020 716 Cluniense
1046 659 1376 715 ccenobium
1409 659 1628 731 absque
1659 657 1839 714 ullius
1881 675 2019 714 con-

367 747 714 804 tradictione
745 747 1109 819 proveniant.
1130 746 1202 802 Ut
1227 763 1360 802 vero
1385 745 1645 818 preearia
1663 745 1776 801 ista
1797 744 2021 800 illibata

367 835 836 908 inviolabilisque
895 853 1068 890 omne
1125 839 1388 906 tempore
1446 839 1804 906 permaneat,
1839 851 2019 888 manu

366 927 568 981 nostra
596 923 1055 991 ﬁrmavimus,et
1087 924 1366 980 fratribus
1391 924 1610 980 nostris
1649 924 2022 978 corroboran-

367 1015 503 1070 dam
535 1012 1186 1086 porreximus.Maielus
1209 1018 1480 1084 peccator
1497 1017 1555 1068 et
1581 1011 1822 1067 humilis
1845 1011 2014 1078 abba,

363 1101 944 1170 Adiblamus,.laceb,
963 1101 1205 1156 Fulcard
1217 1120 1303 1166 us,
1320 1101 1670 1171 Stephanus,
1688 1102 1965 1154 Andreas.
1979 1144 1989 1153 .
2003 1143 2014 1153 .

367 1191 427 1246 S.
479 1191 762 1257 Duranni,
815 1190 1134 1245 Teederici.
1178 1191 1296 1262 Ego
1346 1191 1522 1246 frater
1569 1189 1836 1244 Clemens
1877 1187 2016 1242 scri-

367 1279 480 1352 psi.
524 1282 734 1336 Actum
785 1280 940 1350 apud
991 1279 1050 1334 S.
1095 1279 1500 1346 Saturninum,
1537 1296 1690 1334 anno
1741 1278 2016 1332 vicesimo

366 1368 538 1424 tertio
567 1373 847 1442 regnante
879 1368 1143 1424 Conrado
1185 1384 1338 1440 rege.
1374 1389 1400 1418 ››
1434 1369 1516 1423 Ex
1562 1367 1671 1422 hac
1718 1366 2019 1438 prarstaria

360 1453 769 1530 intelligimus,
804 1460 1014 1529 praeter
1060 1456 1421 1527 superiorem
1471 1455 1762 1514 Fulcherii
1823 1453 2016 1511 Maioli

361 1543 548 1617 patris
578 1542 1167 1612 denationem,aliam
1197 1545 1270 1599 ab
1303 1543 1555 1617 ipsemet
1586 1542 1795 1598 Maielo
1825 1546 1882 1598 et
1910 1541 2015 1614 Cy-

362 1633 482 1690 rice
493 1634 622 1706 ejus
634 1634 814 1690 fratre
835 1632 1318 1690 Cluniacensibus
1336 1634 1548 1688 factam
1572 1632 1643 1686 de
1664 1633 2016 1703 rebus,quas

361 1720 456 1778 his
506 1720 718 1778 litteris
765 1721 825 1776 in
869 1721 1194 1794 precariam
1243 1719 1426 1776 tradit
1471 1718 1715 1776 Arnulfo
1743 1719 2015 1791 episcopo

359 1811 563 1868 Atensi
597 1827 610 1866 :
645 1811 816 1882 cujus
863 1811 1337 1882 consanguineus
1386 1809 1740 1867 Teutbertus
1797 1809 1858 1864 in
1901 1807 2018 1864 alia

363 1899 564 1955 charta
592 1901 680 1955 vir
707 1900 1118 1955 illustrissimus
1139 1897 1374 1966 dicitur,
1390 1897 1778 1970 laudaturque
1801 1899 2015 1954 Ruimo-

362 1985 448 2043 dis
475 1987 606 2058 ejus
636 2003 780 2042 uxor
808 1990 866 2040 et
897 1985 1055 2042 ﬁlius
1089 1987 1321 2042 Utricus.
1355 1985 1465 2042 Sed
1497 1989 1556 2040 et
1583 1984 1728 2040 alias
1773 2002 1863 2040 res
1895 2001 2014 2039 me-

365 2077 556 2130 morat
575 2073 690 2129 alia
701 2073 1045 2146 charta,qua
1059 2073 1392 2129 Willelmus
1405 2073 1809 2128 nobilissimus
1821 2089 2016 2129 comes

361 2165 419 2218 et
449 2161 627 2219 Lucia
653 2163 782 2234 ejus
813 2179 957 2217 uxor
985 2161 1471 2217 Cluniacensibus
1501 2161 1610 2216 sub
1643 2160 1884 2216 Odilone
1913 2160 2015 2214 ab-

363 2251 496 2308 hate
525 2250 844 2308 restituunt
875 2273 904 2301 «
926 2249 1323 2306 hzereditatem
1347 2249 1532 2306 sancti
1558 2248 1774 2316 Maioli,
1791 2247 2013 2304 scilicet

363 2338 652 2396 Diliodam
680 2342 738 2396 et
765 2340 1196 2412 Septemfentes
1241 2338 1302 2393 in
1353 2339 1692 2411 episcopatu
1741 2338 2010 2410 Regensi.

359 2429 573 2484 Actum
622 2428 779 2501 apud
829 2428 986 2484 Pedii
1041 2427 1354 2483 Odolinum
1404 2427 1826 2483 monasterium
1859 2443 2012 2482 anno

363 2516 484 2573 Inc.
532 2517 693 2586 1036,
726 2516 848 2573 ind.
896 2519 952 2584 5,
987 2516 1268 2572 Chunene
1327 2515 1676 2588 imperatore
1733 2520 2014 2588 regnante

362 2621 516 2660 anno
548 2605 634 2660 10.
659 2627 688 2656 ››
723 2604 884 2662 Unde
916 2605 1128 2660 iterum
1159 2603 1536 2676 perspicuum
1565 2603 1817 2659 efficitur
1835 2620 2010 2675 quam

361 2692 467 2748 diti
497 2692 679 2766 stirpe
708 2697 1044 2766 procreatus
1062 2693 1139 2748 sit
1162 2692 1429 2760 Maiolus,
1445 2692 1614 2764 cujus
1637 2696 1906 2764 parentes
1926 2697 2014 2748 tot

358 2783 596 2854 praediis
623 2800 690 2839 ac
721 2783 1196 2856 possessionibus
1227 2781 1570 2845 Cluniacum
1603 2786 1890 2837 auxerunt
1911 2781 2010 2837 ab-

358 2887 504 2943 sque
533 2872 693 2944 gravi
715 2872 802 2944 (ut
821 2873 1056 2927 credere
1080 2889 1184 2945 par
1203 2872 1312 2942 est)
1337 2870 1642 2942 dispendio
1665 2869 1745 2925 rei
1769 2869 2013 2926 familia-

359 2959 462 3014 ris.
481 2959 612 3016 Hzec
633 2959 778 3015 mihi
801 2959 1192 3016 consideranti
1225 2959 1512 3015 dubitatio
1543 2959 1850 3027 succurrit,
1868 2975 2010 3014 num

359 3047 694 3104 Felchcrius
725 3048 919 3104 Maioli
952 3065 1095 3104 avus
1127 3049 1302 3103 fuerit
1332 3048 1429 3103 ille
1449 3048 1725 3104 Fotcratus
1755 3047 1870 3102 dux
1888 3049 2012 3104 Arc-

361 3135 675 3203 latcnsium,
697 3153 872 3209 quem
901 3137 1214 3193 Letharius
1237 3153 1353 3192 una
1373 3153 1512 3192 cum
1539 3136 1672 3192 aliis
1693 3137 2009 3192 comitibus

2129 571 2326 622 mente
2356 569 2694 632 tenuerunt,
2729 565 2913 620 donec
2946 565 3110 637 IIuge
3142 564 3318 620 Italiae
3352 581 3451 620 rex
3488 564 3786 621 maritimo

2129 671 2228 712 eos
2259 673 2325 711 ac
2355 655 2617 713 terrestri
2667 654 2921 709 exercitu
2955 654 3220 720 adortus,
3258 653 3490 708 illorum
3537 653 3790 710 navibus

2131 743 2328 798 Graeco
2359 743 2493 815 igne
2522 741 2866 810 combustis,
2885 741 3194 814 plerosque
3217 741 3586 798 Fraxinetum
3611 741 3788 798 relin-

2129 849 2307 903 quere
2355 836 2412 886 et
2462 832 2519 884 in
2571 835 2830 886 mentem
2882 831 3154 886 Maurum
3203 847 3265 886 se
3313 831 3568 902 recipere
3596 831 3792 902 coegit

2130 938 2284 976 anno
2302 922 2429 975 941.
2446 921 2557 976 Eos
2579 926 2776 975 autem
2798 920 3101 975 obsidione
3118 919 3340 976 cinctos
3360 921 3592 992 IIugein
3616 937 3788 976 suam

2129 1013 2478 1080 potestatem
2514 1008 2680 1064 facile
2702 1009 3046 1080 redegisset,
3064 1011 3118 1064 ni
3147 1011 3560 1082 Berengarium
3581 1011 3788 1065 adver-

2129 1097 2350 1151 sarium
2376 1097 2700 1162 timens,ab
2729 1097 2958 1152 illorum
2983 1099 3417 1170 oppugnatione
3438 1097 3788 1165 destitisset,

2131 1185 2338 1240 findere
2360 1203 2494 1240 cum
2515 1185 2601 1240 eis
2623 1186 2704 1240 ita
2727 1192 3096 1257 pereusse,ut
3119 1204 3253 1258 pars
3276 1187 3508 1240 illorum
3535 1187 3594 1240 in
3629 1204 3793 1242 men-

2127 1273 2288 1328 tibus
2321 1274 2546 1329 Italiam
2580 1275 2650 1328 ad
2683 1275 2893 1330 Suevia
2920 1275 3334 1330 dirimentibus
3363 1276 3793 1342 consideret,et

2128 1362 2544 1436 Bercngarium
2575 1380 2644 1418 ex
2671 1363 2882 1420 Suevia
2913 1381 3016 1436 per
3043 1381 3144 1422 eos
3175 1369 3432 1420 mentem
3463 1365 3790 1420 exercitum

2126 1451 2395 1522 trajicere
2426 1451 2762 1507 molientem
2794 1452 3125 1526 impediret.
3161 1453 3263 1510 Isti
3315 1471 3383 1510 eo
3433 1453 3560 1510 loco
3612 1453 3791 1526 positi

2127 1556 2509 1612 quoscunque
2533 1545 2735 1613 postea
2757 1541 2826 1596 ad
2848 1541 3246 1613 apostolorum
3266 1541 3472 1597 limina
3491 1541 3794 1598 visitanda

2127 1629 2260 1684 illac
2292 1629 2402 1685 iter
2431 1629 2710 1686 facientes
2740 1634 2844 1686 aut
2876 1629 3112 1703 penitus
3161 1631 3513 1703 spoliarunt,
3545 1635 3656 1687 aut
3703 1631 3790 1686 in.

2124 1717 2464 1774 humaniter
2495 1723 2888 1790 peremerunt.
2920 1719 3136 1776 Eodem
3169 1719 3382 1776 saeculo
3414 1720 3684 1792 Hungari
3726 1737 3792 1776 ex

2125 1806 2435 1861 Germania
2465 1805 2525 1861 in
2556 1806 2805 1862 Galliam
2839 1813 3015 1879 atque
3056 1807 3284 1863 Italiam
3329 1809 3544 1881 smpius
3591 1809 3788 1875 effusi,

2125 1893 2392 1950 funestas
2422 1893 2618 1951 clades
2637 1895 2985 1951 intulerunt.
3010 1895 3077 1951 Ili
3111 1897 3290 1952 ductu
3330 1897 3672 1969 Berengarii
3705 1914 3788 1953 re-

2125 1983 2235 2056 gis,
2271 2000 2443 2056 quem
2476 1984 2842 2057 Langobardi
2867 1983 3228 2057 expulerant,
3244 2002 3396 2040 anno
3415 1985 3522 2040 924
3555 1986 3785 2042 Italiam

2125 2071 2480 2142 depopulati,
2519 2075 2664 2128 teste
2718 2073 3066 2140 Fredearde,
3118 2077 3321 2146 postea
3381 2090 3484 2146 per
3533 2075 3788 2148 abrupta

2123 2159 2359 2231 Alpium
2381 2162 2529 2232 juga
2577 2166 2970 2231 transeuntes,
3005 2163 3064 2216 in
3117 2161 3366 2217 Galliam
3420 2163 3783 2236 irruperunt.

2123 2249 2280 2315 Quos
2301 2249 2666 2322 Rodulphus,
2689 2249 2995 2322 Cisalpina:
3017 2249 3216 2306 Galliae
3239 2267 3511 2319 rex,cum
3537 2253 3784 2327 Hugone

2121 2337 2436 2394 Viennensi
2471 2360 2500 2388 «
2533 2339 2688 2394 inter
2734 2339 3040 2412 angustias
3092 2338 3332 2395 collium
3372 2340 3727 2412 Alpinarum
3759 2369 3780 2395 ι

2122 2425 2441 2494 conclusit;
2468 2427 2622 2483 unde
2651 2427 2952 2500 inopinate
2977 2444 3078 2498 per
3098 2427 3265 2484 devia
3289 2429 3506 2484 montis
3529 2431 3786 2486 evaden-

2121 2517 2232 2581 tes,
2246 2515 2518 2571 Gethiam
2543 2515 3164 2588 impetierunt,ibidem
3179 2517 3522 2589 aprzedictis
3535 2519 3786 2575 Rodulfo

2121 2607 2177 2657 et
2199 2603 2439 2675 Hugene
2462 2605 2714 2659 subacti.
2731 2603 2908 2660 Paulo
2931 2605 3156 2676 post,id
3181 2611 3271 2661 est
3300 2623 3454 2662 anno
3473 2607 3605 2675 993,
3643 2610 3783 2664 dum

2121 2690 2286 2762 Hugo
2317 2708 2415 2746 rex
2447 2691 2624 2747 Italiae
2673 2693 2918 2749 Romam
2957 2692 3206 2762 obsidet,
3241 2693 3512 2750 Saraceni
3547 2701 3781 2753 meatus

2117 2777 2352 2850 Alpium
2379 2785 2878 2853 occupant,atque
2903 2781 3092 2837 vicina
3122 2799 3367 2855 qumque
3396 2782 3524 2839 loca
3553 2786 3782 2857 (lepra:-

2120 2867 2355 2923 dantur.
2391 2869 2630 2924 Biennio
2662 2874 2914 2941 peracto,
2942 2869 3200 2942 Hungari
3232 2887 3335 2942 per
3371 2872 3777 2944 Burgundiam

2118 2955 2338 3025 diﬂ‘usi,
2370 2957 2600 3028 praedis,
2621 2957 2907 3013 incendiis
2929 2975 2995 3012 ac
3025 2959 3284 3016 cazdibus
3315 2960 3774 3017 debacchantur.

2119 3045 2228 3100 Tot
2258 3051 2316 3100 et
2347 3051 2466 3101 tam
2498 3047 2830 3118 frequentes
2873 3046 3068 3103 clades
3119 3047 3359 3105 indubie
3405 3049 3694 3106 Maiolum
3719 3051 3772 3106 in

2119 3133 2325 3190 urbem
2358 3134 2737 3192 Masticonem
2767 3136 3071 3208 perfugere
3101 3142 3436 3210 coegerunt,
3466 3139 3612 3194 dum
3653 3140 3778 3195 Pro-

359 3223 640 3280 rebellare
661 3223 1092 3295 molientem,in
1111 3225 1470 3280 deditionem
1493 3225 1806 3296 accepisse,
1821 3241 2006 3297 eoque
2037 3212 2080 3279 C
2118 3222 2327 3290 vincia,
2359 3222 2418 3278 id
2449 3227 2540 3278 est
2571 3223 2760 3296 patria
2791 3224 2940 3294 ejus,
2959 3228 3046 3280 tot
3074 3223 3341 3281 cladibus
3373 3225 3774 3283 infestaretur.

359 3311 511 3369 facte
540 3313 891 3370 Provinciam
915 3313 1197 3370 ordinasse
1218 3319 1578 3370 memoratur
1606 3313 1665 3368 in
1681 3312 2007 3370 Annalibus

358 3401 752 3460 Fuldensibus
783 3420 936 3459 anno
965 3403 1091 3458 844.

428 3537 514 3594 12.
541 3536 856 3610 Postquam
872 3535 1120 3592 Maiolus
1134 3535 1378 3608 integris
1392 3535 1878 3608 intaminatisque
1891 3553 2010 3592 me-

356 3623 521 3681 ribus
552 3623 865 3698 pueritiam
897 3623 954 3680 in
987 3623 1176 3696 patria
1198 3624 1505 3697 exegisset,
1530 3647 1559 3675 α
1575 3641 1710 3680 eum
1732 3641 1866 3680 eum
1879 3625 2006 3697 jam

353 3713 470 3772 sibi
516 3713 837 3771 vindicaret
892 3713 1306 3782 adolescentia,
1348 3713 1692 3786 parentibus
1748 3715 2009 3770 humana

353 3807 510 3861 sorte
529 3803 837 3878 preventis
858 3803 957 3875 (ita
975 3803 1169 3858 scribit
1185 3803 1380 3874 Syrus)
1405 3803 1754 3876 prsidiisque
1793 3805 2008 3860 barba-

354 3893 477 3951 rica
505 3893 804 3949 invasione
824 3892 882 3947 in
908 3890 1288 3947 solitudinem
1311 3890 1580 3960 redactis,
1596 3891 1792 3948 divina
1811 3893 2006 3966 dispe-

354 3984 530 4038 nente
550 3981 914 4053 providentia
937 3978 1128 4038 natale
1150 3979 1344 4035 solum
1367 3982 1602 4036 coactus
1617 3985 1706 4036 est
1723 3981 2008 4049 deserere,

354 4085 422 4126 ac
439 4069 789 4140 Burgundia:
805 4072 1001 4142 partes
1019 4072 1287 4141 expetere
1311 4084 1325 4122 :
1347 4067 1706 4140 veniensque
1725 4069 1784 4124 in
1802 4071 2009 4127 urbem

355 4155 788 4224 Matiscensem,
809 4161 1121 4230 susceptus
1137 4162 1227 4212 est
1242 4156 1322 4212 ibi
1345 4157 1404 4213 in
1423 4156 1677 4230 hospitio
1699 4176 1732 4214 a
1751 4159 2008 4230 quedam

354 4261 464 4302 suo
496 4243 850 4318 propinquo,
884 4244 985 4317 qui
1036 4245 1187 4301 inter
1235 4244 1492 4318 reliquos
1537 4247 1806 4318 ejusdem
1845 4247 2009 4303 urbis

353 4349 622 4407 proceres
638 4333 960 4390 nobilitatis
981 4335 1225 4408 gerebat
1245 4335 1446 4390 decus.
1461 4333 1723 4408 Cumque
1743 4335 2008 4408 aliquan-

353 4422 457 4478 diu
487 4422 547 4478 in
577 4423 707 4494 ejus
739 4427 1069 4479 moraretur
1099 4421 1434 4493 diversorio,
1457 4424 1587 4496 ejus
1608 4423 1792 4480 fultus
1823 4425 2007 4480 admi-

353 4509 570 4579 niculo,
604 4509 692 4566 uti
739 4513 914 4584 ccepit
962 4513 1228 4584 ejusdem
1267 4513 1523 4569 civitatis
1569 4513 1864 4586 episcopo,
1907 4515 2006 4588 qui

351 4615 487 4656 eum
520 4598 745 4656 liberali
791 4618 1037 4658 cernens
1087 4601 1321 4675 ingenio
1351 4601 1560 4670 valere,
1594 4603 2006 4659 canonicorum

351 4689 582 4745 studuit
608 4689 852 4763 collegio
883 4690 1185 4763 copulare;
1219 4691 1316 4762 qui
1347 4691 1525 4746 etiam
1555 4708 1691 4746 eum
1723 4693 2007 4750 secretius

351 4793 589 4835 summa
619 4777 967 4834 hortabatur
989 4779 1291 4845 instantia,
1308 4783 1372 4833 ut
1391 4796 1453 4834 se
1472 4779 1755 4852 virginem
1779 4797 2005 4837 conser-

348 4870 528 4923 varet.
561 4887 590 4916 ››
623 4865 1035 4922 Matisconensi
1069 4865 1334 4922 Ecclesia:
1371 4871 1493 4922 tum
1527 4874 1768 4940 prmerat
1798 4871 2002 4938 Bcrne,

349 4956 523 5028 cuius
552 4954 612 5011 in
642 4955 1058 5011 Cluniacenses
1091 4955 1554 5012 munificentiam
1606 4956 1765 5012 varia
1796 4975 2002 5014 monu-

350 5047 553 5100 menta
581 5047 1006 5100 contestantur.

424 5159 512 5215 13.
546 5161 824 5227 Quaenam
855 5175 988 5217 vero
1020 5159 1096 5215 sit
1127 5158 1226 5215 illa
1255 5159 1469 5230 clades,
1486 5161 1556 5218 de
1588 5178 1704 5234 qua
1750 5162 1844 5218 hic
1887 5165 2007 5237 agit

353 5245 727 5320 Syrus,haud
759 5265 1181 5321 usquequaque
1201 5248 1586 5322 exploratum.
1603 5251 1727 5306 Due
1744 5251 2004 5310 hostium

351 5349 565 5408 genera
595 5335 954 5393 Provinciam
987 5353 1088 5408 per
1119 5337 1173 5392 id
1201 5342 1434 5411 tempus
1456 5337 1828 5409 infestarunt,
1843 5342 2001 5398 Hun-

352 5422 478 5495 gari
508 5429 567 5480 et
598 5425 892 5481 Saraceni.
927 5424 993 5480 Hi
1023 5425 1265 5497 piratico
1299 5444 1458 5482 more
1493 5443 1562 5485 ex
1612 5428 1911 5501 Hispania,
1943 5432 2002 5487 in

353 5509 580 5566 Italiam
615 5513 761 5570 ferte
803 5512 998 5582 delati,
1035 5513 1410 5570 Fraxinetum
1459 5531 1652 5572 arcem
1702 5518 1773 5573 ad
1825 5519 2000 5594 Alpes

353 5595 548 5660 Cotias
594 5607 951 5677 occaparunt
1001 5618 1154 5658 anno
1197 5603 1322 5670 891,
1357 5619 1602 5680 eamque
1645 5621 1749 5680 per
1780 5607 2000 5668 multos

2191 3311 2278 3365 14.
2301 3311 2816 3383 Intereatemperis
2831 3311 2879 3368 is
2892 3313 3210 3369 canonicus
3224 3314 3544 3371 Masticone
3561 3317 3772 3381 factus,

2121 3399 2473 3472 Lugdunum
2506 3399 2566 3455 in
2589 3399 2821 3457 scholas
2851 3401 3108 3470 abit,ubi
3139 3403 3388 3459 Antonio
3421 3411 3774 3478 praeceptore

2117 3489 2526 3556 usus,homine
2544 3489 2603 3544 in
2621 3488 2992 3562 philosophia
3007 3491 3257 3560 erudite,
3284 3514 3312 3542 ‹‹
3325 3493 3496 3563 cujus
3516 3494 3776 3550 multum

2117 3577 2412 3633 convaluit
2433 3577 2587 3650 (Syri
2613 3577 2734 3636 haec
2760 3579 2922 3634 verba
2950 3583 3098 3648 sunt)
3129 3596 3246 3636 non
3280 3582 3455 3637 mode
3484 3583 3773 3649 doctrina,

2117 3682 2320 3722 verum
2351 3666 2614 3723 moribus
2635 3670 2692 3722 et
2720 3667 2906 3722 vita.»
2943 3669 3320 3742 Lugdunensi
3346 3671 3667 3728 academiae
3686 3690 3780 3728 an-

2117 3753 2449 3826 tiquitatem
2500 3759 2652 3811 recte
2699 3756 2906 3828 probat
2953 3757 3195 3813 Hericus
3240 3759 3774 3817 Antissiodorensis

2117 3842 2443 3898 monachus
2475 3842 2534 3899 in
2565 3842 2713 3900 libro
2747 3845 2768 3900 Ι
2799 3845 2870 3900 de
2903 3845 3199 3902 Miraculis
3250 3848 3309 3903 S.
3344 3849 3645 3919 Germani,
3679 3850 3772 3905 ubi

2117 3931 2354 3987 disserit
2384 3931 2455 3988 de
2485 3933 2848 4004 temporibus
2877 3933 3198 3990 Constantii
3249 3936 3685 4008 Lugdunensis,
3717 3938 3780 3992 id.

2117 4023 2207 4075 est
2235 4020 2307 4076 de
2337 4019 2554 4077 saeculo
2581 4021 2807 4093 quinto.
2843 4045 2871 4074 «
2903 4023 3004 4088 Ea,
3024 4023 3237 4096 inquit,
3257 4029 3612 4096 tempestate
3635 4028 3774 4100 Lug-

2119 4107 2476 4164 dunensium
2511 4109 2718 4165 civitas
2747 4109 2938 4182 prima
2976 4127 3042 4166 ac
3090 4113 3382 4184 praecipua
3427 4114 3771 4181 Galliarum,

2119 4196 2480 4268 professione
2512 4214 2743 4270 quoque
2775 4198 3032 4254 scientia:
3081 4200 3413 4273 artiumque
3461 4202 3772 4276 disciplina

2119 4283 2273 4339 inter
2301 4301 2505 4340 omnes
2535 4285 2820 4341 extulerat
2841 4291 3036 4358 caput.
3059 4287 3317 4360 Ibi,quas
3339 4289 3773 4360 dicunt,libera—

2117 4371 2262 4428 lium
2297 4371 2740 4446 disciplinarum
2770 4374 2998 4447 peritia,
3016 4393 3279 4450 quasque
3299 4379 3502 4435 ordine
3544 4397 3770 4437 currere

2118 4461 2228 4518 hoc
2258 4466 2518 4534 tempore
2551 4462 2749 4519 fabula
2778 4468 3010 4520 tantum
3034 4469 3223 4534 est,ee
3250 4483 3436 4539 usque
3457 4470 3766 4532 convaluit,

2041 4582 2084 4646 Β
2120 4554 2184 4606 ut
2213 4555 2501 4646 quantum
2525 4552 2597 4606 ad
2621 4551 2852 4646 scholas
2869 4551 3170 4646 publicum
3195 4554 3594 4646 appellaretur
3610 4559 3770 4613 citra-

2117 4639 2325 4694 marini
2340 4639 2499 4694 orbis
2511 4641 2983 4711 gymnasium.Et
3001 4647 3065 4696 ut
3078 4641 3298 4715 aliquid
3313 4644 3560 4701 rationis
3572 4648 3768 4702 afferre

2113 4727 2411 4796 Videar,ee
2451 4729 2507 4782 id
2543 4734 2890 4802 argumento
2921 4730 3277 4804 colligimus,
3313 4736 3466 4806 quod
3501 4736 3765 4808 quisquis

2114 4815 2329 4872 artium
2361 4817 2822 4887 profitendarum
2865 4820 3196 4876 afficeretur
3243 4822 3459 4891 studio,
3477 4841 3593 4880 non
3639 4830 3762 4878 ante

2113 4903 2391 4975 professis
2433 4903 2673 4960 inscribi
2705 4908 3252 4980 merebatur,quam
3283 4910 3419 4965 hinc
3473 4911 3763 4984 explorata

2111 4991 2418 5064 diligentia
2446 4994 2815 5050 examinatus
2867 4995 3074 5067 abiret,
3092 4997 3190 5052 ubi
3237 4999 3616 5072 professorum
3665 5017 3760 5055 no-

2113 5081 2268 5136 mine
2290 5098 2388 5138 eos
2409 5081 2686 5155 intelligit
2706 5085 2946 5156 gradus,
2962 5087 3116 5158 quod
3143 5087 3465 5160 magisterii
3487 5093 3544 5144 et
3563 5090 3762 5146 decle-

2116 5167 2196 5224 ris
2225 5168 2459 5225 nomine
2490 5185 2821 5227 censemus.
2849 5172 2930 5227 Ex
2977 5189 3178 5229 eorum
3213 5192 3456 5232 numero
3487 5181 3610 5232 erat
3637 5194 3760 5250 pro-

2114 5257 2350 5313 cedente
2399 5257 2610 5314 szrculo
2642 5277 2677 5313 x
2713 5260 3025 5329 Antonius,
3058 5279 3215 5335 quem
3261 5265 3435 5321 virtus
3475 5274 3529 5322 et
3577 5267 3761 5338 religio

2113 5345 2318 5401 insulae
2344 5347 2702 5404 Barbarensis
2728 5351 3052 5422 prazfecerat
3079 5352 3334 5420 cwnobio,
3350 5370 3419 5408 ex
3451 5354 3614 5427 Syre.
3636 5355 3761 5410 Erat

2112 5433 2208 5489 hic
2227 5433 2391 5490 locus
2412 5435 2471 5490 in
2491 5436 2818 5493 meditullio
2837 5439 3035 5495 Araris
3057 5457 3236 5512 supra
3267 5441 3648 5514 Lugdunum,
3668 5459 3758 5498 ce-

2109 5521 2288 5580 lebris
2313 5524 2613 5596 quondam
2635 5525 2860 5582 ordinis
2879 5527 3062 5584 nostri
3095 5529 3350 5598 abbatia,
3373 5548 3564 5604 nuper
3583 5549 3755 5588 sarcu-

2107 5609 2214 5670 lari
2244 5616 2400 5668 veste
2431 5612 2647 5669 donata
2674 5629 2686 5668 :
2723 5613 2783 5670 in
2814 5616 2986 5688 cujus
3016 5616 3313 5690 indicibus
3345 5619 3630 5679 abbatum
3659 5637 3757 5678 nu-
