4066 6172
302 337 425 395 717
1570 330 1921 394 ELOGIUM

2036 332 2481 399 [STORICUM.
3630 358 3748 420 718

306 484 475 523 mero
506 465 895 522 ascribendus
927 471 1017 522 est
1052 468 1360 534 Antonius,
1395 483 1527 521 cum
1558 466 1617 521 id
1663 466 1844 538 Syrus
1874 465 1967 521 di-
1998 466 2051 532 Α
2085 467 2334 524 tionsem
2368 472 2703 542 Gorfredus,
2729 475 2903 547 cujus
2925 477 3299 537 deccssorem
3331 483 3563 553 penitus
3591 504 3747 558 pers-

303 561 467 613 serto
498 558 883 611 contestatur.
1892 610 1903 617 _
2081 561 2318 628 pectum
2351 576 2468 614 non
2500 559 2707 617 habeo.

382 648 470 701 15.
504 646 547 701 Ε
598 643 813 699 studiis
864 659 1134 701 reversus
1189 643 1454 711 Maiolus,
1492 665 1520 694 α
1572 660 1673 715 per
1723 647 1921 698 cunctc

2082 662 2180 717 IlI.
2214 663 2406 721 Maioli
2432 671 2710 725 conversio
2740 670 2812 726 ad
2842 672 3015 728 vitam
3042 679 3418 733 monasticam.
3440 678 3742 739 Abbatialz's

300 736 528 809 gradus
574 733 981 790 conscendens
1013 733 1458 801 ecclesiasticos,
1489 750 1623 788 cum
1656 732 1965 787 levitarum
2805 743 3013 800 ειεειίο,

301 824 593 897 potiretur
622 822 835 891 officio,
856 823 930 878 ad
952 822 1219 892 eiusdem
1243 839 1429 894 usque
1456 838 1669 889 arcem,
1696 821 1966 876 doctrina
2150 826 2573 897 16‘.Aymardo
2597 829 2807 885 abbate
2831 831 3082 888 Maiolus
3104 834 3447 892 Cluniacum
3473 839 3737 911 frequen-

299 914 359 968 id
391 912 676 983 exigente,
712 912 784 966 ab
817 912 1023 966 eodem
1056 916 1143 967 est
1173 911 1527 966 sublimatus
1559 912 1963 982 suprascripto
2073 915 2164 966 ter
2194 916 2525 983 accedebat,
2559 942 2578 966 α
2607 922 2663 971 et
2694 936 2829 974 cum
2865 921 3143 978 fratribus
3174 926 3448 996 frequens
3477 927 3733 985 habebat

297 1002 598 1075 pontitice,
625 1024 652 1050 ››
688 1001 745 1056 id
793 1006 883 1055 est
932 1002 1005 1055 ad
1056 1000 1529 1055 archidiaconatus
1575 1002 1839 1071 ofﬁcium,
1877 1000 1960 1054 uti
2073 1002 2434 1074 colioquium
2482 1011 2539 1060 et
2580 1007 2843 1078 spiritale
2889 1012 3359 1082 contubernium,
3389 1037 3410 1064 ι
3448 1017 3728 1073 referente

294 1091 426 1163 Syri
451 1091 627 1145 verba
656 1090 907 1161 explicat
936 1089 1122 1144 Odilo.
1150 1092 1227 1144 Ea
1260 1089 1317 1143 in
1350 1090 1631 1159 dignitate
1662 1107 1853 1144 mores
1886 1091 1958 1143 ad
2071 1089 2337 1159 Odilone,
2366 1094 2581 1164 quibus
2613 1095 2671 1149 in
2703 1098 2852 1153 votis
2883 1104 3007 1154 erat
3032 1106 3145 1155 «ut
3174 1119 3307 1157 eum
3343 1110 3582 1174 possent
3613 1106 3725 1161 sibi

292 1180 577 1235 doctrinae
598 1179 841 1233 formam
863 1177 1964 1250 componens,Christianisvirtutibus,
2069 1180 2377 1251 acquirere
2416 1184 2676 1253 fratrem,
2712 1204 2886 1258 quem
2938 1191 3313 1259 postmodum
3362 1198 3727 1249 mererentur

293 1268 552 1324 maxime
583 1267 641 1321 in
676 1283 999 1338 pauperum
1023 1266 1305 1321 charitate
1326 1266 1601 1321 excelluit
1624 1283 1636 1320 :
1662 1268 1815 1338 quod
1845 1268 1954 1339 ipsi
2067 1266 2287 1323 habere
2318 1275 2375 1323 et
2408 1276 2651 1342 patrem.
2680 1278 2740 1329 In
2776 1275 2955 1347 hujus
2986 1294 3116 1331 vero
3147 1279 3543 1336 conversionis
3564 1282 3726 1338 obse-

289 1357 562 1411 omnium
586 1355 1084 1410 existimationem
1115 1355 1718 1427 comparavit.Verum
1746 1355 1798 1411 is
1828 1355 1955 1411 lau-
2066 1356 2207 1427 quio
2260 1358 2514 1414 multum
2555 1362 2739 1417 valuit
2781 1365 3128 1420 venerabilis
3177 1366 3283 1420 viri
3342 1368 3721 1427 llildcbranni

288 1448 397 1501 des
428 1443 663 1516 fugiens
683 1459 751 1499 ac
772 1442 1114 1515 popularem
1142 1443 1489 1511 tumultum,
1514 1443 1831 1499 identidem
1859 1462 1953 1500 se-
2064 1444 2259 1501 dulcis
2272 1446 2579 1503 collocutio
2596 1454 2653 1504 et
2670 1451 2949 1522 spiritalis
2966 1454 3399 1526 suggestio.Hic
3415 1473 3549 1511 cum
3566 1462 3725 1513 esset
3744 1476 3751 1487 κ

286 1534 535 1591 cedebat
559 1532 669 1587 «in
699 1532 1277 1605 oratoriolum,quod
1316 1532 1446 1605 ipse
1480 1532 1949 1602 remdificavcrat,
2061 1551 2130 1588 ex
2162 1534 2459 1613 prioribus
2499 1537 2983 1596 (lluniacensibus
3014 1546 3071 1596 et
3101 1543 3405 1599 monachis
3452 1545 3719 1616 ejusdem

276 1623 471 1679 sancti
498 1621 823 1687 Michaelis,
842 1626 1007 1676 trans
1027 1622 1313 1690 Ararim,»
1332 1621 1433 1677 ubi
1452 1628 1480 1671 «ξ
1500 1622 1560 1676 in
1582 1622 1950 1679 orationibus
2062 1624 2405 1679 monasterii
2440 1628 2809 1699 praepositus,
2835 1628 2923 1686 bis
2946 1630 3225 1686 invitatus
3245 1635 3334 1687 est
3363 1637 3427 1688 ut
3456 1634 3718 1692 otflcium

274 1708 1946 1785 pcrvigil,divinofamulaminimanciparcturattentius.»
2060 1712 2309 1784 abbatige
2360 1715 2703 1787 susciperet,
2739 1718 2839 1773 sed
2883 1718 3101 1787 noluit;
3137 1721 3274 1792 quia
3304 1737 3537 1795 semper
3582 1722 3718 1795 plus

260 1802 421 1858 Inde
443 1800 504 1856 in
527 1799 776 1856 aliorum
801 1801 1129 1871 profectum
1154 1816 1215 1855 se
1241 1801 1583 1867 extendens,
1609 1818 1679 1856 ex
1699 1802 1945 1857 diversis
1974 1836 2023 1901 Β
2058 1800 2294 1857 obedire
2326 1819 2504 1874 quam
2554 1806 2886 1878 prmcipere,
2919 1812 2977 1863 et
3008 1809 3197 1881 magis
3243 1810 3484 1868 subesse
3533 1828 3713 1884 quam

267 1892 345 1947 ad
365 1908 428 1946 se
447 1888 712 1962 partibus
729 1888 971 1945 clericos
988 1890 1399 1945 convenientes
1415 1892 1586 1961 gratis
1605 1890 1940 1963 libenterque
1974 1888 2021 1901 ”
2053 1906 2304 1961 praeesse
2351 1892 2558 1947 voluit.
2582 1916 2609 1942 ››
2638 1894 2797 1950 Hanc
2845 1913 2978 1952 vero
3040 1897 3236 1953 Maioli
3274 1899 3709 1957 conversionem

266 1980 763 2036 erudiebat.Tum
791 1977 1046 2033 hominis
1079 1980 1234 2033 fama
1257 1995 1737 2051 quaquaversum
1763 1980 1934 2034 difl'u-
2048 1994 2162 2032 non
2196 1978 2397 2034 solum
2433 1981 2492 2036 in
2516 1981 2978 2039 Hildebrannum
3013 1985 3285 2057 priorem,
3309 1988 3410 2043 sed
3436 1987 3612 2043 etiam
3646 1988 3706 2043 in

260 2086 393 2137 sa,“
409 2066 857 2124 Vesontionensi
881 2065 1320 2138 archiepiscopo
1338 2068 1491 2122 viam
1512 2068 1797 2124 universm
1816 2084 1936 2124 car-

262 2158 359 2214 nis
384 2158 667 2230 ingresso,
684 2162 803 2211 tam
827 2156 1015 2227 ipsius
1033 2159 1196 2211 terra:
1220 2156 1529 2229 principis,
1548 2174 1728 2229 quam
1751 2157 1931 2214 totius

260 2246 400 2302 cleri
424 2263 713 2301 consensu
739 2250 797 2300 et
828 2243 1049 2316 populi,
1076 2244 1147 2299 ad
1179 2244 1310 2315 ejus
1341 2246 1576 2302 culmen
1610 2247 1933 2319 suscipien-

260 2337 409 2391 dum
441 2334 815 2407 pontificatus
838 2335 1046 2389 beatus
1068 2332 1318 2389 Maiolus
1346 2334 1667 2407 impulsus,
1693 2358 1721 2386 »
1748 2336 1929 2391 haud-

263 2440 565 2497 quaquam
596 2422 882 2479 assentire
902 2420 1121 2477 voluit:
1146 2422 1414 2493 quinimo
1437 2440 1503 2478 eo
1526 2423 1719 2496 magis
1743 2425 1812 2479 ad
1838 2425 1931 2479 de-

263 2512 602 2568 clinandam
624 2515 776 2583 (qua:
809 2509 1098 2583 fugientes
1140 2510 1306 2582 sequi
1348 2511 1515 2583 solet)
1548 2511 1801 2585 gloriam
1835 2530 1927 2567 ar-

263 2600 496 2658 dentior
525 2601 734 2669 factus,
759 2600 830 2655 de
863 2597 1076 2655 sazculo
1108 2599 1385 2672 fugiendo
1416 2600 1623 2656 sedulo
1670 2601 1929 2673 cogitare

261 2690 458 2763 ccepit.
492 2690 602 2745 Sed
623 2693 700 2759 .ut
730 2687 1066 2745 accuratius
1105 2693 1362 2761 tempus,
1396 2707 1513 2761 quo
1556 2691 1614 2744 id
1657 2690 1924 2773 contigit,

261 2779 614 2851 investigare
634 2778 828 2845 liceat,
851 2776 1122 2850 quaedam
1155 2776 1351 2833 Maioli
1376 2784 1499 2833 tum
1523 2779 1925 2834 archidiaconi

258 2870 413 2924 facta
433 2868 526 2922 hic
543 2882 1003 2923 commemorare
1011 2866 1198 2936 juvat.
1216 2866 1277 2921 In
1302 2866 1395 2921 his
1416 2866 1705 2939 reperitur
1721 2867 1925 2923 charta

259 2955 1042 3029 quaedam,qua«Achertus
1082 2954 1170 3010 vir
1208 2956 1495 3026 przecelsa:
1536 2955 1863 3011 nobilitatis
1892 2979 1919 3006 ››

257 3064 292 3101 a
321 3046 691 3118 Maymboldo
722 3061 826 3100 seu
858 3043 1171 3099 Mainbodo
1198 3043 1470 3117 episcopo
1498 3043 1917 3116 Matisconcnsi

258 3137 459 3208 (quem
493 3134 757 3190 nonnulli
807 3131 1189 3203 Maguboldum
1239 3133 1517 3189 mendose
1560 3134 1793 3204 vocant)
1827 3151 1918 3189 ec-

2042 2069 2319 2139 Aymardi
2359 2094 2378 2118 α
2419 2070 2693 2125 meritum
2727 2072 3022 2143 patientim
3054 2079 3111 2129 et
3140 2075 3468 2132 innocentis
3499 2077 3652 2143 vitm,
3673 2100 3701 2127 ››

2043 2156 2116 2211 ob
2149 2174 2327 2227 quam
2358 2181 2385 2208 α
2419 2163 2578 2214 tanto
2610 2159 2829 2231 talique
2860 2179 2894 2215 a
2922 2161 3152 2218 Christo
3183 2164 3408 2221 ditatus
3436 2169 3526 2222 est
3563 2183 3694 2223 mu-

2042 2260 2199 2313 nere,
2226 2250 2291 2300 ut
2320 2248 2448 2319 ejus
2481 2252 2740 2320 tempore
2762 2250 2833 2303 ad
2858 2267 3115 2306 amorem
3140 2253 3447 2309 monastici
3470 2254 3695 2311 ordinis

2040 2337 2246 2388 auctor
2283 2339 2497 2391 nostra:
2547 2337 2755 2393 salutis
2805 2339 3042 2395 beatum
3088 2340 3367 2398 Maiolum
3416 2343 3693 2415 dignatus

2039 2419 2117 2475 sit
2146 2438 2460 2480 accersere.
2487 2446 2514 2475 ››

2112 2510 2200 2564 17.
2237 2511 2560 2569 Monachus
2582 2515 2791 2585 factus,
2816 2539 2843 2566 «
2869 2517 3151 2590 singulari
3174 2537 3289 2592 prae
3310 2521 3533 2577 caeteris
3554 2538 3694 2594 pra)-

2038 2598 2335 2654 cminebat
2374 2600 2606 2670 virtute,
2632 2624 2661 2652 ››
2695 2604 2777 2659 ait
2809 2605 2988 2677 Syrus
3024 2623 3036 2659 :
3068 2624 3321 2680 eumque
3362 2611 3691 2682 Aymardus

2040 2708 2068 2735 α
2092 2685 2456 2743 bibliotheca:
2479 2692 3312 2766 praeficiens,apocrisiariatus
3332 2698 3591 2753 ofﬁcium
3615 2699 3693 2753 ei-

2034 2774 2166 2831 dem
2200 2775 2511 2847 injunxit,»
2539 2779 2610 2833 de
2640 2784 2847 2837 czetero
2870 2800 2903 2836 a
2922 2783 3149 2855 Virgilii
3177 2783 3543 2857 aliorumque
3563 2803 3690 2858 pro-

2033 2864 2305 2920 fanorum
2335 2871 2639 2922 auctorum
2671 2867 2919 2926 lectione
2941 2871 3265 2941 abstinens,
3288 2872 3551 2946 aliosque
3572 2876 3686 2930 fra-

2032 2956 2149 3007 tres
2172 2953 2246 3008 ab
2267 2971 2334 3009 ea
2356 2955 2716 3014 deterrens.«
2733 2959 3190 3031 Aprocrisiarius
3206 2967 3296 3018 est
3310 2962 3409 3034 qui
3434 2963 3689 3020 custodit

2031 3042 2289 3097 ecclesia:
2322 3043 2685 3114 thesaurum,
2711 3052 2768 3102 et
2797 3046 2857 3104 in
2889 3051 3059 3123 cujus
3090 3068 3268 3107 manu
3291 3055 3380 3107 est
3398 3051 3684 3125 quidquid

2032 3146 2066 3184 a
2093 3130 2476 3202 popularibus
2500 3134 2573 3189 ad
2606 3134 2813 3192 altaria
2834 3138 3127 3194 olfertur.»
3153 3140 3462 3197 Udalricus
3484 3146 3688 3197 auctor

258 3199 472 3280 clesias
491 3224 682 3295 quoad
703 3199 943 3287 viveret,
968 3221 1194 3276 obtinet
1216 3221 1273 3275 in
1297 3222 1477 3276 fundo
1506 3239 1625 3276 sua:
1653 3199 1916 3293 proprie-
1950 3199 1994 3268 (ἶ
2034 3199 2225 3273 ἱιιἸὶῘ).
2258 3237 2321 3274 ιιι
2373 3221 2881 3280 Consuetudinum
2914 3226 3384 3285 Cluniacensium
3433 3246 3560 3302 cap.
3596 3231 3683 3286 12.

259 3313 420 3380 tatis,
445 3311 545 3384 qui
575 3312 791 3367 dicitur
836 3310 1145 3366 Scociasus
1175 3311 1542 3383 (Escumlles),
1569 3310 1668 3365 ubi
1702 3311 1919 3383 princi-

259 3401 410 3474 palis
441 3400 687 3457 ecclesia
715 3404 806 3456 est
837 3400 896 3453 in
930 3399 1145 3479 honore
1178 3400 1362 3454 sancti
1387 3400 1651 3466 Andreae,
1678 3399 1922 3472 insuper

259 3488 486 3561 capella
526 3489 711 3544 sancti
758 3487 1026 3556 Joannis,
1060 3492 1117 3543 et
1166 3487 1348 3543 altera
1397 3488 1583 3543 sancti
1636 3488 1917 3545 Marcelli.

260 3577 488 3643 Quibus
519 3576 730 3633 litteris
758 3594 937 3633 manu
964 3576 1201 3648 propria
1221 3576 1604 3632 subscribunt
1627 3577 1922 3648 Maymbo-

260 3667 374 3723 dus
394 3666 726 3739 cpiscopus,
746 3667 868 3721 Ado
890 3664 1347 3737 abba,(dignitas
1370 3665 1627 3720 ecclesia:
1652 3665 1790 3719 Mati
1800 3684 1920 3722 sco-

260 3755 485 3827 nensis)
507 3760 563 3810 et
585 3754 848 3827 Mayolus
870 3753 1336 3821 archidiaconus,
1362 3770 1515 3808 anno
1536 3754 1708 3808 tertio
1734 3754 1918 3811 Ludo-

256 3845 372 3900 vici
394 3843 790 3916 regis,Christi
809 3844 936 3899 939.
955 3843 1095 3899 Item
1114 3860 1268 3898 anno
1290 3843 1555 3914 ejusdem
1581 3842 1735 3915 regis
1758 3850 1918 3901 sexto

255 3933 417 3993 idem
437 3932 808 3989 Maimbodus
828 3931 1054 3987 «nobili
1078 3931 1199 3987 viro
1226 3931 1491 3986 Achardo
1510 3952 1536 3980 »
1557 3935 1774 3987 terram
1797 3949 1917 3988 sua:

256 4020 538 4089 ecclesiae,
568 4043 595 4071 u
623 4020 799 4076 sitam
832 4021 891 4076 in
925 4036 1075 4093 pago
1109 4021 1378 4088 Forense,
1405 4043 1433 4070 »
1457 4018 1645 4075 locat:
1671 4020 1919 4093 ejusque

256 4112 340 4167 rei
376 4111 769 4166 instrumento
792 4110 943 4165 inter
962 4109 1108 4166 alios
1131 4126 1371 4165 manum
1397 4126 1463 4165 ac
1486 4109 1721 4181 signum
1746 4126 1920 4183 appo-

257 4200 348 4255 nit
379 4199 639 4271 Mayolua
686 4199 1111 4254 archidiaconus
1150 4203 1284 4253 ante
1314 4198 1572 4253 Adonem
1619 4198 1914 4255 abbatem.

256 4290 466 4361 Itaque
484 4289 554 4343 ad
582 4288 638 4343 id
657 4305 844 4360 usque
863 4292 1095 4360 tempus
1112 4287 1563 4343 archidiaconus
1585 4304 1712 4342 esse
1730 4304 1919 4359 perse-

253 4378 478 4435 veravit
514 4376 779 4445 Maiolus,
805 4394 1012 4448 nempe
1052 4378 1123 4432 ad
1167 4392 1388 4431 annum
1440 4375 1712 4430 Ludovici
1765 4379 1918 4450 regis

258 4471 520 4533 sextum,
546 4467 643 4538 qui
686 4466 901 4522 Christi
937 4482 1130 4521 annus
1158 4466 1265 4519 942
1295 4469 1437 4531 erat,
1476 4464 1745 4536 idemque
1797 4467 1916 4537 pri-

2029 3306 2115 3361 Ad
2150 3307 2302 3363 idem
2329 3310 2586 3366 officium
2621 3313 2975 3385 pertinuisse
3002 3315 3252 3384 videtur,
3278 3321 3345 3372 ut
3375 3319 3423 3373 si
3456 3336 3573 3391 qua
3592 3336 3687 3376 ne-

2032 3396 2190 3469 gotia
2213 3396 2366 3452 foras
2388 3401 2761 3471 exsequenda
2780 3407 2964 3472 erant,
2989 3420 3190 3459 eorum
3213 3405 3404 3477 gratia
3425 3407 3683 3463 mittere-

2034 3490 2130 3539 tur
2150 3486 2587 3557 apocrisiarius,
2605 3493 2669 3543 ut
2687 3491 2840 3561 apud
2866 3492 3179 3548 Romanos.
3197 3493 3447 3550 Maiolus
3466 3494 3685 3568 quippe

2031 3572 2347 3643 aliquando
2370 3577 2592 3630 missus
2614 3582 2702 3631 est
2734 3578 2978 3635 Romam
3002 3582 3073 3636 ab
3099 3583 3390 3653 Aymardo
3422 3585 3682 3656 negotio-

2030 3678 2161 3716 rum
2193 3680 2400 3729 causa;
2435 3680 2619 3735 eoque
2651 3665 2710 3719 in
2743 3665 2948 3723 itinere
2973 3668 3274 3739 Yporedize
3296 3672 3501 3740 (Yvrée)
3531 3676 3682 3744 (quae

2030 3750 2171 3806 urbs
2202 3754 2292 3805 est
2321 3751 2670 3823 episcopalis
2702 3754 2811 3808 sub
2842 3753 3281 3829 archiepiscopo
3312 3758 3683 3829 Taurinensi)

2029 3838 2365 3895 Heldricum
2408 3841 2763 3897 monachum
2788 3846 3164 3915 aegrotantem
3197 3846 3346 3900 sacri
3386 3846 3497 3901 olei
3537 3863 3680 3903 unc-

2028 3926 2185 3983 tione
2215 3934 2407 3985 sanat.
2438 3931 2647 3985 Fuerat
2678 3930 2727 3985 is
2753 3952 2778 3991 ᾳ
2803 3932 3099 4001 quondam
3133 3932 3193 3988 in
3218 3933 3381 3989 Italia
3408 3933 3560 3990 inter
3580 3952 3683 3992 caa-

2028 4019 2182 4071 teros
2204 4017 2493 4089 palatinos
2515 4018 2875 4074 honorabilis
2892 4037 2939 4087 ;››
2967 4020 3065 4092 qui
3082 4042 3109 4070 ‹‹
3129 4020 3289 4077 uxori
3308 4038 3442 4077 cum
3467 4039 3682 4097 magna

2028 4120 2226 4160 rerum
2254 4106 2562 4178 temporali
2597 4107 2764 4179 cepia
2794 4108 3239 4178 abrenuntians,
3272 4110 3533 4183 deposito
3563 4114 3685 4169 cin-

2027 4193 2165 4266 gulo
2198 4194 2542 4250 Cluniacum
2591 4213 2653 4251 se
2706 4198 3033 4266 conferens,
3074 4198 3225 4254 beati
3276 4199 3570 4257 Benedicti
3618 4220 3681 4259 se

2028 4282 2296 4337 subdidit
2325 4284 2645 4355 proposito,
2665 4306 2692 4334 ››
2717 4287 3035 4357 etquidem
3068 4286 3261 4343 Maioli
3282 4289 3439 4345 fama
3461 4290 3682 4361 impul-

2030 4387 2152 4439 sus,
2190 4376 2255 4427 ut
2294 4372 2472 4427 tradit
2513 4373 2695 4444 Syrus
2736 4374 2795 4429 in
2839 4374 2940 4431 lib.
2965 4378 3135 4431 11.An
3165 4375 3215 4431 is
3246 4377 3323 4432 sit
3352 4376 3675 4446 Heldricus,

2029 4460 2129 4531 qui
2163 4460 2351 4516 sancti
2373 4462 2643 4517 Germani
2671 4466 2826 4534 apud
2848 4465 3319 4522 Autissiodorum
3343 4467 3524 4522 abbas
3548 4468 3677 4536 fuit,

256 4573 400 4611 mus
430 4556 702 4626 Aymardi
753 4555 983 4611 abbatis
1027 4553 1430 4610 Cluniacensis
1480 4558 1612 4623 post
1667 4559 1912 4611 mortem
1946 4568 1998 4633 Β
2030 4548 2275 4605 inferius
2298 4550 2716 4622 expendemus.
2745 4555 3021 4610 Unctionis
3049 4563 3449 4611 sacramentum
3478 4555 3680 4627 appel-

258 4644 646 4788 Odﬁijlfbum
696 4732 988 4803 ejusmodi
1042 4732 1306 4787 moribus
1357 4730 1597 4803 polleret
1650 4732 1919 4810 Maiolus,

262 4822 712 4878 Vesontionensi
754 4821 1193 4893 archiepiscopo
1221 4820 1372 4875 viam
1414 4821 1697 4877 universa:
1728 4828 1921 4881 carnis

260 4914 557 4985 ingresso,
591 4916 709 4966 tam
743 4910 930 4983 ipsius
961 4914 1125 4965 terra;
1178 4909 1463 4981 principis
1514 4928 1690 4980 quam
1742 4916 1922 4972 totius

258 5002 404 5058 cleri
436 5018 725 5056 consensu
758 5004 815 5055 et
844 4998 1065 5071 populi,
1090 4999 1162 5053 ad
1196 4999 1322 5069 ejus
1344 4998 1574 5053 culmen
1600 5002 1920 5073 suscipien-

258 5093 412 5147 dum
437 5089 813 5161 pontificatus
834 5086 1379 5159 impellitur.-Quod
1406 5086 1529 5157 ipse
1553 5105 1666 5158 pra:
1690 5092 1918 5146 modes-

258 5182 347 5236 tia
365 5183 706 5234 constanter
727 5175 1033 5233 recusavit.
1051 5176 1110 5230 Id
1136 5192 1169 5230 a
1188 5176 1331 5247 Syro
1350 5180 1406 5229 et
1427 5175 1684 5247 Nalgodo
1707 5194 1921 5235 memo-

260 5271 366 5325 rize
390 5267 684 5341 proditum
721 5271 828 5335 est,
855 5283 961 5322 nec
999 5264 1213 5319 mirum
1254 5264 1301 5318 si
1347 5266 1803 5335 prmtcrmissum
1847 5269 1920 5323 ab

259 5356 638 5427 Odilone,qui
661 5355 837 5410 etiam
871 5355 942 5409 de
983 5357 1247 5408 recusata
1286 5353 1501 5406 summi
1545 5355 1921 5423 pontiﬁcatus

262 5445 555 5518 dignitate
604 5443 787 5500 siluit.
812 5442 1033 5513 Quippe
1072 5440 1170 5512 qui
1212 5439 1404 5495 Maioli
1447 5440 1615 5496 breve
1663 5442 1919 5515 elogium

264 5534 472 5610 potius
493 5532 847 5588 excurrendo
868 5530 1171 5586 adornavit
1188 5546 1362 5602 quam
1380 5528 1557 5584 vitam
1583 5538 1920 5589 accuratam

266 5622 629 5699 composuit.
653 5620 843 5679 Maioli
871 5619 997 5677 loco
1028 5617 1245 5676 electus
1272 5622 1360 5674 est
1389 5618 1448 5675 in
1480 5619 1677 5676 sedem
1708 5620 1919 5680 Veson-

2030 4637 2111 4693 lat
2142 4638 2439 4711 Nalgodus
2489 4656 2622 4695 cum
2674 4643 2875 4711 ritum,
2900 4660 3016 4714 quo
3058 4643 3361 4700 Ileldricus
3399 4661 3434 4699 a
3471 4644 3679 4701 Maiolo

2034 4732 2277 4781 sanatus
2309 4732 2415 4784 est.
2442 4728 2564 4783 Huc
2596 4736 2864 4801 spectant
2893 4748 2960 4785 ea
2990 4749 3115 4803 qua:
3156 4731 3413 4789 diximus
3444 4733 3502 4787 in
3535 4750 3677 4805 prie-

2035 4816 2249 4871 fatione
2282 4817 2477 4872 saeculi
2509 4820 2680 4891 primi
2712 4820 2781 4874 de
2812 4820 3100 4889 ejusmodi
3133 4822 3527 4878 unctionibus.

2108 4906 2190 4961 I8.
2221 4906 2562 4961 Przedictum
2595 4907 3068 4978 apocrisiariatus
3089 4909 3347 4964 officium
3378 4910 3515 4965 item
3547 4928 3678 4984 pro-

2034 4995 2177 5050 bant
2194 4996 2309 5050 alia
2326 4997 2592 5066 quaedam
2618 4997 2869 5068 negotia,
2894 5014 3147 5067 quorum
3170 5004 3473 5056 exsecutor
3496 5001 3683 5057 Maio-

2034 5084 2126 5137 lus
2150 5083 2472 5139 monachus
2497 5083 2622 5137 fuit.
2639 5084 2783 5139 Nam
2804 5102 2955 5138 anno
2974 5087 3033 5139 11
3058 5086 3331 5143 Ludovici
3348 5089 3502 5162 regis
3522 5111 3549 5139 «
3568 5090 3684 5146 Hil-

2032 5172 2368 5226 debrandus
2392 5176 2449 5225 et
2481 5170 2728 5227 Moiolus
2754 5170 3108 5244 placitarunt
3127 5196 3155 5224 ››
3179 5191 3375 5231 coram
3409 5177 3680 5234 Lcotaldo

2032 5261 2268 5327 comite,
2292 5260 2566 5315 Walterio
2595 5261 2957 5327 vicecomite,
2986 5263 3233 5335 aliisque
3265 5265 3474 5322 horum
3502 5268 3679 5339 ﬁdeli-

2034 5349 2129 5404 bus
2163 5348 2322 5420 (alibi
2350 5350 2612 5420 primates
2645 5349 2960 5422 appellant)
2992 5370 3094 5424 pro
3127 5353 3476 5424 quibusdam
3509 5358 3680 5414 terris

2031 5438 2306 5493 Cluniaco
2330 5438 2501 5505 datis,
2526 5455 2653 5509 qua:
2677 5456 2710 5493 a
2733 5439 3031 5497 nonnullis
3053 5443 3508 5514 occupabantur.
3536 5445 3679 5503 Item

2032 5545 2185 5583 anno
2206 5527 2461 5582 secundo
2486 5526 2741 5582 Letharii
2765 5528 2917 5602 regis
2943 5552 2969 5579 ς(
2993 5530 3398 5588 Eldebrandus
3421 5537 3476 5588 et
3498 5528 3677 5592 Maid-

2030 5622 2124 5678 lus
2155 5617 2426 5676 monachi
2458 5616 2799 5676 Clunienses
2822 5640 2850 5671 »
2877 5618 3199 5678 mittuntur
3228 5622 3299 5681 ab
3332 5621 3540 5683 abbate
3571 5616 3679 5709 Ey-
