4028 6172
354 353 473 416 719

1473 354 1536 415 S.
1585 348 1856 413 MAIOLI
1904 335 2241 410 ABBATIS
2287 346 2643 412 CLUNIAC.

3648 346 3774 414 720

355 470 558 544 mardo
593 487 663 543 ad
699 487 1100 544 Maimbodum
1132 486 1472 559 episcopum
1507 484 2004 542 Matisconensum
2035 479 2088 546 Α
2188 481 2282 538 20.
2316 482 2420 538 Per
2468 483 2526 538 id
2575 483 2909 540 communis
2951 483 3480 542 administrationis
3517 488 3772 558 tempus,

357 576 419 634 in
451 575 670 650 synodo
701 574 1066 643 existentem,
1094 575 1335 646 petituri
1364 574 1436 630 ab
1463 591 1528 629 eo
1551 573 1811 629 decimas
1840 569 2015 626 eccle

359 663 584 722 siarum
614 662 800 718 sancti
830 663 1072 718 Andreae
1093 661 1153 718 in
1186 663 1476 729 Evranda,
1501 667 1558 719 et
1581 661 1766 720 sancti
1798 659 2011 716 Boniti.

359 753 490 810 Haec
519 749 748 824 aliaque
777 750 933 806 facta
953 749 1218 824 apprime
1245 752 1656 808 demonstrant
1677 748 2018 806 Cluniacen-

359 857 484 898 sem
515 839 916 913 prmpositum,
953 839 1146 904 qualis
1185 844 1309 896 erat
1352 839 1806 906 Ilildebrannus,
1841 843 2016 910 atque

359 928 809 1003 apocrisiarium
830 945 1032 984 curam
1055 929 1310 1002 gessisse
1333 931 1404 986 de
1429 927 1852 1002 temporalibus
1874 945 2014 982 cau—

361 1019 468 1074 sis.
493 1017 712 1072 Deinde
741 1017 1050 1072 collatione
1073 1019 1226 1073 facta
1248 1019 1460 1090 prioris
1483 1017 1656 1074 istius
1679 1016 1832 1079 facti,
1861 1015 2013 1087 quod

367 1125 520 1165 anno
553 1109 611 1162 11
649 1105 926 1163 Ludovici
951 1107 1104 1179 regis
1135 1125 1170 1162 a
1201 1107 1412 1162 Maiolo
1437 1109 1564 1178 jam
1597 1105 1882 1162 monacho
1912 1122 2016 1177 ge-

367 1201 526 1254 stum
547 1199 799 1265 est,cum
827 1195 941 1250 alio
965 1194 1383 1268 superiori,cui
1411 1194 1563 1250 idem
1590 1199 1712 1249 tum
1739 1192 2020 1249 archidia-

365 1303 549 1344 conus
569 1301 722 1341 anno
744 1287 906 1340 sexto
930 1282 1120 1357 ipsius
1143 1283 1419 1339 Ludovici
1441 1282 1812 1356 subscripsit,
1839 1281 2019 1337 mani-

367 1375 512 1432 feste
532 1372 866 1447 colligimus
889 1371 1170 1428 Maiolum
1188 1370 1399 1428 saeculo
1421 1372 1696 1428 nuntium
1720 1370 2019 1428 remisisse

367 1480 522 1522 anno
547 1459 796 1536 septimo
814 1460 904 1518 vel
926 1466 1126 1520 octavo
1156 1461 1319 1536 regni
1351 1461 1648 1532 Ludovici,
1674 1462 1732 1518 id
1757 1467 1846 1518 est
1867 1478 2020 1518 anno

365 1553 473 1609 943
500 1550 588 1609 vel
617 1551 980 1624 insequente.

385 1659 499 1715 .IV.
531 1657 784 1732 Ejusdem
810 1657 1003 1732 electio
1027 1659 1088 1732 ia
1115 1641 1820 1732 abbatemCluniacensem.
1849 1663 1986 1713 Αοια

916 1729 1015 1785 sub
1039 1729 1154 1802 ejus
1185 1730 1472 1800 regi-mine.
1789 1729 1812 1756 '

2123 569 2464 626 alterutrius
2495 572 2722 630 abbatis
2744 573 2980 629 nomine
3007 573 3410 630 instrumenta
3437 573 3675 648 publica
3696 574 3778 630 in-

2124 657 2340 732 signita
2367 663 2551 743 erant,
2585 661 2783 734 qualia
2830 662 2892 717 in
2925 661 3112 736 elogio
3159 663 3436 737 Aymardi
3469 663 3777 720 observare

2122 745 2276 803 licet.
2301 748 2402 804 His
2432 750 2582 804 addo
2621 751 2681 805 in
2714 768 2972 824 praesens
3021 751 3285 807 chartam
3333 751 3648 824 Girbergae,
3679 769 3779 807 ec-

2125 835 2362 893 clesiam
2393 839 2581 895 sancti
2614 839 2878 896 Mauricii
2912 841 2970 896 in
3001 841 3283 896 comitatu
3314 840 3687 896 Cabilonensi
3717 839 3776 895 in

2123 924 2260 981 villa
2289 927 2530 1001 Breugis
2561 934 2619 984 ct
2646 928 2783 984 villa
2827 929 3028 986 Canna
3073 931 3464 1000 concedentis,
3489 931 3645 985 sicut
3673 933 3779 984 Ar-

2126 1015 2346 1069 dradus
2379 1016 2690 1088 episcopus
2715 1018 2926 1086 tenuit,
2951 1036 3104 1073 anno
3126 1019 3295 1073 tertio
3321 1018 3577 1073 Lotharii
3603 1019 3778 1089 regis.

2125 1104 2288 1159 Addo
2319 1103 2495 1159 etiam
2527 1105 2793 1161 chartam
2827 1107 3133 1162 Gauzberti
3171 1108 3502 1178 cujusdam,
3527 1107 3626 1178 qui
3661 1105 3784 1160 alo-

2127 1192 2270 1248 dum
2301 1209 2502 1262 suum,
2529 1215 2552 1245 α
2579 1194 2672 1250 cui
2694 1198 2919 1250 vetusto
2939 1196 3221 1251 vocabulo
3254 1196 3459 1251 Latina
3480 1193 3784 1250 rusticitas

2129 1281 2413 1337 Petraﬁxa
2441 1299 2652 1338 nomen
2684 1283 2916 1352 indidit,
2942 1283 3122 1340 situm
3170 1284 3228 1340 in
3268 1283 3553 1340 subui‘bio
3585 1283 3781 1339 Briva-

2127 1369 2300 1440 tensi,
2322 1370 2648 1444 Heymardo
2681 1372 2942 1440 abbati,»
2979 1389 3045 1429 ac
3085 1371 3389 1430 monachis
3418 1371 3784 1430 Celsinianas

2127 1457 2540 1532 incolentibus,
2596 1465 2882 1534 perpetuo
2935 1461 3070 1534 jure
3121 1461 3281 1518 dedit
3311 1483 3340 1513 «
3371 1479 3475 1535 pro
3527 1459 3784 1518 remedio

2129 1549 2336 1604 animm
2360 1567 2477 1605 suae
2499 1553 2555 1606 et
2577 1549 2827 1608 senioris
2845 1551 2936 1608 sui
2963 1550 3265 1608 Bertrandi
3289 1567 3355 1606 ac
3377 1551 3656 1626 Stephani
3679 1548 3784 1605 ﬁlii

2129 1638 2277 1709 ejus.
2300 1660 2319 1686 υ
2344 1638 2552 1694 Actum
2585 1642 2675 1695 est
2703 1639 2814 1695 hoc
2847 1637 3000 1710 apud
3023 1637 3385 1694 Celsinianas
3407 1660 3434 1687 ‹‹
3463 1653 3666 1694 mense
3686 1636 3785 1692 Ja-

2129 1726 2358 1794 nuario,
2381 1743 2534 1783 anno
2560 1731 2766 1800 quarto
2795 1731 3076 1800 regnante
3097 1720 3374 1782 Lothario
3407 1742 3560 1800 rege,
3587 1727 3659 1781 ab
3687 1725 3786 1782 In-

445 1821 538 1917 19ἰ
565 1819 764 1891 Neque
895 1819 1153 1917 ‘obseure
1199 1817 1424 1917 indicat
1467 1821 1718 1917 tempus,
1750 1834 1865 1917 quo
1911 1820 2020 1889 ΑΥ·
2051 1849 2100 1917 Β
2131 1806 2468 1872 carnatione
2499 1817 2730 1873 Domini
2769 1817 2896 1873 958.
2922 1840 2950 1868 ››
2983 1815 3200 1872 Eodem
3234 1833 3386 1873 anno
3436 1831 3638 1872 mense
3685 1816 3791 1873 Do-

375 1909 618 1966 mardus
641 1923 774 1963 eum
796 1907 908 1963 sibi
931 1923 1330 1963 successorem
1352 1905 1570 1980 allegit.
1597 1905 1844 1962 Maiolus
1869 1906 2025 1961 enim

369 1999 496 2072 jam
519 1997 653 2053 inde
674 1997 744 2052 ab
769 2011 920 2052 anno
943 1996 1010 2050 13
1033 1995 1307 2051 Ludovici
1333 1994 1514 2050 abbas
1537 1995 1726 2050 dictus
1748 1999 1856 2062 est,
1873 1999 1936 2049 ut
1957 2012 2026 2049 ex

377 2085 734 2159 quibusdam
757 2081 1168 2139 instrumentis
1187 2081 1248 2136 in
1273 2079 1460 2156 elogio
1481 2081 1754 2154 Aymardi
1774 2081 2025 2138 ostendi-

377 2173 723 2246 mus.Atqui
751 2194 778 2224 α
801 2175 960 2228 sexto
981 2166 1134 2228 anno
1155 2171 1242 2244 (ut
1262 2171 1464 2241 fertur)
1486 2169 1880 2227 conversionis
1905 2187 2022 2226 suae

377 2281 413 2322 a
441 2261 654 2321 saeculo
680 2283 708 2314 η
732 2261 1007 2336 Aymardi
1036 2259 1320 2318 vicarium
1353 2277 1419 2315 ac
1449 2275 1848 2316 successorem
1879 2257 2024 2315 desi-

376 2355 623 2426 gnatum
653 2350 836 2408 fuisse
863 2349 1030 2405 Odilo
1073 2349 1272 2405 tradit.
1307 2347 1508 2420 Itaque
1539 2349 1588 2404 si
1621 2349 1693 2404 ab
1724 2364 1877 2403 anno
1909 2348 2020 2403 Lu-

376 2441 564 2498 dOVici
595 2439 764 2497 tertio
799 2437 1023 2494 decimo
1045 2436 1318 2493 detrahas
1349 2453 1534 2493 annos
1557 2453 1676 2505 sex,
1701 2437 2024 2492 remanebit

375 2547 567 2588 annus
588 2529 894 2602 septimus,
919 2543 1094 2600 quem
1123 2524 1316 2582 Maioli
1339 2525 1712 2582 conversione
1731 2523 2021 2581 illustrem

374 2619 556 2676 fuisse
587 2617 830 2692 proinde
863 2615 1199 2672 existimare
1227 2613 1384 2670 licet.
1415 2615 1488 2670 At
1517 2631 1632 2686 quo
1663 2613 1860 2670 minus
1891 2613 2023 2686 ejus

371 2709 716 2766 electionem
739 2706 850 2763 sub
873 2704 1162 2762 Ludovico
1193 2703 1611 2760 Transmarino
1643 2720 2016 2776 reponamus,

2133 1906 2351 1962 cembri
2381 1930 2400 1956 ιι
2428 1905 2676 1962 Maiolus
2709 1906 2892 1962 abbas
2920 1928 2946 1956 »
2974 1905 3262 1978 quasdam
3295 1907 3480 1962 terras
3528 1905 3587 1960 in
3637 1919 3788 1978 pago

2134 1994 2570 2066 Matisconcnsi,
2594 1997 2652 2051 in
2674 1995 2811 2052 villa
2831 1995 3143 2052 Materiaco
3166 1994 3414 2066 aliisque
3438 1995 3582 2050 emit
3605 2017 3634 2044 «
3655 2007 3789 2066 pre-

2131 2085 2212 2140 tio
2231 2087 2336 2141 400
2361 2085 2738 2142 solidorum.-
2767 2085 3010 2142 Biennio
3032 2089 3162 2158 post
3181 2083 3511 2140 Adalradus
3533 2101 3626 2139 res
3647 2099 3790 2138 suas

2132 2175 2190 2230 in
2221 2173 2360 2231 villa
2394 2197 2421 2226 «
2453 2175 2524 2231 de
2572 2173 2882 2244 Persezeel,
2908 2196 2937 2225 »
2960 2173 3176 2230 vicaria
3223 2172 3557 2240 Ycionensi,
3609 2172 3791 2228 tradit

2136 2285 2164 2314 «
2196 2264 2550 2333 sanctuario,
2583 2265 2740 2337 quod
2785 2263 3004 2320 dicitur
3045 2261 3428 2331 Celsinanias,
3468 2261 3790 2319 instituens

2131 2349 2390 2408 hzeredes
2423 2351 2764 2420 monachos,
2797 2349 3015 2408 ibidem
3043 2350 3163 2407 Deo
3205 2354 3374 2406 nocte
3421 2366 3488 2405 ac
3537 2348 3634 2404 die
3664 2365 3786 2404 ser-

2129 2437 2596 2512 vientes,quibus
2611 2439 2948 2496 moderatur
2963 2455 3232 2496 reverens
3249 2436 3785 2510 paternitasdomni

2132 2528 2326 2611 Maioli
2358 2531 2635 2603 praecipui
2667 2529 2874 2603 patris.
2909 2528 3055 2586 Data
3101 2529 3162 2584 in
3207 2543 3408 2582 mense
3447 2525 3784 2592 Februario,

2133 2606 2195 2674 11
2231 2619 2322 2675 die
2353 2619 2542 2694 ipsius
2573 2617 2794 2675 mensis
2823 2634 2978 2674 anno
3018 2617 3333 2674 Dominicze
3365 2605 3788 2672 incarnationis

2128 2707 2253 2779 960,
2289 2725 2442 2764 anno
2473 2712 2672 2764 autem
2704 2706 2934 2778 imperii
2958 2704 3215 2763 Lotharii
3239 2703 3392 2778 regis
3416 2703 3787 2775 Francigena:

371 2798 518 2854 illud
550 2797 782 2854 obstare
811 2795 1057 2861 videtur,
1093 2793 1247 2865 quod
1290 2809 1442 2848 anno
1473 2793 1730 2848 secundo
1763 2792 2018 2848 Lotharii
2125 2813 2187 2852 ιν
2215 2797 2519 2870 (legendum
2556 2799 2637 2864 v1)
2680 2796 2948 2852 secundae
2997 2793 3368 2867 Olympiadis.
3404 2815 3432 2843 »ι
3465 2794 3638 2847 Anno
3686 2809 3785 2848 su-

373 2887 551 2961 regis,
577 2885 852 2943 Ludovici
885 2883 989 2938 filii
1025 2899 1089 2938 ac
1121 2880 1498 2948 successoris,
1521 2898 1636 2954 quo
1661 2899 1813 2938 anno
1847 2882 2022 2938 Maio-
2129 2887 2351 2960 periere
2380 2886 2689 2943 Lotharius
2729 2903 2847 2954 rex,
2876 2884 3208 2958 postulante
3239 2883 3532 2953 Gerberga
3579 2881 3780 2953 regina

305 2987 308 2992 '
374 2975 468 3032 lus
498 2991 634 3031 cum
665 2972 1058 3030 Hildebrando
1097 2970 1170 3026 ad
1221 2970 1540 3026 Mﬂimbodi
1592 2970 1880 3044 synodum
1916 2989 2019 3044 pro
2129 2982 2316 3033 matre
2366 2993 2493 3046 sua,
2526 2974 2952 3032 monasterium
2983 2973 3170 3029 sancti
3216 2970 3464 3028 Amandi
3499 2971 3558 3024 in
3590 2970 3774 3025 comi-

374 3062 620 3118 decimis
642 3061 918 3117 Evrandaa
945 3065 1004 3114 et
1033 3058 1219 3114 sancti
1242 3057 1429 3112 Boniti
1453 3057 1674 3114 missus
1700 3062 1808 3127 est,
1832 3059 2018 3131 ipsius
2127 3068 2253 3121 tatu
2299 3063 2620 3120 Trahesino
2653 3063 3010 3136 (Nantuensc
3046 3063 3279 3130 vocant)
3309 3059 3466 3131 quod
3493 3080 3522 3108 ‹‹
3553 3057 3774 3130 absque

373 3166 588 3206 nomen
631 3149 690 3203 in
741 3147 946 3202 charta
991 3145 1354 3202 Eldebrando
1404 3147 2017 3220 postponiturhneque
2058 3217 2087 3220 μ
2127 3151 2452 3207 rectoribus
2499 3148 2677 3206 veluti
2721 3149 2782 3205 in
2831 3147 3316 3204 inhabitabilibus
3355 3145 3500 3201 locis
3531 3167 3558 3196 ι»
3595 3146 3773 3200 situm

373 3239 558 3308 abbas,
607 3237 708 3294 sed
767 3239 997 3292 tantum
1052 3233 1350 3290 monachus
1406 3217 1750 3306 appellatur.
1799 3217 2014 3294 Verum
2045 3217 2090 3284 Co
2128 3243 2270 3308 erat,
2303 3238 2577 3295 Cluniaco
2608 3237 2871 3310 subjicit,
2897 3259 2924 3286 ιι
2956 3240 3017 3292 ut
3047 3234 3106 3291 in
3139 3238 3428 3308 quantum
3459 3233 3618 3289 Deus
3647 3246 3780 3306 sup:

370 3331 582 3402 praeter
609 3343 678 3383 ea
709 3343 836 3398 qua:
865 3325 936 3380 ad
968 3323 1132 3396 prius
1162 3323 1306 3379 illud
1343 3323 1710 3396 probandum
1743 3325 1800 3380 in
1831 3324 2018 3401 elogio

370 3413 646 3488 Aymardi
679 3413 936 3469 adducta
963 3415 1124 3478 sunt,
1149 3411 1402 3466 occurrit
1433 3415 1490 3467 et
1521 3410 1682 3466 aliud
1714 3429 2020 3486 argumen-

371 3511 502 3561 tum
531 3519 600 3559 ex
629 3500 840 3558 litteris
861 3498 1190 3556 donationis
1223 3499 1528 3572 Maytrami
1559 3501 1889 3573 cujusdam,
1915 3505 2016 3576 qui

372 3613 402 3644 κ
433 3593 505 3650 ad
535 3591 730 3648 locum
771 3589 1132 3646 Celsinianas
1165 3593 1220 3644 et
1250 3589 1464 3645 domno
1498 3589 1708 3646 Maiolo
1755 3591 1949 3648 abbati
1984 3614 2010 3643 »

366 3681 526 3738 dedit
540 3679 735 3744 villam
755 3679 824 3736 de
841 3677 1094 3735 Becedas
1115 3692 1363 3734 «mense
1388 3677 1722 3748 Februario,
1737 3679 2016 3753 regnante

369 3770 660 3828 Ludovico
691 3784 824 3842 rege
864 3767 1277 3824 Francorum.»
1305 3765 1467 3824 Unde
1509 3784 1874 3840 consequens
1903 3773 2011 3838 est,

367 3858 648 3917 Maiolum
677 3861 956 3932 regnante
979 3854 1266 3914 Ludovico
1285 3855 1411 3928 jam
1434 3856 1704 3913 abbatem
1733 3859 2009 3915 audiisse.

363 3951 439 4006 At
461 3947 739 4024 quoniam
769 3945 1096 4020 Aymardus
1127 3961 1242 4002 non
1275 3945 1356 4002 ita
1385 3944 1644 4019 regimen
1675 3947 1732 4002 in
1765 3965 1899 4005 eum
1932 3966 2016 4006 re-

357 4037 602 4110 jecerat,
626 4039 692 4092 ut
712 4035 919 4108 primis
948 4033 1118 4090 annis
1139 4033 1285 4089 nihil
1305 4035 1544 4094 omnino
1574 4037 1840 4109 gesserit,
1867 4038 2010 4094 utin

365 4125 554 4200 elogio
594 4125 868 4198 Aymardi
917 4141 952 4180 a
999 4122 1168 4180 nobis
1214 4124 1438 4180 dictum
1487 4129 1594 4196 est,
1647 4127 1910 4202 contigit,
1947 4135 2012 4185 ut

367 4211 636 4281 Maiolus,
661 4211 760 4285 qui
780 4211 976 4284 potius
993 4212 1156 4284 coadj
1167 4215 1296 4268 utor
1314 4213 1680 4283 censebatur,
1695 4213 2010 4287 aliquando

363 4302 528 4360 abbas
559 4320 595 4360 a
632 4300 1012 4359 stecularibus
1057 4301 1118 4356 in
1167 4301 1416 4374 publicis
1448 4301 1878 4378 instrumentis,
1903 4305 2008 4363 ali-

363 4393 596 4466 quando
622 4391 920 4448 monachus
951 4390 1361 4464 aqpellaretur,
1387 4391 1639 4450 maxime
1669 4393 1728 4449 in
1762 4393 2009 4466 iisactis

361 4497 488 4556 quae
521 4485 760 4538 curante
789 4481 1078 4554 Aymardo
1117 4479 1374 4553 gerebat.
1406 4480 1466 4536 Id
1509 4479 1751 4540 innuere
1781 4483 2010 4540 videtur

2127 3327 2469 3400 peditaverit
2489 3325 2825 3394 consilium,
2843 3324 2984 3380 illud
3007 3327 3384 3382 construatur
3405 3321 3464 3393 in
3488 3321 3778 3377 habitabi-

2125 3417 2282 3473 libus
2331 3416 2496 3473 locis.
2541 3417 2754 3472 Datum
2803 3433 2860 3470 ιιι
2907 3413 3034 3470 Kal.
3068 3411 3340 3470 Decemb.
3373 3428 3528 3467 anno
3575 3412 3615 3466 5
3664 3411 3775 3466 La-

2125 3507 2299 3580 tharii
2359 3507 2532 3580 regis,
2597 3505 2800 3560 indict.
2852 3505 2904 3572 3,
2955 3502 3016 3558 in
3073 3500 3408 3582 Divionensi
3467 3499 3712 3572 palatio.
3745 3523 3773 3549 ιδ

2125 3597 2238 3652 Sed
2285 3595 2393 3652 hoc
2443 3595 2568 3652 loco
2601 3595 2660 3649 in
2693 3593 3038 3650 memoriam
3089 3591 3413 3647 revocanda
3457 3595 3550 3646 est
3597 3605 3778 3662 supe-

2124 3685 2246 3740 rius
2278 3685 2434 3742 edita
2463 3683 2763 3757 prmstaria
2795 3681 2988 3739 Maioli
3021 3679 3255 3736 abbatis
3285 3680 3344 3734 in
3379 3678 3637 3752 gratiam
3666 3680 3775 3734 Ar-

2125 3773 2267 3830 nulﬁ
2311 3773 2544 3830 Atensis
2593 3771 2848 3844 episcopi
2897 3772 2967 3827 de
3015 3768 3370 3842 quibusdam
3421 3767 3600 3823 rebus
3652 3767 3775 3823 suis

2123 3861 2506 3920 haereditariis
2538 3861 2597 3916 in
2631 3859 2933 3916 Provincia
2963 3859 3118 3924 sitis,
3151 3858 3303 3914 facta
3335 3872 3489 3912 anno
3517 3857 3590 3910 23
3621 3855 3773 3912 Con-

2122 3951 2248 4008 radi
2281 3951 2454 4026 regis,
2489 3950 2588 4024 qui
2619 3966 2810 4006 annus
2843 3947 3059 4006 Christi
3105 3962 3258 4004 anno
3285 3944 3394 4002 960
3432 3945 3772 4018 respondet.

2115 4040 2262 4111 Dein
2313 4057 2466 4098 anno
2513 4039 2622 4096 962
2675 4037 2978 4094 Albericus
3029 4051 3244 4114 comes,
3279 4032 3540 4092 Leotaldi
3587 4033 3770 4101 illius,

2114 4126 2329 4187 Maiolo
2373 4129 2569 4186 abbati
2600 4133 2658 4186 et
2689 4125 2992 4185 monachis
3048 4125 3176 4198 ejus
3236 4121 3427 4180 multa
3471 4123 3659 4180 donat
3713 4123 3772 4178 in

2119 4234 2266 4292 pago
2297 4215 2710 4275 Matisconensi
2750 4238 2778 4268 «
2806 4233 2958 4274 anno
2985 4216 3020 4271 8
3050 4213 3308 4270 Lotbarii
3354 4211 3530 4286 regis.
3555 4235 3583 4262 »
3623 4211 3771 4268 Prm-

2118 4313 2275 4364 terea
2291 4325 2442 4365 anno
2455 4307 2682 4364 decimo
2699 4306 2964 4378 ejusdem
2982 4303 3338 4360 Amblardus
3356 4301 3771 4375 Lugdunensis

2117 4394 2375 4468 pontifex
2417 4393 2687 4467 ipsismet
2737 4391 2945 4450 Maiolo
2995 4396 3052 4448 et
3100 4391 3380 4447 fratribus
3429 4391 3535 4445 dat
3581 4389 3770 4446 eccle-

2117 4484 2266 4539 siam
2299 4488 2515 4540 sanctae
2547 4481 2740 4538 Maria:
2771 4483 2842 4538 dc
2873 4479 3289 4538 Cantumerula
3320 4503 3350 4531 ‹‹
3381 4479 3441 4534 in
3473 4493 3628 4552 pago
3660 4481 3768 4534 Ar-

358 4571 684 4628 Chronicon
717 4568 1233 4636 Mallcacense,ubi
1269 4565 1516 4626 Maiolus
1539 4569 1773 4641 dicitur,
1803 4595 1828 4622 ‹‹
1853 4590 2006 4628 anno
2029 4560 2082 4651 ’ὁ
2113 4573 2344 4630 vernico
2368 4595 2394 4623 »
2429 4576 2486 4628 et
2514 4572 2571 4626 in
2591 4571 2816 4627 'vicaria
2859 4569 3244 4638 Randerensi,
3275 4573 3333 4624 et
3366 4569 3601 4623 vineam
3633 4583 3766 4624 cum

355 4660 482 4728 961,
517 4663 678 4714 sexto
708 4675 860 4714 anno
885 4657 1270 4713 ordinationis
1301 4675 1418 4713 sum
1442 4659 1771 4730 suscepisse
1799 4679 2002 4718 curam

356 4746 758 4803 Cluniacensis
787 4745 1056 4814 cmnobii,
1077 4769 1096 4794 ιο
1124 4745 1182 4800 id
1214 4751 1304 4802 est
1335 4747 1625 4818 integrum
1660 4749 1915 4822 regimen
1940 4749 2000 4806 in

353 4853 418 4893 se
447 4835 776 4909 suscepisse
803 4851 960 4890 anno
991 4839 1152 4890 sexto
1175 4851 1208 4889 a
1229 4851 1337 4888 sua
1356 4833 1656 4900 electione,
1677 4839 1911 4894 tametsi
1935 4856 2001 4894 ex

352 4925 528 4982 dictis
547 4925 874 4988 .dicendum
905 4927 1059 4980 esset
1097 4939 1250 4978 anno
1295 4925 1379 4978 12.
1405 4924 1543 4994 Ejus
1576 4942 1746 4997 porro
1777 4925 2000 4985 litteras

351 5013 652 5072 electionis
680 5014 740 5070 in
771 5013 957 5086 ipsius
985 5009 1260 5084 Aymardi
1291 5009 1478 5083 elogio
1511 5012 1841 5082 retulimus,
1865 5023 2002 5088 qua-

351 5121 485 5160 rum
516 5105 911 5177 fragmentum
949 5101 1128 5156 etiam
1175 5101 1355 5174 Syrus
1408 5101 1610 5169 refert;
1665 5102 2000 5178 ibidemque

347 5207 418 5249 ex
437 5197 612 5249 Hetro
633 5191 901 5250 Damiani
935 5191 1156 5246 factum
1184 5187 1411 5263 insigne
1435 5189 1766 5260 retulimus,
1790 5193 1848 5248 in
1882 5212 1998 5268 quo

344 5280 540 5340 Maioli
570 5280 868 5338 modestiae
899 5278 1198 5353 egregium
1229 5277 1524 5350 specimen
1559 5286 1816 5352 apparet.
1849 5284 1994 5340 Nam

340 5372 414 5428 ab
433 5371 724 5444 Aymardo
745 5363 1034 5443 privatam
1058 5367 1255 5423 sedem
1282 5371 1541 5438 repetere
1555 5368 1786 5440 jussus,
1802 5387 1996 5428 assen-

343 5459 422 5516 sit
444 5477 556 5516 non
579 5463 836 5531 gravate,
858 5457 1131 5528 idemque
1165 5454 1392 5510 abbatis
1418 5457 1756 5514 cathedram
1779 5462 1992 5532 (incre-

329 5548 467 5623 pito
498 5565 601 5620 per
626 5545 986 5619 Aymardum
1018 5543 1386 5615 cellario,qui
1408 5543 1464 5599 in
1503 5545 1695 5618 ipsum
1725 5551 1992 5622 petulan-

340 5639 433 5717 ter
461 5634 692 5692 loeutus
724 5635 929 5709 fuerat)
951 5634 1153 5690 eadem
1186 5631 1461 5690 facilitate
1489 5639 1738 5709 repetiit.

2114 4661 2260 4720 silva
2285 4662 2438 4734 apud
2460 4660 2804 4728 Vetreriam,
2823 4683 2852 4711 ‹‹
2873 4664 2930 4716 et
2967 4660 3024 4714 in
3063 4675 3212 4732 pago
3232 4659 3718 4714 Claromontense
3737 4679 3762 4704 ι·

2103 4751 2307 4808 villam
2333 4751 2674 4807 Luxiacum.
2700 4749 2840 4821 Ejus
2871 4747 3086 4804 litteris
3113 4748 3496 4804 subscribunt
3526 4744 3768 4818 Stepha-

2112 4859 2224 4898 nus
2244 4840 2552 4913 episcopus
2575 4840 2962 4894 Arvernorum
2984 4841 3040 4892 et
3065 4837 3377 4892 Rotbertus
3403 4836 3593 4890 abbas
3613 4849 3764 4890 anno

2098 4921 2174 4986 ’11
2205 4927 2483 4986 Lotharii.
2499 4928 2726 4983 Maiolus
2747 4927 2976 4982 humilis
2992 4927 3156 4982 abbas
3173 4933 3224 4981 et
3241 4925 3586 4996 Heg/marcius
3601 4925 3766 4980 abba:

2110 5017 2490 5075 subscribunt
2509 5017 2741 5072 cuidam
2765 5013 3337 5088 praestariae,duobus
3361 5012 3554 5069 levitis
3576 5013 3763 5078 factae,

2108 5109 2178 5166 de
2209 5108 2386 5164 rebus
2408 5106 2536 5162 sitis
2559 5105 2616 5161 in
2643 5123 2790 5178 pago
2811 5103 3310 5162 Cabilonensi.‘A’b
3333 5117 3399 5158 eo
3421 5119 3582 5157 anno
3605 5101 3768 5157 nulla

2107 5197 2358 5256 ulterius
2385 5193 2602 5250 mentio
2630 5199 2720 5249 est
2747 5193 3021 5266 Aymardi
3052 5192 3304 5258 abbatis,
3329 5191 3432 5248 sed
3455 5191 3664 5245 omnia
3681 5189 3767 5245 in-

2107 5289 2434 5344 strumenta
2455 5281 2646 5340 solum
2665 5280 2945 5337 Maiolum
2963 5281 3235 5337 abbatem
3261 5279 3767 5352 praeferuntoue-

2107 5374 2241 5430 dam
2273 5387 2734 5429 commemorare
2764 5387 2950 5442 operae
2985 5370 3236 5443 pretium
3271 5372 3434 5444 puto.

2171 5465 2262 5519 21.
2289 5463 2351 5518 In
2375 5458 2746 5516 Cluniacensi
2786 5458 3020 5516 archivo
3060 5457 3441 5514 inveniuntur
3471 5455 3645 5529 plura
3673 5454 3760 5509 di-

2104 5554 2362 5628 plomata
2383 5550 2662 5606 Ottonum
2685 5547 3130 5620 imperatorum.
3148 5547 3341 5604 Unum
3365 5551 3455 5602 est
3474 5545 3759 5618 placitum

2102 5647 2306 5702 datum
2333 5665 2355 5693 α
2391 5641 2451 5696 in
2483 5637 2711 5695 civitate
2739 5637 2937 5712 Papia,
2960 5639 3019 5694 in
3051 5637 3348 5695 caminata
3375 5635 3513 5693 sala:
3545 5636 3758 5695 domus
