4034 6170
327 305 442 369 721

1581 310 1931 389 ELOGIUM
1979 310 2486 391 HISTOBIGUM.

3619 313 3738 380 722
3774 264 3781 272 ’

328 439 636 497 Lietefredi
665 440 993 497 Ticinensis
1024 439 1302 516 episcopi,
1334 448 1465 516 post
1495 443 1772 518 capitium
1805 443 1981 501 eccle-
2093 444 2316 515 lans,ut
2344 464 2448 520 pro
2479 447 2657 504 insita
2687 464 2795 504 sua
2826 447 3081 504 bonitate
3100 446 3482 504 Amblardum
3506 448 3737 509 fidelem

327 529 428 587 sia:
460 530 644 585 sancti
671 529 801 603 Cyri
822 531 1194 599 confessoris,
1210 533 1309 587 ubi
1328 534 1457 603 ejus
1474 551 1686 606 corpus
1705 539 1976 590 sanctum

323 618 593 691 quiescit,
628 618 915 675 residente
947 619 1183 676 Otberto
1216 622 1550 677 marcbione
1580 624 1791 678 comite
1815 622 1979 695 pala-

321 708 413 776 tii,
439 711 501 763 ut
524 707 820 778 justitiam
852 708 1003 764 inter
1025 707 1293 766 homines
1312 709 1666 767 discerneret
1686 728 1820 767 cum
1843 711 1975 767 aliis

312 797 640 868 judicibus.
662 818 691 848 ››
709 798 792 852 Ad
817 798 989 869 cujus
1010 800 1380 870 prmsentiam
1407 821 1433 847 ‹‹
1457 800 1709 854 domnus
1726 800 1976 857 Maiolus

320 886 725 942 Cluniacensis
751 887 934 941 abbas
962 887 1136 955 venit,
1172 893 1227 944 et
1258 888 1826 959 repracsentavitduo
1850 906 1973 945 mo-

321 975 550 1032 nimina
582 999 607 1025 ››
643 994 746 1032 seu
778 976 1191 1045 instrumenta,
1218 996 1399 1033 unum
1426 980 1661 1034 nomine
1692 979 1972 1037 Ottonum

320 1067 744 1137 imperatorum
778 1089 805 1117 ‹‹
837 1067 1040 1122 datum
1074 1068 1140 1122 l6
1167 1067 1307 1123 Julii
1341 1086 1494 1123 anno
1526 1071 1561 1123 6
1594 1070 1751 1141 regni
1787 1070 1845 1124 in
1872 1070 1975 1126 [ta-

318 1154 399 1212 lia
430 1178 481 1225 η,
516 1154 840 1222 continens,
875 1156 1168 1228 quomodo
1200 1156 1508 1213 Gaidulfus
1538 1158 1695 1212 {ilius
1719 1158 1975 1229 Petriju-

317 1243 469 1300 dicis
492 1244 778 1315 quasdam
810 1249 995 1300 terras
1023 1246 1279 1311 emisset,
1301 1245 1399 1300 ubi
1423 1250 1548 1302 erat
1568 1270 1593 1295 ‹‹
1613 1247 1835 1317 capella
1858 1265 1974 1304 una

316 1334 377 1390 in
411 1333 630 1388 honore
659 1338 871 1390 sanetae
905 1334 1098 1389 Maria:
1133 1336 1304 1405 juxta
1352 1335 1591 1406 Papiam
1643 1354 1745 1391 seu
1794 1338 1969 1393 etiam

317 1423 505 1479 sancti
541 1422 860 1487 Michaelis,
885 1440 1101 1495 easque
1132 1440 1268 1479 cum
1291 1424 1512 1496 capella
1542 1424 1751 1480 Maiolo
1773 1426 1970 1481 abbati

315 1510 595 1579 dedisset,
627 1516 691 1566 ut
716 1511 986 1567 monachi
1028 1513 1136 1567 sub
1188 1529 1392 1567 norma
1442 1514 1629 1568 sancti
1677 1514 1969 1569 Benedicti

313 1600 575 1656 viventes
606 1600 683 1655 ibi
707 1601 765 1655 in
801 1607 1146 1672 perpetuum
1179 1602 1512 1658 habitarent
1532 1608 1588 1658 et
1613 1607 1845 1659 orarent
1868 1620 1970 1675 pro

316 1690 519 1745 anima
550 1688 808 1744 Liutardi
839 1689 1083 1744 Cumani
1115 1691 1371 1763 episcopi
1393 1708 1407 1746 :
1427 1713 1454 1740 η
1482 1690 1596 1747 alia
1615 1691 1752 1746 item
1786 1694 1969 1747 moni-

2086 554 2261 592 suum
2292 537 2364 593 ad
2409 537 2840 595 restitutionem
2889 536 3314 593 Celsinianensi
3362 537 3624 594 cmnobio
3652 539 3737 595 fa-

2086 625 2353 680 ciendam
2386 626 2715 699 compellat,
2731 626 2991 681 Adonem
3024 625 3199 682 etiam
3249 626 3735 686 Matisconensem

2086 714 2411 770 antistitem
2444 716 2793 784 obtestatus,
2829 715 2887 769 in
2920 715 3077 770 hunc
3107 716 3347 770 modum
3376 732 3387 770 :
3416 715 3577 771 «Res
3598 732 3736 789 quo-

2084 820 2198 875 que
2230 803 2408 877 exigit
2437 808 2501 859 ut
2529 804 2634 860 tibi
2666 804 2863 877 aliqua
2892 804 3364 872 dicamus,frater
3392 803 3734 873 charissima

2085 896 2143 947 et
2174 894 2423 948 amande
2461 895 2674 949 domne
2722 894 2843 948 Ado
2892 894 3181 966 episcopo,
3211 909 3384 964 quem
3435 892 3568 948 licet
3616 911 3733 950 non

2082 980 2496 1049 viderimus,ex
2528 982 2763 1037 nomine
2802 981 3071 1047 novimus
3119 981 3179 1036 in
3232 982 3390 1036 omni
3441 981 3732 1054 spirituali

2082 1070 2360 1125 bonitate.
2395 1072 2801 1142 Efﬂagitamus
2849 1070 3045 1141 itaque
3093 1068 3579 1140 benignissimum
3618 1075 3731 1127 tum

2083 1159 2448 1231 paternitatis
2478 1158 2939 1225 dulcodinem,ut
2970 1176 3083 1230 quo
3112 1157 3354 1213 vicinior
3372 1174 3499 1214 esse
3520 1159 3732 1216 videris

2082 1248 2303 1320 praefati
2333 1248 2671 1304 monasterii
2703 1247 3010 1314 scholm,eo
3044 1252 3147 1302 tua
3178 1245 3457 1318 protectio
3498 1264 3601 1319 pro
3632 1260 3732 1303 tuo

2080 1354 2251 1408 posse
2272 1336 2512 1392 celerior
2535 1337 2777 1392 fratrum
2801 1336 3248 1392 necessitatibus
3264 1336 3657 1411 occurrat,qui
3679 1341 3735 1394 te

2079 1443 2146 1482 ex
2179 1426 2501 1481 abundanti
2534 1425 2817 1480 charitate
2841 1424 3116 1496 diligunt,
3130 1429 3186 1480 et
3204 1423 3358 1479 ulnis
3380 1425 3558 1479 totius
3580 1443 3736 1483 amo-

2080 1514 2161 1570 ris
2194 1515 2584 1587 perfectisime
2630 1513 2901 1569 ambiunt
2947 1519 3005 1568 ot
3054 1511 3325 1585 amplecti
3377 1513 3731 1570 desiderant.

2080 1603 2361 1669 Quocirca
2388 1602 2720 1658 Cluniensis
2753 1602 3091 1658 monasterii
3117 1618 3349 1674 semper
3373 1608 3497 1658 esto
3519 1608 3736 1675 protec-

2080 1698 2189 1758 tor,
2221 1691 2373 1747 sicut
2403 1692 2464 1746 Β.
2499 1691 2650 1746 Petri
2702 1708 2763 1746 es
2816 1690 3004 1746 fidelis
3053 1696 3299 1746 amator.
3336 1714 3362 1741 ››
3400 1692 3528 1747 Ηωο
3573 1692 3734 1748 bulla

313 1780 470 1833 mina
502 1777 883 1832 donationum
906 1777 1131 1855 aliquot
1152 1778 1340 1835 eidem
1363 1780 1687 1847 factarum;
1714 1780 1968 1851 postula-
1998 1816 2048 1882 Β
2078 1785 2235 1835 caret
2266 1779 2421 1834 notis
2452 1778 2746 1834 chronicis
2778 1778 2838 1833 in
2870 1777 3124 1834 Bullario
3161 1776 3551 1833 Cluniacensi.

313 1867 516 1938 vitque
534 1869 596 1920 ut
610 1869 811 1921 contra
841 1865 1138 1922 invasores
1159 1867 1271 1922 sibi
1293 1868 1969 1935 confirmarentur.0uod
1994 1865 2027 1898 "-

318 1960 378 2012 et
407 1955 735 2028 praestitum
768 1959 857 2010 est
885 1961 1145 2027 tempore
1176 1957 1339 2028 regni
1366 1979 1393 2006 ‹‹
1415 1958 1667 2012 duorum
1689 1958 1969 2014 Ottonum

300 2044 504 2116 patris
534 2048 593 2098 et
624 2042 726 2097 lilii
760 2060 914 2098 anno
943 2046 979 2098 6
1011 2045 1169 2115 regni
1204 2044 1388 2100 Italici
1422 2046 1651 2101 Ottonis
1689 2046 1968 2117 junioris,

314 2134 519 2189 indict.
558 2133 623 2187 10
653 2154 704 2199 η,
739 2131 862 2204 lege
895 2132 1100 2188 Ottonis
1131 2135 1379 2205 majoris,
1404 2136 1711 2206 etjunioris
1738 2152 1884 2191 anno
1915 2137 1966 2191 1.

298 2221 448 2279 .Haee
477 2219 623 2276 cella
652 2225 853 2293 postea
879 2221 938 2276 S.
966 2219 1159 2277 Maioli
1181 2220 1339 2277 dicta
1359 2226 1467 2278 est.
1484 2223 1644 2279 Idem
1667 2222 1766 2295 qui
1792 2239 1970 2297 supra

315 2307 563 2366 Otbertus
589 2308 834 2367 marchio
870 2318 923 2365 et
963 2326 1136 2366 omnes
1178 2311 1381 2382 palatii
1429 2311 1781 2368 monasterio
1831 2314 1971 2384 quod

314 2398 548 2469 Clugnes
584 2398 810 2465 dicitur,
843 2399 1022 2454 donat
1072 2415 1437 2472 quaecunque
1489 2400 1742 2456 habebat
1791 2419 1971 2474 super

314 2486 560 2545 ﬂuvium
593 2486 730 2543 Padi
762 2487 914 2543 infra
944 2492 1206 2544 castrum
1253 2487 1611 2561 Vicopiculo,
1646 2494 1781 2558 etc.,
1814 2507 1967 2547 anno

318 2575 570 2633 senioris
618 2574 846 2631 Ottonis
893 2577 978 2643 10,
1008 2575 1274 2632 Junioris
1305 2578 1358 2633 4.
1389 2577 1504 2634 ind.
1545 2578 1626 2633 14.
1666 2577 1875 2634 Praeter
1904 2596 1973 2635 ea

316 2663 549 2721 invenio
579 2664 808 2721 Ottonis
841 2664 1014 2737 primi
1038 2664 1295 2737 diploma
1317 2664 1751 2738 duplex,unum
1775 2668 1833 2723 in
1856 2684 1971 2741 quo

314 2753 442 2810 haec
472 2753 781 2825 leguntur:
812 2777 832 2802 α
870 2753 1207 2826 Recipimus
1228 2754 1526 2810 Oddonem
1559 2755 1828 2812 abbatem
1861 2758 1973 2813 sub

318 2844 506 2899 nostri
542 2842 786 2899 tuitione
813 2844 1194 2898 mundiburdi
1227 2860 1361 2899 cum
1392 2845 1625 2901 abbatia
1654 2848 1840 2902 sancti
1876 2847 1974 2902 Sa-

320 2932 468 2999 bini,
492 2932 550 2986 in
582 2932 707 2987 loco
732 2932 834 3004 qui
853 2932 1069 2987 dicitur
1090 2934 1378 2989 Tuscana.
1406 2957 1426 2981 η
1454 2934 1665 2989 Datum
1687 2935 1972 2991 81d.Julii

321 3037 477 3077 anno
526 3021 643 3075 Inc.
692 3019 822 3088 969,
873 3020 1099 3077 Ottonis
1129 3024 1181 3088 8,
1222 3045 1247 3072 α
1278 3022 1482 3077 indict.
1519 3025 1603 3078 12.
1651 3026 1859 3079 Actum
1912 3024 1972 3081 in

322 3110 520 3166 Plista.
556 3130 583 3158 »
618 3110 758 3175 Quis
788 3110 866 3165 sit
895 3110 1017 3167 Odo
1051 3111 1159 3166 iste
1191 3110 1391 3179 abbas,
1426 3113 1651 3183 quodve
1690 3114 1817 3183 ejus
1850 3129 1972 3168 mo-

2149 1870 2240 1923 23.
2273 1870 2439 1923 Anno
2470 1868 2542 1921 20
2573 1866 2830 1922 Lotharii
2864 1866 3015 1938 regis
3040 1864 3341 1921 Albericus
3384 1882 3579 1922 comes
3606 1866 3732 1921 Ma-

2079 1956 2430 2012 tisconensis
2459 1960 2518 2010 et
2548 1953 2955 2011 Ermentrudis
2980 1955 3108 2025 ejus
3138 1954 3351 2024 conjux
3388 1952 3731 2009 Cluniacen-

2079 2046 2243 2101 sibus
2257 2045 2366 2100 sub
2383 2042 2593 2100 Maiolo
2607 2044 2749 2099 dant
2766 2042 2951 2099 multa
2969 2042 3184 2115 praedia
3204 2041 3260 2096 in
3284 2041 3423 2097 villa
3442 2042 3732 2115 Aponiaco

2079 2133 2361 2208 (Apogny).
2394 2136 2561 2189 Anno
2590 2148 2725 2188 vero
2754 2131 3092 2199 978,indict.
3124 2130 3180 2198 6,
3216 2131 3488 2203 Lugduni
3534 2146 3728 2186 coram

2079 2222 2278 2298 populi
2294 2221 2673 2278 multitudine
2697 2220 3049 2277 Amblardus
3062 2219 3371 2293 episcopus
3386 2219 3732 2293 Lugdunen-

2081 2312 2163 2368 sis
2184 2336 2210 2363 ‹‹
2235 2311 2395 2367 dedit
2427 2326 2519 2367 res
2552 2326 2690 2366 suas
2721 2309 2777 2364 in
2804 2325 2953 2382 pago
2974 2308 3283 2363 Arvernico
3305 2307 3583 2364 fratribus
3605 2307 3734 2364 Clu-

2081 2399 2301 2455 niensis
2332 2397 2692 2465 monasterii,
2727 2402 2793 2452 ut
2821 2395 3028 2452 cellam
3083 2395 3441 2451 aedificarent
3488 2395 3547 2451 in
3595 2394 3733 2451 villa

2080 2488 2310 2544 Nisiaco
2341 2487 2526 2559 (Νίκῃ)
2556 2485 2615 2541 in
2648 2501 2787 2558 agro
2819 2486 3172 2556 Tyernense,
3210 2484 3269 2538 in
3295 2483 3511 2540 vicaria
3549 2484 3732 2540 Dora-

2080 2576 2381 2645 tense,hoe
2402 2580 2491 2631 est
2507 2572 2705 2629 villam
2728 2572 3682 2641 Genretam,Montembriosonem,
3700 2594 3730 2625 »

2081 2670 2191 2721 etc.
2228 2663 2504 2737 Legimus
2535 2662 2801 2735 ejusdem
2832 2659 3133 2716 Amblardi
3172 2660 3282 2715 hac
3314 2660 3385 2716 de
3415 2676 3474 2716 re
3504 2659 3733 2717 instru-

2082 2758 2369 2821 mentum,
2402 2752 2462 2808 in
2495 2767 2609 2824 quo
2642 2752 2723 2806 ait
2753 2768 2815 2807 se
2842 2750 2965 2805 haec
2995 2748 3111 2805 Deo
3135 2753 3193 2804 et
3216 2749 3435 2805 sanctis
3456 2748 3735 2821 apostolis

2083 2844 2248 2899 Petro
2279 2845 2335 2898 et
2368 2839 2545 2896 Paulo
2575 2841 2812 2906 donare,
2842 2860 2863 2889 ι
2900 2841 3193 2910 quatenus
3214 2836 3486 2892 monachi
3507 2834 3735 2893 Clunia-

2083 2931 2273 2987 censis
2303 2930 2413 2985 loci
2442 2929 2502 2984 in
2533 2927 2763 2984 Nisiaeo
2794 2926 3002 2982 cellam
3036 2926 3151 2981 Deo
3183 2925 3437 2980 dicatam
3469 2923 3582 2980 sibi
3603 2941 3736 2981 con-

2084 3025 2376 3077 struerent
2406 3019 2465 3074 in
2497 3018 2717 3074 honore
2750 3014 2902 3071 beati
2937 3016 3087 3071 Petri
3122 3014 3402 3087 principis
3442 3012 3733 3087 apostolo-

2085 3126 2238 3180 rum,
2254 3108 2363 3163 sub
2376 3105 2577 3180 regula
2589 3105 2774 3161 sancti
2790 3102 3085 3160 Benedicti
3107 3103 3528 3158 monachorum
3551 3103 3735 3175 patris

322 3198 800 3266 nasterium,non
817 3182 1969 3271 capio.Fortasseidinltaliasitumerat.
2005 3182 2048 3248 Ο
2085 3200 2202 3255 Deo
2250 3196 2601 3263 militantes;
2648 3194 3027 3267 prmeipitque
3076 3190 3450 3248 vadiatoribus
3497 3190 3643 3259 suis,
3675 3191 3733 3247 id

320 3287 485 3342 Idem
516 3286 650 3341 Otto
684 3287 756 3341 ad
788 3304 991 3359 preces
1021 3288 1289 3361 conjugis
1320 3306 1440 3345 sua:
1462 3290 1756 3346 Adeleidis
1778 3308 1975 3347 mona-

324 3371 503 3429 sterio
535 3373 720 3427 sancti
755 3373 902 3428 Petri
928 3374 1222 3430 Ticinensi
1256 3376 1519 3431 concedit
1559 3376 1810 3441 vineam,
1846 3395 1971 3449 quae

325 3459 439 3515 fuit
469 3459 780 3529 cujusdam
808 3460 1128 3533 presbyteri
1158 3462 1229 3517 de
1259 3454 1494 3518 cardine
1520 3462 1851 3519 Ticineneis
1881 3481 1971 3519 ec-

328 3547 540 3615 clesiae,
575 3551 631 3602 et
662 3548 733 3603 ad
756 3549 858 3620 jus
891 3550 1051 3621 regni
1084 3551 1179 3605 sui
1214 3555 1354 3605 tunc
1385 3551 1822 3623 pertinebat.Ad
1854 3552 1975 3607 haec

328 3659 357 3687 (ί
388 3652 543 3691 anno
574 3639 733 3691 sexto
763 3638 1148 3710 regnantibus
1177 3637 1237 3693 in
1271 3638 1435 3693 Italia
1464 3639 1671 3695 Ottone
1690 3644 1748 3695 et
1768 3640 1978 3695 Ottone

327 3722 469 3790 filio,
504 3746 532 3773 »ι
568 3723 963 3797 Ingelbaudus
994 3725 1257 3797 quidam,
1292 3726 1451 3781 ﬁlius
1480 3727 1977 3799 Ansegisi,vivens

328 3813 443 3884 lege
470 3812 676 3883 Saliga,
703 3813 883 3868 donat
911 3815 1178 3886 quaedam
1202 3815 1419 3887 prmdia
1437 3814 1496 3869 in
1520 3815 1981 3871 eomitatuVien-

329 3901 497 3958 nensi
532 3922 559 3950 ‹‹
591 3901 663 3956 ad
695 3901 1118 3958 monasterium
1142 3902 1505 3971 Cluniacum,
1530 3920 1633 3975 per
1652 3903 1976 3971 cultellum,

329 3990 621 4045 festucam
670 3990 970 4057 nodatam,
1006 4008 1108 4063 per
1153 3996 1506 4048 vuantonem
1556 3998 1614 4047 et
1660 4009 1979 4049 vuasonem

330 4083 497 4135 terra:
526 4079 584 4133 in
616 4094 827 4134 manus
860 4079 1058 4134 domni
1092 4080 1285 4136 Maioli
1317 4081 1565 4136 abbatis.
1608 4104 1628 4128 ιο

402 4170 494 4221 22.
526 4168 691 4223 Anno
717 4168 786 4221 36
814 4166 1061 4223 Conradi
1094 4169 1245 4241 regis
1278 4168 1527 4225 Maiolus
1558 4170 1740 4225 abbas
1770 4169 1828 4225 in
1854 4186 1982 4243 pre-

333 4257 554 4315 cariam
589 4257 873 4313 nonnulla
901 4259 1082 4313 tradit
1102 4258 1331 4331 Hugoni
1353 4258 1471 4313 filio
1497 4258 1983 4315 Lamberticomi-

2080 3293 2170 3343 est
2196 3285 2529 3342 testamenti
2554 3283 2645 3339 sui
2665 3281 3105 3338 exsecutoribus
3128 3281 3606 3353 (eleemosynarios
3634 3279 3735 3336 alii

2083 3374 2419 3449 appellant),
2452 3378 2518 3428 ut
2549 3373 2811 3428 chartam
2851 3372 2923 3425 de
2973 3370 3083 3425 hac
3134 3370 3448 3426 donatione
3496 3368 3733 3425 faciant.

2084 3465 2245 3532 Quod
2278 3464 2515 3536 quidem
2549 3461 2823 3517 continuo
2858 3464 3138 3531 prmstant
3173 3459 3481 3515 «Andreas
3511 3474 3734 3530 praepo-

2085 3555 2257 3620 situs,
2281 3552 2549 3608 Ornadus
2572 3551 2850 3615 decanus,
2874 3548 3296 3603 Gundramnus
3335 3547 3539 3615 abbas,
3570 3546 3737 3619 Hugo

2086 3642 2269 3697 abbas
2299 3640 2613 3710 (digni'ales
2659 3638 2918 3692 Ecclesia?
2966 3635 3385 3707 Lugdunensis),
3417 3635 3738 3707 Augendus

2087 3728 2423 3795 canonicus,
2458 3726 2789 3797 Stephanus
2819 3724 3123 3790 diaconus,
3154 3723 3356 3778 Pontio
3395 3723 3735 3791 canonicus,

2088 3821 2145 3874 et
2183 3817 2349 3889 IIugo
2395 3815 2601 3870 laicus.
2637 3837 2664 3863 ››
2699 3811 2913 3868 Nisiaci
2970 3811 3257 3867 hactenus
3307 3814 3397 3866 est
3443 3810 3737 3882 prioratue

2089 3902 2508 3961 Cluniacensis.

2158 3995 2250 4050 24.
2285 3991 2634 4049 Benedictus
2680 4006 2830 4063 papa
2855 3989 2957 4044 VII
2993 4012 3020 4039 ‹‹
3048 3987 3443 4043 ordinandum
3492 3984 3737 4041 tradidit

2093 4084 2393 4141 Lirinense
2425 4078 2846 4136 monasterium
2874 4076 3083 4132 Maiolo
3100 4076 3295 4131 abbati
3311 4073 3736 4143 Cluniacensi,»

2093 4179 2160 4230 ut
2187 4172 2328 4245 legit
2356 4174 2554 4226 noster
2573 4167 2988 4240 Stephanotius
3011 4166 3069 4220 in
3092 4164 3405 4221 Tabulario
3427 4162 3738 4219 Lirinensi.

2092 4266 2296 4321 Exstat
2327 4261 2455 4332 ejus
2487 4257 2567 4313 rei
2590 4255 2956 4329 pontiﬁcium
2980 4254 3240 4327 diploma
3259 4253 3319 4308 in
3342 4251 3596 4309 Bullario
3618 4251 3745 4308 Clu-

332 4347 433 4412 tis,
466 4344 526 4400 in
550 4344 672 4401 haec
692 4347 885 4401 verba.
905 4369 930 4396 ‹‹
946 4347 1161 4402 Notum
1183 4348 1261 4402 sit
1280 4346 1554 4401 omnibus
1571 4346 1719 4402 sacri
1738 4348 1984 4403 cmnobii
2095 4347 2379 4416 niaeensi,
2409 4347 2613 4402 datum
2635 4367 2663 4395 «
2682 4361 2834 4400 anno
2857 4344 2888 4398 4
2905 4343 3281 4417 pontiﬁcatus
3302 4340 3597 4397 Benedicti
3618 4339 3741 4406 VII,

334 4434 738 4492 Cluniacensis
766 4435 1079 4491 abbatibus
1110 4440 1286 4507 atque
1318 4434 1621 4490 monachis
1652 4436 1986 4508 quibusque
2097 4438 2327 4513 imperii
2360 4434 2592 4492 Ottonis
2623 4450 2776 4489 anno
2810 4434 2895 4499 11,
2930 4449 3131 4489 mense
3179 4431 3354 4498 Maio,
3387 4429 3589 4484 indict.
3623 4429 3678 4482 6.
3713 4449 3740 4476 »

338 4522 575 4589 futuris,
607 4523 762 4595 quod
796 4539 901 4596 ego
932 4524 1112 4578 frater
1144 4522 1392 4578 Maiolus
1418 4523 1677 4595 praedicti
1711 4525 1980 4593 coanobii,
2013 4543 2061 4609 D
2093 4533 2155 4589 In
2187 4545 2257 4585 ea
2283 4525 2445 4582 bulla
2474 4524 2539 4579 fit
2568 4522 2788 4578 mentio
2823 4522 3000 4577 etiam
3047 4522 3120 4577 de
3166 4519 3375 4575 Arluco
3405 4517 3487 4609 (S_.
3518 4517 3747 4609 Etieane

337 4612 475 4667 licet
504 4611 802 4685 indignus,
838 4612 1042 4679 abbas,
1077 4629 1193 4667 una
1222 4628 1356 4667 cum
1389 4627 1679 4667 consensu
1711 4612 1981 4681 fratrum,
2013 4605 2042 4609 ﬁ
2093 4616 2331 4686 d’Arluc)
2361 4610 2736 4677 monasterio,
2762 4611 2934 4667 modo
2966 4611 3265 4666 dsetructo
3289 4622 3302 4661 :
3328 4605 3482 4678 quod
3506 4607 3746 4660 sanctus

338 4717 431 4755 res
452 4699 610 4771 juris
642 4701 827 4756 nostri
860 4701 1089 4756 cuidam
1124 4700 1304 4756 nobili
1335 4701 1458 4755 viro
1491 4700 1987 4773 Hugoni,Almodi
2098 4710 2426 4765 Honoratus
2484 4718 2587 4774 pro
2636 4697 3183 4755 sanctimonialibus
3238 4694 3642 4750 construxerat
3686 4688 3747 4744 in

339 4789 470 4859 ejus
501 4788 687 4857 uxori,
719 4793 777 4845 et
806 4789 1101 4861 Stephano
1131 4806 1334 4846 eorum
1366 4788 1506 4857 tilio,
1531 4794 1705 4861 atque
1726 4790 1976 4860 ejusdem

2100 4801 2296 4854 monte
2326 4807 2659 4866 perammno
2692 4789 2764 4843 ad
2794 4787 2962 4843 littus
2994 4786 3175 4841 maris
3206 4788 3263 4841 et
3284 4783 3356 4840 ad
3378 4780 3566 4854 ripam
3588 4778 3747 4835 ﬂuvii

338 4876 728 4951 primogenito
750 4900 777 4928 ››
806 4879 923 4949 (nos
955 4879 1113 4935 hodie
1139 4878 1209 4934 ad
1230 4887 1336 4934 tres
1351 4880 1489 4934 vitas
1509 4878 1830 4951 diceremus)
1847 4878 1976 4934 «vil-

2101 4886 2327 4957 Siagnaa
2358 4883 2437 4952 (ta
2466 4877 2706 4949 Siagne),
2741 4876 2839 4930 ubi
2869 4872 3219 4947 Angarisma
3258 4874 3502 4944 praeerat
3548 4870 3748 4957 saneto

341 4966 461 5021 lam
501 4966 914 5023 Ambariacum
965 4968 1365 5034 concedimus,
1400 4987 1427 5017 ››
1460 4970 1569 5021 etc.
1604 4966 1996 5023 Subscribunt
2101 4956 2331 5046 Aigulfo
2362 4968 2591 5026 abbate.
2626 4964 2736 5021 Sed
2767 4962 3017 5034 insignis
3044 4966 3134 5017 est
3150 4978 3266 5032 pra:
3296 4957 3518 5015 caeteris
3547 4956 3753 5013 charta

2106 5060 2334 5118 Rodulfi
2366 5052 2769 5113 Cabilonensis
2798 5051 3079 5123 episcopi,
3101 5050 3162 5104 in
3182 5066 3298 5121 qua
3324 5070 3353 5099 «
3373 5049 3565 5120 Ageus
3587 5060 3755 5100 cano-

2106 5149 2274 5204 nicus
2290 5143 2435 5201 adiit
2450 5145 2683 5204 nostrae,
2698 5136 3331 5210 inquit,munilicentiaz
3353 5134 3751 5201 serenitatem,

2106 5251 2342 5307 rogans,
2374 5236 2438 5286 ut
2465 5226 2879 5284 Cluniensibus
2909 5226 3211 5281 monachis
3233 5230 3291 5280 et
3309 5225 3524 5280 domno
3546 5218 3756 5277 Maiolo

2108 5323 2303 5381 abbati
2336 5322 2578 5377 domum
2608 5333 2744 5372 cum
2774 5332 2909 5371 area
2928 5316 3097 5387 juxta
3128 5331 3329 5370 muros
3361 5312 3524 5369 urbis
3543 5327 3614 5367 ex
3639 5325 3759 5365 una

2108 5417 2294 5486 parte,
2325 5427 2394 5466 ex
2421 5407 2537 5463 alia
2556 5407 2728 5478 juxta
2757 5404 3014 5459 claustra
3042 5404 3460 5465 canonicorum
3492 5416 3630 5456 cum
3662 5414 3757 5454 ca-

2109 5500 2285 5558 nonia
2315 5514 2489 5571 quam
2522 5497 2593 5550 ab
2634 5494 2871 5548 ineunte
2918 5497 3085 5548 mtate
3126 5494 3483 5557 obtinuerat,
3513 5491 3760 5545 aeterna-

2110 5591 2242 5647 liter
2270 5588 2448 5644 daret.
2486 5608 2513 5635 ››
2549 5583 2711 5649 Quod
2744 5582 2825 5636 ait
2854 5599 2917 5637 se
2948 5581 3097 5638 ultro
3124 5582 3311 5637 facere
3349 5597 3418 5638 ex
3467 5592 3759 5635 consensu

348 5079 370 5105 α
398 5052 647 5111 Maiolus
678 5054 1049 5112 humillimus
1071 5054 1560 5123 abbas,Vivianus
1577 5055 1998 5125 prior,Ermen-

342 5144 545 5200 fredus
576 5143 905 5216 episcopus,
942 5144 1331 5211 Balduinus»,
1356 5142 1564 5198 deinde
1596 5142 1693 5197 alii
1725 5145 1994 5200 monachi

344 5249 590 5288 numero
620 5233 852 5289 25.11am
874 5250 1027 5289 anno
1045 5233 1286 5288 973.Per
1306 5232 1462 5286 idem
1488 5235 1721 5301 tempus
1741 5231 1997 5288 Joannes

344 5338 497 5394 papa
527 5321 651 5375 XIII
683 5322 1104 5378 monasterium
1138 5321 1469 5387 Cluniense,
1508 5342 1535 5370 «
1556 5318 1650 5374 cui
1682 5321 1995 5391 sapienter,

348 5410 623 5481 inquit,et
652 5409 816 5466 beate
836 5415 1043 5483 praeest
1060 5409 1447 5466 cbarissimus
1462 5406 1618 5463 lilius
1632 5410 2001 5464 nosterdom-

346 5515 458 5552 nus
492 5496 739 5553 Maiolus
771 5500 971 5565 abbas,
1012 5523 1032 5548 ι
1070 5498 1445 5555 commendat
1474 5495 1764 5567 episcopis
1786 5498 1997 5553 Gallia-

348 5586 874 5659 rum,Stcphanum
903 5592 1321 5645 Arvernensem
1354 5586 1695 5659 episcopum
1745 5586 1999 5659 compel-
