4034 6170
341 303 463 400 ίηθ

1467 339 1532 400 S.
1567 336 1844 401 MAIOLI
1887 331 2220 396 ABllATIS
2265 332 2624 395 GLUNIAC.

3627 329 3744 390 724

338 469 685 527 clericorum
717 487 980 539 suorum,
1009 493 1036 521 ‹‹
1061 469 1311 531 maxime
1336 487 1470 526 cum
1493 471 1637 526 tanti
1659 468 1764 524 viri
1788 467 1982 525 Maioli
2011 467 2070 534 Α
2097 471 2193 522 tus
2223 470 2282 522 et
2312 483 2456 522 uxor
2485 483 2616 522 mea
2637 465 2998 522 Falectrudis
3022 463 3311 520 donamus
3327 461 3548 536 aliquid
3565 463 3636 518 de
3653 479 3746 519 res

340 559 587 635 gloriam
619 561 692 616 ab
722 560 850 632 ipso
881 561 1124 616 Domino
1155 563 1482 615 mutuatam
1507 565 1564 615 et
1585 551 1726 613 aure
1750 557 1988 630 percipi-

343 649 784 718 mus,etintuitu
799 650 1016 721 proprii
1035 650 1277 704 lum'inis
1298 649 1438 704 nihil
1457 649 1513 703 in
1533 650 1660 720 ejus
1680 647 1990 702 dilectione

343 737 714 795 conniventes
747 738 1005 810 quotidie
1037 738 1444 811 perspicimus.
1473 737 1571 794 Ille
1593 737 1748 793 enim
1778 741 1841 791 ut
1862 753 1988 791 vere

345 831 434 883 est
461 827 780 884 Galliarum
805 829 986 897 jubar
1015 829 1086 882 ad
1112 832 1343 900 tempus
1363 826 1872 895 exortum,nostris
1895 843 1993 880 sae-

342 915 492 971 culis
523 916 960 984 admirandum,
994 921 1070 982 et,
1087 916 1132 971 si
1154 917 1306 988 potis
1326 921 1435 984 est,
1459 915 1736 971 omnibus
1763 913 1990 968 imitan-

343 1003 508 1059 dum.
529 1026 556 1054 ››
591 1007 712 1072 Quo
733 1005 919 1077 elogio
939 1005 1295 1061 luculentius
1321 1005 1465 1060 nihil
1497 1005 1684 1060 afferri
1715 1007 1903 1075 potest
1923 1003 1994 1057 de

345 1091 586 1148 homine
616 1093 840 1149 vivente
875 1094 888 1148 ἑ
924 1110 1111 1164 neque
1146 1092 1324 1148 ullam
1359 1092 1586 1148 invenio
1617 1097 1751 1146 ante
1773 1091 1828 1145 id
1858 1095 1997 1145 tem-

350 1197 462 1252 pus
475 1181 675 1236 datam
687 1181 1169 1238 Cluniacensibus
1180 1183 1755 1254 prmbendam(quam
1770 1179 1994 1250 vocant)

351 1269 800 1337 eanonicorum;
831 1269 1029 1342 plures
1057 1275 1259 1342 postea
1277 1271 1388 1326 sub
1411 1269 1652 1325 Odilonc
1677 1273 1734 1324 et
1756 1269 1996 1340 Hu‘gone

350 1357 683 1413 abbatibus.
717 1358 1108 1414 Subscribunt
1139 1357 1234 1414 isti
1265 1359 1476 1413 chartae
1517 1361 1648 1429 post
1679 1355 1995 1412 Rodull‘um

353 1467 383 1496 «
410 1445 646 1502 Adalais
676 1445 996 1516 eomitissa,
1031 1447 1197 1521 Hugo
1226 1447 1386 1504 ﬁlius
1434 1448 1583 1518 ejus,
1619 1447 1934 1502 Rotbertus
1965 1466 1992 1495 ιι

347 1531 690 1602 vicecomes,
723 1551 858 1589 cum
889 1533 1206 1600 canonicis,
1238 1551 1390 1591 anno
1417 1536 1488 1590 26
1521 1533 1776 1590 Lotharii
1819 1533 1994 1606 regis.

418 1650 508 1704 25.
540 1649 706 1704 An’no
735 1650 806 1704 34
831 1649 1088 1704 Lotharii
1121 1649 1294 1721 regis,
1328 1649 1384 1704 id
1418 1655 1508 1704 est
1537 1665 1689 1704 anno
1717 1649 1999 1716 980,Gau-

349 1738 548 1794 fredus
579 1754 773 1794 comes
803 1741 980 1810 atque
1009 1754 1154 1793 uxor
1182 1739 1310 1810 ejus
1339 1737 1629 1794 Adeleidis
1673 1739 1894 1794 donant
1924 1739 1997 1793 ad

2098 559 2330 611 nostras
2362 555 2628 626 proprias
2676 555 2812 623 Deo,
2848 559 2905 610 et
2935 555 2993 609 S.
3030 552 3322 620 Marcello,
3355 557 3413 608 et
3443 551 3746 608 monachis

2100 645 2248 712 istis,
2287 645 2341 700 id
2373 649 2461 700 cst
2491 645 2712 699 Odoino
2744 648 2918 715 atque
2957 643 3256 708 Duranno,
3287 646 3344 697 et
3372 643 3446 696 ad
3486 641 3620 696 illos
3649 641 3746 714 qui

2101 735 2172 789 ad
2204 734 2398 788 locum
2431 735 2490 788 Β.
2529 732 2780 788 Marcelli
2815 731 3094 798 venerint,
3120 736 3178 786 et
3199 730 3278 785 ibi
3302 731 3360 784 in
3389 749 3569 786 unum
3597 748 3749 786 com-

2102 823 2262 878 muni
2274 829 2356 878 ter
2369 823 2502 878 habi
2515 822 2780 890 taverint,
2798 839 2900 894 pro
2913 819 3168 876 remedio
3182 821 3514 875 animarum
3531 824 3754 875 nostra-

2103 929 2256 976 rum,
2289 916 2348 966 et
2378 930 2481 982 pro
2513 909 2649 965 filiis
2681 911 2896 966 nostris
2915 911 3200 965 Ademaro
3221 913 3396 981 atque
3419 910 3748 976 Lamberto,

2103 1006 2244 1056 etut
2273 1000 2518 1054 ecclesia
2541 1001 2600 1054 B.
2619 998 2870 1054 Marcelli
2899 997 3754 1066 retedificetur,monasterium-

2104 1108 2216 1162 que
2248 1089 2326 1143 ibi
2361 1088 2624 1154 faciatur,
2661 1087 2920 1160 nullique
2939 1087 3064 1144 loco
3088 1087 3215 1160 ipsa
3235 1087 3480 1143 ecclesia
3501 1105 3609 1143 nec
3631 1088 3754 1160 ipse

2104 1179 2268 1233 locus
2300 1179 2604 1247 subjectus
2656 1177 2753 1244 sit,
2787 1177 2900 1232 nisi
2953 1178 3026 1232 ad
3052 1178 3113 1232 S.
3148 1177 3378 1232 Petrum
3429 1175 3753 1248 principem

2105 1266 2501 1338 apostolorum
2528 1283 2540 1320 :
2574 1267 2853 1336 omnique
2883 1269 3145 1337 tempore
3174 1265 3247 1320 ad
3280 1265 3526 1320 Romam
3559 1282 3757 1320 mona~

2106 1356 2199 1412 ehi
2227 1354 2443 1410 ibidem
2477 1355 2694 1426 pariter
2721 1355 3056 1409 habitantes
3085 1355 3158 1409 ad
3207 1353 3478 1426 quintum
3529 1371 3752 1408 annum

2105 1446 2366 1518 quinque
2397 1445 2614 1500 solidos
2649 1445 2706 1500 in
2737 1461 2980 1500 censum
3008 1445 3573 1500 reddant.Abbatem
3595 1443 3754 1498 enim

2107 1535 2168 1591 in
2200 1535 2390 1591 locum
2424 1535 2486 1590 B.
2517 1533 2794 1601 Marcelli,
2828 1551 2954 1606 quae
2985 1533 3202 1589 dicitur
3232 1533 3616 1597 Fellinis,non
3649 1533 3756 1588 ha-

2107 1625 2241 1680 beat
2271 1625 2370 1696 qui
2402 1623 2664 1697 regulam
2693 1623 2752 1680 S.
2787 1623 3084 1678 Benedicti
3110 1641 3223 1678 non
3251 1626 3464 1688 teneat,
3478 1627 3538 1679 et
3558 1640 3763 1678 secun-

2108 1715 2248 1769 dum
2281 1730 2410 1768 eam
2443 1729 2557 1768 non
2579 1711 2734 1766 vivat
2753 1730 2766 1779 ;
2787 1710 3056 1783 nullique
3077 1711 3348 1767 monachi
3369 1711 3450 1766 ibi
3472 1712 3762 1778 habitent,

346 1825 540 1884 locum
573 1801 938 1892 Cluniaeum,
971 1827 1072 1882 ubi
1105 1801 1352 1884 Maiolus
1383 1831 1508 1882 erat
1528 1829 1838 1895 abbas,res
1859 1845 1999 1882 suas
2033 1837 2081 1903 Β
2244 1802 2570 1903 ξνεξίθξξῖδω,
2593 1804 2650 1856 et
2670 1817 3047 1903 θῗίηῖξωῗθίη
3069 1801 3247 1903 vum?!
3271 1801 3418 1903 hinc
3437 1817 3555 1856 non
3577 1804 3771 1856 θυθίο·

351 1917 498 1973 sitas
527 1917 586 1971 in
618 1933 766 1988 pago
797 1915 1186 1983 Cabilonensi,
1212 1915 1272 1970 in
1306 1916 1419 1972 fine
1447 1915 2008 1983 Jemulacensi,villa

355 2007 655 2063 Fusciaeo.
680 2005 1071 2062 Subscribunt
1094 2027 1121 2055 «
1141 2005 1468 2060 Gaufredus
1493 2003 2006 2070 comes,Adeleidis

355 2096 485 2168 ejus
512 2112 672 2163 uvor,
706 2099 764 2150 et
793 2095 955 2168 llugo
987 2093 1145 2150 ﬁlius
1175 2095 1323 2165 ejus,
1359 2110 1570 2162 nempe
1615 2091 1908 2149 Adeloidis
1939 2111 2008 2148 ex

357 2185 666 2242 Lamberto
692 2183 925 2250 comite,
953 2181 1131 2256 priori
1163 2183 1292 2254 ejus
1323 2183 1762 2255 conjuge.Anno
1790 2180 2006 2236 26'Lo-

355 2272 732 2341 tharii,Wido
743 2271 1063 2328 vieecomes
1073 2270 1392 2328 Arvernicaa
1407 2271 1657 2326 civitatis
1669 2274 1725 2327 et
1737 2271 2010 2326 Ausenda

357 2363 488 2436 ejus
507 2363 721 2434 conjux
742 2383 770 2413 ››
795 2361 937 2416 dant
956 2357 1261 2416 ecclesiam
1285 2365 1496 2416 sanetae
1520 2359 1714 2415 Mariae
1736 2360 1806 2414 de
1831 2357 2010 2414 Bello-

365 2454 563 2508 monte
590 2451 650 2507 in
681 2466 829 2524 pago
860 2447 1222 2505 Cabilonensi
1247 2449 1359 2504 sub
1386 2447 1594 2504 Maiolo
1613 2447 1751 2504 item
1776 2448 2006 2503 abbate.

431 2568 522 2624 26.
553 2568 719 2622 Anno
745 2565 845 2620 981
882 2562 1018 2619 Milo
1039 2562 1346 2636 episcopus
1369 2561 1814 2618 Matisconensis
1835 2562 2011 2618 ecclo-

364 2653 514 2710 siam
545 2652 732 2710 sancti
764 2651 1035 2708 Germani
1068 2650 1126 2704 in
1157 2648 1295 2705 villa
1345 2650 1562 2718 Rofeio,
1597 2653 1655 2706 et
1705 2649 2008 2706 ecclesiam

364 2746 579 2800 sanctae
637 2740 832 2798 Maria
883 2741 943 2795 in
999 2738 1138 2795 villa
1191 2738 1450 2795 Pedrono
1507 2739 1567 2794 in
1627 2739 1846 2812 synodo
1903 2756 2012 2794 sua

365 2830 576 2888 Maiolo
631 2829 828 2887 abbati
882 2829 1129 2901 ejusque
1185 2827 1492 2884 monachis
1557 2827 1821 2884 concedit
1875 2845 2010 2883 cum

364 2919 608 2977 decimis
637 2923 695 2976 et
723 2917 996 2975 omnibus
1036 2918 1108 2972 ad
1156 2933 1256 2972 eas
1305 2915 1754 2988 pertinentibus,
1791 2939 1818 2966 ‹‹
1851 2917 2010 2972 salvo

363 3008 598 3066 servitio
646 3006 940 3081 synodali,
989 3005 1210 3078 paratis
1266 3009 1324 3060 et
1371 3004 1636 3078 eulogiis.
1672 3028 1700 3056 υ
1741 3007 1908 3061 Anno
1939 3009 2011 3062 28

363 3095 622 3154 Lotharii
652 3095 825 3169 regis,
859 3095 1208 3150 Lambertus
1253 3110 1448 3149 comes
1495 3098 1553 3150 et
1601 3093 1829 3150 Arleleis
1879 3095 2010 3163 ejus

362 3202 508 3242 uxor
549 3185 691 3240 dant
735 3182 1012 3240 Cluniaco
1067 3180 1372 3238 ecclesiam
1423 3182 1610 3237 sancti

361 3274 601 3348 Ingheto
644 3274 706 3329 in
755 3289 902 3346 pago
948 3269 1490 3345 Augustodunensi.
1523 3270 1804 3326 Praetereo
1854 3271 2006 3326 mul-

358 3367 451 3420 tas
481 3362 627 3419 alias
671 3361 966 3426 ecclesias,
1001 3377 1151 3432 quas
1199 3363 1326 3414 tum
1389 3360 1721 3415 Burcardus
1770 3361 2004 3432 Lugdu-

359 3451 562 3508 nensis
628 3449 1102 3522 archiepiscopus
1169 3463 1304 3502 cum
1373 3463 1664 3502 consensu
1725 3449 2008 3520 przrpositi

357 3549 410 3598 et
434 3541 642 3596 abbatis
693 3538 956 3609 Hugonis,
987 3539 1114 3592 tum
1167 3533 1457 3590 Roclenus
1506 3534 1680 3590 homo
1728 3534 1912 3591 laicus
1945 3537 2001 3592 in

357 3628 593 3686 dioecesi
625 3623 999 3700 Lugdunensi
1033 3627 1314 3695 regnante
1341 3623 1604 3679 Conrado
1633 3623 1706 3678 ab
1738 3641 1890 3680 anno
1922 3642 2005 3681 re-

354 3719 453 3792 gni
486 3719 614 3798 ejus
643 3715 944 3789 trigesimo
971 3713 1043 3768 ad
1065 3713 1581 3785 quadragesimum
1604 3714 1772 3784 ;:tum
1796 3713 2004 3770 Walte-

356 3807 480 3863 rins
511 3803 819 3862 Eduensis
849 3801 1160 3873 episcopus
1198 3817 1352 3856 anno
1393 3802 1466 3856 29
1515 3800 1771 3856 Lotharii
1825 3803 1998 3876 regis,

354 3895 570 3968 aliique
600 3889 1082 3948 Cluniacensibus
1127 3889 1433 3946 monachis
1479 3889 1854 3946 contulerunt
1885 3909 1896 3946 :
1934 3909 2002 3948 ex

351 3984 571 4058 quibus
599 3979 914 4037 Walterius
933 3977 1094 4034 dedit
1112 3977 1418 4034 ecclesiam
1440 3979 1510 4032 de
1536 3979 1998 4048 Montcmelardi,

351 4076 411 4128 et
438 4069 746 4128 ecclesiam
777 4071 993 4124 sanctae
1027 4066 1219 4122 Mariae
1250 4067 1310 4122 in
1341 4065 1480 4122 villa
1509 4067 1784 4136 Vallis,et
1814 4069 1998 4124 eccle-

352 4159 501 4216 siam
533 4156 720 4213 sancti
745 4155 1018 4214 Germani
1050 4155 1109 4209 in
1139 4153 1278 4211 villa
1307 4155 1598 4222 Tirinaco,
1625 4179 1652 4206 ‹‹
1675 4156 1773 4212 ubi
1799 4159 2002 4230 praedi-

349 4246 428 4304 eti
459 4245 750 4316 monachi,
785 4245 998 4318 inquit,
1033 4243 1091 4299 in
1121 4243 1452 4300 obcdientia
1499 4245 1761 4317 quotidie
1812 4247 1996 4303 assis-

345 4337 500 4394 tunt.
530 4357 560 4388 »

415 4446 505 4500 27.
537 4445 703 4499 Anno
733 4443 805 4498 3O
836 4439 1092 4497 Lotharii
1122 4440 1295 4513 regis,
1321 4440 1378 4496 id
1401 4445 1491 4496 est
1509 4458 1661 4497 anno
1683 4441 1998 4512 984,Maio-

345 4533 438 4590 lus
467 4531 870 4589 Cluniacensis
899 4533 957 4586 et
985 4527 1272 4602 Valorgus
1322 4529 1700 4587 Luxoviensis
1749 4532 1992 4589 abbates

341 4621 541 4696 aliqua
566 4621 718 4677 inter
746 4637 874 4676 sese
903 4621 1270 4675 commutant
1298 4616 1357 4673 in
1380 4617 1531 4675 villis
1555 4619 1911 4678 Salustriaco
1935 4626 1992 4678 et

342 4709 594 4768 Danaico
624 4709 758 4783 pagi
791 4707 1240 4764 Matisconensis
1274 4724 1287 4762 :
1324 4705 1424 4762 ubi
1453 4711 1627 4763 antea
1658 4709 1986 4781 Aymardus

339 4799 521 4856 abbas
533 4815 668 4855 cum
681 4797 944 4854 Guidone
965 4795 1174 4852 abbate
1195 4795 1334 4852 item
1357 4795 1700 4852 Luxoviensi
1718 4799 1984 4869 quaedam

339 4889 791 4961 permutaverat.
828 4885 1044 4942 Eodem
1089 4901 1244 4940 anno
1290 4885 1488 4957 Aynus
1539 4885 1984 4944 Matisconensis

337 4976 786 5034 archidiaconus
813 4973 1089 5029 Cluniaco
1120 4973 1222 5028 dat
1249 4972 1448 5028 vineas
1471 4971 1613 5028 sitas
1637 4975 1695 5028 in
1717 4991 1864 5047 pago
1888 4978 1988 5032 Ca-

337 5063 648 5132 bilonensi,
687 5061 826 5118 villa
875 5061 1152 5118 Fusciaco
1185 5079 1198 5116 :
1233 5062 1583 5134 confirmant
1613 5085 1632 5110 α
1673 5063 1984 5120 Botdulfus

335 5152 668 5226 episcopus,
726 5151 1080 5207 Cauzfredus
1137 5167 1356 5216 comes,
1405 5155 1464 5205 et
1518 5150 1748 5207 Adcleis
1805 5155 1983 5209 conii-

333 5239 498 5298 tissa.
532 5263 561 5292 »

403 5348 494 5402 28.
526 5348 692 5402 Anno
707 5347 816 5401 985
837 5346 1181 5402 Lambertus
1203 5363 1398 5402 eomes
1419 5346 1851 5402 Valentinensis
1873 5353 1982 5404 tra-

333 5433 419 5488 dit
447 5434 640 5490 loeum
672 5436 751 5514 ad.
776 5435 1236 5490 construendum
1269 5435 1690 5491 monasterium
1725 5436 1782 5490 in
1807 5437 1982 5492 hono-

334 5537 455 5576 rem
487 5522 673 5578 sancti
706 5522 980 5578 Marcelli.
1017 5523 1242 5578 Litterae
1273 5523 1382 5578 hac
1413 5524 1482 5578 de
1513 5540 1574 5579 re
1604 5525 1872 5580 confecta:
1897 5525 1980 5582 sic

333 5606 548 5665 habent
573 5609 809 5683 prologo
826 5615 882 5666 et
899 5609 1196 5666 nonnullis
1215 5611 1450 5666 omissis
1477 5629 1489 5666 :
1520 5635 1544 5662 ‹‹
1572 5613 1688 5686 Ego
1713 5614 1980 5668 Lamber-

2117 1889 2350 1945 dierint.
2387 1889 2445 1945 Si
2478 1888 2636 1945 enim
2667 1888 2881 1960 aliquis
2921 1889 3096 1944 homo
3127 1893 3230 1944 aut
3275 1888 3473 1960 aliqua
3521 1905 3769 1960 persona

2115 1984 2352 2050 propter
2379 1996 2614 2042 aurum,
2639 1978 2726 2033 vel
2760 1982 2995 2049 propter
3023 1981 3354 2051 argentum,
3387 1981 3490 2033 aut
3537 1980 3770 2049 propter

2115 2067 2376 2140 aliquam
2409 2066 2746 2122 facultatem
2779 2067 3051 2122 abbatem
3085 2065 3144 2121 in
3177 2065 3370 2122 locum
3412 2067 3475 2122 Β.
3511 2065 3766 2121 Marcelli

2118 2155 2348 2211 mittere
2377 2155 2656 2224 voluerit;
2690 2171 2896 2211 omnes
2927 2155 3114 2212 sancti
3147 2156 3270 2212 sint
3299 2154 3351 2210 ei
3382 2155 3680 2222 contrarii,
3713 2160 3769 2210 et

2119 2245 2182 2300 B.
2217 2243 2564 2299 Benedictus
2593 2260 2728 2299 cum
2757 2259 2932 2317 grege
2963 2244 3386 2300 monachorum
3432 2261 3764 2300 suorum....

2119 2334 2268 2389 Sunt
2297 2350 2433 2405 ergo
2465 2333 2602 2404 ipsae
2635 2349 2727 2387 res
2761 2333 2884 2387 sitae
2915 2332 2976 2388 in
3007 2332 3288 2388 comitatu
3333 2331 3767 2400 Valentinense,

2117 2421 2228 2478 hoc
2267 2427 2358 2477 est
2403 2437 2574 2477 mons
2621 2438 2748 2493 quae
2799 2420 3130 2494 appellatur
3173 2420 3468 2488 Alavinea,
3495 2422 3550 2477 ei
3601 2438 3765 2476 mons

2120 2527 2247 2582 quae
2292 2513 2530 2566 vocatur
2576 2508 2978 2565 Medialuna...
3011 2509 3332 2578 Donamus,
3365 2510 3764 2582 donatumque

2119 2601 2179 2654 in
2200 2602 2550 2671 perpetuum
2571 2615 2699 2654 esse
2718 2598 2991 2654 volumus
3010 2597 3070 2654 in
3095 2597 3374 2654 alimonia
3397 2601 3455 2654 et
3475 2598 3762 2672 stipendio

2121 2687 2566 2752 monachorum,
2599 2691 2657 2742 et
2689 2687 3057 2758 susceptione
3087 2685 3410 2758 hospitum,
3434 2692 3492 2742 et
3512 2685 3761 2759 peregri-

2120 2793 2328 2833 norum
2361 2780 2418 2832 et
2447 2774 2866 2847 orphanorum,
2893 2775 2949 2830 in
2965 2776 3092 2847 jam
3113 2775 3266 2832 dicto
3289 2775 3414 2832 loco
3435 2776 3550 2831 sub
3571 2775 3764 2849 regula

2111 2867 2238 2938 jam
2262 2865 2404 2920 dicti
2426 2865 2611 2936 patris
2644 2863 2940 2919 Benedicti
2972 2853 3490 2938 servientium,pro
3512 2865 3762 2920 remedio

2119 2953 2328 3010 anima:
2359 2971 2520 3021 meae,
2539 2970 2643 3009 nec
2660 2969 2775 3008 non
2798 2957 2856 3008 et
2873 2971 2977 3025 pro
2999 2953 3254 3009 remedio
3273 2953 3456 3026 patris
3479 2954 3594 3010 mei
3619 2955 3764 3010 Gun-

2119 3043 2291 3109 tardi,
2325 3047 2382 3098 et
2409 3059 2509 3113 pro
2548 3046 2734 3097 matre
2782 3057 2914 3098 mea
2960 3042 3376 3114 Ermengarde,
3410 3065 3438 3092 ››
3473 3047 3586 3098 etc.
3623 3044 3762 3099 Sub-

2119 3131 2323 3188 scribit
2352 3132 2503 3186 inter
2531 3130 2676 3186 alios
2708 3130 3037 3186 Richardus
3068 3131 3228 3186 filius
3259 3131 3578 3187 Lamberti.
3613 3134 3764 3188 Hanc

1661 3183 1906 3294 lf‘jﬁti'ﬂ
1920 3183 2007 3294 f1,"
2037 3202 2080 3269 α
2119 3183 2494 3277 agnam;
2526 3183 3582 3276 553...};6.1.;n...";.;;;;;e
3607 3183 3760 3294 ἐξέιῖ

2118 3309 2230 3366 sui.
2257 3310 2582 3364 Ademarus
2607 3324 2802 3364 comes
2833 3312 2890 3364 et
2919 3325 3062 3363 uxor
3091 3309 3222 3379 ejus
3251 3309 3512 3365 Roteldis
3535 3309 3760 3366 0diloni

2117 3398 2310 3454 abbati
2333 3397 2542 3452 iterum
2557 3415 2691 3452 eum
2705 3396 3028 3468 prioratum
3041 3396 3425 3453 restituerunt
3436 3416 3594 3454 anno
3608 3400 3757 3454 1035.

2115 3487 2196 3542 De
2226 3504 2292 3542 eo
2333 3486 2593 3558 prioratu
2643 3485 2770 3541 vide
2823 3485 3237 3542 bibliothecam
3295 3487 3755 3556 Cluniaeensem,

2115 3575 2222 3632 col.
2259 3577 2414 3630 1727.

2183 3666 2272 3720 29.
2305 3666 2470 3720 Anno
2497 3665 2625 3732 986,
2654 3663 2754 3736 qui
2785 3662 2947 3719 obitu
2977 3665 3232 3720 Lotharii
3281 3665 3640 3721 Francorum
3673 3681 3754 3720 re-

2111 3752 2204 3825 gis
2233 3753 2510 3824 praeditus
2539 3755 2646 3820 est,
2682 3752 2890 3808 Maiolo
2924 3775 2952 3802 ‹‹
2985 3753 3230 3826 ejusque
3261 3753 3568 3810 monachis
3593 3755 3759 3809 datur

2109 3841 2277 3898 vinea
2307 3842 2460 3914 apud
2494 3840 2708 3913 Noglas
2737 3841 2935 3898 villam
2968 3843 3099 3914 pagi
3133 3841 3756 3910 Matisconensis,anno

2111 3931 2300 4001 primo
2335 3927 2608 3985 Ludovici
2642 3929 2813 4002 regis,
2843 3953 2871 3980 »
2907 3930 3006 4002 qui
3039 3930 3295 3987 Lotharii
3340 3931 3498 3988 ﬁlius
3530 3950 3600 3988 ac
3631 3948 3756 3987 sue-

2110 4035 2308 4074 cessor
2339 4017 2466 4074 fuit.
2500 4019 2579 4074 De
2610 4019 2814 4074 eodem
2849 4019 3138 4075 Ludovico
3169 4020 3758 4094 regeinterpretanda

2109 4111 2199 4163 est
2227 4107 2455 4174 charta,
2483 4125 2602 4180 qua
2631 4107 2950 4163 canonicus
2981 4107 3220 4180 quidam
3250 4109 3581 4165 Anieiensis
3611 4111 3757 4165 aedes

2109 4213 2248 4252 suas
2279 4196 2410 4269 igne
2439 4202 2838 4268 consumptas,
2871 4195 3026 4252 infra
3055 4196 3312 4254 claustra
3341 4198 3755 4254 eanonicorum

2106 4284 2251 4340 sitas
2283 4284 2562 4354 restituit,
2590 4285 2885 4357 donatque
2925 4285 3134 4342 Maiolo
3166 4291 3224 4342 et
3247 4286 3751 4354 Cluniacensibus,

2109 4395 2136 4424 ‹‹
2167 4390 2320 4430 anno
2345 4391 2459 4446 quo
2491 4373 2822 4430 Ludovicus
2853 4392 2952 4430 rex
2980 4373 3039 4428 in
3071 4375 3464 4431 adolescentia
3492 4376 3673 4432 vitam
3696 4377 3754 4432 ﬁ-

2104 4463 2267 4519 nivit.
2301 4463 2513 4518 Datum
2545 4463 2755 4534 quinta
2781 4463 2926 4518 feria
2955 4480 3019 4519 ni
3046 4463 3130 4518 Id.
3161 4463 3430 4537 Augusti.
3459 4487 3488 4514 ››
3522 4465 3587 4520 In
3618 4482 3752 4538 quo-

2023 4571 2068 4636 Β
2101 4552 2237 4608 dam
2271 4552 2426 4608 brevi
2475 4551 2748 4607 chronieo
2800 4569 3003 4623 regum
3052 4552 3328 4622 Francia),
3361 4553 3518 4625 quod
3570 4571 3745 4610 manu

2098 4643 2398 4696 exaratum
2423 4639 2672 4696 habetur
2693 4639 2750 4695 in
2775 4639 3127 4696 bibliotheca
3157 4641 3390 4697 Patrum
3415 4641 3745 4698 Carmelita-

2096 4745 2228 4784 rum
2257 4727 2788 4785 Cantoennensium
2820 4729 2971 4801 apud
3005 4728 3617 4796 Clarummontem,de
3647 4747 3742 4804 po—

2095 4817 2330 4873 stremis
2361 4817 2631 4873 secundae
2648 4817 2852 4890 stirpis
2871 4817 3160 4874 Francicai
3177 4817 3414 4891 regibus
3428 4835 3744 4892 eorumque

2095 4905 2266 4961 annis
2297 4905 2459 4978 regni
2491 4905 2575 4962 ita
2603 4905 2820 4979 legitur
2851 4923 2864 4962 :
2902 4927 2931 4956 ‹‹
2962 4905 3334 4962 Chlotharius
3373 4907 3463 4969 31.
3499 4908 3741 4964 Ludovi-

2094 5011 2200 5050 cus
2232 4996 2282 5062 1,
2316 4993 2557 5050 Carolus
2598 4995 2778 5050 frater
2819 4996 2947 5066 ejus
2973 4995 3009 5049 6
3039 4995 3364 5064 mensibus,
3398 4996 3564 5069 Ilugo
3607 4997 3742 5053 alie-

2097 5100 2210 5138 nus
2237 5084 2292 5136 9.
2327 5105 2354 5133 n
2389 5083 2492 5139 llic
2524 5083 2680 5139 filius
2710 5083 2971 5156 Hugonis
3000 5082 3232 5140 comitis
3261 5106 3290 5134 «
3315 5075 3743 5141 Parisiensis’cx

2097 5171 2338 5228 Hawide
2371 5189 2567 5228 sorore
2593 5173 2840 5228 Othonis
2869 5171 3044 5244 cmpit
3076 5189 3319 5246 regnare
3349 5191 3503 5229 anno
3549 5173 3740 5229 Domi-

2095 5260 2153 5316 ni
2185 5262 2312 5324 987,
2343 5265 2400 5316 et
2431 5278 2675 5332 regnum
2707 5261 3032 5332 usurpavit.
3065 5284 3094 5312 ››
3124 5262 3196 5317 Et
3223 5261 3283 5318 in
3313 5261 3427 5318 alio
3460 5279 3474 5317 :
3501 5287 3527 5311 α
3555 5263 3738 5319 Ludo-

2090 5349 2255 5406 vicus
2295 5349 2726 5406 Ultramarinus
2774 5349 2976 5422 genuit
3026 5350 3402 5420 Lotharium;
3435 5351 3740 5408 Lotharius

2091 5439 2295 5511 genuit
2328 5439 2704 5506 Ludovicum,
2725 5439 2824 5510 qui
2848 5439 3040 5495 adhuc
3061 5457 3205 5512 puer
3227 5439 3563 5495 Blanchiam
3587 5441 3736 5512 cepit

2089 5526 2147 5581 in
2183 5544 2442 5594 uxorem,
2475 5526 2532 5582 in
2566 5545 2682 5598 quo
2713 5527 2890 5582 etiam
2939 5546 3104 5600 rcges
3153 5529 3224 5584 de
3279 5529 3502 5584 familia
3549 5529 3732 5584 Caroli

2089 5615 2281 5688 Magni
2315 5617 2670 5673 defecerunt.
2707 5616 2851 5672 lluic
2881 5633 3111 5690 quoque
3142 5636 3209 5674 ex
3229 5618 3342 5674 alia
3365 5617 3586 5673 familia
3609 5635 3732 5674 suc-
