4028 6172
324 310 442 376 725

1577 302 1924 378 ELOGIUM
1972 310 2478 381 HISTORICUM.

3535 313 3730 400 ~726

322 449 503 506 cessit
533 448 697 519 Hugo
730 446 787 503 in
822 465 1087 521 regnum,
1118 449 1382 521 Hugonis
1413 449 1605 521 Magni
1657 448 1836 515 ﬁlius,
1872 446 1965 504 cui
1997 444 2052 513 Α
2083 448 2153 502 de
2184 448 2473 522 Bellojoco
2507 452 2793 523 quasdam
2827 451 3186 511 obedientias
3217 452 3590 509 commendat
3618 452 3729 510 sub

325 538 610 594 successit
640 538 951 593 llotbertus
978 537 1135 594 filius
1158 541 1286 610 ejus
1310 540 1365 593 in
1400 539 1752 611 regno.IIuic
1775 542 1971 592 autem

322 626 608 683 successit
640 626 795 681 filius
826 627 953 698 ejus
983 627 1273 695 Aiuricus,
1308 628 1405 699 qui
1441 629 1612 682 modo
1645 628 1758 682 Deo
1791 629 1975 698 prote-

320 720 511 787 gente,
548 720 722 787 prout
752 719 961 788 potest,
993 733 1239 788 regnum
1292 716 1546 772 Francim
1596 716 1904 789 gubernat.
1946 737 1966 761 ι»

319 806 451 860 ΙΙωο
478 823 545 859 ex
571 808 769 860 nostro
802 804 1181 876 Stephanotio
1212 805 1565 876 accepimus.
1591 804 1805 859 Charta
1825 818 1973 875 quae-

320 895 480 960 dam,
532 910 775 949 numero
832 895 939 948 326
997 894 1055 948 in
1117 893 1416 949 Chal-tario
1470 893 1684 959 Maioli,
1736 896 1973 947 notatur

323 1008 350 1033 ‹‹
385 1000 540 1039 anuo
571 985 605 1037 5
633 983 896 1054 Hugonis
928 983 1103 1055 regis,
1138 982 1339 1037 Carolo
1368 987 1530 1037 truso
1565 983 1620 1036 in
1656 999 1905 1049 carcere,
1943 1004 1963 1027 ν»

317 1070 421 1143 qui
454 1069 729 1125 Ludovici
764 1074 1010 1141 patruus
1041 1075 1181 1134 erat,
1217 1071 1333 1124 (lux
1370 1070 1780 1141 Lotharingiae.

389 1160 653 1213 30.Anno
682 1158 788 1212 988
817 1158 1025 1212 Maiolo
1057 1162 1113 1213 et
1142 1159 1633 1214 Cluniaeensibus
1656 1176 1689 1213 a
1713 1158 1965 1230 quodam

315 1246 792 1314 clerico,nomine
824 1246 1133 1315 Richardo,
1153 1248 1326 1302 datur
1356 1248 1603 1303 ecclesia
1632 1248 1816 1303 sancti
1847 1250 1966 1302 An-

316 1338 467 1392 dreae
503 1360 531 1385 ‹‹
561 1336 619 1389 ἱη
653 1352 801 1409 pago
831 1335 1083 1408 Vapinse
1116 1336 1200 1407 (de
1231 1336 1381 1407 ϐιῳ),
1417 1360 1443 1386 ››
1475 1354 1609 1393 eum
1656 1339 1785 1409 ipsa
1830 1338 1968 1394 villa

317 1424 587 1491 Rosanis,
621 1428 810 1479 castro
842 1423 1237 1489 Risene,villis
1272 1425 1962 1491 Sorbaria,Gemma,etc.

316 1518 446 1569 tum
477 1513 536 1568 in
572 1536 597 1562 ‹‹
631 1513 911 1568 comitatu
942 1513 1188 1569 Vasinse
1223 1514 1308 1585 (de
1343 1515 1738 1583 Vuison),infra
1767 1515 1963 1570 termi-

315 1620 423 1657 nos
455 1625 481 1651 ››
516 1601 692 1657 castri
725 1600 1074 1657 Malancenm
1107 1619 1205 1657 sex
1237 1603 1449 1671 mansi,
1472 1604 1754 1658 medietas
1787 1604 1962 1658 castri

316 1691 570 1756 Minsou,
603 1694 736 1757 etc.,
772 1695 838 1745 ut
886 1691 988 1760 ibi,
1020 1690 1078 1745 id
1124 1695 1212 1746 est
1260 1691 1319 1746 in
1374 1692 1650 1764 przedicta
1696 1690 1961 1759 ecclesia,

317 1803 345 1830 ‹‹
380 1783 659 1852 perpetuo
691 1780 905 1852 degant
926 1779 1220 1835 monachi.
1261 1802 1281 1828 η

384 1872 473 1925 31.
508 1870 825 1940 Ilucusque
857 1885 949 1923 res
982 1873 1123 1923 acta:
1156 1869 1265 1924 sub
1299 1870 1509 1924 Maiolo
1559 1869 1681 1926 sole
1735 1870 1963 1935 abbate,

313 1960 413 2032 qui
443 1976 594 2013 anno
624 1958 724 2012 991
748 1957 1050 2012 Odilonem
1077 1957 1187 2012 sibi
1207 1957 1687 2014 substituendum
1704 1958 1960 2025 curavit;

316 2052 469 2104 unde
513 2046 789 2119 pleraque
838 2050 967 2101 acta
1018 2046 1247 2103 Odiloni
1282 2047 1389 2103 soli
1423 2048 1677 2119 ascripta
1708 2051 1869 2113 sunt,
1902 2051 1967 2102 ut

312 2139 576 2194 dicemus
607 2136 665 2191 in
698 2136 964 2208 sequenti
995 2135 1184 2208 capite
1216 2138 1266 2191 8.
1304 2136 1414 2191 Sed
1446 2137 1793 2209 priusquam
1826 2136 1963 2191 hinc

312 2226 569 2293 discedo,
617 2225 995 2279 memoranda
1051 2228 1191 2281 sunt
1246 2224 1471 2297 reliqua
1519 2230 1647 2280 aeta
1689 2225 1804 2280 duo
1862 2242 1964 2297 per

312 2313 592 2370 Maiolum
614 2312 1066 2382 abbatem,notis
1089 2312 1380 2369 chronicis
1401 2314 1960 2384 destituta,quorum

311 2417 497 2456 unum
528 2404 617 2457 est
646 2401 716 2455 de
756 2400 1131 2456 concessione
1176 2401 1423 2456 emnobii
1469 2401 1657 2457 sancti
1703 2400 1962 2456 Marcelli

311 2492 467 2563 apud
500 2489 858 2557 Cabilonem,
889 2491 958 2544 de
989 2507 1104 2562 qua
1135 2490 1217 2545 sic
1248 2491 1450 2546 charta
1480 2490 1746 2545 Tetbaldi
1781 2491 1959 2545 comi-

308 2579 387 2634 tis
420 2577 841 2643 Cabilonensis,
876 2593 944 2632 ex
975 2577 1267 2633 chartario
1298 2577 1356 2631 S.
1393 2575 1647 2632 Marcelli
1680 2580 1736 2631 et
1765 2594 1833 2631 ex
1864 2575 1958 2631 Bi-

311 2667 603 2723 bliotheca
632 2666 1020 2735 Cluniacensi,
1055 2666 1162 2723 col.
1195 2668 1319 2722 314.
1354 2667 1470 2739 Ego
1502 2666 1560 2721 in
1594 2666 1694 2721 Dei
1725 2663 1959 2720 nomine

312 2754 634 2813 Tetbaldus
665 2773 858 2811 comes
876 2755 1348 2812 Cabilonensium
1380 2756 1656 2811 omnibus
1674 2754 1809 2809 filiis
1833 2771 1961 2808 san-

312 2848 417 2901 ctaa
440 2843 709 2900 Ecclesiae
732 2845 789 2899 in
814 2845 1060 2900 Domino
1082 2844 1572 2900 salutem.Audivi
1592 2861 1625 2898 a
1641 2843 1957 2915 praedeces-

315 2932 548 2991 soribus
579 2933 726 2988 meis
759 2937 816 2988 et
841 2932 1046 2987 vicinis
1077 2932 1336 3004 antiquis
1366 2932 1506 2987 viris
1538 2933 1690 3005 quod
1726 2930 1962 2986 nobilis-

311 3022 500 3078 simus
525 3039 718 3077 comes
749 3022 1096 3090 Gaufredus,
1115 3023 1213 3094 qui
1247 3026 1378 3093 post
1408 3027 1653 3077 mortem
1678 3024 1958 3093 prmstan-

309 3111 522 3168 tissimi
560 3114 617 3166 et
648 3110 1136 3167 Christianissimi
1162 3112 1394 3167 comitis
1410 3112 1498 3167 avi
1533 3111 1644 3166 mei
1666 3109 1958 3165 Lamberti

311 3200 535 3272 accepit
562 3200 691 3271 ejus
720 3201 1028 3273 conjugem
1053 3200 1240 3255 aviam
1257 3217 1447 3255 meam
1475 3198 1851 3254 Adheleidam
1870 3215 1959 3255 co-
1988 3176 2031 3243 α

311 3289 625 3357 mitissam,
650 3290 898 3345 accessit
930 3290 1001 3345 ad
1033 3290 1211 3346 beata:
1246 3289 1664 3345 recordationis
1686 3289 1957 3344 abbatem

312 3378 611 3445 Maiolum,
646 3381 703 3433 et
733 3379 1163 3434 commendavit
1194 3378 1277 3433 illi
1305 3377 1725 3434 monasterium
1766 3378 1825 3433 in
1857 3395 1961 3433 su-

310 3466 520 3522 burbio
549 3465 1024 3523 Cabilonensium
1056 3466 1307 3522 civitatis
1337 3484 1370 3522 a
1399 3467 1761 3523 Guntramuo
1793 3466 1958 3521 nobi-

310 3554 541 3609 lissimo
572 3559 629 3609 et
666 3553 936 3627 religioso
985 3571 1119 3626 rege
1168 3555 1476 3627 magnifice
1528 3557 1955 3621 constructum,

314 3640 413 3695 ubi
448 3640 762 3712 requiescit
793 3657 1004 3712 corpus
1039 3642 1101 3696 B.
1137 3640 1389 3696 Marcelli
1442 3641 1739 3712 martyris,
1772 3658 1837 3696 eo
1868 3645 1957 3696 te—

312 3746 474 3796 nore,
506 3734 572 3783 ut
615 3728 953 3801 religionem
1002 3729 1308 3785 monastici
1359 3730 1604 3797 ordinis,
1638 3746 1765 3800 quae
1815 3747 1960 3801 pene

310 3817 391 3873 ibi
423 3817 641 3872 abolita
673 3819 882 3885 fuerat,
921 3819 1283 3885 reformaret,
1315 3823 1373 3873 et
1406 3823 1619 3873 terram
1650 3822 1707 3873 et
1738 3835 1960 3889 posses~

311 3907 508 3962 siones
535 3906 608 3961 ad
638 3906 835 3978 ipsum
868 3907 1061 3962 locum
1092 3906 1450 3978 pertinentes
1480 3907 1783 3976 excoleret,
1808 3912 1865 3962 et
1895 3913 1961 3963 ut

309 3998 437 4068 ipse
466 3999 523 4050 et
554 4012 920 4051 successores
949 3996 1079 4066 ejus
1110 3995 1522 4051 Cluniacenses
1564 3997 1804 4051 abbatcs
1836 4013 1959 4052 mo-

310 4084 637 4139 nasterium
686 4084 1102 4156 perpetualiter
1139 4085 1423 4140 haberent
1469 4089 1524 4140 et
1570 4084 1956 4157 possiderent.

310 4173 479 4228 Hunc
494 4177 691 4227 autem
714 4174 1281 4228 commendationem
1302 4174 1421 4230 sive
1437 4174 1810 4229 donationem
1832 4174 1963 4230 fecit

310 4260 691 4332 supradictus
724 4278 918 4316 comes
950 4263 1277 4317 Gaufredus
1310 4263 1525 4318 domno
1566 4262 1776 4319 Maiolo
1825 4281 1960 4319 cum

311 4349 558 4405 consilio
585 4348 855 4423 conjugis
877 4368 995 4405 suae
1019 4346 1309 4406 Adeleidis
1331 4357 1387 4405 et
1403 4351 1505 4405 filii
1532 4354 1660 4424 ejus
1677 4351 1958 4425 Hugonis,

309 4443 455 4494 tunc
486 4437 701 4505 clerici,
722 4442 924 4509 postea
954 4438 1230 4511 episcopi,
1260 4440 1571 4510 adjuvante
1602 4445 1659 4496 et
1688 4440 1962 4497 laudante

2084 536 2191 592 hoc
2223 538 2414 594 titulo:
2441 563 2460 589 α
2497 540 2713 596 Notitia
2742 541 3475 613 commendationis,quam
3498 557 3732 597 venera-

2083 626 2219 681 bilis
2252 629 2543 685 memorize
2575 629 2822 686 Maiolus
2854 631 2987 686 fecit
3019 630 3336 685 Humberto
3355 631 3425 685 de
3444 629 3730 701 Bellojoco

2082 715 2152 770 de
2182 715 2275 771 bis
2306 716 2672 785 obedientiis,
2705 718 2926 790 Algoia,
2962 718 3115 773 Pola.
3152 716 3456 786 Scotiolas,
3484 719 3731 790 Arpaja-

2083 803 2256 871 co,ita
2287 805 2515 861 dicens:
2550 806 2909 861 Commendo
2941 807 3047 861 tibi
3080 807 3186 860 has
3217 807 3731 877 supranominatas

2081 893 2445 949 obedientias
2497 896 2568 949 ad
2621 895 3071 949 custodiendum
3122 912 3188 949 ac
3238 894 3666 950 defendendum
3699 913 3733 950 a

2080 980 2255 1036 malis
2284 987 2340 1036 et
2372 983 2657 1054 perversis
2690 982 3113 1048 hominibus,in
3148 983 3272 1038 loco
3312 982 3730 1039 satisfactionis

2080 1073 2137 1124 et
2167 1071 2597 1127 emendationis
2630 1089 2732 1143 pro
2754 1071 3083 1126 innumeris
3115 1071 3441 1142 malis,qua:
3474 1070 3730 1127 nobisfe—

2080 1158 2345 1231 cisti,pro
2378 1159 2592 1232 quibus
2624 1164 2678 1215 te
2706 1159 3213 1215 exeommunieare
3245 1159 3567 1213 debeamus
3601 1176 3615 1214 :
3647 1159 3730 1215 ita

2079 1250 2368 1315 tamen,ut
2397 1247 2753 1320 pauperibus
2787 1248 3001 1303 nostris
3034 1248 3242 1302 reddas
3275 1264 3401 1319 quae
3434 1250 3495 1301 tu
3527 1246 3611 1302 eis
3642 1251 3728 1302 tu-

2076 1336 2217 1391 listi.
2256 1337 2424 1392 Facio
2451 1341 2647 1392 autem
2679 1336 2828 1391 hanc
2859 1335 3427 1390 commendationem
3458 1328 3585 1403 tibi,
3611 1352 3727 1391 non

2077 1429 2141 1479 ut
2172 1425 2427 1496 aliquem
2460 1442 2701 1481 censum
2737 1441 2840 1496 per
2866 1423 3347 1480 consuetudinem
3372 1423 3636 1495 requiras
3668 1423 3726 1478 in

2075 1513 2168 1568 his
2220 1513 2605 1581 obedientiis;
2651 1514 2807 1586 quod
2858 1530 2992 1568 cum
3039 1530 3273 1568 summa
3322 1511 3625 1583 diligentia
3669 1516 3728 1568 et

2076 1601 2584 1657 animadversione
2645 1601 2929 1657 interdico
2978 1605 3035 1655 et
3093 1599 3556 1667 excommunico,
3610 1600 3725 1657 nisi

2075 1694 2306 1744 tantum
2340 1690 2386 1744 si
2420 1689 2737 1745 transitum
2788 1688 3068 1744 habueris
3110 1689 3281 1759 juxta
3330 1688 3725 1744 obedientiam

1995 1814 2043 1879 Β
2072 1794 2210 1832 cum
2238 1778 2274 1831 6
2304 1783 2405 1832 aut
2440 1779 2505 1832 10
2533 1777 2845 1843 militibus,
2878 1783 2933 1833 et
2963 1776 3288 1832 monachus
3322 1780 3639 1849 spontanee
3670 1780 3725 1832 te

2078 1865 2786 1933 admonuerit,refxcias,et
2819 1869 2950 1936 post
2979 1864 3352 1920 refectionem
3383 1864 3535 1919 viam
3559 1868 3723 1920 tuam

2075 1959 2410 2021 teneas,nec
2442 1969 2765 2025 prmsumas
2798 1953 2878 2008 ibi
2902 1951 3458 2024 jacere.S.Alberici
3491 1952 3725 2009 comitis

2075 2043 2174 2115 qui
2203 2043 2355 2098 hanc
2386 2041 2654 2098 notitiam
2685 2041 2963 2097 laudavit.
2998 2063 3025 2091 ››
3062 2040 3169 2097 Ubi
3202 2040 3364 2095 vides
3405 2040 3725 2098 obedientia)

2071 2132 2420 2188 vocabulum
2444 2133 2570 2203 jam
2605 2135 2910 2203 sumptum
2943 2129 3153 2186 sazculo
3175 2147 3211 2184 x
3242 2146 3345 2200 pro
3397 2128 3723 2185 ministerio

2073 2237 2172 2277 seu
2234 2220 2402 2287 cella,
2445 2220 2539 2275 cui
2598 2237 2755 2276 unus
2812 2218 3080 2291 pluresve
3137 2218 3410 2274 monachi
3469 2218 3721 2290 praefecti

2072 2314 2258 2365 erant.
2294 2310 2593 2365 Hactenus
2622 2310 3013 2364 instrumenta
3046 2308 3340 2379 praecipua
3371 2306 3482 2362 sub
3513 2306 3723 2364 Maiolo

2071 2399 2226 2453 facta
2258 2398 2725 2470 retulimus,qua3
2760 2397 2958 2452 omnia
2992 2414 3106 2451 non
3129 2395 3338 2451 Maiolo
3371 2394 3611 2466 ipsi,sed
3633 2395 3721 2452 vel

2073 2487 2429 2542 monasterio
2476 2484 2867 2553 Cluniacensi,
2904 2486 2997 2540 cui
3047 2484 3296 2540 Maiolus
3338 2488 3602 2556 praeerat,
3635 2483 3723 2539 vel

2071 2575 2399 2642 monachis,
2431 2574 2519 2629 vel
2554 2580 2709 2630 certe
2739 2574 2799 2628 in
2833 2591 3046 2628 manus
3078 2571 3272 2627 Maioli
3303 2572 3533 2627 abbatis
3572 2572 3724 2628 facta

2070 2663 2367 2731 dicuntur,
2402 2663 2487 2718 uti
2518 2668 2574 2717 ct
2604 2662 2819 2735 qumvis
2863 2661 2987 2716 alia:
3038 2660 3382 2715 donationes
3433 2664 3725 2715 monaste-

2070 2752 2172 2807 riis
2231 2754 2437 2807 factm:
2501 2769 2613 2823 quo
2674 2752 2864 2822 magis
2922 2749 3121 2804 mirari
3190 2749 3349 2804 subit
3408 2747 3722 2804 nonnullos

2069 2841 2360 2908 homines,
2396 2841 2537 2912 quia
2567 2838 2765 2895 abbati
2797 2856 2911 2893 non
2944 2837 3250 2893 monachis
3295 2835 3589 2908 quaslibet
3619 2836 3720 2892 do-
3750 2850 3761 2855 ‘

2071 2930 2336 2986 nationes
2393 2931 2576 2984 factas
2631 2928 2814 2984 fuisse
2869 2928 3087 2982 audent
3145 2926 3458 2991 afﬁrmare,
3519 2928 3723 2980 contra
3770 3000 3777 3001 γ

2069 3024 2288 3075 certam
2320 3023 2377 3074 et
2405 3017 2765 3091 exploratam
2795 3020 3056 3071 veterum
3080 3014 3473 3070 traditionem.
3502 3012 3721 3070 Omnes

2068 3109 2281 3164 charta:
2314 3108 2423 3163 sub
2458 3105 2667 3162 Maiolo
2697 3105 2942 3161 conditm
2975 3107 3114 3159 sunt
3139 3118 3385 3169 numero
3413 3100 3539 3157 859.

2308 3196 2377 3250 V.
2402 3196 2723 3251 Monasteria
2749 3210 2849 3266 per
2876 3192 3134 3249 Maiolum
3164 3193 3475 3263 reformata.

2139 3290 2229 3343 33.
2248 3287 2562 3358 Postquam
2592 3282 2784 3339 varias
2832 3282 3176 3338 donationes
3224 3280 3501 3337 Cluniaco
3532 3281 3715 3337 factas

2069 3374 2402 3441 retulimus,
2438 3389 2594 3427 nunc
2643 3372 2715 3425 de
2761 3370 2984 3425 caeteris
3029 3370 3157 3439 ejus
3207 3369 3377 3425 factis
3426 3368 3720 3441 agendum

2068 3469 2157 3520 est
2190 3480 2203 3519 :
2235 3481 2348 3535 quo
2383 3462 2439 3517 in
2472 3478 2681 3535 genere
2712 3459 2899 3514 multa
2929 3460 2999 3514 de
3030 3460 3159 3529 ejus
3187 3457 3504 3513 virtutibus
3541 3456 3722 3513 tradit

2068 3554 2270 3626 Syrus,
2304 3569 2432 3623 qua:
2463 3551 2573 3606 hoc
2603 3548 2728 3604 loco
2760 3553 3016 3619 repetere
3066 3564 3181 3602 non
3207 3548 3395 3618 juvat.
3428 3544 3722 3601 Nonnulla

2069 3640 2338 3697 retulisse
2389 3638 2663 3704 sufficiat,
2713 3654 2841 3707 qua:
2888 3635 3282 3690 illustratione
3330 3635 3617 3706 indigent.
3649 3635 3719 3690 In

2070 3728 2276 3802 primis
2306 3725 2821 3782 commemoranda
2849 3724 3007 3778 venit
3035 3725 3162 3793 ejus
3186 3722 3553 3777 familiaritas
3583 3739 3719 3778 cum

2068 3818 2277 3874 Ottoue
2296 3817 2505 3887 Magno
2537 3830 2640 3868 seu
2658 3812 2846 3884 primo
2878 3813 3123 3882 ejusque
3141 3809 3258 3865 ﬁlio
3285 3810 3492 3865 Ottoue
3517 3826 3721 3866 secun-

2069 3908 2164 3973 do,
2198 3909 2255 3961 et
2283 3922 2416 3959 cum
2464 3900 2779 3957 Adheleide
2808 3901 3071 3971 Augusta
3120 3897 3331 3971 prioris
3363 3915 3558 3965 uxore,
3592 3916 3719 3970 quae

2068 4012 2203 4051 eum
2237 3994 2309 4049 ad
2341 3990 2763 4047 restituendam
2797 3989 2855 4042 in
2888 3987 3090 4042 multis
3140 3986 3512 4042 monasteriis
3543 4002 3719 4060 regu-

2070 4084 2252 4140 larem
2285 4079 2658 4152 disciplinam
2693 4076 2979 4132 adhibuit.
3014 4076 3093 4130 De
3125 4076 3335 4131 Ottoue
3358 4076 3567 4147 Magno
3597 4074 3720 4131 hac

2071 4174 2252 4246 Syrus
2280 4168 2575 4225 memorias
2606 4165 2864 4239 prodidit
2908 4166 2967 4219 in
3002 4164 3103 4219 lib.
3137 4180 3217 4219 11:
3266 4164 3515 4235 Magnus
3563 4163 3718 4232 Otto,

2072 4261 2172 4334 qui
2204 4266 2342 4316 tunc
2373 4256 2657 4329 temporis
2690 4254 3116 4327 rempublicam
3157 4253 3542 4326 gubernabat,
3574 4252 3721 4308 tanti

2070 4353 2178 4407 viri
2226 4351 2441 4406 virtute
2490 4344 2879 4420 plurimorum
2929 4343 3209 4399 relatione
3241 4345 3558 4413 comperta,
3592 4342 3722 4412 ejus

2071 4437 2443 4513 praesentiam
2477 4433 2779 4491 ardentius
2810 4431 3101 4504 cupiebat.
3138 4430 3241 4485 Hie
3270 4428 3425 4484 enim
3455 4428 3562 4496 vir,
3587 4428 3723 4484 licet

310 4526 562 4583 Henrico
611 4528 780 4582 duce.
834 4528 1037 4583 Postea
1084 4544 1216 4584 vero
1265 4533 1543 4601 regnante
1586 4529 1961 4585 serenissimo
1991 4545 2041 4611 D
2072 4526 2361 4600 imperiali
2394 4524 2682 4598 potiretur
2710 4520 2965 4593 fastigio,
2998 4535 3216 4592 magna
3244 4522 3441 4574 tamen
3483 4516 3721 4611 erat‘i‘l-li

313 4632 449 4689 rege
481 4616 754 4671 Rotberto
781 4616 1106 4673 avunculus
1129 4634 1295 4673 meus
1316 4618 1569 4673 domnus
1583 4618 1747 4691 Hugo
1766 4635 1962 4676 comes

311 4709 372 4759 et
420 4703 753 4775 episcopus,
788 4708 1071 4775 przesente
1117 4705 1244 4778 ipso
1294 4722 1428 4779 rege
1476 4710 1533 4761 et
1564 4707 1876 4763 comitibus
1907 4714 1964 4764 et

310 4790 604 4865 episcopis
634 4790 806 4847 istius
838 4793 1059 4864 patriae,
1094 4794 1433 4849 monasterii
1467 4795 1686 4850 donum
1721 4796 1964 4852 tradidit
2014 4812 2021 4815 ‘

313 4881 531 4936 domno
563 4879 794 4936 Odiloni
828 4882 1046 4948 abbati,
1090 4883 1415 4940 successori
1465 4884 1694 4942 abbatis
1744 4884 1959 4955 Maioli,

314 4973 382 5024 ut
415 4969 538 5040 ipse
560 4970 696 5040 jure
728 4970 1113 5027 antecesseris
1144 4973 1235 5027 sui
1259 4972 1453 5027 locum
1472 4972 1965 5041 haberet,teneret

314 5074 382 5113 ac
414 5058 885 5132 possideret.Ego
917 5077 1049 5115 vero
1079 5060 1268 5133 gratia
1296 5060 1397 5116 Dei
1428 5078 1622 5117 comes
1645 5062 1963 5119 Tetbaldus

315 5146 473 5218 quod
506 5151 903 5203 antecessores
935 5150 1049 5204 mei
1082 5154 1139 5205 et
1182 5154 1452 5221 parentes
1504 5151 1619 5205 Deo
1664 5155 1721 5206 et
1763 5157 1964 5208 saneto

316 5235 483 5290 Petro
514 5240 571 5289 et
601 5235 725 5291 loco
756 5236 1123 5293 Cluniacensi
1173 5238 1480 5304 dederunt,
1512 5237 1709 5306 laudo,
1742 5240 1871 5295 volo
1910 5245 1967 5296 et

314 5324 510 5387 ﬁrmo,
543 5328 601 5377 et
651 5324 813 5379 uxori
863 5342 1005 5381 mere
1055 5330 1111 5381 et
1142 5326 1287 5381 meis
1336 5326 1608 5381 fidelibus
1639 5326 1877 5405 laudare
1908 5334 1967 5384 et

313 5412 551 5465 firmare
583 5412 750 5478 facio,
785 5417 895 5467 etc.
926 5413 1173 5485 Signum
1203 5412 1469 5468 Tetbaldi
1500 5413 1751 5479 comitis,
1787 5414 1845 5470 S.
1870 5416 1967 5470 Er-

315 5498 649 5553 mentrudis
681 5501 809 5571 ejus
841 5502 1128 5573 conjugis,
1158 5507 1265 5557 etc.

386 5587 477 5641 32.
509 5586 634 5642 Alia
663 5589 867 5646 charta
896 5594 985 5645 est
1016 5590 1208 5645 Maioli
1242 5591 1616 5665 abbatis,qua
1647 5591 1965 5649 llumberto

2072 4619 2226 4674 circa
2254 4612 2611 4672 monasteria
2639 4609 2898 4678 devotio;
2933 4608 3069 4681 quia
3099 4621 3470 4679 nequaquam
3503 4621 3564 4661 se
3596 4603 3720 4660 feli-

2072 4708 2216 4765 citer
2248 4703 2560 4777 imperium
2594 4700 2870 4773 sperabat
2902 4703 3119 4764 tenere,
3152 4695 3265 4751 nisi
3309 4710 3546 4750 summo
3580 4692 3723 4767 Regi

2072 4796 2334 4852 studeret
2365 4808 2480 4847 non
2511 4786 2840 4862 displicere.
2875 4787 2945 4841 Et
2974 4785 3102 4840 ideo
3135 4783 3349 4856 saepius
3370 4782 3721 4855 ingemisce-

2072 4886 2190 4952 bat,
2224 4884 2366 4938 dum
2398 4879 2495 4952 qui
2531 4894 2633 4950 per
2661 4873 2961 4946 religionis
2992 4871 3259 4929 habitum
3292 4871 3407 4927 Deo
3438 4887 3499 4926 se
3543 4870 3719 4926 devo-

2070 4976 2295 5038 verant,
2327 4965 2590 5025 szeeulari
2620 4963 2876 5020 intentos
2908 4960 3141 5034 negotio
3189 4960 3271 5015 ire
3324 4976 3427 5032 per
3474 4958 3724 5030 abrupta

2072 5061 2365 5118 cernebat.
2394 5058 2465 5112 Et
2497 5054 2669 5109 infra.
2703 5051 2848 5108 Huic
2880 5052 3137 5122 eonjunx
3166 5048 3440 5105 Adheleis
3487 5047 3726 5103 inhere-

2073 5152 2195 5218 bat,
2225 5165 2351 5220 quae
2382 5146 2498 5200 Deo
2529 5139 2803 5199 amabilis
2852 5144 2910 5195 et
2957 5138 3237 5195 omnibus
3282 5135 3608 5210 diligibilis,
3640 5135 3726 5193 ita

2075 5236 2253 5311 regali
2306 5231 2693 5305 copulabatur
2744 5234 2892 5296 toro,
2926 5231 2990 5282 ut
3022 5231 3277 5282 mentem
3309 5230 3532 5282 castam
3562 5224 3724 5280 omni

2075 5323 2340 5383 custodia
2382 5320 2522 5392 Regi
2572 5321 2830 5375 servaret
2882 5333 3159 5388 superno.
3195 5336 3222 5365 »
3285 5312 3498 5369 Subdit
3542 5314 3725 5386 Syrus

2075 5413 2353 5472 Maiolum
2384 5407 2612 5463 venisse
2645 5406 2703 5460 in
2736 5405 3045 5460 amborum
3094 5403 3360 5458 notitiam
3401 5399 3724 5473 praesertim

2076 5522 2144 5561 ex
2175 5501 2362 5557 relatu
2396 5494 2645 5552 Heldrici
2696 5493 2847 5547 inter
2890 5492 3183 5564 palatinos
3230 5488 3526 5563 przeeipui.
3562 5487 3724 5545 Unde

2076 5596 2296 5651 factum
2350 5591 2457 5654 est,
2491 5589 2557 5639 ut
2606 5582 2738 5638 Otto
2790 5580 3072 5637 Maiolum
3105 5583 3448 5636 accerseret.
3483 5601 3503 5627 α
3539 5580 3723 5645 Quem
