4028 6172
351 360 470 427 ⁵127

1475 363 1538 424 s.
1588 358 1854 422 MA'lOLt
1900 322 2231 420 Asnaus
2277 357 2634 422 CLUNIAG.

3635 357 3758 420 728

356 501 500 558 adeo
528 516 633 573 pro
666 495 909 555 salutari
939 495 1142 554 dilexit
1169 496 1452 563 doctrina,
1489 497 1552 550 ut
1583 511 1710 566 qua:
1741 491 1799 549 in
1832 491 1998 550 Italia
2027 491 2084 560 Α
2111 491 2191 548 ris
2224 509 2466 566 prorsus
2498 461 2753 548 evanuit.
2793 514 2814 540 ι
2849 491 2931 548 Ex
2959 490 3054 548 his
3083 489 3166 546 ita
3196 489 3372 548 infert
3409 491 3612 549 Petrus
3641 493 3758 551 Da-

353 589 468 647 sibi
529 587 931 644 subdebantur
977 590 1034 642 et
1079 582 1406 650 Germania,
1457 584 1584 653 ejus
1647 581 2002 636 ordinationi

353 676 526 735 vellet
557 674 938 732 committere.
971 675 1031 728 In
1066 672 1156 726 his
1207 671 1359 727 beati
1408 669 1758 742 Apollinaris
1805 687 2002 724 cuino-

351 765 700 838 bium,quod
727 781 832 836 per
861 763 1066 835 viginti
1101 767 1354 834 quatuor
1385 760 1710 814 stadiorum
1743 760 2001 831 spatium

350 875 386 913 a
417 855 749 911 Ravennate
781 852 922 908 urbe
955 851 1138 906 fertur
1168 849 1515 922 sepositum,
1549 849 1620 902 ad
1651 848 1806 902 beati
1832 848 2004 902 Bene-

349 943 492 1000 dicti
542 941 801 998 instituit
849 941 929 1010 (id
980 945 1068 995 est
1115 938 1396 1006 restituit)
1445 937 1762 1002 tramitem,
1807 935 2004 1006 ibique

351 1050 528 1090 suum
551 1029 846 1088 ordinavit
875 1029 1456 1085 abbateml’rteterea
1479 1023 1865 1097 imperatricis
1889 1040 2002 1077 non

355 1120 795 1178 contemnendae
844 1116 1143 1191 petitionis
1195 1122 1337 1171 tunc
1382 1117 1655 1170 exoratus
1700 1109 2003 1182 instantia,

350 1211 520 1284 juxto
552 1208 922 1265 Ticinensem
956 1207 1158 1262 urbem
1191 1205 1476 1261 desudare
1505 1199 1678 1275 empit
1721 1202 1780 1256 in
1836 1200 2007 1256 fabri-

361 1319 448 1357 ca.
484 1322 512 1350 ››
545 1299 608 1353 Id
639 1296 920 1354 accidisse
950 1300 1091 1368 puto
1123 1313 1274 1350 anno
1303 1294 1429 1360 966,
1463 1309 1578 1365 quo
1626 1289 1872 1346 Maiolus
1909 1290 2004 1345 Ti-

361 1388 476 1444 cini
508 1391 652 1458 erat,
685 1404 754 1442 ex
784 1385 956 1440 dictis
989 1401 1168 1457 supra
1199 1400 1339 1438 num
1370 1381 1784 1437 21.61assense
1816 1378 2008 1452 appel-

361 1477 594 1533 labatur
649 1474 838 1531 sancti
894 1471 1248 1545 Apollinaris
1297 1471 1674 1526 Ravennense
1715 1471 2006 1524 monaste-

361 1568 516 1622 rium
551 1582 564 1621 :
597 1565 670 1621 de
719 1561 1014 1620 Ticincnsi
1058 1561 1141 1618 ita
1191 1561 1393 1618 scribit
1437 1557 1602 1614 Odilo
1655 1557 1713 1612 in
1751 1557 1852 1612 lib.
1888 1574 1904 1610 ι
1937 1557 2008 1612 de

359 1655 494 1711 Vita
522 1652 860 1710 Adalhcidis
889 1648 1298 1724 imperatricis.
1341 1670 1362 1698 ι
1397 1647 1776 1704 Postmodum
1809 1645 1870 1700 in
1903 1646 2010 1701 Ita-

360 1745 440 1802 lia
460 1747 632 1816 juxta
659 1743 1027 1798 Ticinensem
1059 1741 1264 1796 urbem
1299 1737 1721 1794 monasterium
1743 1753 1777 1791 a
1809 1735 2010 1790 funda-

361 1835 576 1890 mentis
607 1831 868 1904 inccepit,
899 1835 958 1887 et
985 1830 1058 1886 ad
1102 1830 1385 1884 honorem
1434 1827 1750 1884 Salvatoris
1802 1824 2006 1881 mundi
2039 1865 2087 1928 Β

362 1921 650 1997 imperiali
666 1919 1010 1995 auctoritate
1023 1923 1078 1975 et
1090 1917 1544 1990 sualargissima
1557 1914 1868 1971 donatione
1881 1931 2008 1987 per-

361 2014 600 2074 fecit.ac
623 2013 749 2084 jam
781 2009 934 2066 dicto
966 2005 1174 2064 Maiolo
1207 2006 1599 2063 ordinandum
1617 2003 2006 2078 regulariter»

362 2100 626 2158 tradidit.
661 2097 1079 2155 Monasterium
1111 2095 1170 2150 in
1213 2093 1546 2150 leoaureo
1596 2093 2011 2166 interpretatur

364 2189 842 2264 Nalgodus,qu0d
856 2187 1026 2259 longe
1039 2190 1172 2241 ante
1201 2183 1257 2240 id
1274 2184 1342 2240 ad
1359 2190 1591 2255 tempus
1603 2200 1636 2237 a
1650 2182 1710 2237 Li
1721 2182 2008 2254 utprando

364 2279 669 2337 conditum
686 2277 868 2334 fuisse
885 2275 1142 2332 diximus
1159 2274 1216 2329 in
1236 2273 1492 2330 secundo
1529 2288 1590 2339 ιι,
1621 2269 1719 2327 ubi
1739 2271 1810 2326 de
1827 2273 2012 2326 trans-

364 2369 581 2426 latione
611 2368 669 2425 S.
700 2365 1014 2438 Augustini
1048 2369 1105 2420 et
1134 2365 1205 2420 de
1233 2363 1367 2418 Vita
1403 2363 1462 2418 S.
1509 2359 1777 2434 Appiani.
1812 2358 2008 2414 Maioli

365 2459 542 2516 etiam
565 2474 742 2529 opera
769 2473 916 2512 usus
938 2458 1026 2510 est
1039 2453 1366 2526 Sigefridus
1383 2449 1716 2506 Parmensis
1735 2449 2005 2514 antistes,

366 2549 467 2622 qui
499 2546 799 2604 mellitluis
829 2545 958 2616 ejus
989 2539 1493 2598 admonitionibus
1513 2538 1700 2594 multa
1731 2538 1803 2592 ad
1824 2554 2008 2592 emno-

365 2621 581 2694 bialem
611 2652 787 2692 usum
817 2637 956 2707 apta
986 2631 1290 2689 constituit
1317 2629 1377 2684 in
1411 2626 1708 2684 Parmensi
1749 2621 2008 2682 cmnobio

365 2725 551 2784 sancti
581 2724 828 2784 Joannis
857 2721 1246 2795 evangelistam
1282 2724 1345 2776 ut
1374 2717 1644 2791 superius
1674 2715 1928 2770 vidimus
1948 2712 2008 2768 in

361 2816 522 2873 Actis
551 2813 738 2872 sancti
765 2811 1011 2871 Joannis
1039 2810 1213 2884 primi
1245 2811 1374 2882 ejus
1403 2805 1513 2864 loci
1541 2804 1792 2862 abbatis.

431 2906 636 2963 34.Per
664 2904 818 2960 idem
850 2907 1084 2973 tempus
1107 2899 1354 2956 Maiolus
1375 2899 1660 2954 «Romam
1673 2897 1955 2950 venturus
1981 2915 2002 2942 ιι

363 2995 464 3068 (sic
495 3011 610 3051 rem
655 2997 921 3049 memorat
962 2992 1154 3046 Petrus
1202 2989 1460 3043 Παπιὼηί
1507 2989 1562 3042 in
1613 2985 1869 3058 θρυπτιῑο
1916 2984 2008 3051 33)

365 3105 395 3134 ‹‹
427 3081 700 3156 praecepit
730 3080 966 3135 cuidam
997 3077 1159 3132 fratri
1191 3081 1257 3130 ut
1300 3093 1500 3131 secum
1551 3077 1836 3147 pergeret,
1869 3070 2008 3144 quia

367 3173 523 3228 sicut
568 3173 808 3241 rogatus
857 3167 1066 3234 fuerat,
1117 3181 1253 3220 eum
1303 3165 1361 3219 in
1419 3162 1772 3218 monasterio
1819 3161 2005 3216 sancti

366 3257 530 3316 Pauli
577 3255 828 3330 priorem
885 3253 1238 3310 constituere
1289 3249 1658 3306 decrevisset.
1712 3248 1810 3304 Ille
1869 3263 2003 3302 vero
2034 3235 2077 3300 C

365 3344 653 3404 nonnulla
679 3341 1042 3400 difficultatis
1058 3339 1358 3396 obstacula
1375 3336 1694 3392 reluctatus
1710 3332 2003 3406 opposuit,

363 3439 422 3494 et
451 3435 622 3490 modo
651 3431 960 3500 hoe,modo
993 3428 1402 3496 illud,tandem
1422 3423 1752 3481 obstinatus
1773 3421 2007 3478 obedire

365 3520 736 3594 contempsit.
769 3517 1016 3574 Maiolus
1064 3520 1260 3571 autem
1311 3513 1764 3570 inobcdientiam
1809 3510 2014 3566 fratris

363 3609 768 3686 aequanimiter
795 3607 1136 3677 tulit,eoque
1167 3603 1598 3671 relicto,itincrc
1629 3601 1784 3675 quod
1817 3601 2008 3656 decre-

361 3704 525 3758 verat
553 3697 1199 3767 commeavit.Cumque
1229 3693 1407 3750 frater
1429 3693 1486 3746 in
1519 3689 1874 3747 monasterio
1903 3705 2006 3761 per

360 3787 818 3848 inobedientiam
870 3784 1270 3852 remansisset,
1321 3786 1378 3837 et
1435 3779 1644 3852 reliqui
1694 3779 1900 3835 fratres
1944 3778 2004 3832 in

357 3896 495 3938 eum
525 3878 902 3935 vehementer
932 3873 1291 3940 inveherent,
1313 3871 1551 3928 tandem
1583 3869 1654 3924 ad
1687 3887 1788 3924 cor
1817 3885 2002 3923 rever-

352 3986 481 4038 sus,
515 3970 647 4040 post
675 3965 953 4021 Maiolum
984 3961 1330 4019 festinanter
1377 3957 1731 4016 acceleravit.
1772 3957 1900 4012 Mox
1931 3957 2003 4012 ad

321 4115 336 4122 _
358 4055 674 4128 quemdam
701 4051 942 4108 ﬂuvium
976 4051 1257 4124 pervenit,
1289 4049 1460 4120 cujus
1491 4047 1577 4102 vir
1625 4047 1856 4102 Domini
1876 4045 2003 4116 jam

357 4143 508 4199 vada
535 4141 932 4208 transierat,et
961 4156 1138 4212 super
1167 4139 1354 4211 ripam
1387 4137 1578 4193 adhuc
1609 4135 1848 4192 alteram
1867 4152 2004 4190 con-

361 4231 628 4288 sistebat.
663 4229 806 4284 Cum
839 4228 1035 4300 itaque
1059 4227 1384 4283 monachus
1415 4227 1472 4280 in
1505 4223 1758 4282 citeriori
1799 4243 1860 4280 se
1889 4224 2002 4279 ilu-

364 4317 544 4374 minis
574 4315 869 4389 crepidine
906 4317 1128 4388 figeret,
1163 4315 1440 4388 quoniam
1489 4315 1730 4370 absente
1779 4311 2006 4386 navigio

363 4407 682 4479 transitum
713 4421 827 4460 non
857 4404 1118 4472 haberet,
1148 4404 1348 4460 videns
1389 4391 1590 4476 procul
1639 4407 1829 4458 astare
1883 4419 2006 4457 ma-

362 4495 636 4571 gistrum,
669 4495 828 4567 quod
875 4493 1065 4550 solum
1117 4492 1325 4566 potuit,
1359 4497 1566 4566 praesto
1617 4509 1895 4549 corruens
1947 4491 2006 4546 in

2113 581 2292 637 miani
2329 599 2342 636 :
2380 604 2407 632 «
2439 581 2532 638 Sic
2565 585 2766 638 saneta
2797 579 3130 637 obedientia
3176 581 3432 638 fructum
3481 601 3599 638 sua:
3643 584 3763 640 hu-

2114 671 2384 726 militatis
2418 671 2658 736 invenit,
2691 671 3012 726 dummodo
3041 669 3266 726 veniam
3309 689 3373 728 se
3419 674 3765 746 corrigendo

2115 759 2456 831 promeruit.
2488 761 2599 815 Sed
2635 763 2690 815 et
2723 757 2958 832 signum
2991 759 3230 832 insuper
3272 765 3390 816 tam
3442 763 3767 834 perspicua:
3815 771 3821 774 ’

2112 849 2346 904 virtutis
2377 849 2632 904 ostendit
2668 866 2680 904 :
2715 854 2772 903 et
2803 849 2894 904 cui
2929 849 3205 922 superbia
3233 867 3379 923 pene
3412 853 3601 924 potuit
3627 871 3767 924 apo-

2115 938 2384 994 staticam
2418 939 2630 993 inferre
2661 937 3310 1010 perniciem,humilitas
3341 941 3500 997 dedit
3525 949 3770 1014 aposto-

2115 1027 2284 1082 licam
2317 1027 2591 1084 exhibere
2621 1027 2916 1082 virtutem.
2958 1051 2978 1077 ι

2184 1117 2274 1172 35.
2313 1115 2502 1172 Rede’o
2526 1117 2597 1171 ad
2630 1116 2960 1172 restitutam
2993 1133 3095 1188 per
3125 1117 3402 1174 Maiolum
3437 1119 3494 1174 in
3531 1138 3771 1178 monas-

2115 1205 2278 1262 teriis
2329 1205 2506 1260 etiam
2557 1205 2918 1262 Germanicis
2967 1205 3364 1279 disciplinam,
3419 1226 3487 1263 ex
3547 1211 3773 1282 quibus

2118 1292 2280 1350 nulla
2329 1295 2510 1366 Syrus
2557 1293 2725 1349 aliive
2757 1294 3058 1368 signanter
3095 1296 3424 1362 onuntiant,
3460 1299 3574 1355 nisi
3607 1301 3772 1373 quod

2117 1385 2298 1456 Syrus
2325 1381 2710 1438 Atdebaldum
2744 1383 2803 1438 in
2834 1383 3083 1456 epistola
3104 1385 3230 1440 vita:
3254 1388 3774 1459 praefixa,missum

2117 1473 2175 1526 in
2197 1471 2798 1539 Germaniam,secum
2822 1476 3153 1545 asportasse
3171 1474 3310 1530 dicit
3331 1475 3526 1532 Maioli
3549 1477 3774 1546 Vitam,

2119 1578 2295 1633 quam
2311 1565 2514 1632 postea
2534 1559 2700 1615 Odilo
2722 1561 2782 1615 in
2807 1561 3068 1618 ccenobio
3083 1563 3445 1621 Morbacensi
3465 1567 3776 1638 repererit;

2119 1650 2272 1722 quod
2305 1653 2652 1722 argumento
2683 1653 2774 1704 est
2803 1649 2998 1721 ipsum
3030 1650 3224 1706 locum
3271 1653 3604 1726 suscepisse
3635 1673 3776 1710 nor-

2119 1756 2277 1794 mam
2311 1737 2654 1794 monasterii
2686 1738 3207 1796 Cluniaeensis.De
3239 1736 3598 1812 Paterniaco,
3615 1747 3776 1818 quod

2117 1829 2178 1884 in
2210 1828 2446 1884 dimccsi
2483 1827 2847 1883 Lausanensi
2899 1827 3081 1884 situm
3129 1835 3238 1898 est,
3273 1831 3355 1887 ita
3401 1832 3462 1888 S.
3495 1832 3660 1890 Odilo
3711 1835 3776 1891 in

2117 1917 2251 1974 Vita
2279 1916 2618 1972 Adalhcidis
2647 1917 2990 1988 Augustam
3023 1917 3084 1972 In
3116 1917 3300 1990 patris
3335 1937 3468 1977 vero
3499 1922 3774 1980 Ruodolﬁ
3877 1963 3885 1968 -

2117 2007 2387 2063 videlicet
2418 2010 2473 2061 ct
2503 2003 2856 2061 nobilissimi
2891 2005 3062 2080 regis,
3087 2011 3145 2062 ct
3174 2007 3396 2064 domini
3429 2009 3776 2070 Chuonradi

2119 2095 2509 2168 fratris,regni
2543 2093 2689 2157 loco,
2723 2091 2989 2150 videlicet
3020 2095 3483 2164 Paterniaco,ubi
3518 2105 3775 2158 matrem

2120 2185 2382 2258 reginam
2413 2183 2694 2240 vocabulo
2725 2183 2984 2252 Bertam,
3009 2183 3124 2240 Deo
3149 2185 3210 2240 in
3242 2187 3402 2242 omni
3434 2187 3776 2249 humilitate

2118 2274 2408 2342 devotam,
2441 2271 2758 2345 sepultura:
2789 2271 3050 2340 tradidit,
3081 2273 3141 2328 in
3163 2271 3443 2344 honorem
3465 2275 3568 2334 Dei
3602 2273 3776 2336 Geni-

2119 2362 2284 2419 tricis
2316 2359 2737 2418 monasterium
2778 2359 3056 2429 condidit,
3091 2365 3148 2418 et
3199 2364 3572 2423 sanctissimo
3619 2355 3774 2441 patri

2121 2451 2330 2508 Maiolo
2361 2451 2603 2522 suisque
2635 2447 3072 2506 succesSoribus
3102 2468 3210 2507 sua
3250 2454 3675 2526 munificentia,
3718 2465 3780 2516 et

2119 2541 2316 2597 fratris
2347 2539 2438 2596 sui
2469 2537 2804 2595 Chuonradi
2838 2538 2990 2612 regis
3041 2544 3325 2612 praecepto
3373 2543 3774 2604 ordinandum

2119 2634 2398 2705 perpetuo
2433 2627 2750 2684 commisit.
2782 2650 2811 2679 ››
2856 2628 2966 2684 Sed
3013 2626 3122 2685 hoc
3171 2645 3327 2686 novae
3376 2632 3778 2694 institutionis

2119 2724 2264 2787 erat,
2301 2737 2416 2774 non
2467 2715 2918 2786 reformationis,
2951 2717 3023 2774 de
3072 2735 3190 2791 quo
3243 2737 3450 2777 rursus
3497 2721 3557 2778 in
3606 2727 3775 2784 Actis

2119 2809 2308 2866 sancti
2339 2807 2623 2864 Odilonis.

2188 2901 2277 2955 36.
2310 2899 2382 2953 At
2429 2894 2638 2952 nullibi
2687 2895 3089 2952 Cluniacensis
3135 2897 3449 2971 disciplina
3499 2908 3622 2958 tam
3655 2903 3774 2962 late

2117 2991 2434 3062 propagata
2463 2990 2553 3040 est
2584 2988 2758 3057 atque
2788 2985 2848 3039 in
2869 2985 3150 3042 cmnobiis
3171 2986 3772 3063 Gallicanis,quorum

2117 3095 2233 3134 non
2268 3091 2454 3148 pauca
2484 3071 2734 3128 Maiolus
2763 3073 2946 3130 abbas
2969 3072 3028 3128 in
3061 3072 3361 3130 meliorem
3375 3080 3596 3134 statum
3617 3099 3774 3138 revo-

2117 3167 2287 3221 cavit.
2325 3167 2386 3219 ln
2419 3181 2622 3220 eorum
2657 3180 2901 3218 numero
2932 3163 3225 3236 praacipua
3248 3171 3387 3221 sunt
3416 3167 3612 3242 Majus
3646 3189 3772 3229 mo-

2117 3251 2461 3319 nasterium,
2494 3249 3006 3306 Antissiodorense
3031 3252 3216 3306 sancti
3266 3252 3563 3326 Germani,
3617 3259 3772 3316 Reo-

2115 3357 2351 3398 maense
2381 3338 2569 3396 sancti
2599 3339 2868 3410 Joannis,
2887 3338 3233 3398 Divionense
3253 3341 3311 3398 S.
3337 3343 3604 3418 Benigni,
3631 3349 3772 3405 Fas-

2115 3435 2344 3487 satense
2373 3428 2559 3485 sancti
2592 3427 3050 3502 Mauri,aliaque
3081 3430 3150 3486 de
3179 3447 3431 3504 quorum
3464 3437 3771 3495 nonnullis

2114 3519 2172 3574 in
2205 3519 2492 3592 superiori
2521 3517 2709 3590 capite
2732 3518 2861 3589 jam
2892 3517 3113 3574 dictum
3143 3524 3251 3575 est.

2183 3607 2494 3674 37.Quidin
2508 3606 2708 3679 Majori
2719 3607 3070 3664 monasterio
3083 3595 3770 3680 apudTuronosMaiolus

2113 3695 2642 3772 praestiterit,docet
2655 3695 2710 3750 in
2725 3695 3078 3753 bibliotheca
3089 3697 3459 3755 Cluniacensi
3475 3701 3769 3776 fragmen-

2113 3792 2241 3843 tum
2265 3804 2333 3840 ex
2352 3785 2534 3858 gestis
2555 3785 2836 3840 abbatum
2849 3785 2976 3856 ejus
2999 3784 3276 3852 loci,alibi
3300 3804 3369 3842 ex
3388 3786 3624 3863 integro
3655 3791 3769 3848 edi-

2112 3877 2210 3932 tis.
2228 3875 2310 3930 Ibi
2334 3874 2551 3947 quippe
2571 3873 2804 3944 legitur,
2821 3873 3080 3930 Odonem
3102 3875 3398 3944 comitem,
3413 3886 3768 3952 suggerente

2115 3981 2290 4020 uxore
2313 3981 2421 4018 sua
2441 3963 2934 4035 Hermengarde,«
2958 3979 2992 4018 a
3013 3963 3288 4020 Cluniaco
3301 3966 3586 4022 tredecim
3604 3970 3766 4026 bona:

2112 4053 2241 4108 vita:
2274 4056 2332 4107 et
2363 4049 2654 4124 opinionis
2687 4049 3006 4107 monachos
3037 4072 3066 4102 »
3099 4053 3447 4126 obtinuisse,
3479 4064 3538 4111 et
3590 4057 3654 4112 in
3685 4057 3766 4115 lo-

2115 4159 2248 4196 cum
2281 4140 2622 4195 clericorum
2653 4137 3153 4212 smcularium,qui
3177 4143 3331 4213 apud
3355 4143 3551 4216 Maius
3571 4163 3770 4204 mona-

2115 4229 2360 4311 sterium
2373 4233 2498 4284 tum
2513 4229 3306 4302 degebant,substituisse:ex
3317 4231 3659 4304 quibusttun
3670 4253 3766 4292 um

2115 4336 2184 4375 ex
2217 4316 2801 4388 tredecim,Stephani
2837 4335 2996 4390 papae
3014 4322 3070 4373 et
3090 4318 3265 4392 Regis
3285 4320 3518 4376 Roberti
3534 4325 3768 4397 vigente

2117 4407 2384 4480 imperio,
2417 4406 2476 4462 in
2509 4407 2778 4462 abbatem
2811 4406 2920 4462 sibi
2951 4405 3250 4481 elegerint.
3271 4431 3305 4458 »
3337 4410 3448 4466 Sed
3479 4410 3768 4472 allueina-

2117 4502 2215 4552 tur
2245 4499 2448 4552 auctor
2478 4495 2535 4550 in
2569 4495 2865 4567 Stephano
2893 4513 3065 4569 papa,
3105 4496 3400 4568 siquidem
3450 4499 3656 4557 nullus
3699 4519 3763 4560 eo

362 4590 579 4642 terram
611 4600 672 4640 se
702 4581 1004 4672 humiliter
1035 4582 1264 4650 stravit;
1297 4588 1352 4638 et
1383 4583 1522 4654 quia
1550 4582 1777 4638 veniam
1811 4581 2086 4672 (ἱεραὶ-³1)
2120 4585 2355 4641 nomine
2387 4583 2644 4656 pontifex
2675 4583 2884 4640 Maiolo
2931 4584 3140 4640 abbate
3187 4585 3386 4641 sedem
3437 4586 3762 4646 Romanam

364 4689 506 4729 cans
529 4688 634 4743 per
661 4668 780 4727 oris
811 4688 1096 4743 organum
1129 4669 1276 4726 forte
1305 4687 1420 4726 non
1455 4673 1649 4742 posset
1677 4668 1881 4725 audire
1897 4667 2010 4724 cla-

363 4777 608 4829 morem,
641 4760 712 4816 de
739 4764 860 4816 toto
891 4777 1130 4833 corpore
1157 4759 1420 4832 linguam
1472 4759 1625 4814 fecit.
1659 4759 1822 4824 Quod
1861 4758 2003 4814 dum

363 4849 612 4914 Maiolus
642 4847 874 4904 eminus
903 4847 1292 4921 aspexit,quid
1311 4847 1421 4904 hoc
1434 4847 2006 4904 cssetincunctanter

359 4939 596 5012 agnovit
629 4954 642 4996 :
677 4955 927 5010 moxque
957 4937 1140 4994 misso
1179 4935 1422 5010 remigio
1472 4937 1772 4992 transferri
1822 4936 1894 4992 ad
1942 4953 2005 4992 se

355 5027 710 5084 monachum
744 5028 908 5096 fecit;
943 5044 1116 5098 quem
1149 5031 1358 5098 praesto
1388 5026 1476 5082 vir
1495 5027 1597 5082 Dei
1629 5027 1702 5082 ad
1735 5025 1876 5098 quid
1913 5043 2003 5081 ve-

357 5115 542 5173 nisset
571 5115 914 5188 inquirit.At
941 5114 1038 5170 ille
1069 5113 1246 5170 simul
1276 5120 1335 5171 et
1363 5114 1755 5188 deprazteritis
1775 5115 2003 5170 veniam

351 5202 714 5274 deprecatur,
749 5206 806 5258 et
835 5201 1216 5276 impleturum
1248 5220 1308 5258 se
1354 5203 1426 5258 de
1457 5203 1679 5258 cretaeis
1715 5202 1998 5275 quidquid

351 5289 685 5363 injungeret
714 5289 1195 5364 pollicetur.Tum
1227 5289 1326 5346 ille
1361 5308 1374 5346 :
1410 5291 1764 5365 Vis,inquit,
1780 5294 2001 5365 absque

356 5378 535 5436 dubio
567 5379 1120 5452 poenitentiam.0uo
1152 5381 1538 5453 respondente
1571 5398 1584 5437 :
1620 5381 1784 5438 Volo.
1819 5382 2000 5438 Proti-

353 5485 468 5539 nus
497 5466 749 5524 addidit:
786 5469 930 5525 lluie
965 5469 1142 5540 igitur
1170 5469 1438 5524 osculum
1473 5471 1841 5542 prmbemam
1861 5489 2001 5528 casu

359 5557 643 5611 tuberosre
675 5557 827 5630 cutis
858 5557 974 5612 illic
1007 5558 1272 5630 leprosus
1307 5559 1664 5615 astabat.llle
1693 5561 1999 5616 confestim

359 5642 418 5696 in
451 5644 579 5714 ejus
605 5645 871 5702 osculum
904 5645 1298 5718 ruit,inoxque
1329 5646 1488 5718 lepra
1519 5650 2003 5724 mundaticorpo-

2115 4671 2820 4748 gubernavit.Stephanus
2851 4671 3006 4728 enim
3038 4672 3137 4728 Vll
3171 4690 3324 4730 anno
3350 4673 3458 4730 943
3487 4675 3762 4744 decessit,

2115 4768 2172 4820 et
2199 4761 2534 4834 Stephanus
2573 4761 2643 4816 IX
2690 4761 2922 4817 nonnisi
2976 4779 3128 4822 anno
3176 4764 3312 4818 1057
3354 4764 3760 4835 pontificatum

2114 4850 2484 4908 iniit.Subdit
2514 4855 2716 4906 auctor
2746 4850 3081 4922 pontiﬁcem
3115 4873 3145 4902 «
3177 4851 3236 4908 in
3269 4852 3626 4910 monachum
3662 4855 3761 4911 be-

2115 4940 2406 4997 nedixisse
2439 4939 2698 4995 Odonem
2723 4939 3053 5008 comitem,»
3069 4943 3126 4996 et
3145 4939 3429 5012 privilegii
3454 4941 3544 4996 sui
3568 4947 3763 4999 aucto-

2114 5030 2282 5085 ritate
2295 5027 2536 5083 liberam
2551 5028 2909 5083 eoncessisse
2921 5026 3408 5102 eligendiabbatis
3422 5029 3762 5087 facultatem

2113 5137 2147 5174 a
2167 5117 2442 5174 Cluniaco
2466 5115 2815 5186 absolutam,
2837 5117 3094 5174 Rotberti
3118 5117 3270 5190 regis
3291 5119 3640 5175 auctoritate
3660 5137 3760 5192 ap-

2111 5207 2435 5280 probatam,
2466 5211 2524 5262 et
2554 5205 2832 5261 Maiolum
2863 5206 3100 5278 quidem
3133 5205 3418 5280 principio
3453 5207 3762 5275 restitisse,

2111 5296 2210 5350 sed
2245 5295 2479 5351 tandem
2511 5295 2714 5351 audita
2737 5295 3170 5369 privilegiarum
3202 5295 3496 5353 mentione
3527 5297 3760 5369 acquie-

2110 5383 2280 5442 visse.
2318 5387 2452 5450 Quae
2488 5387 2550 5439 ut
2579 5401 2712 5439 vera
2740 5384 2878 5454 sint,
2909 5401 3110 5441 vereor
3138 5388 3204 5441 ut
3232 5385 3432 5442 omnia
3462 5385 3532 5440 ad
3566 5385 3758 5440 Maioli

2113 5478 2346 5546 tempus
2379 5473 2575 5528 referri
2608 5473 3010 5544 possint.Nam
3033 5473 3358 5530 econtrario
3393 5474 3759 5530 Maiolusini-

2113 5563 2194 5617 tio
2226 5561 2456 5617 abbatis
2487 5579 2696 5616 nomen
2731 5578 2796 5618 eo
2827 5563 2884 5616 in
2919 5561 3044 5618 loco
3077 5563 3230 5632 tulit,
3266 5568 3331 5618 ut
3358 5563 3528 5618 docet
3557 5563 3757 5618 charta

2117 5649 2390 5707 Herlanni
2435 5649 2649 5718 levitas,
2695 5655 2752 5706 et
2802 5652 2893 5706 sui
2944 5651 3066 5708 vice
3114 5657 3317 5725 postea
3363 5652 3751 5709 Gislcbertum
