4028 6172
228 356 352 421 729

1481 359 1829 423 ELOGIUM
1877 358 2357 424 HISTORICUM
2372 405 2387 421 .
2444 374 2449 382 ‘

3515 358 3636 424 ’130

228 493 507 551 abbatem
562 491 791 549 institui
849 492 1088 561 cu‘ravit,
1123 498 1189 550 ut
1220 492 1365 550 alias
1398 493 1680 550 dicemus.
1717 493 1875 550 Idem
1907 492 1962 562 Α
1990 492 2233 567 pellensi
2256 494 2522 552 dimcesis
2543 495 3014 567 Parisiensis,sed
3046 498 3118 555 de
3150 472 3263 555 alio
3293 496 3637 571 cognomine

228 585 445 641 asserit
492 583 975 657 chronographus
1024 584 1448 649 Malleacensis,
1482 583 1579 656 qui
1612 583 1881 639 Guitber-

222 678 355 729 tum
370 673 627 747 primum
652 673 888 746 Majoris
912 673 1250 729 monasterii
1272 673 1543 729 abbatem
1559 677 1690 745 post
1709 671 1885 728 Maio-

221 761 352 818 lum
391 768 559 819 vocat
601 763 671 818 ad
716 780 852 817 ann.
894 762 999 818 994
1030 762 1263 833 (Caesar
1309 770 1436 818 tom.
1468 762 1542 827 II,
1572 779 1697 833 pag.
1732 761 1879 833 836).

218 852 308 907 Ad
363 852 831 908 reformationem
876 852 1029 907 hanc
1061 852 1313 924 pertinet
1343 849 1606 907 Gerberti
1637 848 1884 922 epistola

222 943 427 997 abbati
454 940 689 1013 Majoris
712 941 1053 997 monasterii
1078 940 1382 1012 scripta,in
1402 958 1520 1012 qua
1534 939 1653 993 huic
1669 939 1877 993 verba:

227 1055 257 1082 ‹‹
289 1036 491 1087 Servat
524 1036 732 1086 natura
761 1031 932 1097 vices,
969 1035 1236 1102 terraque
1268 1031 1439 1097 bona,
1457 1046 1569 1083 non
1603 1046 1709 1084 suo
1733 1027 1884 1099 judi-

225 1122 320 1177 cio
352 1122 451 1176 diu
477 1120 812 1187 infecunda,
848 1121 1018 1175 flores
1049 1120 1396 1191 fructusque
1436 1118 1707 1191 parturit.
1742 1118 1885 1173 Ecce

224 1209 387 1266 enim
408 1209 560 1265 beati
586 1209 819 1264 Martini
844 1207 1052 1264 cellula
1068 1208 1490 1263 monachorum
1512 1207 1882 1279 agminajam

225 1300 457 1355 dudum
489 1303 754 1353 emortua
786 1296 1115 1362 resuscitat,
1169 1296 1404 1351 Martini
1450 1295 1637 1351 virtus
1668 1295 1725 1350 in
1760 1295 1882 1350 suis

223 1388 536 1461 discipulis
569 1386 1009 1459 dignoscitur.E
1042 1386 1256 1459 quibus
1289 1386 1469 1441 beatae
1502 1385 1885 1442 conversatio-

225 1479 324 1534 nis
352 1478 682 1545 alumnum,
716 1482 996 1549 tanquam
1054 1475 1350 1548 exemplar
1380 1475 1508 1529 vitro
1541 1479 1597 1529 et
1628 1492 1882 1542 morum,

225 1568 523 1639 accepisse
546 1566 813 1621 Osulfum
837 1566 1183 1638 gaudemus.
1209 1586 1235 1613 ι)
1263 1565 1390 1619 Ilaec
1412 1562 1657 1635 epistola
1679 1564 1736 1618 in
1762 1564 1880 1618 edi-

227 1657 307 1713 tis
348 1657 506 1711 bunc
555 1654 792 1711 titulum
855 1654 1085 1727 praefert
1118 1670 1130 1708 :
1167 1653 1449 1709 Adalberto
1481 1653 1883 1725 archiepiscopo

226 1746 415 1801 abbati
480 1744 696 1817 Majoris
771 1744 1112 1800 monasterii.
1174 1744 1284 1798 Sed
1345 1742 1657 1813 legendum
1718 1746 1879 1815 puto,

227 1834 495 1934 Adallrero
526 1833 982 1934 arrhiepiscopus,
1014 1831 1231 1934 ‘hmc
1278 1830 1525 1934 epistola
1556 1828 1883 1934 scriptasit
1914 1869 1961 1934 Β

230 1940 266 1978 a
287 1923 566 1979 Gerborto
590 1922 648 1976 in
680 1938 929 1993 persona
949 1918 1326 1976 Adalbcronis
1349 1920 1664 1975 Remorum
1689 1919 1884 1974 archi-

229 2012 515 2085 episcopi,
548 2011 629 2066 uti
662 2015 719 2065 et
749 2009 874 2066 alia)
906 2009 1194 2083 quaidam.

302 2100 581 2156 38.Venio
595 2100 665 2155 ad
679 2098 1188 2155 Antissiodorense
1202 2098 1387 2152 sancti
1402 2096 1675 2153 Germani
1691 2114 1885 2152 mona-

230 2188 500 2256 sterium,
533 2188 603 2242 de
632 2203 745 2259 quo
779 2186 899 2241 hmo
930 2186 1183 2257 legimus
1213 2185 1271 2240 in
1302 2185 1547 2241 historia
1583 2186 1884 2258 episcopo-

229 2294 365 2333 rum
396 2274 997 2363 Antissiodorensium
1024 2274 1213 2346 capite
1235 2275 1301 2329 47
1334 2274 1391 2329 in
1424 2274 1722 2331 Ileriberto
1763 2276 1882 2347 epi-

227 2383 410 2438 scopo
442 2365 536 2421 his
563 2364 755 2421 verbis
792 2380 804 2419 :
842 2387 869 2413 «
900 2363 1090 2433 IIujus
1149 2380 1286 2436 ergo
1336 2362 1714 2435 pontificatus
1744 2368 1887 2419 tem-

229 2470 395 2525 pore,
432 2453 548 2507 dux
594 2451 900 2506 IIeinricus
930 2451 1059 2522 ejus
1092 2450 1288 2517 frater,
1309 2456 1373 2506 ut
1405 2456 1529 2505 erat
1558 2450 1741 2507 totius
1767 2453 1893 2507 reli-

226 2540 529 2616 giositatis
599 2545 846 2607 amator,
908 2540 1332 2595 monasterium
1403 2540 1557 2595 beati
1618 2536 1892 2597 Germani

229 2633 456 2687 domno
489 2628 699 2685 Maiolo
743 2618 1042 2684 commisit
1095 2627 1312 2696 abbati,
1348 2627 1598 2700 qualiter
1627 2630 1895 2685 videlicet

229 2720 529 2794 regularis
560 2736 777 2774 normze
811 2718 1107 2773 tramitem
1141 2716 1285 2773 inibi
1315 2717 1717 2785 constitueret,
1743 2718 1896 2773 sicut

232 2829 345 2884 per
375 2809 561 2865 multa
590 2807 717 2864 loca
745 2812 865 2863 tam
898 2807 958 2862 in
991 2806 1158 2862 Italia
1187 2823 1365 2879 quam
1399 2805 1458 2861 in
1491 2806 1677 2863 Gallia
1697 2806 1897 2877 digno-

234 2899 518 2956 scebatur
573 2896 781 2953 fecisse
841 2896 1285 2951 monachorum.
1322 2897 1518 2969 Longo
1576 2895 1732 2951 enim
1768 2897 1894 2967 jam

244 2989 545 3043 transacto
577 2989 857 3056 tempore,
891 2983 1054 3039 locus
1098 2982 1315 3039 ibidem
1365 2984 1585 3055 absque
1624 2984 1833 3040 abbate
1865 3001 1899 3039 a

242 3074 577 3148 praepositis
619 3072 947 3145 regebatur.
982 3071 1089 3138 Qui
1145 3076 1444 3145 gratanter
1498 3071 1664 3128 illum
1719 3073 1900 3129 susci-

243 3168 441 3240 piens,
460 3166 709 3237 regulari
742 3163 1105 3220 districtione
1126 3180 1369 3235 quisque
1400 3168 1689 3235 repercrat
1710 3163 1895 3231 devia,

1992 582 2271 640 diceeesis'
2290 584 2677 658 Lingonensis
2704 586 3145 658 intelligendum
3175 592 3285 659 est,
3319 587 3419 644 ubi
3444 587 3640 644 hacte-

1992 689 2106 727 nus
2164 677 2352 729 exstat
2408 675 2700 746 prioratus
2757 676 3031 748 prmdicto
3088 681 3289 733 sancto
3349 679 3637 735 Germano

1992 761 2488 833 subjectus.Mitto
2520 764 2635 819 alia
2663 763 2852 820 multa
2880 782 3007 837 quae
3036 766 3093 821 in
3119 767 3244 838 jam
3276 766 3431 824 dicta
3462 767 3639 824 histo-

1991 849 2078 904 ria
2108 851 2383 906 abbatum
2415 854 2599 907 sancti
2643 853 2914 909 Germani
2947 855 3016 910 de
3047 855 3311 911 lleldrico
3343 856 3635 929 leguntur,

1992 939 2164 1009 cujus
2185 941 2381 995 obitus
2407 946 2538 1013 post
2567 959 2751 997 annos
2780 943 3011 998 circiter
3026 946 3089 998 21
3127 945 3430 1016 regiminis
3452 944 3637 1000 conti-
3736 1004 3755 1014 η

1992 1026 2147 1100 gisse
2198 1029 2412 1085 dicitur
2446 1049 2537 1086 XIX
2564 1031 2832 1087 (fatenda:
2857 1033 3134 1089 Januarii.
3167 1034 3220 1089 Is
3251 1034 3479 1089 videtur
3507 1034 3638 1090 Hel-

1993 1116 2191 1171 dricus
2222 1136 2256 1173 a
2299 1120 2441 1190 Syro
2500 1118 2774 1175 laudatus
2804 1120 2860 1174 in
2895 1121 3193 1192 sequentis
3224 1122 3366 1177 Vitae
3398 1121 3545 1178 libro
3575 1140 3636 1189 ιι,

1992 1206 2144 1276 apud
2173 1206 2440 1262 Ottonem
2476 1209 2752 1281 Magnum
2788 1231 2814 1259 ‹‹
2849 1208 2906 1263 in
2938 1209 3127 1265 laicali
3159 1210 3417 1283 potentia
3447 1212 3644 1283 praeci-

1993 1311 2164 1365 puus,
2203 1295 2301 1367 qui
2326 1298 2622 1368 quondam
2648 1298 2703 1352 in
2730 1297 2897 1353 ltalia
2918 1298 3070 1354 inter
3085 1302 3321 1355 caeteros
3351 1298 3641 1371 palatinos

1994 1384 2214 1439 exstitit
2247 1385 2608 1442 honorabilis
2643 1403 2655 1440 :
2691 1387 2789 1458 qui
2842 1386 3003 1442 uxori
3035 1405 3167 1443 cum
3200 1405 3415 1461 magna
3445 1407 3640 1445 rerum

1994 1472 2162 1544 copia
2192 1474 2637 1542 abrenuntians,
2672 1476 2934 1548 deposito
2989 1477 3224 1551 cingulo
3275 1478 3549 1535 Cluniaco
3581 1498 3642 1536 se

1993 1562 2320 1628 conferens,
2352 1564 2505 1618 beati
2552 1564 2844 1620 Benedicti
2877 1582 2938 1620 se
2969 1566 3232 1622 subdidit
3261 1568 3577 1641 proposito.
3611 1592 3639 1621 »

1993 1649 2055 1705 In
2091 1651 2371 1722 prmdicta
2401 1653 2587 1708 sancti
2618 1653 2891 1709 Germani
2923 1654 3202 1711 abbatum
3234 1655 3480 1713 historia
3508 1656 3645 1732 legi-

1980 1742 2112 1809 ‘tur,
2147 1738 2485 1797 Heldricum
2510 1759 2574 1798 eo
2606 1746 2886 1825 tempore,
2914 1761 3028 1816 quo
3059 1745 3373 1802 Rotbertus
3403 1763 3500 1802 rex
3524 1748 3641 1803 An-

1994 1828 2373 1885 tissiodorum
2401 1831 2792 1903 expugnabat,
2827 1849 2961 1887 cum
2993 1832 3235 1889 Odilone
3277 1834 3643 1892 Cluniacensi

1996 1917 2206 1973 abbate
2240 1935 2301 1973 se
2330 1918 2704 1973 transtulisse
2731 1942 2755 1967 ‹‹
2780 1921 2851 1975 ad
2884 1918 3042 1976 aliud
3078 1922 3499 1978 monasterium
3527 1941 3645 1978 suae

1995 2006 2202 2063 ditioni
2239 2007 2731 2079 subditum,quod
2754 2008 3075 2064 Rcomaum
3100 2010 3467 2083 (Reomaens)
3489 2028 3650 2067 voca-

1994 2100 2134 2151 tur:
2172 2120 2193 2148 »
2232 2096 2388 2168 quod
2449 2096 2871 2152 monasterium
2916 2096 3129 2153 Maiolo
3159 2100 3651 2171 abbatiparuisse

1994 2186 2162 2240 docet
2219 2184 2465 2240 historia
2526 2185 2926 2254 Reomaensis,
2958 2186 3203 2243 Roverio
3258 2194 3515 2256 auctore,
3548 2191 3650 2246 sed

1994 2291 2109 2329 non
2162 2273 2243 2328 ita
2293 2277 2356 2329 ut
2403 2272 2678 2330 Cluniaco
2723 2275 3023 2347 subjectum
3053 2281 3207 2332 esset
3234 2294 3301 2333 eo
3334 2279 3505 2335 modo
3535 2295 3650 2352 quo

2000 2367 2201 2435 postea
2232 2362 2340 2418 sub
2372 2362 2615 2434 Hugone
2646 2363 2767 2418 haec
2800 2364 3086 2435 subjectio
3121 2383 3182 2422 se
3211 2366 3436 2423 habuit.

2069 2451 2159 2505 39.
2194 2452 2352 2507 Idem
2388 2451 2446 2506 in
2480 2450 2814 2507 Divionensi
2876 2453 3063 2508 sancti
3092 2455 3339 2529 'Bcnigni
3370 2457 3652 2512 ascetorio

2002 2539 2251 2595 Maiolus
2311 2538 2649 2610 praestitisse
2702 2540 3042 2611 perhibetur
3071 2541 3129 2597 in
3163 2544 3436 2601 chronico
3486 2546 3652 2602 Beni-

2002 2626 2438 2700 gniano.Bruno
2460 2627 2752 2700 siquidem
2778 2628 3166 2703 Lingoncnsis
3193 2633 3442 2688 antistes
3460 2634 3653 2690 locum

2003 2717 2062 2772 in
2088 2717 2298 2772 melius
2337 2717 2650 2773 reformare
2679 2716 2902 2787 volens,
2930 2718 3206 2774 Maiolum
3239 2720 3385 2776 adiit
3415 2723 3541 2793 ejus
3574 2725 3653 2779 rei

2004 2805 2193 2878 gratia
2222 2823 2233 2860 :
2272 2829 2296 2856 (ι
2331 2805 2513 2877 Cujus
2544 2806 2816 2877 precibus
2846 2807 3029 2863 ﬂexus
3078 2810 3429 2865 reverendus
3474 2811 3657 2867 abbas

2006 2894 2256 2949 Maiolus
2314 2894 2475 2949 dedit
2523 2893 2571 2950 ei
2606 2895 2912 2950 duodecim
2972 2896 3290 2952 monachos
3347 2897 3658 2970 disciplina

2006 2987 2221 3039 sanctae
2254 2982 2551 3055 religionis
2592 2983 2928 3051 instructos,
2960 2983 3157 3040 divina
3187 2990 3245 3041 et
3274 2986 3535 3042 humana
3564 3006 3656 3045 sa-

2007 3071 2226 3144 pientia
2246 3072 2778 3139 doctos,nobilitatc
2800 3072 3020 3128 carnali
3043 3072 3247 3131 claros.
3266 3075 3309 3130 II
3318 3075 3367 3130 is
3387 3076 3657 3132 abbatem

2008 3160 2265 3233 praefecit
2306 3160 2685 3216 -Willclmum
2737 3161 2994 3229 nomine,
3028 3167 3084 3217 et
3115 3167 3339 3236 patrem
3382 3164 3657 3237 spiritua-

242 3236 319 3312 ad
354 3236 615 3328 unguem
664 3253 931 3309 correxit.
968 3252 1348 3309 Postmodum
1378 3270 1511 3308 vero
1539 3252 1627 3307 vir
1656 3236 1968 3308 sanctusc
2008 3250 2122 3306 lem
2155 3250 2267 3306 sibi
2300 3249 2678 3324 poscentibus
2712 3250 2848 3306 filiis
2877 3251 3119 3324 petiit.»
3156 3253 3266 3309 Sed
3299 3254 3370 3309 de
3395 3236 3461 3310 eo
3491 3252 3661 3326 plura

243 3362 313 3401 ac
336 3343 684 3399 venerabilis
710 3341 959 3398 Maiolus
980 3341 1236 3415 praefecit
1257 3340 1475 3397 ibidem
1495 3342 1684 3397 virum
1717 3341 1897 3397 hono-

244 3433 492 3489 rabilem
526 3431 860 3488 lIeldricum
885 3430 1289 3502 abbatem,qui
1317 3434 1375 3485 et
1398 3430 1522 3502 ipse
1554 3431 1897 3502 praedictum

243 3524 441 3578 locum
465 3522 537 3576 ad
561 3518 845 3593 regularis
868 3519 1019 3574 beati
1042 3520 1336 3575 Benedicti
1356 3519 1610 3575 tramitis
1628 3520 1901 3575 informa-

241 3612 327 3667 vit
361 3610 591 3667 callem.
634 3612 817 3677 Quem
849 3610 1161 3682 praedictus
1192 3609 1523 3682 episcopus,
1560 3627 1663 3666 nec
1697 3627 1813 3667 non
1843 3616 1901 3666 et

240 3702 427 3757 frater
444 3702 496 3771 ej
508 3718 576 3755 us
598 3700 716 3755 dux
738 3699 1023 3754 Henricus
1047 3698 1229 3753 nimio
1269 3715 1405 3753 cum
1429 3698 1552 3753 suis
1573 3698 1902 3755 dilexerunt

242 3805 468 3845 amore.
493 3810 521 3838 »
557 3788 651 3843 Sic
704 3786 922 3859 legitur
979 3785 1037 3839 in
1090 3789 1248 3841 tomo
1279 3787 1300 3840 Ι
1334 3784 1701 3840 Bibliotheca:
1748 3785 1900 3840 Lab-

208 3866 211 3867 ν
242 3881 467 3946 beanaz,
492 3878 591 3933 ubi
611 3876 751 3932 item
777 3875 1039 3931 editaest
1059 3873 1306 3930 historia
1320 3875 1392 3930 de
1408 3873 1599 3931 Gestis
1621 3873 1900 3931 abbatum

239 3967 436 4024 sancti
497 3964 771 4022 Germani
827 3964 1378 4032 Antissiodorensis,
1413 3963 1471 4019 in
1504 3964 1675 4035 cujus
1714 3963 1903 4036 capite

240 4057 440 4131 primo
463 4055 583 4110 haec
614 4055 805 4110 fusius
835 4054 1206 4121 referuntur;
1231 4055 1405 4125 atque
1441 4051 1692 4108 Heldrici
1723 4053 1900 4109 abba-

240 4148 322 4203 tis
346 4145 562 4201 ibidem
578 4144 871 4200 institutio
887 4143 1038 4199 facta
1058 4142 1272 4198 dicitur
1288 4165 1314 4192 ‹‹
1329 4159 1483 4198 anno
1496 4142 1724 4197 Domini
1737 4143 1859 4198 989.
1870 4164 1898 4192 ››

240 4234 356 4303 Qui
384 4233 688 4291 Heldricus
723 4256 751 4283 ‹‹
782 4236 1016 4305 prepter
1075 4249 1242 4288 suam
1278 4231 1650 4288 sanctitatem
1680 4236 1737 4288 et
1767 4230 1899 4287 reli-

239 4325 441 4399 gionis
472 4324 757 4380 fervorem
806 4320 1012 4377 multis
1041 4320 1337 4376 nobilibus
1369 4321 1583 4376 charus
1614 4319 1790 4375 fuerit
1822 4338 1834 4376 :
1876 4344 1896 4368 η

242 4416 305 4470 in
342 4415 515 4485 cujus
544 4411 791 4485 gratiam
829 4432 856 4461 ‹‹
885 4409 1235 4465 venerabilis
1262 4410 1378 4465 Deo
1440 4409 1617 4481 digna
1667 4409 1905 4465 ducissa

240 4501 588 4567 Gersendis,
620 4499 914 4573 saapedicti
946 4498 1114 4553 ducis
1133 4498 1408 4569 (lIenrici)
1432 4515 1573 4553 uxor
1592 4515 1625 4554 a
1644 4498 1764 4552 viro
1795 4515 1902 4554 suo

241 4591 439 4665 petiit,
470 4594 527 4645 et
557 4588 813 4645 obtinuit
858 4587 1279 4643 monasterium
1321 4586 1506 4642 sancti
1541 4587 1898 4661 Leodegarii,
1932 4608 1978 4673 Ι)

242 4680 406 4753 quod
457 4676 769 4753 Campellis
818 4675 1050 4744 dicitur,
1087 4676 1274 4732 eidem
1313 4675 1623 4742 committi,
1660 4692 1902 4748 sperans

240 4769 394 4824 illud
429 4784 533 4839 per
558 4783 692 4822 eum
726 4767 798 4821 ad
830 4765 1117 4838 regularis
1144 4766 1273 4821 vitae
1305 4781 1572 4821 normam
1604 4781 1776 4836 posse
1808 4781 1901 4821 re-

242 4858 405 4914 duci.
440 4856 598 4911 Idem
658 4855 813 4933 enim
873 4855 1293 4911 monasterium
1328 4871 1360 4909 a
1392 4854 1554 4909 bonae
1607 4853 1899 4910 memoriae

244 4945 598 5002 Theodrada
642 4930 738 5015 (al.
770 4930 1198 5016 Theogradam)
1228 4942 1428 5015 regina
1484 4941 1726 5013 (scilicet
1782 4941 1903 4997 ﬁlia

245 5032 439 5090 Caroli
464 5033 566 5100 M.;
591 5050 726 5087 nam
771 5032 923 5088 ﬁlias
963 5048 1167 5105 regum
1205 5030 1432 5103 reginas
1458 5031 1570 5086 dici
1597 5046 1724 5086 mos
1753 5032 1898 5097 erat)

246 5125 645 5179 restauratum
702 5121 909 5188 fuerat,
943 5126 1001 5176 et
1022 5120 1348 5175 monastico
1380 5117 1569 5174 ordini
1599 5117 1898 5189 mancipa-

252 5217 419 5280 tum;
453 5211 553 5265 sed
605 5212 731 5282 jam
793 5210 1046 5282 peccatis
1105 5208 1471 5282 exigentibus
1518 5224 1553 5262 a
1582 5206 1897 5278 plusquam

254 5302 639 5357 ducentorum
690 5316 977 5355 annorum
1012 5298 1202 5370 spatio
1234 5298 1308 5351 ab
1339 5297 1518 5368 hujus
1548 5295 1734 5351 sancti
1765 5312 1897 5367 pro-

251 5388 425 5464 positi
456 5388 681 5443 lumine
713 5389 979 5443 funditus
1000 5388 1376 5443 exstinctum.
1406 5408 1432 5435 »
1461 5385 1660 5440 Exstat
1691 5383 1797 5439 hac
1828 5383 1899 5439 de

248 5496 309 5535 re
331 5476 591 5549 diploma
630 5476 889 5532 Rotberti
932 5477 1083 5549 regis
1114 5476 1171 5530 in
1197 5474 1299 5531 lib.
1332 5493 1388 5531 v1
1412 5475 1490 5530 De
1514 5475 1591 5528 Rc
1614 5472 1896 5544 diploma-

246 5569 386 5633 tica,
418 5583 549 5638 pag.
582 5567 707 5633 578,
740 5566 837 5620 ubi
891 5566 1235 5637 corrigenda
1283 5564 1503 5620 notatio
1537 5564 1607 5618 de
1638 5562 1898 5618 cwnobio

245 5654 439 5712 sancti
472 5654 807 5726 Leodegarii
840 5655 1228 5728 Campellensi
1265 5672 1275 5709 :
1313 5653 1467 5727 quod
1501 5669 1613 5708 non
1648 5652 1718 5708 de
1739 5650 1902 5708 Cam-

2007 3340 2067 3395 in
2097 3340 2277 3412 hujus
2302 3339 2437 3394 Vita
2467 3340 2525 3394 iu
2558 3339 2768 3395 smculo
2800 3341 3091 3412 sequenti.

2081 3432 2168 3486 40.
2192 3430 2471 3502 Ejusdem
2496 3429 2711 3503 negotii
2745 3447 2923 3486 causa
2946 3430 3322 3488 Fiscamnum
3344 3434 3662 3489 arcessitus

2008 3523 2098 3574 est
2121 3536 2155 3573 a
2178 3518 2468 3574 Itichardo
2490 3519 2989 3574 Nortmannorum
3023 3520 3171 3576 duce
3203 3520 3471 3589 Maiolus,
3508 3526 3572 3579 ut
3604 3523 3661 3578 in

2008 3607 2201 3663 locum
2225 3607 2639 3662 canonicorum
2672 3607 2994 3663 monachos
3025 3607 3179 3663 istuc
3212 3609 3563 3666 restitueret.
3599 3611 3660 3666 Id

2008 3712 2142 3751 vero
2172 3696 2409 3767 aggredi
2438 3694 2624 3750 noluit
2642 3695 2730 3749 vir
2750 3699 3013 3763 sanctus,
3046 3695 3104 3750 ni
3128 3696 3456 3753 Richardus
3479 3699 3660 3755 tribu-

2011 3788 2160 3852 tum,
2189 3784 2385 3856 «quod
2416 3783 2766 3856 pasnagium
2791 3783 3045 3839 dicitur»
3067 3784 3224 3856 (Savo.
3251 3803 3289 3839 ιι
3310 3786 3507 3842 Bened.
3530 3803 3659 3858 pag.

2009 3874 2157 3943 9'75),
2193 3872 2450 3928 subditis
2506 3871 2630 3927 suis
2670 3872 2953 3928 relaxaret
2984 3890 2996 3927 :
3030 3874 3180 3945 quod
3215 3888 3348 3928 cum
3381 3874 3512 3929 duci
3546 3892 3661 3931 non

2011 3962 2450 4036 placuisset,res
2472 3961 2545 4016 ad
2566 3959 2842 4017 Willelmi
2868 3962 3096 4017 abbatis
3119 3978 3252 4018 mox
3274 3961 3494 4019 laudati
3513 3967 3661 4020 tem-

2011 4070 2122 4127 pus
2154 4051 2335 4106 dilata
2365 4055 2471 4107 est.

2083 4142 2172 4197 41.
2207 4139 2317 4196 Sed
2343 4138 2589 4195 illustris
2612 4140 2672 4195 in
2694 4138 2902 4212 primis
2925 4138 3029 4195 fuit
3051 4141 3386 4197 reformatio
3416 4142 3662 4198 casnobii

2013 4230 2196 4287 sancti
2246 4227 2434 4285 Mauri
2487 4229 2851 4284 Fossatensis
2902 4246 3080 4300 prope
3122 4229 3394 4297 Parisios,
3426 4230 3540 4288 late
3572 4232 3667 4289 de-

2013 4319 2230 4391 scripta
2251 4318 2308 4372 in
2329 4318 2487 4372 Actis
2511 4317 2830 4373 Burchardi
2864 4317 3119 4383 comitis,
3152 4336 3329 4390 quam
3360 4320 3419 4375 in
3450 4320 3663 4377 saeculo

2012 4408 2274 4482 proximo
2307 4408 2645 4462 referemus.
2666 4406 2750 4462 Ibi
2780 4405 2997 4479 quippe
3027 4406 3241 4481 legitur
3270 4408 3441 4465 istius
3471 4426 3662 4465 cceno-

1995 4486 2092 4551 'bii
2125 4501 2342 4552 statum
2366 4495 2718 4567 Magenardo
2750 4496 2961 4551 abbate
2991 4512 3056 4551 eo
3088 4495 3426 4569 prolapsum
3459 4497 3660 4567 fuisse,

2014 4589 2077 4641 ut
2107 4586 2287 4641 abbas
2318 4582 2443 4655 ipse
2493 4582 2707 4639 nobilis
2757 4583 3019 4654 quidem,
3049 4585 3150 4639 sed
3179 4584 3308 4640 vitm
3339 4584 3659 4653 solutioris,

2015 4697 2041 4723 ‹‹
2072 4672 2354 4745 depositis
2385 4670 2830 4728 monachalibus
2859 4671 3240 4743 indumentis,
3273 4672 3661 4746 pretiosarum

2012 4762 2253 4836 pellium
2301 4760 2659 4835 tegumentis
2715 4766 3112 4828 exornaretur,
3147 4760 3662 4836 calamantumque

2010 4851 2298 4925 Optimum
2322 4868 2425 4922 pro
2449 4850 2663 4922 capitio
2683 4849 2894 4905 humili
2918 4849 3091 4922 capiti
3125 4850 3524 4923 imponeret,»
3560 4851 3659 4924 qui

2010 4941 2158 4995 ritus
2206 4944 2265 4995 et
2313 4939 2372 4994 in
2431 4937 2563 4994 aliis
2624 4939 2998 4995 monasteriis
3053 4938 3367 4996 Gallicanis
3394 4939 3453 4995 in
3486 4958 3658 4995 usum

2007 5028 2248 5084 venerit.
2283 5028 2657 5083 Burchardus
2714 5026 2824 5083 loci
2881 5028 3277 5085 conditionem
3323 5029 3657 5097 miseratus,

2006 5118 2184 5174 Adico
2203 5117 2488 5172 monacho
2511 5116 2827 5189 instigante
2848 5135 3042 5189 regem
3056 5118 3369 5190 Hugonem
3392 5119 3663 5192 interpel-

2007 5206 2163 5274 lavit,
2200 5211 2264 5261 ut
2298 5205 2410 5261 sibi
2445 5207 2816 5262 restituenda:
2839 5207 2980 5263 inibi
3013 5206 3335 5278 disciplima
3365 5208 3661 5280 provincia

2008 5296 2807 5351 committeretur.Aunuente
2831 5313 2964 5369 rege
2986 5296 3362 5352 Burchardus
3382 5297 3455 5352 ad
3479 5296 3657 5353 Maio-

2007 5384 2128 5439 lum
2145 5382 2520 5455 perrexit,qui
2541 5384 2777 5438 tandem
2796 5402 2945 5457 aegre
2958 5384 3393 5457 acquiescens,«
3405 5384 3657 5457 acceptis

2008 5471 2448 5545 perfectioribus
2462 5472 2551 5526 sui
2566 5472 2810 5527 emnobii
2835 5472 3166 5541 fratribus,»
3182 5472 3376 5529 isthuc
3387 5474 3653 5530 accessit.

2009 5562 2399 5618 Solutioribus
2435 5562 2738 5617 monachis
2761 5563 2897 5617 data
2911 5563 3144 5634 eptione
3172 5562 3260 5618 vel
3292 5579 3426 5618 cum
3461 5562 3653 5619 Maioli

2008 5649 2315 5729 discipulis
2363 5652 2792 5720 commanendi,
2829 5652 2878 5708 si
2928 5652 3271 5725 regulariter
3326 5653 3654 5724 conversari
