4028 6172
424 307 540 368 731

1543 310 1608 371 S.
1657 309 1931 373 MAIOLI
1974 309 2306 372 ABBATIS
2351 309 2707 372 CLUNIAC.

3720 308 3848 370 732

420 439 678 508 vellent;
712 440 802 496 sin
835 439 1052 508 minus,
1083 441 1334 497 abeundi
1385 459 1500 514 quo
1547 441 1778 510 vellent,
1813 441 2072 515 plerique
2100 442 2154 508 Α
2187 441 2932 514 perdirexit(quzerebatur
2951 440 3106 497 enim
3137 441 3266 512 ejus
3298 439 3586 496 sententia
3608 441 3678 495 de
3699 457 3846 513 pra).

423 532 542 587 vias
599 531 776 586 cordis
823 533 1038 604 proprii
1084 529 1524 602 pramlegeruut,
1575 531 1819 603 ipseque
1897 532 2078 587 abbas

427 621 835 692 Magenardus,
875 645 895 668 α
935 620 1148 675 nobilis
1181 621 1472 692 progenie,
1507 643 1534 669 ››
1568 622 1825 692 quippe»
1863 639 1929 675 ex
1951 639 2080 675 san-

422 709 708 781 guinitate
766 709 1040 763 Ansoaldi
1104 707 1357 762 divitis»
1423 708 1566 764 civis
1625 709 1892 774 Parisini,
1960 731 1980 758 α
2017 708 2074 762 ἰη

423 795 748 852 cmuobium
766 797 954 852 sancti
973 797 1341 868 Mauri,quod
1356 796 1786 852 Glannafolium
1804 797 2073 862 dicitur,»

420 891 560 940 tunc
593 886 922 940 Fossatensi
956 887 1313 956 subjectum,
1349 909 1374 934 ‹‹
1411 885 1793 940 transmissus
1815 891 1922 940 est.
1947 910 1972 934 n
2007 887 2078 940 At

419 979 660 1030 sanctus
694 973 942 1028 Maiolus
965 974 1305 1044 praulietum
1331 973 1518 1028 locum
1549 998 1574 1023 (ι
1598 992 1728 1028 cum
1751 973 1874 1028 suis
1898 975 2077 1028 susci-

421 1063 592 1134 piens
651 1062 978 1126 monachis,
1026 1062 1452 1116 districtionem
1515 1062 1798 1134 regularis
1854 1063 2076 1117 ordinis

419 1150 683 1205 districte
715 1151 1022 1205 observare
1054 1149 1245 1222 cmpit.
1280 1173 1306 1200 ››
1344 1151 1485 1220 Ejus
1535 1156 1736 1221 rogatu
1789 1152 1951 1222 llugo
1981 1169 2077 1205 rex

421 1239 482 1293 in
513 1237 854 1294 alimoniam
889 1240 1130 1293 fratrum
1166 1239 1455 1294 concessit
1486 1239 1682 1294 villam
1719 1240 2071 1306 Mansioncs,

419 1327 554 1382 dato
596 1326 937 1398 diplomato,
973 1328 1126 1398 quod
1165 1332 1357 1382 exstat
1388 1327 1442 1381 in
1481 1327 1583 1381 lib.
1607 1346 1661 1382 v1
1685 1328 1763 1383 De
1789 1329 1866 1382 [te
1888 1327 2073 1398 diplo-

418 1415 654 1482 matica,
687 1432 819 1488 pag.
850 1416 976 1482 576,
1014 1437 1040 1463 ‹‹
1076 1432 1152 1470 xu
1188 1415 1310 1470 Kal.
1340 1415 1502 1484 Julii,
1539 1417 1742 1470 indict.
1777 1420 1832 1484 2,
1860 1433 2011 1471 anno
2040 1421 2074 1471 2

415 1507 698 1576 regnante
759 1505 999 1576 Ilugone
1054 1520 1206 1576 rege,
1236 1528 1256 1551 »
1293 1504 1350 1559 id
1397 1510 1486 1559 est
1519 1523 1670 1560 anno
1699 1504 1913 1560 Christi
1945 1507 2070 1574 989,

417 1610 531 1649 non
558 1594 1008 1665 przecedente,ut
1029 1593 1151 1648 Odo
1174 1593 1500 1650 monachus
1519 1593 1578 1648 in
1601 1593 1734 1648 Vita
1752 1593 2070 1649 Burchardi

413 1681 668 1749 comitis,
733 1681 950 1754 aliique
1009 1681 1162 1737 male
1215 1682 1577 1754 interpretati
1635 1684 1794 1738 sunt.
1855 1683 2070 1738 Verum

413 1769 663 1826 Maiolus
684 1768 1028 1826 Cluniacum
1045 1769 1270 1843 regredi
1293 1772 1751 1838 coactus,locum
1775 1771 2074 1828 commisit
2099 1809 2147 1873 Β

415 1884 435 1909 ι
471 1859 706 1915 cuidam
767 1858 1038 1931 religioso
1096 1859 1239 1927 viro,
1285 1859 1522 1915 nomine
1580 1859 1853 1925 Teutoni,
1887 1877 2059 1932 quem

408 1947 682 2004 Cluniaco
715 1965 916 2004 secum
947 1947 1285 2004 adduxerat.
1321 1969 1348 1998 »
1391 1949 1632 2020 l‘lugone
1665 1966 1797 2020 rege
1831 1954 2060 2005 mortuo

407 2053 542 2093 cum
566 2035 813 2092 Maiolus
836 2053 902 2090 eo
925 2035 1128 2090 reverti
1160 2040 1554 2104 cunctaretur,
1590 2037 1903 2092 Rotbertus
1933 2039 2062 2110 ejus

402 2126 562 2182 filius
595 2147 623 2176 ‹‹
655 2124 900 2181 consilio
931 2128 988 2179 et
1015 2124 1251 2180 hortatu
1311 2125 1544 2181 comitis
1589 2125 1779 2181 eidem
1811 2125 2060 2182 Teutoni

405 2217 626 2272 donum
659 2213 914 2271 abbatis:
947 2213 1136 2269 isdem
1175 2231 1274 2269 rex
1315 2213 1494 2281 dedit,
1515 2231 1768 2287 eumque
1789 2216 2060 2270 abbatem

405 2305 676 2360 ordinare
707 2303 1000 2376 praecepit.
1036 2304 1198 2369 Quod
1237 2319 1372 2358 cum
1406 2305 1476 2359 ad
1512 2322 1684 2360 aures
1713 2303 2057 2360 Cluniacen-

407 2393 564 2450 sium
597 2392 976 2466 pervenisset,
1009 2391 1174 2448 valde
1233 2391 1432 2448 tristes
1489 2394 1674 2448 effecti
1733 2398 1890 2462 sunt,
1925 2394 2065 2466 quia

407 2481 722 2555 cupiebant
769 2479 883 2536 sibi
927 2480 1123 2554 ipsum
1157 2480 1350 2536 locum
1383 2481 1441 2536 in
1473 2480 1681 2537 cellam
1714 2482 1996 2555 redigere.
2029 2505 2058 2534 ι)

405 2573 479 2628 At
499 2573 821 2628 Teutonem
846 2567 938 2642 (de
957 2587 1070 2642 quo
1095 2569 1263 2642 plura
1285 2569 1552 2641 inferius)
1577 2575 1820 2626 curante
1851 2570 2062 2627 Maiolo

407 2660 677 2717 abbatem
704 2657 784 2714 ibi
805 2657 1144 2714 institutum
1171 2659 1536 2731 puto.Nequc
1559 2658 1714 2716 enim
1737 2659 1879 2714 dum
1907 2661 2062 2732 apud

406 2749 821 2806 Cluniacenses
853 2747 1084 2819 vigebat
1105 2764 1233 2802 mos
1255 2745 1350 2803 ille
1371 2747 1638 2803 ahbatias
1669 2748 1968 2821 redigendi
2002 2749 2062 2803 in

407 2837 614 2895 cellas:
632 2837 732 2892 sed
755 2836 1064 2892 coabbates
1080 2834 1542 2891 instituebantur
1563 2837 1674 2890 sub
1696 2835 2063 2893 Cluniacensi

409 2927 642 2992 abbate,
666 2929 1053 2997 praeterquam
1078 2923 1136 2978 in
1161 2923 1490 2980 minoribus
1514 2926 1906 2994 monasteriis,
1935 2944 2062 2999 qua:

407 3019 550 3070 tunc
569 3011 1072 3080 «abbatia:,cella3,
1091 3017 1148 3068 et
1167 3013 1563 3082 obedientie,»
1591 3031 1744 3069 nunc
1770 3015 2063 3087 prioratus

410 3101 800 3177 appellantur.
835 3101 948 3156 Sed
1008 3100 1116 3156 hac
1167 3102 1239 3157 de
1285 3118 1344 3157 re
1394 3103 1584 3159 fusius
1627 3103 1685 3158 in
1729 3104 2063 3175 prmfatione

2189 530 2381 586 latura
2410 531 2593 604 patris
2616 531 2813 598 vestri)
2846 531 2996 586 inter
3024 535 3229 585 caetera
3259 530 3343 585 sic
3373 529 3512 584 dicit
3543 547 3557 584 :
3592 530 3847 585 Persona

2188 619 2427 692 quidem
2459 619 2622 674 vobis
2659 619 2785 690 jam
2835 618 2975 674 olim
3020 619 3224 674 infami
3257 620 3688 675 conversatione
3717 624 3848 674 erat

2188 710 2435 773 famosa,
2469 731 2496 758 ››
2529 712 2638 763 etc.
2674 709 2852 778 Cujus
2877 708 3051 762 fuerit
3081 707 3202 762 haec
3223 706 3488 779 epistola,
3519 706 3732 772 Maioli,
3767 724 3845 763 au

2186 797 2419 869 Egberti
2442 801 2608 865 (nam
2633 800 2874 868 uterque
2898 795 3201 851 consultus
3225 797 3452 864 fuerat),
3475 795 3604 849 inde
3629 813 3746 849 non
3775 794 3844 849 li-

2189 891 2346 958 quet.
2383 885 2644 942 Gerberti
2687 885 2936 958 epistola
2964 889 3034 939 88
3067 885 3284 957 scripta
3315 890 3402 940 est
3439 909 3458 931 ιι
3495 902 3562 938 ex
3595 901 3848 954 persona

2183 975 2566 1031 Adalberonis
2605 974 3024 1046 archiepiscopi
3045 973 3238 1033 abbati
3261 973 3470 1028 Maiolo
3493 971 3841 1027 Cluniacen-

2185 1065 2288 1130 si,»
2307 1082 2373 1118 ex
2397 1082 2512 1134 qua
2533 1063 2802 1136 colligere
2824 1061 3181 1130 licet,Mai0li
3209 1079 3336 1116 eam
3361 1061 3665 1132 epistolam
3691 1077 3842 1127 esse,

2185 1155 2354 1225 cujus
2410 1153 2586 1208 verba
2645 1153 2700 1207 in
2763 1151 3012 1223 epistola
3041 1152 3112 1206 95
3142 1153 3495 1205 referuntur.
3559 1149 3842 1204 Maiolum

2183 1243 2399 1316 quippe
2448 1242 2643 1312 arguit
2691 1239 3000 1307 Adalbero,
3029 1241 3184 1312 quod
3221 1240 3278 1293 in
3312 1238 3420 1294 hac
3465 1255 3644 1293 causa
3675 1235 3846 1294 aliter

2182 1332 2401 1388 scribat
2431 1349 2606 1403 quam
2649 1349 2710 1386 se
2730 1334 2914 1403 gerat.
2943 1351 2970 1379 ‹‹
2995 1329 3276 1384 Przeclara
3305 1328 3567 1400 quidem,
3603 1326 3713 1393 ait,
3748 1344 3842 1389 ex:

2183 1419 2436 1474 hortatio
2454 1423 2644 1474 vestra
2660 1417 2718 1472 in
2738 1434 3106 1490 pervaserem
3124 1435 3137 1485 ;
3153 1417 3254 1473 sed
3272 1433 3403 1472 cum
3423 1416 3714 1488 scriptum
3739 1419 3841 1472 stt:

2181 1510 2315 1574 Quae
2339 1507 2512 1580 coepit
2531 1508 2704 1563 Jesus
2723 1507 2913 1562 facere
2934 1511 2991 1562 et
3013 1507 3238 1573 docere,
3273 1523 3377 1560 cur
3406 1504 3636 1560 diversa
3661 1503 3845 1577 impe-

2182 1597 2287 1664 ria,
2321 1598 2552 1652 diversa
2601 1595 2729 1652 οωιὶ
2778 1595 3016 1650 climata
3073 1593 3456 1667 praetenditis,
3486 1598 3554 1649 ut
3582 1592 3634 1648 ei
3665 1609 3842 1666 quem

2179 1702 2344 1750 reum
2368 1682 2822 1754 statuistis,aliis
2836 1701 2950 1739 non
2979 1683 3560 1738 communicantibus
3580 1697 3845 1738 commu-

2180 1775 2388 1830 nicetis
2407 1773 2436 1828 ‘I
2467 1772 2851 1830 Detestamini
2903 1789 3038 1845 ergo
3072 1788 3464 1844 pervaserem,
3495 1770 3718 1826 sentiat
3746 1787 3844 1826 vos

2175 1862 2287 1918 sibi
2341 1881 2455 1918 non
2489 1864 2697 1930 favere,
2730 1879 2846 1917 non
2879 1861 2992 1917 sibi
3024 1861 3483 1929 communicare,
3515 1877 3583 1915 ac
3608 1876 3718 1932 per
3744 1877 3843 1915 vos

2171 1969 2285 2006 non
2319 1951 2511 2006 solum
2544 1967 2810 2023 quosque
2853 1949 3162 2023 religiosos
3215 1948 3394 2005 vestri
3454 1949 3705 2014 ordinis,
3743 1949 3841 2004 sed

2169 2041 2368 2108 etiam,
2393 2040 2444 2096 si
2473 2039 2595 2096 ﬁeri
2630 2044 2844 2112 potest,
2882 2039 3128 2095 Romani
3168 2037 3469 2112 pontificis
3501 2055 3562 2094 se
3596 2037 3842 2094 maledi-

2171 2129 2278 2184 ctis
2302 2129 2551 2202 urgeri.»
2579 2129 2687 2183 Sed
2711 2132 2770 2184 'et
2791 2127 2906 2183 alia
2933 2127 3122 2200 ipsius
3154 2126 3421 2184 Gerberti
3451 2128 3524 2182 ad
3559 2125 3840 2182 Maiolum

2169 2217 2418 2290 epistola
2434 2219 2506 2272 70
2526 2218 2728 2274 eodem
2751 2216 2958 2272 tendit.
2989 2239 3011 2268 ι
3039 2217 3162 2273 Etsi
3184 2216 3448 2290 vigilanti
3485 2233 3628 2272 cura
3661 2231 3840 2288 super

2169 2311 2360 2362 vestro
2383 2321 2556 2378 grege
2583 2304 2850 2377 occupati
2873 2304 3038 2373 estis,
3073 2304 3472 2378 propensioris
3511 2308 3602 2360 est
3630 2307 3828 2359 tamen

2172 2394 2494 2461 charitatis,
2528 2394 2574 2449 si
2611 2393 2782 2449 alieni
2815 2393 3009 2466 gregis
3033 2392 3302 2464 contagio
3361 2392 3662 2447 interdum
3719 2408 3834 2447 me-

2171 2483 2412 2540 demiui.
2448 2482 2834 2538 Floriacensis
2892 2481 3138 2537 cmnobii
3177 2485 3416 2554 propter
3445 2481 3830 2536 reverentiam

2173 2573 2356 2646 patris
2367 2571 2659 2628 Benedicti
2674 2589 2974 2627 summum
2998 2571 3191 2628 locum
3207 2588 3384 2644 penes
3405 2570 3753 2635 monachos,
3777 2575 3836 2624 ut

2172 2661 2359 2729 aiunt,
2392 2678 2666 2733 pcrvasor
2714 2661 3038 2732 occupavit.
3074 2660 3132 2716 Si
3166 2677 3272 2716 vos
3323 2659 3553 2724 tacetis,
3588 2659 3730 2730 quis
3758 2657 3836 2714 lo-

2173 2749 2438 2822 quetur?
2459 2749 2570 2804 hoc
2601 2749 2942 2815 incorrecto,
2969 2749 3102 2821 quis
3134 2748 3438 2820 improbus
3468 2747 3693 2804 similia
3723 2764 3835 2802 non

2178 2837 2475 2911 sperabit?
2507 2838 2624 2893 Nos
2654 2838 2892 2909 quidem
2925 2837 3046 2892 hzec
3076 2836 3198 2893 zelo
3232 2836 3409 2891 divini
3441 2837 3666 2892 amoris
3696 2836 3837 2892 dici-

2173 2932 2393 2996 mus,et
2423 2931 2489 2982 ut
2519 2930 2716 2982 nostro
2739 2925 3079 2996 examine,si
3107 2927 3324 2998 probus
3345 2925 3793 2997 est,recipiatur
3816 2943 3830 2992 ;

2171 3017 2221 3071 si
2240 3015 2838 3088 improbus,omnium
2865 3015 3144 3070 abbatum
3177 3032 3243 3070 ac
3273 3013 3584 3068 monastici
3607 3011 3834 3068 ordinis

2173 3105 2448 3161 societate
2477 3104 2550 3160 ad
2599 3121 2832 3175 poenam
2890 3121 3008 3158 sua;
3067 3101 3466 3158 damnationis
3523 3101 3832 3174 privetur:

409 3174 634 3248 dictum
657 3195 766 3247 est.
801 3191 864 3246 In
888 3191 1214 3262 majoribus
1253 3209 1383 3246 vero
1423 3192 1703 3248 emnobiis
1731 3174 1841 3248 dubi
1874 3194 2064 3250 vivere
2091 3174 2134 3241 (ἶ
2175 3195 2328 3267 quod
2349 3193 2514 3248 vobis
2537 3174 2748 3260 ratum,
2781 3192 2992 3248 litteris
3017 3191 3224 3248 vestris
3241 3190 3410 3247 nobis
3428 3190 3528 3246 fiet
3545 3191 3836 3262 acceptis-

407 3281 663 3338 desierat
692 3280 762 3348 is,
797 3296 968 3352 quem
1004 3278 1098 3335 sui
1131 3279 1257 3336 loco
1287 3280 1470 3336 abbas
1503 3279 1903 3338 Cluniacensis
1934 3288 2059 3338 tum

408 3369 766 3437 instituerat,
801 3369 1028 3424 redibat
1058 3369 1131 3423 ad
1164 3368 1484 3425 monachos
1511 3370 1641 3440 ejus
1671 3370 1916 3426 cmnobii
1937 3389 2063 3444 pro-

407 3457 604 3534 priuin
631 3459 905 3514 abbatem
937 3456 1190 3529 eligendi
1224 3457 1490 3513 facultas.

479 3550 568 3604 42.
589 3545 730 3602 Tale
763 3549 888 3600 erat
927 3545 1288 3601 Floriacense
1321 3546 1768 3612 monasterium,
1801 3549 1954 3618 quod
1987 3549 2062 3603 ab

405 3637 604 3694 Odone
647 3635 861 3691 abbate
909 3634 981 3690 ad
1025 3634 1362 3706 regularum
1418 3636 1598 3691 vitam
1658 3637 2058 3704 reformatum,

406 3726 609 3798 postea
636 3721 828 3778 varias
853 3721 1058 3776 turbas
1095 3721 1376 3777 sustinuit
1407 3723 1464 3776 in
1490 3722 1756 3796 eligendo
1779 3729 1909 3796 post
1929 3724 2060 3797 Oyl-

403 3811 561 3869 boldi
593 3813 681 3880 (ut
710 3813 874 3882 puto)
898 3814 1146 3864 mortem
1183 3810 1414 3866 abbate.
1444 3811 1590 3866 Nam
1615 3829 1748 3866 cum
1772 3813 2061 3884 superbus

404 3901 645 3975 quidam
679 3898 1005 3955 monachus
1036 3915 1138 3970 per
1186 3899 1499 3954 factionem
1550 3898 1814 3955 intrusus
1856 3900 2062 3957 fuisset

404 3991 464 4046 in
487 3990 616 4060 ejus
635 3987 745 4043 loci
769 3986 1148 4060 rcgimen,pii
1181 3988 1400 4059 quique
1432 3988 1516 4042 uti
1553 4006 1655 4061 pro
1679 3989 1852 4045 domo
1875 3991 1972 4046 Dei
1998 4008 2060 4046 se

403 4080 828 4149 opposuerunt,
859 4075 920 4131 in
971 4075 1178 4147 primis
1237 4077 1575 4144 Gerbertus,
1637 4079 1807 4148 cujus
1861 4078 2060 4152 plures

405 4165 516 4220 hac
544 4165 614 4218 de
644 4180 705 4218 re
753 4163 1012 4235 epistola:
1067 4168 1316 4220 exstant.
1352 4164 1478 4221 Una
1533 4170 1623 4222 est
1681 4167 2060 4241 nonagesima

405 4251 614 4326 quinta
671 4251 739 4307 ad
803 4251 1014 4308 fratres
1075 4251 1468 4309 Floriacenses
1521 4270 1590 4309 ex
1650 4271 1898 4326 persona
1958 4257 2060 4313 Re-

405 4340 698 4398 mensium
731 4340 1033 4396 abbatum.
1074 4362 1100 4390 «
1135 4341 1260 4396 Non
1294 4341 1608 4410 immerito,
1641 4342 2058 4416 inquiunt,nos

404 4430 582 4488 unius
615 4427 842 4503 collegii
875 4443 1003 4484 esse
1035 4430 1400 4502 profitemur,
1435 4431 1534 4503 qui
1565 4436 1757 4488 vestra
1786 4433 2057 4490 felicitate

403 4519 706 4593 erigimur,
740 4521 930 4573 vestro
981 4518 1301 4576 infortunio
1345 4520 1522 4576 etiam
1561 4521 1832 4594 opinione
1863 4521 2059 4579 claris-
2087 4548 2134 4612 D

405 4608 692 4664 simorum
749 4605 1058 4662 hominum
1115 4607 1520 4664 humiliamur.
1555 4609 1716 4666 Hanc
1748 4609 2056 4666 sanctissi-

403 4711 563 4752 mam
576 4695 914 4752 societatem
928 4697 1441 4770 castissimamque
1455 4697 1771 4754 amicitiam
1787 4716 2064 4771 quorum-

403 4785 539 4841 dam
561 4785 738 4841 fcedat
750 4785 994 4841 ambitio
1016 4785 1624 4858 lasciva,detestabilis
1645 4788 2058 4856 audacia,dum

402 4891 508 4948 per
529 4874 840 4931 factionem
862 4873 914 4930 is
933 4874 1098 4932 vobis
1128 4877 1447 4948 praeficitur
1467 4880 1650 4948 pater,
1682 4894 1856 4950 quem
1878 4877 2056 4933 veris-

402 4962 536 5019 simi
563 4979 678 5017 non
703 4966 968 5018 metuant
988 4964 1278 5030 damnare
1294 4965 1522 5021 Patres:
1546 4970 1602 5022 et
1625 4967 1916 5038 quomodo
1941 4963 2060 5024 una

401 5055 492 5108 est
520 5050 781 5107 Ecclesia
810 5051 1117 5120 catholica,
1152 5058 1618 5126 cunctorumque
1649 5054 1911 5110 ﬁdelium
1941 5074 2059 5113 una

403 5140 712 5206 societas,a
731 5140 1038 5197 sententiis
1058 5158 1260 5197 eorum
1285 5160 1396 5197 non
1421 5142 1649 5198 deviare
1669 5145 2052 5214 decrevimus,

403 5229 504 5302 qui
529 5228 586 5283 in
611 5227 868 5285 Ecclesia
887 5229 1139 5296 Domini,
1173 5231 1332 5286 velut
1369 5231 1707 5286 clarissima:
1730 5232 1930 5298 stellm,
1968 5251 2055 5288 re-

404 5315 604 5372 lucent
625 5317 682 5371 in
706 5321 1016 5389 perpetuas
1037 5317 1408 5375 mternitates.
1434 5321 1518 5374 An
1549 5338 1664 5375 non
1688 5319 2056 5378 lucidissima

403 5408 495 5460 est
515 5404 682 5460 stella
705 5407 1056 5463 reverendus
1078 5412 1244 5479 pater
1265 5407 1512 5465 Maiolus
1533 5409 1560 5464 ἱ)
1580 5426 1653 5463 an
1679 5426 1791 5464 non
1825 5409 2054 5482 praeful-

404 5493 607 5565 gidum
631 5493 796 5550 sidus
818 5500 982 5567 pater
1001 5495 1510 5566 Egberdus?Alter
1531 5498 1588 5552 in
1611 5498 1857 5570 epistola
1878 5517 2054 5572 quam

407 5579 557 5658 patri
581 5587 780 5639 nostro
799 5585 1108 5640 venerabili
1135 5585 1480 5642 Adalberoni
1503 5586 1939 5661 archiepiscopo
1954 5607 2056 5645 nu-

2171 3281 2410 3340 simum.
2452 3304 2472 3329 ιο
2509 3282 2590 3336 Ex
2619 3280 2729 3336 hac
2761 3279 3008 3353 epistola
3035 3279 3444 3353 intelligimus,
3467 3279 3628 3350 quod
3659 3296 3834 3351 supe-

2171 3371 2295 3426 rius
2328 3369 2690 3438 dicebamus,
2726 3368 3090 3424 Floriacense
3135 3365 3562 3424 monasterium
3615 3365 3834 3423 Maiolo

2172 3459 2354 3516 fuisse
2365 3457 3066 3530 aliem'gregis,acproinde
3077 3456 3354 3512 Cluniaeo
3367 3456 3833 3528 haudquaquam

2172 3547 2524 3618 subjectum,
2557 3545 2792 3602 tametsi
2842 3563 2946 3618 per
2994 3550 3264 3601 sanctum
3323 3546 3611 3612 Odonem,
3645 3545 3835 3617 quiet

2171 3635 2388 3692 ibidem
2423 3635 2604 3689 abbas
2637 3633 2767 3699 fuit,
2789 3634 2861 3688 ad
2895 3633 3219 3706 regularem
3249 3634 3428 3688 vitam
3459 3633 3829 3689 restitutum.

2242 3726 2330 3780 43.
2365 3722 2506 3790 Quis
2529 3723 2701 3778 fuerit
2729 3723 3016 3796 Egbertus
3048 3740 3150 3778 seu
3180 3723 3475 3778 Ebrardus
3507 3723 3697 3778 abbas
3713 3721 3830 3788 ille,

2171 3814 2244 3870 ad
2261 3830 2436 3884 quem
2469 3812 2803 3878 Gerbertus,
2825 3815 3105 3884 tanquam
3129 3812 3201 3866 ad
3232 3811 3482 3866 alterum
3516 3809 3832 3866 monastici

2169 3901 2392 3958 ordinis
2409 3901 2672 3968 sidus,de
2689 3900 2892 3956 eodem
2913 3905 3262 3972 argumento
3294 3899 3518 3968 scribit,
3536 3918 3658 3954 non
3689 3900 3830 3955 satis

2169 3990 2522 4064 explicatum
2555 3995 2665 4044 est.
2693 3990 2836 4044 Tres
2859 3989 2930 4045 ad
2959 4007 3094 4044 cum
3127 3988 3388 4044 Gerberti
3419 3989 3704 4061 leguntur
3721 3987 3836 4061 epi-

2169 4079 2350 4146 stolaa,
2372 4095 2582 4150 nempe
2607 4078 2670 4132 81
2719 4081 2778 4133 et
2805 4078 2876 4132 89
2905 4082 3107 4133 contra
3137 4077 3465 4133 invasorem
3495 4077 3831 4132 Floriacen-

2169 4186 2314 4234 sem,
2347 4171 2404 4223 et
2434 4168 2501 4222 44
2531 4167 2602 4222 de
2632 4183 2692 4221 re
2723 4165 3026 4222 litteraria.
3062 4166 3193 4222 Haec
3236 4165 3320 4221 ita
3362 4165 3652 4238 inscripta
3696 4171 3786 4221 est
3813 4181 3827 4219 :

2167 4257 2391 4329 Egberto
2420 4256 2606 4312 abbati
2641 4256 2950 4311 Turommsi
2973 4273 2986 4322 ;
3007 4254 3134 4310 alia)
3150 4254 3414 4327 Egberdo,
3434 4258 3493 4310 et
3519 4255 3591 4309 ad
3613 4253 3830 4324 margi-

2168 4363 2301 4401 nem
2361 4344 2478 4401 alia
2533 4349 2622 4400 est
2677 4343 2932 4416 ascripta
2990 4343 3181 4412 lectio,
3218 4342 3826 4400 EvrardoetEbrardo.

2167 4434 2406 4506 Scripta:
2429 4438 2569 4489 sunt
2599 4433 2684 4488 hae
2717 4431 3000 4504 epistolze,
3021 4437 3086 4487 ut
3114 4449 3249 4488 mox
3279 4431 3568 4499 dicemus,
3602 4431 3718 4486 sub
3737 4448 3830 4487 an-

2168 4540 2309 4578 num
2327 4523 2454 4588 987,
2473 4539 2590 4594 quo
2606 4525 2870 4593 tempore
2887 4520 3198 4576 Bernerius
3229 4519 3436 4592 Majori
3469 4519 3827 4576 monasterio

2168 4616 2432 4684 praeerat,
2476 4608 2663 4667 sancti
2719 4607 2943 4666 Juliani
2998 4609 3262 4664 coenobio
3319 4608 3618 4676 Evrardus,
3652 4625 3826 4680 quem

2169 4701 2362 4772 ipsum
2395 4715 2524 4755 esse
2553 4703 2713 4772 puto,
2743 4698 2838 4754 cui
2867 4697 2991 4754 ista:
3019 4696 3275 4770 epistolas
3303 4696 3536 4753 directa:
3568 4702 3732 4752 sunt.
3765 4695 3826 4752 In

2167 4788 2403 4845 laudem
2426 4789 2554 4860 ejus
2582 4788 2698 4844 fere
2712 4792 2834 4844 tota
2849 4792 2937 4842 est
2963 4785 3208 4859 epistola
3235 4786 3336 4841 89:
3376 4808 3402 4835 α
3422 4788 3558 4852 Quae
3593 4801 3824 4841 morum

2168 4877 2425 4951 gravitas
2449 4875 2615 4932 vobis
2631 4875 2793 4945 insit,
2813 4892 2992 4948 quam
3024 4875 3250 4949 integer
3283 4874 3404 4930 vitm
3436 4879 3628 4940 actus,
3648 4889 3825 4946 quam

2167 4983 2382 5040 purum
2400 4965 2720 5038 eloquium,
2740 4963 2945 5020 littera:
2971 4967 3176 5019 vestra:
3194 4962 3390 5036 palam
3410 4964 3696 5019 fecerunt.
3716 4963 3825 5018 Ita-

2167 5072 2281 5128 que
2299 5054 2560 5111 studium
2579 5052 2812 5126 pietatis
2841 5070 2908 5108 ac
2942 5051 3266 5108 severitatis
3283 5055 3486 5107 vestrae
3505 5051 3692 5106 movit
3722 5068 3827 5108 nos

2163 5143 2248 5199 ire
2275 5143 2334 5198 in
2364 5147 2617 5199 vestram
2667 5141 3041 5209 sententiam,
3073 5141 3275 5213 virque
3313 5139 3409 5195 ille
3439 5139 3558 5195 Deo
3589 5139 3824 5212 plenus,

2165 5233 2238 5288 ad
2263 5249 2438 5305 quem
2469 5231 2720 5286 multam
2771 5231 2947 5285 fidem
2991 5229 3298 5285 habemus.
3329 5228 3827 5283 Submovebimus

2166 5339 2302 5395 ergo
2320 5321 2485 5376 illum
2505 5321 2644 5393 perii
2653 5321 2791 5375 dum
2807 5338 2840 5375 a
2852 5318 3126 5376 societate
3140 5321 3640 5384 nostra,nostroru
3650 5335 3824 5390 mque

2157 5411 2382 5483 judicio
2417 5413 2713 5464 tantorum
2749 5409 2985 5464 Patrum
3020 5425 3032 5464 :
3069 5408 3238 5479 isque
3267 5407 3436 5462 nobis
3494 5405 3824 5462 habebatur

2165 5499 2374 5565 hostis,
2409 5497 2510 5569 qui
2545 5497 2601 5551 in
2634 5496 2982 5552 sententiam
3017 5495 3308 5551 revercndi
3335 5494 3518 5568 patris
3541 5494 3734 5550 Maioli
3764 5500 3820 5550 et

2165 5587 2390 5644 colendi
2414 5585 2597 5660 patris
2617 5586 2862 5658 Egberdi
2885 5586 3074 5641 dicere
3096 5582 3815 5640 nondicemiaattcntabit.
