4034 6170
221 298 359 363 737

1498 302 1847 367 ELOGIUM
1894 300 2405 368 IllSTORlCUM.

3533 315 3653 380 738

210 434 535 503 electione,
569 436 671 490 sed
701 435 878 493 etiam
909 442 1130 496 veteres
1160 438 1396 507 chartae,
1417 455 1543 512 quae
1584 436 1889 493 Odilonem
1919 438 1974 503 Α
2006 436 2116 492 bus
2145 436 2331 509 ipsius
2360 441 2698 496 monasterii
2726 442 2799 497 ad
2832 444 3152 516 regendum
3185 445 3408 502 nullam
3444 428 3657 505 habeat

214 523 506 578 abbatem
520 525 833 595 praeferunt
850 532 981 582 ante
998 528 1224 583 obitum
1237 528 1428 583 Maioli
1440 570 1453 582 .
1470 525 1782 582 Electionis
1813 526 1897 579 in-

213 616 631 668 strumentum
646 613 868 669 editum
884 620 973 670 est
988 616 1044 669 in
1060 616 1356 688 Spieilegii
1371 620 1528 671 tome
1540 615 1613 669 VI
1628 631 1755 687 pag.
1768 616 1892 679 425,

214 700 440 757 iisdem
457 706 804 773 conceptum
821 704 1012 758 verbis
1025 708 1201 776 atque
1214 705 1415 760 charta
1428 704 1523 759 dei
1535 702 1895 776 psiusMaioli

214 788 534 854 electione,
554 807 732 862 quam
754 808 819 845 su
836 793 1035 864 perius
1057 810 1164 849 suo
1185 792 1311 850 loco
1330 791 1894 865 repraesentavimus-

219 879 599 950 Quapropter
618 884 914 949 postrema
936 886 1165 936 tantum
1195 883 1389 948 verba,
1417 900 1542 953 qua:
1563 881 1616 934 in
1636 880 1899 936 Odilonis

220 968 631 1021 instrumento
654 966 956 1023 electionis
985 969 1288 1041 leguntur,
1314 988 1431 1025 una
1452 969 1895 1040 cumsubscrip-

223 1056 494 1110 tionibus
523 1056 734 1110 referre
758 1058 1013 1112 sufﬁciat
1040 1076 1052 1113 :
1081 1059 1311 1129 «Hujus
1345 1076 1477 1112 vero
1510 1057 1808 1113 electionis
1840 1060 1897 1112 et

220 1144 624 1200 ordinationis
646 1146 775 1216 ejus
797 1145 1013 1199 seriem
1040 1162 1144 1218 per
1158 1146 1490 1201 consultum
1514 1151 1601 1215 (ut.
1619 1147 1896 1219 diximus)

222 1234 832 1306 primatum,comitis
855 1235 1125 1299 etiam,et
1155 1236 1417 1290 advocati
1450 1236 1633 1290 nostri
1666 1234 1896 1290 Henrici

214 1323 539 1390 dueis,nec
560 1339 675 1378 non
699 1327 756 1378 et
777 1322 1247 1391 Ottonis,litteris
1264 1324 1479 1380 sanciri
1501 1323 1894 1396 prmcipimus,

226 1416 411 1483 atque
442 1410 787 1483 regulariter
807 1409 1159 1468 celebratam
1185 1412 1614 1468 ordinationem
1648 1412 1709 1467 in
1740 1411 1899 1467 Chri-

225 1498 309 1556 sti
334 1499 572 1556 nomine
594 1500 1168 1569 confirmavimus,et
1190 1518 1223 1555 a
1239 1499 1508 1557 Patribus
1531 1517 1595 1556 ac
1618 1502 1898 1557 fratribus

228 1587 476 1653 nostris,
491 1588 727 1661 scriptis
749 1590 1082 1644 conﬁrmari
1108 1589 1323 1662 precati
1349 1606 1578 1645 sumus.
1606 1592 1746 1645 Acta
1766 1590 1897 1645 Clu-

228 1677 511 1733 niacense
544 1678 805 1733 ccenobio
829 1677 1077 1733 feliciter
1097 1694 1288 1733 amen.
1305 1679 1422 1750 Ego
1446 1678 1695 1734 Maiolus
1717 1680 1899 1734 abbas

231 1766 376 1822 huic
405 1765 671 1822 electioni
705 1783 1015 1823 assensum
1041 1767 1259 1838 praebui
1293 1774 1348 1821 et
1380 1768 1575 1834 subs;
1612 1767 1895 1823 Rodulfus

230 1871 339 1910 rex
364 1856 565 1921 subs.;
600 1856 975 1911 Burchardus
1023 1855 1498 1927 archiepiscopus
1521 1857 1897 1929 (Lugdunen-

232 1943 345 2015 sis)
367 1942 567 2009 subs.;
599 1943 761 2016 Hugo
793 1944 1103 2016 epise0pus
1137 1943 1489 1999 Genevensis
1515 1945 1677 2000 subs.
1704 1962 1716 2011 ;
1745 1948 1899 2016 Αγη-

234 2033 401 2088 ricus
423 2033 732 2105 episcopus
765 2031 1155 2088 Lausancnsis
1179 2033 1374 2099 subs.;
1402 2033 1565 2105 Hugo
1589 2033 1899 2104 episcopus

235 2122 774 2190 (Matisconensis);
807 2124 989 2177 Teuto
1022 2122 1203 2177 abbas
1257 2122 1668 2194 (Fossatensis)
1691 2122 1853 2176 subs.
1881 2137 1896 2188 ;

238 2210 593 2265 Richfredus
643 2210 858 2277 abbas;
890 2209 1304 2266 Ermenfrodus
1353 2210 1701 2282 episcopus;
1756 2210 1898 2265 Bur-

238 2298 502 2354 chardus
532 2312 757 2365 comes;
793 2299 1143 2354 Lambertus
1173 2314 1398 2366 comes;
1433 2297 1781 2354 Adalbertus
1813 2315 1903 2354 co-

239 2403 401 2453 mes;
438 2386 749 2442 Leotaldus
781 2387 1289 2459 archiepiscopus;
1323 2386 1644 2443 Walterius
1672 2386 1901 2458 episco-

242 2492 360 2548 pus
394 2474 778 2547 (Eduensis);
812 2477 978 2549 Hugo
1009 2477 1189 2532 abbas
1216 2495 1230 2545 ;
1260 2476 1448 2549 Wago
1472 2476 1689 2544 abbas;
1723 2476 1904 2531 Theo-

243 2564 459 2620 baldus
480 2565 692 2633 abbas;
726 2564 1173 2621 Warembertus
1203 2566 1416 2633 abbas;
1448 2564 1783 2621 Willelmus
1800 2565 1901 2620 ab-

244 2654 385 2721 bas;
420 2652 667 2708 Maiolus
714 2654 1097 2725 praepositus:
1145 2653 1457 2710 Walterius
1511 2652 1900 2726 praepositus;

246 2741 609 2806 G’undulfus,
630 2741 830 2808 David,
858 2741 1165 2814 Aynricus,
1201 2740 1581 2809 Sendelenus,
1610 2764 1636 2792 ι)
1671 2747 1728 2797 et
1766 2758 1901 2796 cum

249 2831 337 2885 eis
370 2830 639 2885 monachi
671 2834 907 2885 centum
941 2831 1314 2904 septuaginta
1344 2835 1589 2904 septem.

321 2919 408 2974 49.
446 2918 754 2974 Mirabitur
774 2919 1021 2975 fortasse
1042 2935 1354 2986 nonnemo,
1380 2936 1486 2975 cur
1514 2923 1598 2975 tot
1627 2918 1900 2974 ecclesia-

251 3007 385 3063 stici
419 3025 487 3063 ac
517 3006 826 3063 saeculares
854 3007 962 3063 viri
1010 3008 1148 3064 huic
1198 3007 1464 3064 electioni
1509 3008 1901 3073 interfuerint,

245 3095 366 3150 imo
387 3094 565 3150 etiam
587 3096 854 3151 electioni
868 3096 1387 3168 0donis,Aymardi
1404 3101 1463 3152 et
1482 3097 1669 3168 ipsius
1684 3095 1901 3152 Maioli.

1929 1812 1978 1879 B

2005 529 2374 597 potestatem.
2402 549 2429 576 η
2466 528 2551 583 Ita
2581 545 2839 601 persaepe
2885 532 3118 600 accidit,
3151 538 3219 589 ut
3264 539 3393 591 acta
3424 534 3657 607 publica

2005 614 2241 668 nomine
2272 615 2485 686 prioris
2516 617 2747 674 abbatis
2779 620 3199 690 conderentur;
3223 621 3538 695 aliquando
3569 628 3655 680 ta-

2006 718 2139 756 men
2170 704 2527 773 posterioris,
2563 709 2628 760 ut
2660 706 2718 760 in
2748 708 3022 779 Aymardi
3052 708 3238 782 elogio
3279 710 3655 768 advertimus.

2073 792 2164 845 51.
2198 795 2321 857 Quo
2366 797 2626 866 tempore
2675 794 2939 851 Odilonis
2989 796 3194 853 electio
3244 798 3533 855 celebrata
3556 800 3654 865 sit,

2007 896 2122 934 non
2154 882 2427 952 exprimit
2457 884 2730 955 superius
2752 884 3211 942 instrumentum
3242 904 3254 941 :
3281 889 3380 942 sed
3405 904 3471 943 ex
3490 889 3657 944 char-

2004 970 2082 1024 tis
2112 971 2241 1040 ejus
2265 971 2498 1026 nomine
2530 972 2831 1044 inscriptis
2866 990 2996 1028 eam
3027 992 3181 1029 anno
3210 975 3309 1029 991
3344 977 3659 1048 contigisse

2004 1057 2409 1128 intelligimus.
2432 1059 2630 1130 Itaque
2662 1064 2797 1115 ante
2829 1078 2963 1116 eum
2997 1080 3216 1117 annum
3246 1080 3312 1119 ac
3341 1064 3660 1120 conversio-

2005 1162 2138 1201 nem
2168 1147 2345 1213 venit,
2380 1149 2613 1202 tametsi
2664 1149 2792 1220 ipso
2841 1167 2996 1205 anno
3043 1168 3171 1206 eam
3224 1157 3465 1223 reponat
3496 1153 3660 1226 liugo

2006 1233 2460 1290 Flaviniacensis
2494 1236 2552 1291 iu
2584 1237 2889 1303 Chronico,
2924 1240 3024 1311 qui
3056 1241 3185 1310 ejus
3231 1240 3659 1296 ordinationem

2005 1322 2252 1378 remittit
2271 1322 2328 1378 in
2356 1340 2575 1379 annum
2602 1325 2731 1392 994,
2754 1327 2837 1382 uti
2871 1332 2928 1381 et
2955 1328 3284 1384 Cbronicon
3315 1328 3659 1385 Cluniacen-

2006 1428 2089 1479 se,
2123 1427 2333 1484 nempe
2365 1419 2498 1484 post
2528 1413 2755 1469 obitum
2788 1414 3006 1471 Maioli.
3033 1417 3098 1471 In
3130 1417 3340 1489 primis
3369 1417 3662 1474 censenda

2007 1503 2096 1554 est
2124 1499 2331 1555 charta
2370 1501 2674 1556 Humberti
2700 1502 2957 1575 episcopi
2979 1504 3526 1577 Gratianopolitani,
3560 1505 3660 1577 qui

2006 1587 2374 1643 Cluniacensi
2427 1590 2711 1658 cmuobio,
2750 1591 2923 1659 «ubi,
2955 1591 3446 1663 inquit,domnus
3493 1592 3661 1650 Odilo

2008 1677 2189 1732 abbas
2220 1682 2447 1749 przeest,
2482 1700 2509 1727 ››
2547 1678 2919 1735 medietatem
2953 1681 3129 1737 castri
3170 1683 3243 1737 de
3288 1682 3499 1739 Ursilia
3526 1698 3661 1739 cum

2008 1770 2129 1821 toto
2178 1766 2364 1838 burgo
2408 1771 2583 1838 atque
2631 1768 2875 1823 ecclesia
2926 1773 3141 1825 sancta:
3183 1770 3397 1839 Marias,
3432 1769 3664 1842 aliaque

2011 1854 2254 1925 largitur
2278 1877 2305 1905 ‹‹
2339 1868 2492 1910 anno
2523 1856 2950 1913 Incarnationis
2970 1858 3278 1927 001,tertio
3322 1859 3551 1915 Rodulfi
3584 1875 3667 1916 re-

2007 1943 2126 2014 gis;
2162 1965 2187 1991 ››
2224 1943 2317 1996 cui
2341 1943 2554 1998 charta:
2577 1944 2960 1999 subscribunt
2993 1968 3021 1995 «
3054 1947 3440 2021 Fredeburgis
3480 1954 3667 2004 mater

2005 2029 2343 2100 ejus,Wigo
2376 2031 2556 2085 frater
2597 2033 2747 2103 ejus,
2780 2038 2837 2088 et
2868 2033 3226 2090 Humbertus
3255 2034 3565 2107 episcopus
3594 2036 3666 2092 de

2006 2117 2292 2187 Valentia,
2310 2135 2491 2192 nepos
2507 2121 2656 2192 ejus.
2682 2142 2709 2170 ››
2743 2120 2992 2177 Aliunde
3023 2139 3169 2178 anno
3197 2123 3233 2179 6
3261 2124 3503 2197 Magonis
3526 2125 3666 2196 regis

2011 2206 2258 2263 Maiolus
2292 2208 2473 2266 abbas
2504 2209 2756 2280 acquirit
2786 2226 2889 2281 per
2918 2213 3441 2271 commutationem
3493 2229 3666 2285 quas-

2010 2295 2146 2350 dam
2179 2296 2454 2352 ecclesias
2475 2296 2532 2353 in
2556 2298 2837 2354 comitatu
2865 2300 3666 2373 Augustodunensi.Abbatis

2012 2400 2225 2439 nomen
2257 2383 2412 2439 haud
2436 2386 2711 2457 exprimit
2730 2387 2934 2443 eodem
2958 2403 3111 2443 anno
3130 2389 3267 2444 data
3294 2388 3499 2446 charta
3519 2389 3669 2447 Wal-

2011 2471 2141 2527 terii
2174 2472 2483 2529 .Eduensis
2504 2475 2782 2546 episcopi,
2798 2475 3101 2547 largientis
3126 2499 3153 2527 ‹‹
3174 2476 3543 2533 Cluniacensi
3562 2495 3669 2534 ea:-

2011 2561 2206 2627 nobio,
2241 2561 2480 2632 speciali
2515 2562 2625 2618 sibi
2675 2580 2790 2634 prae
2834 2563 3057 2620 caeteris
3100 2581 3299 2621 amore
3328 2568 3664 2637 conjuncto,

2013 2651 2111 2705 ubi
2146 2649 2323 2721 pollet
2355 2650 2578 2722 religio,
2598 2673 2627 2700 »
2656 2652 2943 2724 quidquid
2974 2654 3048 2708 ad
3074 2671 3136 2710 se
3165 2653 3254 2710 vel
3287 2655 3361 2709 ad
3384 2655 3668 2712 archidia-

2014 2756 2194 2795 conos
2226 2739 2551 2811 pertinebat
2573 2740 2632 2794 in
2662 2740 2924 2796 ecclesiis
2953 2759 3073 2796 suae
3104 2741 3369 2798 dimcesis
3390 2743 3667 2801 Cluniaeo

2013 2828 2335 2895 attributis,
2370 2829 2625 2900 exceptis
2668 2829 3050 2901 synodalibus
3097 2824 3364 2902 eulogiis.
3398 2831 3665 2886 Subscri-

2014 2916 2162 2971 bunt
2192 2915 2488 2971 Elinardus
2517 2917 2703 2985 abbas,
2740 2921 2796 2973 ct
2830 2921 2960 2989 post
2990 2918 3332 2991 praepositos
3370 2922 3427 2973 et
3468 2922 3666 2974 canto-

2013 3021 2136 3061 rem
2176 3006 2441 3077 Experti“
2486 3005 2672 3073 abbas,
2726 3007 2832 3077 Ugo
2886 3006 3073 3075 abbas,
3121 3006 3266 3062 forte
3315 3006 3664 3079 dignitates;

2018 3094 2230 3149 deinde
2264 3094 2751 3167 archipresbyteri
2785 3099 2841 3150 et
2870 3095 3157 3151 canonici.
3178 3097 3347 3152 Anno
3375 3095 3664 3167 sequenti,

252 3186 467 3240 Verum
520 3202 647 3241 mos
698 3185 794 3241 ille
844 3186 1201 3258 quibusdam
1254 3186 1311 3242 in
1361 3186 1505 3242 locis
1554 3186 1811 3242 obtinuit
1841 3186 1900 3242 in
1933 3182 1975 3248 C
2016 3182 2073 3238 id
2106 3188 2195 3237 est
2226 3184 2477 3255 septimo
2510 3183 2771 3256 Hugonis
2804 3184 2979 3255 regis,
3012 3184 3306 3240 invenitur
3352 3181 3575 3249 charta,
3608 3184 3668 3239 in

248 3272 530 3329 electione
561 3274 1162 3347 abbatum,ﬂuxitque
1192 3292 1261 3330 ex
1282 3276 1341 3331 S.
1378 3275 1672 3331 Benedicti
1704 3275 1907 3349 regula

250 3362 310 3417 in
343 3364 582 3435 eap.6t,
602 3362 702 3417 ubi
734 3363 807 3418 de
835 3363 1161 3419 ordinando
1202 3363 1413 3419 abbate
1448 3380 1649 3437 agens,
1680 3365 1905 3421 vicinos

246 3451 572 3524 episcopos,
608 3452 871 3518 abbates,
890 3456 948 3507 et
977 3451 1340 3508 Christianos
1389 3452 1449 3509 in
1498 3453 1904 3510 testimonium

248 3538 509 3594 admittit
538 3544 742 3595 contra
761 3539 1105 3596 electionem
1128 3540 1321 3595 vitiosi
1344 3541 1595 3597 abbatis.
1612 3541 1684 3597 Ut
1705 3547 1902 3598 autem

247 3628 308 3683 hi
339 3632 443 3684 aut
463 3627 545 3683 illi
568 3634 1045 3696 eonvocarentur,
1062 3629 1121 3683 id
1139 3635 1265 3685 erat
1288 3630 1345 3683 in
1363 3628 1707 3702 eligentium
1743 3634 1902 3702 pote-

247 3720 418 3785 state,
454 3716 766 3789 aliquando
799 3717 973 3773 etiam
1006 3736 1039 3773 a
1064 3717 1476 3773 fundatoribus
1515 3718 1649 3787 jure
1698 3718 1903 3773 induc-

248 3810 401 3861 tnm.
434 3806 528 3862 Sic
558 3806 870 3879 Gregorius
901 3823 1053 3879 papa
1072 3805 1543 3878 Vll,postulante
1589 3805 1906 3863 Adelheide

247 3894 572 3964 comitissa,
593 3895 787 3950 sanxit
817 3900 990 3968 atque
1011 3895 1338 3963 constituit,
1356 3898 1422 3952 ut
1443 3893 1711 3951 electioni
1734 3896 1906 3953 abba-

246 3984 326 4039 tis
372 3983 553 4040 beatze
603 3983 797 4040 Maria:
846 3984 918 4040 de
967 3983 1234 4041 Pinarolo
1281 3983 1633 4041 interessent
1663 3985 1905 4043 abbates

251 4071 739 4141 Fructuariensis,
757 4071 1169 4143 Bremetensis,
1185 4074 1244 4128 S.
1270 4071 1556 4129 Solutoris
1581 4074 1904 4130 Taurinen-

249 4160 644 4228 sis,’Clusinus
677 4166 735 4217 et
764 4161 864 4216 alii
895 4168 1099 4217 casum
1134 4161 1390 4234 partium
1432 4160 1712 4235 religiosi,
1747 4163 1904 4235 apud

249 4249 686 4306 Guichenonem
728 4251 786 4305 in
819 4254 976 4306 torno
1009 4251 1029 4305 Ι
1062 4252 1133 4306 de
1185 4250 1552 4323 principibus
1599 4251 1904 4307 Sabaudiie

250 4354 384 4411 pag.
402 4338 596 4396 t7.Sic
615 4338 673 4393 in
696 4336 963 4411 eligendo
990 4339 1199 4393 abbate
1224 4339 1525 4394 Lezatensi
1549 4339 1595 4395 lc
1606 4355 1741 4398 cum
1763 4339 1904 4397 olim

251 4425 543 4482 habebant
574 4426 799 4482 nobiles
831 4431 995 4483 terrae
1026 4427 1153 4494 viri,
1191 4431 1253 4482 ut
1284 4432 1513 4483 constat
1543 4444 1611 4483 ex
1658 4429 1904 4485 vetustis

251 4515 673 4571 monumentis.

319 4606 409 4659 50.
444 4606 606 4672 Quod
637 4623 770 4661 vero
793 4605 1204 4661 Cluniacenses
1235 4607 1474 4662 abbates
1506 4607 1614 4662 sibi
1668 4624 1897 4664 succes-

252 4710 443 4749 sorem
463 4694 676 4767 eligere
700 4694 984 4766 principio
1001 4694 1157 4750 soliti
1180 4700 1339 4764 sunt,
1356 4695 1489 4751 inde
1510 4696 1901 4768 proculdubio

252 4799 361 4838 usu
386 4783 569 4847 venit,
585 4788 652 4837 ut
671 4782 779 4837 hoc
802 4787 969 4854 pacto
986 4783 1274 4841 extraneis
1297 4784 1631 4839 intrudendi
1673 4785 1901 4840 abbatis

252 4871 341 4925 via
373 4871 845 4943 praecluderetur.
880 4870 1111 4926 Electus
1144 4877 1340 4927 autem
1372 4873 1575 4944 abbas,
1596 4878 1660 4929 ut
1691 4874 1750 4928 in
1803 4891 1901 4928 su-

254 4959 579 5031 perioribus
595 4960 990 5027 observatum,
1008 4960 1089 5015 ita
1109 4961 1477 5031 coadjutores
1493 4962 1645 5018 vices
1671 4963 1898 5034 agebat,

253 5053 318 5104 ut
345 5066 413 5103 ea
433 5053 929 5104 tantum'curaret
969 5066 1097 5121 qua:
1138 5050 1249 5104 sibi
1275 5067 1309 5104 a
1346 5051 1662 5123 superstite
1693 5051 1901 5106 abbate

254 5138 780 5193 demandabantur.
814 5138 899 5193 Ita
928 5138 1145 5210 quippe
1162 5146 1432 5195 sanxerat
1461 5139 1773 5195 concilium
1804 5139 1904 5195 Ca-

254 5223 551 5281 bilonense
572 5226 682 5281 sub
706 5242 926 5282 annum
947 5228 1056 5281 650
1088 5226 1145 5281 in
1171 5243 1294 5298 cap.
1334 5229 1403 5282 t2
1436 5244 1447 5281 :
1488 5250 1515 5277 «
1547 5226 1620 5283 Ut
1653 5228 1769 5283 duo
1801 5228 1900 5283 ab-

254 5314 415 5370 bates
447 5315 505 5369 in
538 5332 654 5371 uno
684 5316 1043 5371 monasterio
1076 5331 1204 5371 esse
1230 5332 1346 5371 non
1395 5316 1664 5385 debeant,
1690 5333 1761 5372 ne
1790 5316 1901 5371 sub

253 5404 491 5459 obtentu
522 5405 826 5476 potestatis
858 5404 1133 5461 simultas
1152 5404 1304 5460 inter
1324 5406 1643 5462 monachos
1664 5409 1721 5461 et
1742 5423 1905 5461 sean-

254 5490 385 5547 dala
413 5499 767 5565 generentur
800 5493 1215 5549 Verumtamen
1238 5495 1287 5549 si
1312 5493 1559 5566 quilibet
1591 5495 1774 5549 abbas
1791 5494 1901 5550 sibi

253 5580 487 5657 elegerit
516 5582 1075 5657 successorem,ipse
1106 5583 1207 5656 qui
1239 5582 1492 5657 eligitur,
1514 5584 1584 5640 de
1606 5583 1902 5641 facultati-

2015 3288 2133 3344 qua
2163 3272 2496 3327 Bernardue
2527 3273 2613 3327 vir
2644 3272 2859 3328 nobilis
2881 3289 3079 3329 servos
3101 3271 3324 3345 aliquot
3355 3272 3671 3329 manumit-

2014 3360 2085 3416 tit
2119 3382 2147 3411 «
2178 3361 2252 3417 ad
2275 3378 2475 3433 preces
2496 3361 2724 3416 Viviani
2747 3362 3041 3434 praepositi
3067 3361 3670 3419 Cluniensis-cwnobii

2015 3453 2074 3505 et
2103 3449 2587 3519 monachorum,»
2624 3453 2681 3506 et
2712 3449 2927 3505 dicitur
2958 3472 2985 3500 «
3007 3449 3349 3523 werpivisse
3370 3451 3667 3523 querelam

2014 3538 2176 3593 illam
2209 3540 2487 3595 adversus
2508 3538 2731 3595 dictum
2763 3539 2929 3594 Cluni
2969 3538 3293 3607 locum,oui
3317 3541 3572 3596 domnus
3602 3556 3668 3595 ac

2015 3628 2528 3683 reverentissimus
2544 3631 2709 3699 pater
2730 3627 2896 3684 Odilo
2916 3628 3407 3700 praeestjussioue
3429 3628 3670 3684 sanctis-

2015 3716 2149 3770 simi
2184 3716 2333 3787 patri
2367 3715 2583 3771 Maioli.
2607 3739 2635 3765 ι»
2673 3716 2814 3771 Item
2849 3737 2878 3766 ‹‹
2910 3733 3063 3772 anno
3091 3718 3127 3770 7
3158 3716 3419 3789 Hugonis
3450 3716 3604 3787 regis
3635 3738 3663 3767 υ

2016 3802 2224 3860 Maiolo
2248 3804 2445 3859 abbati
2473 3804 2811 3861 conceditur
2841 3803 3086 3861 ecclesia
3123 3804 3310 3860 sancti
3359 3803 3665 3868 Desiderii,

2014 3894 2335 3965 eodemque
2365 3909 2517 3948 anno
2557 3892 2796 3965 quidam
2829 3892 3109 3949 Beraldus
3155 3890 3403 3948 clericus
3433 3890 3665 3946 Clunia-

2013 3982 2312 4049 censibus,
2336 4004 2363 4031 «
2381 3981 2482 4037 ubi
2508 3979 2758 4037 Maiolus
2779 3985 2868 4037 est
2889 3980 3090 4049 abbas,
3118 4002 3145 4029 ››
3170 3979 3271 4035 dat
3292 3980 3665 4035 medietatem

2014 4070 2169 4127 silva:
2186 4070 2409 4127 Adrolt.
2425 4070 2555 4126 Hzec
2575 4074 2872 4142 postrema
2893 4074 3034 4125 sunt
3055 4073 3187 4125 acta
3213 4067 3407 4124 Maioli
3430 4067 3666 4125 nomine
3718 4114 3739 4121 -

2014 4158 2295 4231 insignita
2326 4176 2476 4215 anno
2507 4159 2769 4231 Hugonis
2800 4158 2952 4230 regis
2996 4158 3581 4230 septimo,desincnte
3605 4158 3665 4215 in

2015 4265 2235 4305 annum
2298 4247 2511 4304 Christi
2577 4248 2703 4320 904,
2753 4249 2853 4321 qui
2914 4247 3108 4304 Maioli
3166 4248 3294 4303 vita:
3351 4263 3665 4321 supremus

2017 4339 2147 4394 fuit.

2082 4428 2172 4482 52.
2208 4427 2330 4482 lIuc
2357 4430 2581 4499 spectat
2613 4427 2671 4483 id
2703 4428 2856 4499 quod
2884 4428 2955 4483 de
2987 4424 3197 4482 Maiolo
3229 4425 3409 4497 Syrus
3438 4423 3661 4491 scribit,

1918 4554 1981 4618 Β
2013 4531 2223 4587 nempe
2254 4531 2388 4570 eum
2425 4538 2451 4565 ‹‹
2481 4515 2715 4571 biennio
2746 4515 3092 4589 priusquam
3124 4513 3328 4568 obiret.
3366 4529 3400 4566 a
3429 4511 3662 4584 publico

2011 4604 2246 4677 penitus
2267 4605 2642 4672 abstinuisse,
2659 4610 2833 4677 atque
2863 4604 2922 4658 in
2946 4602 3302 4658 monasterio
3323 4605 3424 4656 aut
3445 4601 3502 4655 in
3525 4617 3665 4672 qua-

2011 4695 2145 4749 dam
2178 4693 2387 4749 cellula
2416 4711 2478 4749 se
2508 4694 2891 4763 continuisse,
2913 4697 2977 4747 ut
3000 4691 3079 4747 ibi
3101 4696 3204 4745 aut
3237 4690 3445 4745 fratres
3463 4688 3661 4744 solerti

2010 4779 2203 4835 studio
2224 4780 2620 4853 corrigeret,et
2637 4781 2707 4835 ad
2736 4779 2973 4834 meliora
2995 4782 3237 4850 paterna
3266 4776 3663 4832 admonitione

2010 4870 2368 4940 proveheret,
2402 4874 2504 4923 aut
2535 4869 2749 4940 saepius
2782 4867 3021 4922 remotis
3053 4865 3330 4921 omnibus
3362 4864 3522 4920 solus
3551 4860 3661 4920 soli

2011 4958 2126 5013 Deo
2152 4957 2477 5023 inhaereret,
2511 4961 2685 5027 atque
2717 4955 3002 5026 frequenti
3035 4952 3420 5010 alternatione
3451 4958 3552 5008 aut
3580 4953 3660 5009 le-

2011 5047 2209 5113 ctioni,
2246 5050 2347 5099 aut
2376 5043 2621 5099 orationi
2653 5048 2906 5099 vacaret.
2940 5066 2967 5093 ››
3000 5043 3105 5099 Per
3136 5030 3203 5097 id.
3226 5046 3457 5113 tempus
3476 5043 3661 5097 conti-

2011 5136 2097 5210 git
2119 5136 2173 5190 id
2204 5135 2360 5206 quod
2386 5135 2457 5189 de
2481 5150 2548 5189 eo
2570 5134 2745 5189 refert
2763 5132 3063 5189 Widricus
3084 5132 3270 5188 abbas
3290 5130 3584 5188 Tullensis
3600 5133 3661 5188 in

2009 5223 2170 5279 Actis
2200 5222 2385 5278 sancti
2419 5222 2657 5277 Gerardi
2689 5221 3085 5294 episeopi,qui
3108 5236 3244 5275 cum
3268 5236 3421 5275 anno
3455 5221 3660 5276 eodem

2012 5328 2128 5383 quo
2162 5310 2503 5378 Maiolus,et
2534 5310 2770 5381 quidem
2797 5309 3012 5383 Aprilis
3031 5311 3102 5365 23
3132 5308 3223 5365 die
3240 5307 3504 5377 obiisset,
3522 5331 3550 5358 «
3572 5325 3665 5365 ea-

2011 5402 2144 5456 dem
2176 5403 2521 5471 tempestate
2554 5400 2759 5454 beatus
2792 5397 3039 5454 Maiolus
3059 5397 3337 5453 Cluniaco
3359 5398 3582 5466 aderat,
3605 5402 3663 5456 et

2011 5490 2071 5545 in
2104 5488 2248 5543 hora
2268 5506 2383 5560 qua
2405 5488 2772 5543 venerandus
2805 5492 3008 5560 pastor
3036 5486 3246 5543 smculo
3275 5487 3657 5556 eximebatur,

2012 5598 2048 5639 a
2074 5578 2355 5636 fratribus
2382 5577 2580 5636 divino
2602 5575 2841 5652 impleto
2861 5577 3055 5636 ofﬁcio
3074 5582 3309 5653 tempus
3330 5576 3660 5637 refectionis
