4034 6170
411 305 530 370 ’139

1533 303 1600 361 S.
1649 296 1922 360 MAIOLI
1967 292 2301 358 ABBATIS
2347 294 2704 358 CLUNIAC.

3717 292 3847 352 740

411 441 741 506 advenerat,
775 437 1016 510 ipseque
1055 433 1300 492 Maiolus
1360 433 1432 488 ad
1477 448 1642 488 esum
1687 431 2057 486 convocanda
2086 431 2143 496 Α
2172 433 2378 483 rantur
2406 443 2420 482 :
2454 433 2510 484 et
2531 427 2802 500 quisquis
2845 428 2924 482 ibi
2965 429 3212 485 devotus
3239 428 3552 484 adveniens
3580 428 3661 483 de
3696 437 3850 498 qur

410 529 640 595 fratres,
667 525 988 582 monastico
1049 541 1208 579 more
1268 519 1602 596 cymbalum
1661 519 1991 575 insonabat.
2025 539 2052 569 »

409 619 561 673 Tum
591 616 753 672 obitu
783 614 1020 672 Gerardi
1051 613 1333 668 divinitus
1364 613 1831 682 comperto,cum
1862 607 2057 663 fratri-

407 707 519 762 bus
550 703 858 768 nuntiavit,
890 706 1066 774 atque
1096 700 1284 772 ipsius
1315 699 1576 754 animam
1624 696 1709 754 eis
1757 712 2054 752 commen-

407 793 582 859 davit,
615 789 982 862 ut‘superius
1013 790 1083 845 de
1113 789 1368 845 Gerardo
1401 787 1730 843 retulimus.

473 881 563 936 53.
599 880 721 936 Etsi
741 896 876 934 vero
907 896 941 934 a
968 877 1205 950 publico
1229 877 1478 932 Maiolus
1499 894 1742 948 prorsus
1763 875 2056 930 abstinere

403 967 598 1022 animo
630 965 958 1033 statuisset,
991 964 1373 1020 nihilominus
1406 966 1479 1020 ab
1511 965 1750 1037 Hugone
1800 965 2052 1018 Franco-

403 1071 534 1109 rum
554 1071 685 1126 rege
703 1056 774 1108 de
797 1053 1168 1107 reformando
1189 1053 1246 1106 in
1271 1053 1455 1108 sancti
1472 1051 2054 1124 DionysiiParisiensi

403 1143 664 1198 ccenohio
689 1142 939 1213 regulari
961 1141 1271 1212 disciplina
1293 1142 1660 1208 sollicitatus,
1679 1164 1706 1191 «
1726 1141 1860 1195 licet
1879 1141 2051 1195 finem

403 1231 628 1287 dierum
661 1224 1044 1301 suorumjam
1062 1232 1304 1302 jamque
1327 1232 1522 1286 adfore
1541 1247 1654 1284 non
1684 1231 1996 1303 ignoraret,
2023 1251 2050 1280 ››

402 1320 514 1376 iter
542 1319 790 1392 arripuit
812 1337 914 1391 per
932 1319 1291 1374 territorium
1313 1321 1697 1386 Arvernense,
1723 1341 1751 1368 «
1773 1319 1972 1390 ibique
1994 1319 2051 1373 in

402 1407 658 1481 quadam
689 1425 797 1462 sua
829 1405 1058 1476 cellula,
1091 1405 1403 1462 Silviniaco
1443 1405 1765 1478 (Souvigny)
1807 1405 2050 1474 scilicet,

401 1513 557 1553 nunc
589 1496 714 1552 loco
744 1494 1140 1563 celeberrimo,
1175 1495 1386 1550 ultima
1413 1494 1758 1568 mgritudine
1801 1494 2052 1550 exerceri

399 1585 596 1658 coepit,
629 1601 698 1640 ac
727 1585 966 1640 demum
989 1583 1260 1638 dormivit
1289 1600 1424 1638 cum
1457 1581 1724 1654 patribus
1764 1599 1802 1638 v
1842 1583 2051 1638 Iduum

400 1671 708 1740 Maiarum,
745 1672 1126 1744 sepultusque
1155 1676 1244 1727 est
1274 1673 1334 1727 in
1367 1671 1609 1727 basilica
1638 1669 1825 1727 sancti
1876 1671 2049 1740 Petri,

400 1761 499 1818 ubi
511 1760 905 1818 sanctissimis
925 1762 1052 1832 ejus
1075 1761 1300 1816 meritis
1323 1759 2051 1831 multapraastanturbene-

402 1851 554 1908 ﬁcia.
579 1873 608 1903 ››
633 1851 714 1908 De
733 1867 802 1906 ea
825 1867 886 1906 re
910 1851 990 1906 ita
1009 1854 1250 1906 sanctus
1271 1849 1436 1905 Odilo
1462 1865 1474 1905 :
1501 1872 1527 1898 ‹‹
1543 1849 1700 1904 Adeo
1721 1849 2054 1922 magnifica-

399 1944 496 1996 tus
525 1944 583 1996 et
612 1939 974 2013 glorificatus
995 1943 1084 1993 est
1121 1939 1328 1994 beatus
1364 1937 1879 2004 Maiolus,Domini
1912 1955 2054 2008 prm-

397 2028 665 2083 veniente
694 2027 901 2099 gratia,
936 2026 996 2082 in
1029 2032 1345 2098 conspectu
1381 2041 1584 2097 regum
1615 2030 1674 2080 et
1723 2025 2054 2098 principum

400 2133 596 2172 coram
629 2115 787 2170 omni
821 2113 1054 2187 populo,
1080 2123 1145 2170 ut
1174 2114 1472 2186 possimus
1503 2115 1694 2169 dicere
1725 2115 1795 2168 de
1823 2131 1890 2169 eo
1931 2115 2056 2170 sine

401 2204 601 2273 dubio,
625 2205 780 2277 quod
813 2205 882 2259 de
914 2205 1109 2277 Moyse
1131 2203 1229 2259 Dei
1256 2203 1476 2258 famulo
1500 2202 1945 2258 Ecclesiasticus
1968 2220 2055 2258 re~

399 2295 578 2366 plicat
594 2311 786 2350 sermo
810 2311 824 2349 :
852 2292 1389 2350 Glorificavitillum
1409 2292 1466 2346 in
1491 2299 1808 2364 conspectu
1828 2307 2054 2364 regum,

399 2387 456 2439 et
485 2382 742 2439 ostendit
781 2382 863 2437 illi
911 2381 1160 2454 gloriam
1193 2382 1564 2454 suam.iIugo
1595 2398 1665 2437 ex
1701 2381 2055 2436 Francorum

399 2471 628 2543 quoties
658 2469 826 2526 illum
862 2471 1028 2542 vidit,
1059 2469 1270 2526 humili
1325 2470 1636 2525 devotione
1687 2469 1966 2541 suscepit,
2001 2473 2059 2524 et

399 2577 535 2616 cum
568 2576 781 2632 magno
813 2559 1030 2616 honore
1053 2558 1342 2614 tractavit.
1357 2560 1643 2631 Tempore
1662 2575 1796 2614 vero
1818 2575 1936 2614 suae
1957 2575 2054 2614 vo-

400 2648 650 2705 cationis
680 2649 752 2703 ad
773 2665 836 2704 se
855 2647 1050 2703 venire
1071 2648 1296 2721 rogavit
1315 2665 1383 2704 ea
1403 2647 1745 2716 intentione,
1763 2651 1830 2702 ut
1851 2663 2053 2702 mona-

398 2738 644 2796 sterium
665 2737 724 2792 S.
739 2735 998 2810 Dionysii
1019 2737 1149 2807 ejus
1168 2736 1412 2792 consilio
1431 2741 1490 2792 et
1506 2737 1798 2792 adtutorio
1821 2735 2054 2800 melius,

398 2843 577 2900 quam
609 2829 750 2881 tunc
787 2825 1206 2894 erat,ordinari
1245 2831 1536 2898 posset....
1559 2825 1645 2880 Ad
1696 2823 1841 2879 illud
1875 2840 2054 2896 nego-

396 2915 545 2971 tium
562 2915 960 2988 peragendum
981 2915 1247 2987 gaudens
1295 2915 1406 2969 iter
1443 2913 1721 2984 suscepit,
1745 2929 1934 2984 usque
1981 2913 2054 2968 ad

396 3003 590 3060 locum
641 3003 1022 3059 Silviniacum
1076 3003 1354 3075 pervenit,
1390 3003 1489 3057 ubi
1543 3019 1604 3058 se
1649 3003 1764 3058 Deo
1813 3006 2054 3057 vocante

397 3091 608 3165 plenus
633 3093 864 3148 dierum
885 3097 943 3147 et
962 3092 1294 3148 sanctitatis
1315 3109 1384 3146 ex
1420 3091 1529 3146 hac
1551 3091 1668 3145 vita
1693 3090 1840 3146 obiit
1859 3107 1894 3145 v
1915 3090 2053 3146 ldus

2166 531 2400 588 cunque
2433 515 2780 572 uecessitate
2810 515 3063 571 fideliter
3109 513 3392 571 auxilium
3432 514 3679 587 expetit,
3717 512 3844 568 voti

2166 605 2258 660 sui
2281 621 2520 678 compos
2540 605 2781 660 effectus
2796 603 2944 660 redit
2960 605 3032 660 ad
3053 604 3288 677 propria
3299 621 3502 676 sospes
3522 603 3840 659 etlaetus.»

2167 695 2268 750 His
2299 699 2686 751 consentanea
2723 693 2928 750 scribit
2957 693 3170 750 Glaber
3203 693 3490 751 Rodulfus
3519 691 3582 747 in
3607 693 3728 757 lib,
3750 707 3842 759 ιιι,

2165 800 2293 854 cap.
2317 785 2372 838 5.
2400 805 2427 833 ‹‹
2450 784 2596 840 Nam
2620 784 2688 839 ad
2714 783 2874 839 illius
2892 783 3111 838 famam
3135 783 3468 838 sanctitatis
3491 781 3844 838 conﬂuxere

2165 889 2233 928 ex
2264 871 2532 928 universo
2566 874 2828 929 ltomano
2851 873 2990 928 orbe
3008 873 3114 927 viri
3145 877 3204 927 et
3225 871 3499 927 mulieres
3521 876 3842 926 utrorum-

2164 979 2278 1032 que
2309 963 2580 1016 ordinum
2615 962 2880 1034 plurimi,
2897 962 3104 1016 exinde
3126 963 3439 1017 referentes
3457 961 3838 1016 diversarum

2165 1051 2574 1106 inlirmitatum
2619 1052 2839 1124 gratias
2888 1051 3172 1106 sanitatis.
3217 1051 3572 1106 Desaeviebat
3617 1050 3838 1105 eodem

2165 1143 2424 1211 tempore
2446 1139 2641 1194 clades
2665 1140 2921 1211 pessima
2959 1141 3018 1194 in
3050 1139 3582 1211 hominibus,ignis
3603 1137 3842 1194 scilicet

2163 1229 2560 1300 occultus,qui
2596 1229 2990 1300 quodcunque
3018 1229 3414 1283 membrorum
3448 1228 3836 1300 arripuisset,

2163 1318 2456 1374 exurendo
2488 1318 2800 1372 truncabat
2837 1335 2872 1372 a
2908 1334 3166 1390 corpore.
3201 1317 3514 1388 Plerosque
3547 1316 3739 1372 etiam
3776 1316 3848 1370 in

2163 1407 2353 1478 spatio
2385 1405 2562 1461 unius
2585 1405 2774 1462 noctis
2796 1405 2983 1476 hujus
3003 1405 3158 1478 ignis
3180 1405 3552 1477 consumptis
3569 1403 3832 1460 exustio.

2163 1493 2275 1548 Sed
2295 1508 2427 1548 cum
2446 1492 2506 1548 in
2530 1491 2802 1564 plurimis
2820 1497 3160 1548 sanctorum
3185 1492 3489 1549 memoriis
3509 1491 3697 1564 hujus
3715 1497 3835 1547 tre-

2163 1581 2388 1636 mendae
2410 1581 2594 1652 pestis
2617 1580 2736 1637 sint
2756 1581 2988 1636 inventa
3011 1582 3285 1649 remedia,
3307 1581 3602 1638 maximus
3619 1586 3828 1637 tamen

2161 1687 2482 1726 concursus
2514 1671 2704 1726 factus
2734 1675 2822 1726 est
2843 1671 2914 1726 ad
2942 1671 3122 1726 trium
3155 1675 3504 1735 sanctorum
3527 1671 3832 1726 confesso-

2164 1775 2294 1814 rum
2325 1758 2622 1828 ecclesias,
2657 1757 2890 1813 Martini
2935 1757 3160 1814 scilicet
3205 1759 3604 1826 Turonorum,
3642 1762 3831 1829 atque

2165 1847 2416 1904 Odolrici
2449 1847 2875 1918 Bajoariorum,
2893 1864 2998 1903 nec
3029 1865 3142 1904 non
3176 1853 3234 1904 et
3268 1847 3442 1903 istius
3472 1847 3830 1902 venerabilis

2166 1935 2350 2006 patris
2383 1933 2606 2002 Maioli;
2640 1939 2966 2008 optatisque
2988 1935 3200 1992 salutis
3220 1935 3460 1992 inventa
3479 1939 3620 1990 sunt
3643 1951 3831 1991 reme-

2165 2022 2282 2077 dia.
2304 2045 2331 2071 n
2362 2023 2520 2078 Hanc
2553 2022 2972 2078 miraculorum
3019 2025 3409 2096 frequentiam
3452 2025 3526 2080 ad
3558 2029 3830 2096 tempora

2167 2111 2318 2166 Petri
2333 2111 2694 2166 Venerabilis
2713 2128 3112 2183 perseverasse
3134 2117 3336 2168 auctor
3356 2117 3447 2169 est
3472 2113 3598 2185 ipse
3619 2113 3827 2168 Petrus

2168 2199 2226 2254 in
2254 2199 2354 2255 lib.
2381 2217 2442 2267 II,
2476 2201 2546 2254 de
2578 2200 2880 2257 miraculis
2909 2218 3038 2274 cap.
3077 2203 3170 2266 31,
3203 2203 3304 2258 ubi
3354 2202 3612 2258 referens
3645 2203 3822 2256 mira-

2165 2286 2366 2344 culum
2401 2289 2472 2344 de
2495 2305 2674 2360 puero
2692 2305 2792 2360 per
2819 2298 3067 2346 sanctum
3096 2291 3354 2346 Maiolum
3381 2307 3416 2345 a
3460 2295 3647 2346 morte
3689 2307 3819 2346 sus-

2165 2376 2363 2432 citato.
2397 2399 2424 2427 »
2462 2377 2515 2432 Is
2545 2378 2761 2433 etenim
2796 2383 3057 2448 sanctus,
3092 2379 3194 2448 ait,
3229 2380 3384 2436 sicut
3415 2397 3563 2453 pene
3592 2381 3820 2436 cunctis

2165 2465 2488 2522 Galliarum
2521 2467 2754 2540 populis
2784 2473 2991 2525 notum
3023 2473 3130 2537 est,
3161 2473 3227 2526 ut
3268 2487 3522 2544 magnus
3559 2469 3701 2538 vita,
3735 2469 3818 2525 sic

2165 2555 2488 2625 miraculis,
2509 2560 2566 2612 et
2597 2557 2740 2612 dum
2771 2557 3038 2614 mortalis
3057 2558 3290 2628 viveret,
3309 2563 3368 2614 et
3399 2564 3532 2632 post
3565 2564 3816 2614 mortem

2165 2643 2420 2700 maxime
2450 2644 2703 2718 insignis
2720 2645 2961 2702 exstitit.
2979 2645 3096 2702 Hac
3118 2646 3536 2702 miraculorum
3552 2647 3818 2719 gratiain

2163 2736 2396 2788 tantum
2419 2733 2547 2806 jam
2581 2750 2684 2806 per
2712 2739 2948 2791 centum
2979 2735 3282 2808 sexaginta
3324 2739 3382 2792 et
3419 2736 3568 2792 duos
3608 2753 3817 2802 annos,

2165 2821 2273 2876 hoc
2303 2827 2392 2876 est
2411 2839 2446 2877 a
2473 2827 2734 2894 tempore
2784 2823 2993 2880 mortis
3015 2823 3484 2892 suae,claruit,ut
3522 2829 3656 2897 post
3687 2841 3822 2879 san-

2165 2913 2318 2964 ctam
2351 2910 2451 2966 Dei
2475 2911 2826 2967 Genitricem
2860 2911 3088 2967 nullum
3111 2916 3448 2968 sanctorum
3479 2913 3539 2968 in
3570 2917 3694 2968 tota
3710 2914 3820 2968 Eu-

2165 3015 2306 3072 ropa
2335 3005 2534 3055 nostra
2565 2999 2622 3054 in
2656 2999 2997 3072 hujusmodi
3020 3002 3294 3074 operibus
3315 3018 3514 3073 parem
3535 3001 3763 3056 habeat.
3781 3025 3814 3054 ιι

2164 3089 2280 3144 Nec
2300 3089 2533 3144 defuere
2557 3090 3054 3162 subsequentibus
3072 3089 3433 3163 temporibus
3453 3091 3606 3147 beati
3626 3091 3820 3146 Maioli

401 3179 536 3236 Maii
588 3180 963 3236 illucescente
1015 3181 1159 3236 feria
1208 3185 1391 3244 sexta,
1433 3183 1566 3251 post
1613 3177 2058 3234 celebratienem
2091 3165 2134 3232 C
2173 3177 2478 3248 miracula,
2497 3179 2566 3233 de
2597 3179 2814 3250 quibus
2844 3179 3246 3235 testimonium
3279 3179 3819 3252 prwbentClemens

397 3269 586 3342 ipsius
603 3269 1013 3326 sacratissima:
1033 3268 1442 3336 solemnitatis,
1457 3285 1576 3340 qua
1595 3267 1862 3322 Christus
1881 3267 1912 3322 J
1918 3284 2055 3322 esus

397 3358 680 3414 Deminus
713 3363 928 3425 noster,
959 3359 1200 3413 subacto
1234 3357 1444 3412 mortis
1473 3357 1844 3430 principe,ad
1867 3357 2056 3412 dexte-

397 3463 524 3503 ram
548 3447 734 3502 Patris
761 3447 1118 3515 ascendit,et
1140 3445 1296 3500 ﬁdeli
1319 3461 1427 3500 suo
1466 3444 1674 3500 Maiolo
1695 3444 2052 3500 ascendendi

401 3540 535 3610 post
557 3553 620 3592 se
641 3536 753 3590 iter
774 3535 1052 3590 ostendit.
1071 3556 1099 3584 ››
1134 3537 1268 3601 Quae
1299 3534 1499 3589 omnia
1529 3533 1882 3590 conveniunt
1900 3551 2053 3588 anno

397 3624 614 3682 Christi
631 3624 756 3686 994,
775 3641 890 3696 quo
913 3622 1137 3680 Pascha
1155 3623 1214 3678 in
1238 3623 1393 3678 diem
1414 3623 1670 3696 primum
1704 3622 1920 3694 Aprilis
1943 3623 2052 3678 sub

395 3714 592 3771 littera
620 3713 970 3770 Dominicali
1012 3713 1060 3769 G
1097 3713 1573 3779 incidebat,feria
1603 3716 1767 3767 sexta
1796 3715 1929 3784 post
1961 3729 2052 3768 as-

397 3804 732 3861 censionem
764 3801 994 3858 Domini
1029 3802 1089 3856 in
1111 3801 1266 3856 diem
1303 3802 1358 3857 1Ι
1401 3801 1557 3857 Maii.
1582 3801 1748 3856 Hunc
1797 3801 1950 3856 diem
1998 3805 2056 3857 et

397 3909 620 3950 annum
643 3892 858 3948 diserte
881 3890 1154 3962 exprimit
1175 3890 1494 3962 Nalgodus,
1509 3889 1608 3962 qui
1638 3887 1847 3944 Maiolo
1869 3906 2054 3945 annos

397 3983 460 4038 41
497 3981 802 4055 regiminis
833 3979 1076 4036 ascribit
1098 3979 1172 4034 ab
1188 3995 1342 4034 anno
1364 3996 1482 4034 sua:
1519 3978 1928 4034 ordinationis.
1951 3979 2054 4034 Er-

399 4071 706 4142 ratitaque
727 4069 1075 4124 Lambertus
1107 4067 1658 4139 Scafnaburgcnsis,
1693 4084 1826 4123 cum
1860 4067 2053 4122 Maioli

399 4157 633 4214 obitum
663 4156 830 4228 ponit
858 4173 1010 4211 anno
1039 4157 1166 4211 991.

469 4247 564 4302 54.
599 4244 794 4318 Pergit
823 4243 988 4298 Odilo
1023 4261 1037 4299 :
1077 4267 1098 4294 ιι
1125 4243 1261 4299 Post
1291 4245 1461 4316 cujus
1493 4245 1809 4301 transitum
1848 4262 2052 4318 supra-

399 4333 596 4390 dictus
627 4351 726 4390 rex
758 4333 923 4404 Hugo
953 4333 1238 4388 adventus
1269 4333 1358 4388 sui
1391 4335 1702 4406 praesentia
1749 4339 1808 4390 et
1846 4334 2055 4406 regali-

400 4424 512 4479 bus
531 4423 700 4478 donis
720 4421 1028 4494 exsequias
1047 4422 1176 4494 ejus
1198 4421 1502 4478 honoravit
1531 4427 1590 4478 et
1619 4423 1936 4492 tumulum,
1954 4420 2054 4477 ubi

401 4515 714 4600 praestante
747 4510 994 4600 Domino
1028 4511 1215 4566 multa
1245 4515 1473 4582 patrata
1503 4517 1642 4567 sunt
1665 4516 1724 4568 et
1744 4515 2056 4584 patrantur
2085 4535 2132 4600 Ι)

402 4599 776 4667 miracula,et
796 4598 1068 4672 plurimis
1096 4600 1350 4672 plurima
1371 4601 1630 4672 praestita
1663 4603 1881 4656 suntet
1909 4617 2052 4672 prae-

400 4693 636 4745 stantur
663 4689 964 4744 beneficia.
981 4705 1231 4761 quorum
1255 4689 1734 4745 numerositatem
1757 4693 1815 4744 et
1835 4688 2058 4760 magni-

398 4778 664 4834 tudinem
681 4795 794 4833 non
809 4777 1028 4834 sul‘licit
1042 4795 1143 4849 per
1157 4778 1422 4832 ordinem
1437 4776 1702 4831 omnium
1722 4781 2054 4832 nostrorum

399 4883 673 4924 enarrare
709 4867 1140 4940 meinorizi.Sed
1175 4871 1240 4920 ut
1273 4865 1617 4920 brevissima
1654 4869 1786 4920 utar
1824 4864 2058 4920 conclu-

400 4956 584 5026 sione,
617 4957 691 5010 ad
713 4955 1050 5037 sepulcrum
1085 4955 1254 5009 istius
1286 4951 1645 5008 sanctissimi
1677 4951 1804 5020 viri,
1837 4953 1909 5007 de
1937 4969 2054 5024 quo

401 5045 784 5117 loquimur,et
795 5045 966 5114 cujus
986 5043 1166 5099 vitam
1190 5047 1248 5098 et
1270 5042 1478 5098 merita
1497 5040 1768 5096 charitati
1793 5040 2053 5096 lidelium

401 5133 813 5189 commendare
836 5132 1102 5197 nitimus,
1123 5131 1310 5204 gratia
1333 5136 1390 5186 et
1421 5129 1820 5186 misericordia
1839 5131 2053 5187 Christi

402 5239 437 5278 a
457 5237 808 5294 quacunque
839 5221 1180 5276 infirmitate
1208 5221 1447 5282 detenti,
1482 5219 1655 5274 multi
1694 5220 1882 5275 sanati
1914 5225 2054 5276 sunt

401 5317 460 5368 et
515 5315 802 5368 sanantur
839 5310 1080 5365 inﬁrmi.
1152 5309 1232 5365 Ibi
1288 5308 1592 5385 paralytici
1635 5309 1946 5380 eriguntur
1997 5314 2055 5364 et

402 5399 626 5467 claudi;
661 5399 740 5454 ibi
788 5397 1186 5456 febricitantes
1231 5402 1521 5454 sanantur
1577 5401 1636 5455 et
1683 5397 1817 5453 caeci
1846 5414 1860 5467 ;
1893 5396 1974 5452 ibi
2019 5413 2054 5454 a

403 5488 766 5544 daemonibus
797 5487 1052 5560 possessi
1073 5489 1454 5554 mandantur,
1479 5491 1536 5541 et
1564 5486 1860 5543 nescimus
1881 5486 2052 5558 cujus

403 5576 633 5656 generis
647 5577 782 5652 igne
807 5575 1144 5634 terribiliter
1167 5581 1227 5635 et
1247 5575 1660 5634 miserabiliter
1688 5576 1883 5635 adusti
1916 5575 2054 5636 libe-

2164 3267 2320 3338 Papa
2353 3266 2440 3334 ιν,
2459 3267 2748 3324 Honorius
2775 3267 2849 3322 IV
2877 3273 2936 3324 et
2957 3269 3225 3324 Clemens
3255 3269 3331 3324 VI
3361 3268 3420 3324 in
3455 3267 3638 3325 bullis
3671 3269 3814 3324 suis.

2235 3357 2327 3412 55.
2358 3357 2504 3412 Ilinc
2537 3358 2757 3413 factum
2787 3363 2897 3426 est,
2913 3358 3253 3415 utMaiolus
3273 3359 3474 3415 statim
3491 3365 3628 3431 post
3643 3375 3814 3414 suum

2163 3445 2352 3520 ipsius
2383 3447 2606 3502 obitum
2639 3451 2881 3502 sanctus
2921 3447 3161 3504 habitus
3190 3448 3500 3521 cultusque
3533 3449 3632 3505 sit.
3659 3448 3816 3505 Unde

2160 3535 2498 3592 Adalheidis
2519 3536 2878 3610 imperatrix,
2893 3541 3146 3594 testante
3179 3537 3440 3606 Odilone,
3457 3560 3485 3588 «
3509 3538 3640 3610 ipso
3670 3544 3812 3594 tem-

2162 3641 2300 3697 pore
2332 3641 2446 3698 quo
2477 3625 2738 3682 instabat
2764 3626 2876 3681 sibi
2910 3626 3037 3683 dies
3086 3643 3398 3699 supremus
3425 3631 3592 3695 (anno
3615 3627 3817 3683 scilicet

2159 3714 2474 3783 millesimo)
2503 3713 2914 3770 beatissimum
2945 3720 3174 3787 patrem
3208 3715 3609 3784 Benedictum,
3643 3716 3704 3771 id
3731 3720 3818 3772 est

2165 3804 2528 3861 Floriaeense
2549 3805 2996 3874 monasterium,
3016 3805 3152 3862 licet
3199 3806 3446 3878 exiguis,
3463 3810 3662 3862 tamen
3689 3823 3814 3879 pro-

2163 3893 2308 3965 priis
2327 3893 2582 3950 visitavit
2604 3894 2951 3951 muneribus
2975 3911 2988 3950 :
3015 3911 3118 3951 nec
3136 3912 3251 3950 non
3273 3901 3331 3950 et
3357 3895 3539 3951 beate
3560 3895 3820 3950 recorda-

2161 3981 2340 4038 tionis
2351 3981 3112 4054 patremMaiolum,emlesti
3123 3983 3309 4057 gloria
3311 3984 3439 4055 jam
3449 3988 3816 4051 coronatum,

2163 4085 2338 4142 quem
2351 4070 2494 4125 dum
2517 4070 2576 4126 in
2595 4069 2704 4126 hac
2723 4070 2840 4127 vita
2861 4071 3348 4145 subsisteret,pree
3366 4073 3596 4128 cunctis
3613 4077 3824 4128 morta-

2164 4156 2318 4213 libus
2349 4157 2450 4213 illo
2483 4158 2686 4214 ordine
2707 4158 3004 4232 diligebat.
3030 4182 3057 4210 ››
3085 4161 3156 4217 Et
3172 4161 3411 4233 quidem
3433 4161 3564 4232 jam
3597 4159 3820 4216 indeab

2164 4245 2353 4318 ipsius
2373 4245 2535 4302 obitu
2558 4251 2828 4303 sanctum
2841 4248 3064 4304 dictum
3080 4249 3260 4305 fuisse
3277 4249 3483 4322 probat
3497 4249 3707 4304 charta
3725 4249 3823 4305 145

2164 4333 2224 4388 in
2255 4333 2385 4405 ejus
2409 4333 2804 4406 chartario,in
2827 4352 2947 4408 qua
2963 4336 3083 4392 haec
3107 4336 3383 4410 leguntur
3407 4354 3420 4393 :
3449 4361 3477 4388 ‹‹
3496 4337 3616 4409 Ego
3635 4335 3820 4392 Arleis

2163 4423 2316 4478 dono
2367 4423 2478 4478 Beo
2522 4428 2580 4480 et
2627 4429 2830 4480 sancto
2881 4425 3112 4493 Maiolo,
3145 4430 3212 4482 ut
3259 4443 3363 4498 per
3391 4425 3604 4481 merita
3631 4425 3814 4498 ipsius

2162 4510 2386 4567 valeam
2417 4511 2662 4585 adipisci
2697 4514 2939 4586 praemia
2967 4517 3200 4582 aeterna,
3233 4520 3290 4570 et
3335 4517 3464 4587 ejus
3511 4515 3815 4570 monachis

2163 4605 2387 4672 partem
2413 4601 2484 4656 de
2516 4601 2703 4658 Medio
2728 4601 2932 4657 Planto
2963 4602 3021 4658 in
3057 4619 3205 4676 pago
3228 4603 3816 4671 Matisconensi,villa

2167 4689 2442 4756 Maziaco,
2461 4688 2587 4746 loco
2610 4691 2680 4745 ad
2707 4689 3227 4760 Tribladam,anno
3241 4694 3277 4746 6
3298 4692 3762 4764 Rotberti.regis.
3784 4715 3810 4742 ιι

2167 4777 2404 4832 Festum
2435 4779 2487 4848 oj
2499 4795 2566 4832 us
2597 4778 2748 4833 inter
2767 4781 3089 4852 praecipuas
3108 4783 3244 4837 anni
3259 4781 3664 4837 solemnitates
3682 4796 3812 4835 cen-

2165 4870 2329 4921 setur
2355 4867 2512 4938 apud
2542 4866 2876 4922 Udalricum
2897 4867 2958 4923 in
2981 4869 3082 4924 lib.
3104 4887 3123 4924 1
3145 4869 3652 4926 Consuetudinum
3691 4867 3816 4923 Clu-

2164 4953 2528 5010 niacensium
2559 4972 2686 5028 cap.
2723 4959 2810 5024 11,
2842 4963 2900 5013 et
2929 4957 2988 5012 in
3037 4975 3164 5030 cap.
3203 4959 3273 5014 54
3303 4959 3528 5014 ecclesia
3551 4958 3610 5013 S.
3633 4956 3816 5012 Maioli

2163 5044 2319 5115 apud
2351 5043 2696 5100 Cluniacum
2715 5050 2841 5100 tum
2864 5046 3132 5112 fuisse,et
3150 5047 3220 5102 ad
3239 5063 3367 5103 eam
3387 5047 3816 5120 processionem

2162 5132 2288 5210 fieri
2322 5132 2556 5188 solitam
2589 5133 2671 5189 ait
2700 5133 2762 5188 in
2799 5133 3002 5191 Ramis
3033 5134 3390 5191 Palmarum.
3419 5137 3483 5190 In
3527 5134 3819 5207 plerisque

2164 5219 2527 5277 Kalendariis
2551 5221 2623 5277 ab
2655 5238 2808 5278 anno
2829 5221 3142 5279 millesimo
3165 5223 3402 5295 scriptis
3423 5221 3608 5278 sancti
3629 5219 3819 5278 Maioli

2162 5310 2448 5366 memoria
2474 5309 2788 5380 invenitur,
2806 5311 3026 5367 nedum
3057 5311 3117 5366 in
3151 5311 3573 5368 recentioribus
3613 5311 3824 5382 Matty-

2161 5399 2399 5473 rologiis
2450 5401 2733 5469 Romano,
2768 5400 3087 5471 Gallicano,
3123 5401 3499 5459 Benedictino
3545 5399 3814 5472 aliisque.

2229 5491 2320 5545 56.
2354 5491 2413 5546 S.
2457 5489 2652 5545 Maioli
2692 5505 2905 5563 corpus
2959 5507 3076 5546 non
3126 5491 3328 5548 statim
3375 5495 3550 5563 atque
3607 5489 3660 5545 is
3717 5504 3815 5562 pro

2159 5583 2362 5639 sancto
2392 5577 2666 5638 honorari
2695 5579 2934 5648 meruit;
2963 5596 2995 5637 e
3023 5579 3251 5640 tumulo
3284 5580 3539 5640 levatum
3565 5583 3688 5650 est;
3711 5577 3810 5639 sed
