4034 6170
210 331 340 395 ’741

1392 380 1400 388 .
1481 322 1829 392 ELOGIUM
1875 324 2381 396 IIISTORICUM.

3509 326 3629 401 742

219 470 416 544 primo
449 484 625 540 super
650 465 789 521 illud
822 468 1077 521 erectum
1109 470 1197 519 est
1219 464 1400 519 altare
1433 465 1746 536 aBeggone
1768 467 1868 520 ΑΓ·
1900 467 1955 532 Α
1986 466 2251 537 magistri
2288 467 2561 522 meritum
2588 467 2961 541 intelligatur.
2992 470 3053 525 In
3086 469 3178 526 his
3210 471 3325 525 duo
3356 472 3629 544 prmcipui

215 556 493 614 vernensi
526 555 817 628 episcopo,
844 553 943 626 qui
976 554 1124 608 ritus
1154 558 1277 609 erat
1308 554 1603 625 quondam
1638 559 1872 609 sanctos

216 648 282 702 in
315 662 599 702 eanouem
633 643 1028 715 redigendi,ut
1058 642 1115 696 in
1140 641 1475 713 przelatione
1501 643 1871 697 observatum

214 736 418 792 est.De
445 733 619 788 istius
649 731 849 787 altaris
876 733 1311 786 consecratione
1342 731 1465 803 lege
1498 749 1624 803 qum
1666 731 1722 786 in
1757 733 1872 786 ﬁne

213 826 402 895 hujus
434 821 603 893 elogii
640 823 978 876 referemus.
1010 820 1142 875 Post
1173 838 1357 875 annos
1389 822 1505 875 fere
1537 824 1770 875 centum
1805 837 1873 875 ex

217 912 454 968 tumulo
486 911 703 965 elatum
724 914 1057 964 cstsacrum
1075 910 1455 981 corpusEjus
1480 908 1869 964 reiaurtorem

217 1001 455 1057 invenio
488 1000 787 1054 Urbanum
823 1015 1034 1069 papam
1070 998 1137 1063 Il,
1172 999 1341 1068 cujus
1380 998 1603 1052 litteras
1650 998 1872 1053 Joellus

219 1091 531 1147 Remensis
564 1089 1036 1159 archiepisciqius
1071 1087 1425 1156 recognoscit
1444 1086 1499 1140 in
1521 1086 1872 1140 bibliotheca

218 1178 590 1236 Cluniacensi
625 1177 733 1243 col,
769 1180 893 1240 309,
928 1176 1025 1229 ubi
1070 1175 1189 1229 bme
1236 1176 1530 1246 pontificis
1576 1176 1748 1229 verba
1798 1176 1869 1229 ad

219 1268 673 1325 Silviniacenses
708 1282 721 1318 :
759 1288 785 1314 ‹‹
818 1265 1100 1330 Quoniam
1134 1282 1398 1335 superum
1451 1263 1871 1318 benedictionis

219 1357 565 1431 dignatione
600 1352 950 1409 multimoda
979 1356 1175 1408 aetum
1203 1357 1385 1418 est,ut
1414 1369 1520 1406 uos
1547 1352 1658 1423 ipsi
1678 1369 1873 1406 mona-

218 1448 470 1505 sterium
490 1446 835 1507 vestrum,et
856 1441 1007 1498 beati
1030 1440 1277 1496 Maiolus
1296 1458 1508 1513 corpus
1534 1440 1686 1495 intra
1698 1439 1874 1495 eccle-

219 1538 371 1593 siam
397 1534 469 1590 ad
494 1533 685 1588 locum
710 1530 895 1586 alium
916 1530 1234 1585 transferre
1259 1529 1604 1596 meruimus,
1625 1528 1877 1601 dignum

218 1625 523 1688 duximus,
556 1637 689 1677 cum
721 1619 1121 1674 Cluniacensis
1154 1618 1421 1685 cccnobii,
1464 1618 1557 1673 cui
1590 1622 1870 1689 tanquam

218 1714 491 1771 membra
537 1710 712 1783 capiti
764 1707 1140 1780 singulariter
1193 1707 1512 1773 inhmretis,
1564 1705 1871 1761 dilectione

220 1804 538 1878 prmcipua,
572 1805 698 1854 tum
733 1796 1032 1868 religionis
1060 1800 1263 1850 vestrae
1307 1795 1648 1862 reverentia,
1682 1811 1783 1849 vos
1815 1798 1872 1848 et

222 1893 419 1947 locum
452 1892 709 1944 vestrum
742 1884 1054 1958 specialius
1087 1883 1241 1938 sedis
1274 1881 1602 1954 apostolicae
1649 1887 1872 1954 protec-

222 1982 383 2036 tione
416 1975 735 2032 munire...
771 1975 982 2029 Datum
1015 1973 1168 2045 apud
1203 1970 1679 2026 Montieulum....
1726 1970 1869 2024 ldib.

223 2064 750 2130 0ctob.indict.3.,
782 2080 934 2118 anno
968 2060 1280 2117 Dominicm
1316 2060 1430 2115 inc.
1466 2061 1624 2114 1097.
1660 2082 1688 2109 ››
1724 2059 1873 2114 Sub-

222 2156 497 2229 sequitur
526 2152 686 2209 bulla
715 2150 1030 2207 Clementis
1063 2148 1151 2217 lV,
1184 2148 1267 2203 ita
1293 2146 1585 2219 loquentis
1621 2164 1632 2203 :
1674 2171 1694 2197 «
1728 2147 1874 2203 Cum

225 2242 603 2317 itaque,sicut
632 2257 701 2295 ex
731 2244 924 2295 vestra
951 2236 1348 2292 insinuatione
1382 2236 1875 2308 accepimus,pro-

223 2339 356 2407 pter
384 2331 593 2388 merita
620 2328 874 2401 gloriosa
905 2331 1243 2381 sanctorum
1260 2325 1660 2380 confessorum
1681 2323 1875 2379 Maioli

224 2429 281 2479 et
314 2421 603 2488 Odilonis,
637 2433 887 2490 quorum
920 2432 1165 2487 corpora
1194 2413 1253 2468 in
1294 2417 1485 2468 vestra
1514 2412 1760 2467 ecclesia
1790 2428 1877 2467 re-

224 2504 855 2584 quiescunt,mirabilis
890 2504 1044 2559 Deus
1074 2503 1131 2557 in
1156 2503 1376 2557 sanctis
1394 2500 1517 2556 suis
1535 2499 1722 2557 multa
1741 2517 1879 2573 quo-

225 2598 370 2656 tidie
421 2594 704 2651 miracula
753 2598 1026 2665 operetur
1076 2591 1315 2658 ibidem,
1351 2595 1589 2663 propter
1634 2608 1761 2662 qua:
1806 2590 1876 2645 ad

228 2687 499 2743 eamdem
514 2683 819 2740 ecclesiam
833 2683 903 2736 de
916 2680 1161 2736 diversis
1172 2679 1438 2752 partibus
1453 2678 1711 2735 ﬁdelium
1727 2678 1877 2734 mul-

230 2775 487 2833 titudine
508 2774 1075 2841 conﬂuente,eorpus
1098 2768 1355 2841 prtedieti
1385 2767 1570 2823 sancti
1595 2768 1787 2823 Maioli
1806 2768 1878 2823 ad

233 2865 417 2921 alium
452 2864 643 2917 locum
677 2861 862 2934 ipsius
895 2858 1150 2919 ecclesiae
1183 2856 1372 2929 magis
1403 2855 1789 2911 venerabilem
1823 2861 1881 2911 et

232 2955 538 3010 decentem
573 2949 875 3005 intenditis
907 2964 1040 3003 cum
1073 2946 1268 3001 debita
1296 2945 1665 3001 veneratione
1683 2950 1879 3000 trans-

233 3045 413 3112 ferre;
447 3059 668 3097 nos.....
701 3038 978 3095 omnibus
1011 3052 1140 3092 vere
1185 3034 1606 3108 pcenitentibus
1636 3038 1694 3088 et
1742 3050 1878 3087 con-

233 3133 427 3199 fessis,
461 3130 561 3204 qui
592 3129 663 3186 ad
714 3128 928 3182 dictam
979 3124 1283 3181 ecclesiam
1335 3124 1429 3178 die
1477 3120 1882 3178 translationis

1903 1842 1950 1906 Β

1981 556 2216 609 fuerunt
2264 556 2430 611 Odilo
2472 561 2529 611 et
2555 555 2908 624 Willelmus,
2935 558 3030 614 ille
3062 559 3256 615 Maioli
3307 577 3629 629 successor,

1981 643 2073 698 hic
2098 644 2279 699 abbas
2306 644 2691 713 Diviouensis,
2714 645 2811 717 qui
2835 644 3020 700 multa
3041 649 3397 704 monasteria
3422 650 3494 704 ad
3518 665 3633 705 me-

1982 731 2184 786 liorem
2246 734 2470 804 frugem
2531 735 2834 790 revocavit.
2867 735 2947 789 De
2993 735 3102 791 hoc
3151 753 3329 807 agens
3378 737 3543 793 Odilo
3571 737 3631 793 in

1983 818 2180 875 libello
2214 822 2282 876 de
2318 822 2462 877 actis
2495 823 2683 877 sancti
2735 822 2927 878 Maioli
2965 840 2978 878 :
3016 846 3044 873 «
3085 825 3153 879 Et
3186 830 3251 879 ut
3288 842 3427 896 pace
3468 825 3633 897 spiri-

1982 910 2230 965 tualium
2264 911 2579 977 artiﬁcum,
2613 911 2715 981 ait,
2739 912 2797 966 in
2831 914 3031 967 eadem
3066 912 3284 967 fabrica
3302 912 3518 968 caelesti
3544 913 3631 968 la-

1980 998 2312 1053 borantium
2335 999 2717 1067 dicam,unus
2745 1000 3031 1071 przrcipue
3054 1000 3299 1065 refulsit,
3317 1001 3416 1072 qui
3450 1018 3635 1074 nuper

1982 1088 2155 1140 rebus
2186 1087 2464 1143 humanis
2488 1089 2753 1155 excessit,
2776 1093 2831 1143 et
2861 1089 2958 1160 qui
2994 1088 3125 1160 plus
3158 1090 3327 1143 nobis
3359 1091 3633 1145 omnibus

1982 1175 2564 1242 laboravit,domnus
2612 1177 2878 1231 videlicet
2937 1178 3119 1232 abbas
3180 1177 3528 1245 Willelmus,
3563 1179 3634 1233 de

1981 1266 2150 1336 cujus
2169 1264 2513 1321 clarissimis
2535 1267 2763 1321 actibus
2784 1271 2840 1320 et
2861 1267 2977 1321 vita
2995 1266 3270 1321 laudabili
3293 1271 3350 1321 et
3381 1266 3632 1322 mirabili

1980 1355 2415 1409 conversatione
2430 1356 2682 1426 parvitas
2698 1360 2895 1410 nostra
2913 1372 3026 1409 non
3050 1354 3435 1427 suﬁicitquod
3455 1356 3635 1411 sentit

1980 1443 2052 1497 ad
2081 1442 2318 1515 plenum
2352 1445 2585 1498 referre.
2613 1466 2639 1493 »
2674 1443 2753 1499 De
2784 1460 2850 1498 eo
2882 1460 2947 1497 ac
2978 1444 3049 1497 de
3078 1442 3320 1499 Odilone
3351 1444 3477 1516 ipso
3496 1459 3633 1516 age-

1981 1548 2116 1586 mus
2135 1531 2190 1584 in
2210 1532 2420 1587 sarculo
2442 1532 2734 1603 sequenti.
2751 1531 2850 1586 His
2874 1531 3429 1602 adjungendi'l‘euto
3452 1531 3634 1587 abbas

1983 1620 2371 1688 Fossatensis,
2403 1625 2460 1674 et
2517 1620 2823 1675 Ileldricus
2873 1618 3403 1675 Antissiodorensis
3442 1621 3569 1692 jam
3603 1637 3637 1677 a

1981 1708 2150 1763 nobis
2166 1708 2409 1763 laudati.
2431 1709 2509 1764 De
2527 1710 2789 1764 Teutone
2802 1707 2990 1763 multa
3003 1708 3636 1780 prmclaracommemo-

1982 1803 2185 1852 rantur
2236 1797 2295 1851 in
2349 1796 2545 1853 libello
2595 1799 2664 1852 de
2704 1797 2823 1852 vita
2870 1797 3154 1853 Burhardi
3195 1798 3449 1853 comitis.
3481 1797 3638 1853 Inter

1983 1890 2207 1952 cmtera,
2247 1908 2273 1935 ‹‹
2307 1885 2612 1957 religiosus
2645 1886 2826 1940 abbas
2856 1886 3300 1956 Teutojejuniis
3340 1891 3398 1942 et
3430 1886 3636 1942 oratio-

1985 1974 2180 2042 nibus,
2203 1973 2651 2046 vigiliarumque
2684 1973 3220 2045 pernoetationibus
3270 1974 3504 2030 assidue
3542 1974 3636 2029 in-

1984 2067 2182 2117 tentus
2214 2062 2414 2130 fuisse,
2447 2080 2513 2117 ae
2546 2063 2659 2117 Deo
2683 2079 2914 2135 semper
2935 2062 3160 2134 placere
3200 2061 3449 2118 ﬁdeliter
3484 2063 3637 2118 desi-

1985 2151 2219 2205 derasse
2237 2150 2594 2223 perhibetur.
2614 2151 2757 2205 Cum
2782 2168 2917 2223 ergo
2940 2151 2996 2206 in
3032 2150 3157 2206 loco
3188 2151 3297 2206 sibi
3323 2151 3639 2207 commisso

1986 2239 2254 2305 arduam,
2274 2244 2337 2293 ut
2368 2240 2853 2311 cupiebat,vitam
2906 2241 2979 2295 ob
3021 2239 3331 2311 pastoralis
3362 2241 3639 2295 custodite

1987 2345 2188 2382 curam
2224 2327 2464 2383 minime
2496 2345 2725 2383 servare
2758 2332 2972 2400 posset,
3002 2329 3307 2384 llemensis
3339 2328 3502 2383 urbis
3533 2346 3640 2401 pa-

1987 2434 2127 2488 gum
2162 2417 2232 2471 ad
2269 2416 2656 2471 habitandum
2680 2416 2791 2472 sibi
2822 2417 3014 2488 elegit.
3052 2417 3310 2472 Habetur
3347 2418 3638 2490 siquidem

1986 2505 2125 2560 illuc
2158 2507 2425 2576 quzedam
2460 2505 2957 2576 possessiuncula,
2993 2522 3169 2577 quam
3221 2504 3510 2577 gloriosus
3542 2523 3642 2561 rex

1988 2594 2229 2649 Carolus
2250 2593 2459 2648 Calvus
2480 2594 2736 2648 ecclesia:
2768 2594 3099 2648 Fossatensi
3122 2593 3436 2666 abbatique
3460 2595 3645 2651 Godo—

1989 2684 2149 2737 fredo
2182 2682 2387 2754 refugii
2423 2699 2600 2736 causa
2632 2685 2868 2753 propter
2905 2681 3401 2736 Nortmannorum
3448 2699 3642 2755 perse-

1989 2772 2284 2826 cutionem
2344 2770 2524 2833 dedit,
2562 2770 2621 2824 in
2673 2787 2790 2841 qua
2848 2768 3024 2823 etiam
3085 2785 3299 2840 corpus
3344 2769 3403 2824 S.
3456 2770 3640 2825 Mauri

1989 2860 2195 2914 multis
2226 2858 2396 2913 annis
2426 2859 2682 2914 traditur
2710 2862 3141 2913 conservatum.
3178 2856 3319 2911 Illuc
3350 2872 3487 2929 ergo
3515 2859 3641 2929 jam

1990 2948 2182 3003 dictus
2214 2948 2394 3002 abbas
2427 2948 2670 3003 arduam
2703 2964 2805 3019 pro
2835 2945 3065 3001 Christo
3114 2961 3396 3017 peragens
3440 2944 3641 3012 vitam,

1990 3038 2175 3092 multo
2208 3041 2465 3108 tempore
2496 3040 2871 3092 conversatus
2915 3038 3022 3090 est.
3057 3037 3179 3099 Quo
3228 3050 3496 3106 pergens,
3534 3033 3641 3089 ibi-

1991 3127 2241 3197 demque
2264 3142 2601 3197 permanere
2618 3121 3263 3191 desiderans,baculum
3284 3140 3434 3177 euraa
3458 3127 3648 3195 pasto-

232 3221 421 3278 sancti
454 3219 740 3291 ejusdem,
776 3232 959 3271 unum
992 3230 1212 3269 annum
1248 3218 1304 3268 et
1335 3210 1723 3284 quadraginta
1754 3210 1876 3265 dies
1907 3213 1949 3279 C
1990 3215 2128 3269 ralis
2149 3232 2250 3287 per
2279 3215 2368 3269 sui
2405 3212 2623 3269 servitii
2650 3213 3268 3280 ministrum,nomine
3294 3211 3643 3279 Walterum,

232 3312 343 3367 hac
374 3310 524 3376 vice;
556 3306 672 3363 illis
699 3311 895 3361 autem
929 3305 1028 3376 qui
1064 3304 1214 3358 infra
1244 3306 1371 3357 octo
1395 3300 1519 3357 dies
1545 3299 1885 3355 immediate

228 3402 550 3471 sequentes
581 3400 639 3451 et
667 3395 726 3450 in
758 3392 1153 3450 anniversario
1170 3388 1674 3447 dietranslationis
1698 3389 1884 3460 ipsius

228 3485 642 3544 venerabiliter
668 3488 727 3540 et
756 3484 959 3538 devote
991 3481 1361 3548 accesserint,
1395 3484 1632 3539 centum
1672 3479 1798 3533 dies
1828 3482 1886 3534 et

226 3573 512 3649 injunctis
535 3572 644 3629 sibi
665 3569 1023 3645 pmnitentiis
1042 3566 1615 3623 relaxamus.Datum
1638 3563 1883 3620 Viterbii

230 3664 382 3738 prid.
422 3664 503 3719 1d.
540 3659 751 3727 Martii,
785 3659 1159 3731 pontiﬁcatus
1192 3655 1374 3712 nostri
1425 3671 1577 3709 anno
1626 3653 1817 3720 tertio,
1852 3674 1879 3701 ››

230 3770 336 3810 seu
368 3767 522 3808 anno
556 3748 876 3805 1266.Alias
908 3746 1305 3819 indulgentias
1330 3743 1543 3798 ibidem
1558 3741 1885 3798 concedunt

233 3841 527 3898 Honorius
578 3838 650 3894 ιν
699 3843 756 3893 et
803 3837 1071 3893 Clemens
1120 3835 1306 3889 V1.8.
1352 3831 1545 3888 Maioli
1593 3828 1878 3898 tumulus,

234 3931 584 4002 adjunctum
616 3927 840 3983 habens
870 3925 1056 3981 sancti
1088 3921 1375 3987 Odilonis,
1397 3919 1606 3976 visitur
1651 3918 1710 3974 in
1752 3918 1880 3974 navi

231 4018 493 4076 ecclesia:
524 4013 982 4072 Silviniaceusis.

304 4110 396 4164 57.
430 4108 492 4163 In
526 4106 681 4161 hune
709 4121 896 4177 usque
917 4103 1071 4158 diem
1102 4101 1356 4173 reliquiae
1388 4101 1446 4157 S.
1477 4097 1669 4155 Maioli
1703 4114 1885 4154 asser-

232 4203 448 4254 vantur
478 4193 1009 4264 Silvianici,nempe
1029 4194 1158 4264 ejus
1179 4208 1313 4246 ossa
1331 4187 1691 4261 prmeipuain
1708 4203 1884 4259 capsa

231 4305 304 4345 ex
333 4290 576 4360 argento
607 4289 666 4340 et
703 4299 905 4354 eupro,
940 4282 1130 4354 posita
1182 4296 1359 4351 super
1404 4280 1533 4350 ejus
1581 4277 1761 4332 altare
1810 4276 1882 4331 ad

232 4378 450 4434 odeum
481 4375 552 4430 ad
586 4373 957 4446 aquilonem;
994 4369 1208 4426 scrinio
1261 4368 1447 4424 sancti
1496 4366 1759 4422 Odilonis
1809 4365 1880 4420 ad

232 4465 396 4522 aliud
428 4463 583 4519 latus
615 4463 835 4535 posito;
866 4459 1171 4531 utriusque
1202 4462 1378 4529 caput
1400 4455 1458 4511 in
1480 4454 1695 4511 scrinio
1717 4472 1884 4526 pecu-

232 4555 388 4611 liari.
423 4555 482 4609 S.
516 4550 711 4607 Maioli
746 4549 1068 4622 scapulare.
1105 4547 1345 4620 longum
1379 4545 1518 4600 ulna
1546 4542 1881 4611 una,latum
1918 4586 1961 4650 Β

230 4641 424 4698 tertiis
454 4640 602 4695 ulna:
635 4638 919 4712 partibus,
953 4636 1045 4692 cui
1079 4634 1272 4690 simile
1301 4632 1460 4688 aliud
1493 4631 1750 4688 Cluniaci
1788 4632 1883 4686 ba-

232 4730 717 4802 betur;ejusdem
752 4728 888 4781 item
921 4724 1052 4798 pedi
1084 4723 1392 4797 pastoralis
1420 4737 1883 4793 summaparsex

232 4821 430 4889 ebore,
465 4818 837 4891 scyphusque
860 4832 1104 4871 corneus
1134 4813 1335 4868 itidem
1367 4811 1660 4868 Silviniaci
1685 4809 1882 4865 visun-

235 4908 679 4965 tur.Gaufridus
699 4906 918 4962 Cboleti
954 4904 1111 4976 prior
1148 4902 1358 4959 saeculo
1408 4901 1502 4956 XV
1550 4898 1886 4972 reliquiaria

234 4997 529 5069 fecit,quze
559 5001 694 5051 ante
722 5012 856 5050 cum
891 4993 1135 5049 lldrieus
1155 4991 1428 5063 supprior
1456 4995 1513 5044 et
1544 4988 1886 5044 sacristain-

237 5085 866 5143 cboaverat.Hactenus
894 5082 1272 5138 Silviniaeum
1304 5079 1580 5151 religione
1603 5082 1659 5133 et
1690 5076 1884 5132 Maioli

238 5175 403 5231 cultu
436 5174 659 5229 celebre
688 5179 799 5242 cst,
834 5173 903 5227 de
931 5189 1047 5244 quo
1077 5170 1307 5243 egimus
1342 5169 1398 5222 in
1436 5166 1639 5238 elogiis
1669 5165 1885 5220 Odouis

237 5271 301 5323 et
326 5264 624 5338 Aymardi.

234 5354 389 5410 Vlll.
422 5354 608 5409 Maioli
634 5354 903 5425 praecipui
936 5351 1216 5422 discipuli,
1253 5350 1483 5404 cultores
1512 5355 1561 5402 ct
1588 5346 1881 5400 miracula.

306 5443 527 5498 58.Etsi
544 5441 857 5497 nonnullos
872 5439 1065 5496 Maioli
1078 5437 1400 5510 discipulos
1415 5436 1471 5491 in
1487 5434 1886 5507 superioribus

232 5530 800 5600 exbibuerimus,hie
833 5534 1028 5585 tamen
1058 5528 1117 5582 in
1140 5544 1320 5583 unum
1342 5525 1532 5580 locum
1553 5522 1884 5580 conferendi

234 5627 383 5682 sunt
413 5621 621 5680 saltem
649 5617 945 5698 praecipui,
976 5622 1041 5674 ut
1068 5634 1138 5677 ex
1159 5614 1581 5690 discipulorum
1606 5612 1887 5689 qualitate

1993 3321 2165 3376 quem
2200 3304 2323 3376 ipse
2356 3304 2414 3359 in
2465 3302 2694 3358 Domini
2740 3303 2949 3357 timore
2995 3302 3334 3369 nutriverat,
3370 3301 3646 3356 fratribus

1992 3392 2343 3461 transmisit,
2382 3394 2671 3448 mandans
2703 3396 2767 3447 ut
2800 3392 2911 3447 sibi
2944 3390 3272 3446 secundum
3303 3389 3518 3445 Christi
3549 3406 3646 3445 vo-

1992 3480 2279 3537 luntatem
2301 3482 2545 3555 dignum
2566 3484 2859 3553 pastorem
2883 3478 3221 3552 eligerent.»
3249 3478 3562 3551 Postquam
3581 3494 3647 3533 eo

1991 3571 2051 3625 in
2084 3570 2208 3625 loco
2241 3570 2485 3624 arduam
2521 3586 2586 3625 ac
2620 3568 2948 3624 solitariam
2979 3568 3158 3622 vitam
3187 3568 3371 3622 Teuto
3410 3567 3649 3642 egisset,

1993 3660 2369 3715 Fossateuses
2393 3657 2640 3713 revisere
2670 3656 2866 3711 animo
2888 3655 3220 3710 destinavit.
3244 3657 3314 3708 At
3336 3654 3420 3708 illi
3468 3655 3647 3709 obsti-

1991 3751 2129 3812 tere,
2163 3744 2759 3817 allegantes,suﬁ‘ecto
2792 3743 2904 3797 alio
2937 3744 3165 3809 abbate,
3188 3743 3313 3813 jam
3350 3759 3517 3797 «non
3548 3743 3647 3798 de-

1992 3836 2125 3891 bere
2174 3851 2309 3889 eum
2361 3834 2561 3905 recipi,
2596 3832 2735 3905 quia
2786 3830 3118 3886 animarum
3172 3846 3372 3884 curam
3415 3830 3648 3902 penitus

1990 3924 2324 3996 reliquerat.
2348 3945 2376 3973 »
2413 3922 2508 3978 Ille
2532 3922 2639 3977 hoc
2671 3938 2949 3994 responso
2978 3919 3271 3990 turbatus,
3298 3918 3641 3974 Cluniaeum

1991 4030 2054 4069 se
2085 4013 2318 4085 recepit,
2355 4012 2454 4067 ubi
2490 4034 2517 4062 ‹‹
2555 4010 2797 4067 feliciter
2825 4008 2969 4065 obiit
2998 4008 3110 4063 sub
3142 4007 3235 4062 die
3267 4007 3475 4063 Iduum
3506 4008 3645 4081 Sep-
3730 4036 3736 4041 -

1989 4102 2307 4159 tembrium
2335 4118 2347 4155 :
2374 4102 2443 4156 ad
2478 4102 2647 4172 cujus
2679 4098 3116 4172 sepulcrum,ut
3164 4096 3374 4152 referre
3424 4096 3646 4153 audivi-

1993 4208 2146 4259 mus,
2179 4190 2369 4262 inquit
2402 4194 2625 4254 auctor,
2653 4187 2821 4243 mulli
2856 4186 3074 4241 infirmi
3105 4190 3307 4259 postea
3334 4186 3647 4243 sanitatem

1992 4284 2354 4353 receperunt.
2380 4302 2407 4329 n
2445 4279 2523 4334 De
2557 4277 2826 4333 lleldrico
2857 4275 3067 4331 abbate
3119 4280 3313 4331 actum
3365 4293 3543 4347 supra
3587 4275 3646 4331 in

1992 4372 2192 4442 cap.7.
2231 4369 2386 4423 Inter
2415 4366 2610 4423 Maioli
2644 4365 2969 4438 discipulos
3000 4365 3174 4420 etiam
3204 4364 3476 4419 censendi
3510 4369 3649 4419 sunt

1992 4458 2230 4531 plurimi
2266 4457 2359 4512 alii
2395 4457 2659 4527 abbatcs,
2692 4473 2841 4527 quos
2876 4454 2946 4509 ad
2979 4452 3136 4508 varia
3182 4452 3537 4507 monasteria
3567 4468 3649 4507 re-

1994 4548 2300 4603 formanda
2330 4546 2586 4601 instituit
2617 4562 2631 4599 :
2665 4563 2732 4599 ex
2774 4544 2991 4616 quibus
3025 4558 3179 4596 unus
3229 4538 3372 4594 mihi
3418 4540 3649 4594 videtur

1994 4654 2122 4692 esse.
2146 4637 2433 4707 Egbertus
2455 4652 2555 4689 seu
2589 4634 2880 4689 Evrardus
2912 4630 3008 4685 ille
3040 4630 3221 4684 abbas
3260 4629 3644 4694 Turonensis,

1994 4743 2166 4797 quem
2227 4743 2294 4779 ex
2352 4725 2628 4779 Gerberto
2679 4722 2948 4793 superius
3009 4718 3399 4773 laudavimus.
3451 4717 3647 4789 Neque

1995 4813 2379 4886 praetereundi
2406 4814 2586 4885 Syrus
2609 4817 2665 4867 et
2686 4808 3039 4865 Aldebaldus
3060 4807 3202 4861 Vita:
3228 4806 3411 4861 sancti
3450 4806 3644 4861 Maioli

1994 4903 2327 4976 scriptores,
2368 4920 2553 4974 neque
2583 4901 2861 4954 Vivianus
2895 4898 3006 4952 sub
3042 4913 3107 4951 co
3136 4895 3481 4967 prmpositus
3512 4894 3644 4949 Clli-

1994 4991 2287 5048 niacensis
2315 4996 2445 5064 post
2494 4988 2976 5054 Ilildebrandum,
3008 4985 3099 5040 cui
3152 4983 3399 5039 Maiolus
3454 4984 3648 5055 princi-

1994 5100 2148 5154 puus
2171 5086 2376 5136 auctor
2410 5079 2517 5133 fuit
2548 5076 2758 5134 saeculo
2784 5075 3059 5129 nuntium
3092 5072 3449 5128 remittendi.
3473 5070 3642 5127 Deni-

1995 5187 2109 5242 que
2144 5170 2295 5223 inter
2326 5168 2545 5240 primos
2569 5164 2971 5220 numerandus
2994 5162 3149 5217 venit
3167 5160 3494 5217 Willelmus
3518 5161 3647 5216 Pro-

1992 5258 2195 5315 vincia:
2244 5259 2379 5323 dux,
2415 5258 2576 5312 Pater
2619 5255 2821 5326 patria:
2862 5251 3209 5324 appellatus,
3243 5252 3313 5305 de
3362 5267 3476 5322 quo
3525 5250 3644 5305 bwc

1994 5347 2160 5402 Odilo
2193 5347 2249 5401 in
2275 5346 2405 5399 Vita
2436 5343 2620 5400 sancti
2654 5341 2867 5396 Maioli.
2906 5363 2933 5389 ‹‹
2965 5344 3258 5406 Quantum
3293 5339 3460 5393 illum
3507 5338 3646 5393 Wil-

1994 5435 2206 5490 lelmus
2254 5439 2439 5489 rector
2494 5430 2803 5487 Provinciae
2862 5428 3060 5498 coluit,
3082 5430 3207 5483 vita
3241 5427 3398 5482 illius
3426 5432 3481 5482 et
3512 5427 3646 5483 ﬁnis

1994 5523 2271 5579 ostendit.
2308 5523 2411 5577 Per
2440 5522 2569 5592 ejus
2600 5518 2816 5591 quippe
2849 5516 3125 5573 meritum
3170 5520 3227 5571 et
3276 5515 3445 5571 ﬁdele
3475 5515 3642 5570 obse-

1995 5610 2223 5689 quium,
2239 5609 2393 5668 heati
2416 5605 2712 5666 Benedicti
2744 5604 3038 5683 percipere
3061 5603 3275 5663 meruit
3303 5602 3592 5662 habitum.
3610 5625 3640 5657 »
