4028 6172
405 303 526 366 ’143

1534 297 1598 355 S.
1649 291 1923 356 MAIOLI
1967 286 2298 352 ABBA'I‘IS
2341 291 2704 354 CLUNIAC.

3698 293 3825 366 ’⁷Αᾶ

403 435 610 494 Nescio
643 452 716 490 an
741 433 797 490 id
829 431 1140 505 contigerit
1159 429 1218 484 in
1241 433 1498 484 extremo
1520 426 1621 482 illo
1645 425 2054 497 morbo,quem
2084 423 2141 490 Α
2171 420 2360 480 lorum
2392 423 2577 492 libris,
2613 441 2762 497 quos
2793 423 3027 480 exhibet
3059 441 3194 484 cum
3227 423 3588 481 Henschenio
3608 422 3828 480 Biblio-

405 524 588 597 Syrus
640 524 1060 578 commemorat
1111 517 1169 573 in
1221 516 1324 571 lib.
1359 533 1442 571 ιιι.
1477 515 1643 570 Ilunc
1703 511 2060 571 Willelmum

407 612 668 669 Cluniaei
699 611 995 683 sepultum
1026 607 1207 663 fuisse
1239 623 1352 661 non
1385 603 1530 660 satis
1561 607 1758 677 aperte
1791 600 2064 675 exprimit

408 702 607 758 charta
641 695 976 771 Leodegarii
1007 694 1411 751 Cluniacensis
1441 691 1814 760 monachi,in
1837 709 1954 764 qua
1980 689 2061 746 le-

405 788 754 862 gitur,hune
784 785 989 842 cellam
1023 789 1081 842 et
1117 783 1424 840 ecclesiam
1459 781 1516 836 in
1549 781 1828 836 honorem
1874 777 2060 835 sancti

408 875 730 934 Marcellini
761 894 924 948 papae
952 879 1009 930 et
1031 873 1304 948 martyris
1327 876 1502 945 atque
1525 869 1712 929 sancti
1735 868 2057 936 Saturnini,

407 984 584 1040 quam
598 964 1017 1038 l‘tegimbaldus
1039 963 1395 1018 Arelatensis
1413 960 1886 1033 archiepiscopus
1906 956 2062 1014 dedi-

407 1055 644 1122 eaverit,
658 1053 1055 1110 eonstruxisse
1080 1053 1136 1108 in
1159 1051 1296 1106 villa
1318 1049 1628 1117 Sarrianis,
1658 1072 1684 1096 ‹‹
1709 1064 1886 1120 quam
1918 1045 2058 1104 Wil-

408 1144 622 1201 lelmus
652 1143 948 1215 quondam
981 1142 1097 1196 dux
1135 1138 1466 1206 Provinciae,
1485 1141 1647 1209 pater
1681 1136 1902 1210 patriae,
1923 1152 2058 1191 san-

409 1238 638 1290 ctorum
670 1231 1067 1304 apostolorum
1103 1229 1250 1285 Petri
1272 1233 1328 1284 et
1348 1227 1508 1282 Pauli
1541 1225 1894 1282 monasterio
1927 1225 2060 1281 Clu-

411 1321 621 1394 niensi,
655 1325 711 1378 et
740 1319 866 1376 loco
895 1319 954 1376 in
987 1335 1100 1391 quo
1138 1334 1200 1374 se
1249 1315 1484 1390 sepeliri
1533 1316 1772 1389 rogavit,
1806 1319 1864 1371 et
1893 1315 2060 1370 beato

410 1407 620 1466 Maiolo
650 1407 844 1464 adhuc
875 1407 933 1462 in
965 1421 1138 1461 carne
1166 1403 1378 1460 viventi
1411 1407 1468 1460 et
1509 1405 1707 1460 vivens
1753 1401 2058 1476 delegavit,

409 1501 466 1552 et
495 1495 752 1552 moriens
796 1494 1067 1550 donando
1115 1491 1403 1550 attribuit.
1442 1515 1468 1542 n
1503 1492 1664 1560 Quod
1713 1495 2060 1565 argumento

409 1589 520 1654 est,
551 1601 686 1642 eum
717 1583 777 1638 in
809 1581 1086 1638 extremis
1117 1581 1387 1638 habitum
1408 1579 1736 1653 suscepisse
1765 1597 1869 1653 pro
1903 1595 2061 1644 more

407 1673 640 1730 illorum
673 1676 1029 1744 temporum.

475 1761 567 1818 59.
603 1759 770 1818 Odilo
801 1761 910 1816 sub
932 1761 1109 1816 ﬁnem
1132 1757 1314 1816 libelli
1335 1759 1407 1815 de
1429 1757 1622 1814 Maioli
1641 1758 1822 1832 gestis
1844 1757 2062 1815 multos

407 1852 610 1908 laudat
643 1849 958 1906 catholicos
991 1853 1048 1904 et
1077 1847 1451 1904 honorabiles
1481 1847 2063 1920 clericos,religiosos

409 1939 730 1996 monachos
759 1941 816 1994 et
846 1937 1189 1993 reverendos
1229 1936 1488 2004 abbates,
1525 1937 1625 2008 qui
1677 1935 1842 1992 illum
1893 1952 2061 1990 vene-

409 2029 722 2096 rabantur;
755 2031 988 2084 sanctos
1043 2029 1100 2080 et
1158 2027 1471 2096 sapientes,
1506 2025 1604 2097 qui
1658 2047 1686 2076 α
1735 2025 2066 2082 tractabant

408 2117 577 2174 illum
625 2120 689 2172 ut
737 2115 1178 2172 sanctissimum
1225 2114 1501 2182 fratrem;
1532 2114 1566 2165 “››
1601 2115 1980 2186 imperatores
2006 2119 2066 2176 et

407 2204 830 2278 imperatricos,
863 2220 1030 2278 reges
1077 2207 1135 2260 et
1177 2203 1382 2260 mundi
1427 2203 1742 2276 principes,
1776 2221 1810 2258 a
1849 2203 2064 2275 quibus

413 2317 442 2347 «
469 2293 664 2350 senior
711 2293 1117 2370 appellabatur
1145 2293 1455 2362 dominus;
1489 2314 1518 2343 »
1552 2291 1857 2365 pontifices
1894 2309 2062 2366 apos-

410 2383 596 2439 tolicze
645 2383 824 2452 sedis,
857 2400 894 2438 a
939 2381 1157 2455 quibus
1195 2402 1216 2432 ι
1252 2381 1652 2437 bonorabatur
1682 2384 1749 2436 ut
1793 2379 2066 2452 princeps

411 2471 711 2546 religionis
741 2469 1102 2528 monasticis.
1135 2494 1164 2523 »
1197 2472 1348 2528 Tum
1398 2470 1601 2527 subdit
1632 2487 1646 2526 :
1685 2492 1713 2522 ι(
1746 2469 1846 2526 Ille
1897 2471 2068 2527 divus

411 2561 603 2618 Caesar
629 2565 688 2618 et
717 2561 1010 2616 maximus
1040 2561 1173 2617 Otto
1194 2577 1329 2616 eum
1352 2558 1632 2633 diligebat
1653 2564 1884 2632 pectore
1905 2563 2024 2619 toto
2048 2575 2063 2614 :

410 2653 470 2706 et
497 2650 778 2722 diligebat
804 2667 938 2707 eum
969 2649 1233 2722 ejusdem
1265 2647 1508 2705 Caesaris
1525 2649 1738 2721 conjux
1757 2649 1892 2704 diva
1909 2649 2067 2704 Ada-

403 2739 564 2796 :leida
607 2739 946 2812 imperatrix
1001 2742 1283 2813 Augusta,
1325 2738 1606 2794 ebaritate
1667 2737 2068 2795 sincerissima

409 2833 467 2886 et
495 2829 800 2886 devotione
827 2829 1196 2885 charissima.
1218 2828 1506 2902 Diligebat
1525 2845 1660 2884 eum
1681 2846 1884 2885 eorum
1909 2827 2068 2884 filius

410 2918 620 2975 humili
667 2919 968 2975 devotione
1027 2919 1344 2992 imperator
1390 2918 1556 2986 Otto;
1589 2918 1801 2974 aifeetu
1849 2923 1906 2976 et
1951 2935 2066 2974 non

409 3005 686 3062 dissimili
732 3013 862 3062 voto
910 3007 1232 3074 Conradus,
1283 3007 1630 3078 supradictas
1681 3005 2068 3079 imperatricis

411 3097 589 3150 frater
617 3095 833 3150 nobilis
863 3100 922 3151 et
951 3095 1254 3168 paciﬁcus,
1285 3096 1530 3168 ejusque
1567 3095 1869 3152 Matbildis
1900 3096 2065 3151 nobi-

2172 512 2352 569 thecae
2384 512 2788 570 Cluniacensis
2817 514 3130 586 appendix.
3167 513 3230 570 In
3262 513 3392 570 istis
3423 512 3589 569 libris
3609 529 3833 568 memo-

2172 607 2379 658 rantur
2409 601 2744 658 curationes
2777 602 2936 659 facta:
2967 589 3486 672 daemoniacorum,
3517 618 3832 671 caecorum,

2171 694 2626 758 eontractorum,
2680 695 3004 758 mutorum,
3059 707 3431 759 mancorum,
3480 689 3831 756 amentium,

2171 783 2228 834 et
2251 797 2414 835 sacro
2447 779 2580 852 igne
2609 781 2974 834 aifeetorum.
3008 780 3136 835 Duo
3178 783 3410 835 tantum
3456 778 3570 833 huc
3618 778 3834 847 refero,

2167 885 2416 940 quorum
2453 867 2706 942 primum
2741 868 2997 924 continet
3029 868 3382 924 erectionem
3424 867 3625 923 altaris
3647 867 3722 921 ad
3747 883 3836 922 ea-

2170 963 2276 1030 put
2307 959 2490 1012 sancti
2516 957 2848 1029 Maio]i,qui
2873 957 3100 1029 primus
3121 957 3338 1030 gradus
3363 956 3473 1011 fuit
3503 957 3571 1011 ad
3586 957 3719 1026 ejus
3739 972 3834 1011 ca-

2169 1046 2596 1103 nonizationem
2625 1064 2637 1101 :
2667 1047 3024 1119 «Postquam
3048 1045 3429 1118 igiturprimo
3460 1045 3610 1100 beati
3634 1044 3834 1098 Maioli

2169 1153 2383 1208 corpus
2414 1151 2547 1190 cum
2597 1136 2852 1190 maxime
2904 1135 3146 1192 honoris
3191 1140 3248 1189 et
3295 1133 3626 1190 reverentia;
3667 1131 3834 1187 cultu

2169 1227 2260 1280 est
2287 1223 2606 1296 sepultum,
2631 1228 2688 1279 et
2719 1225 2788 1278 ad
2819 1223 3264 1280 sanctissimum
3297 1223 3426 1295 ejus
3455 1225 3632 1295 caput
3649 1221 3838 1277 altare

2169 1312 2468 1386 quoddam
2499 1317 2590 1368 est
2637 1315 3064 1382 constructum,
3093 1313 3301 1368 fratres
3344 1311 3460 1369 Deo
3510 1309 3658 1366 inibi
3713 1327 3836 1366 ser-

2169 1403 2394 1458 vientes
2425 1417 2739 1458 commune
2769 1417 2836 1456 ac
2867 1400 3102 1458 salubre
3134 1399 3249 1458 tale
3271 1398 3617 1456 invenerunt
3639 1398 3836 1455 consi-

2171 1489 2436 1548 lium.Ad
2459 1489 2798 1562 episcopum
2823 1505 3097 1562 namque,
3114 1489 3174 1545 in
3198 1490 3369 1562 cujus
3391 1487 3622 1544 diceeesi
3641 1487 3838 1544 isdem

2171 1584 2295 1636 erat
2318 1577 2503 1647 locus,
2521 1578 2958 1644 transmittunt,
2977 1583 3040 1634 ut
3069 1578 3251 1634 altare
3271 1576 3418 1634 illud
3441 1581 3836 1634 consecraret.

2172 1665 2334 1724 Unde
2354 1667 2591 1724 veniens
2613 1666 2866 1723 domnus
2889 1668 3081 1742 Beggo
3110 1667 3490 1724 Arvernensis
3511 1667 3673 1724 sedis
3715 1667 3838 1740 epi-

2171 1773 2405 1828 scopus,
2437 1755 2616 1812 altare
2645 1755 2791 1812 illud
2823 1773 2957 1812 cum
3009 1773 3225 1830 magna
3271 1757 3628 1813 consecravit
3677 1772 3838 1813 reve-

2173 1846 2378 1902 rentia.
2404 1869 2424 1896 ι
2454 1846 2644 1920 Beggo
2665 1844 2775 1902 iste
2801 1845 3071 1907 Arvernis
3091 1851 3335 1918 prmerat
3365 1851 3641 1920 regnante
3675 1846 3837 1918 apud

2171 1934 2423 1990 Francos
2454 1935 2714 2007 Hugonc.
2741 1935 2955 1991 Subdit
2977 1939 3179 1992 auctor
3193 1935 3476 1990 contracti
3499 1940 3556 1990 et
3576 1935 3836 1990 duorum

2173 2023 2498 2079 amentium
2530 2023 2936 2094 sanationem;
2971 2024 3251 2096 postridie
3280 2041 3426 2097 puer
3473 2023 3718 2096 quidam
3764 2023 3836 2080 de

2169 2112 2462 2176 ,Cavannis
2490 2112 2796 2184 (Chcvincs)
2825 2111 2962 2169 villa
3009 2114 3142 2187 pagi
3193 2112 3662 2181 Matisconensis,
3713 2129 3836 2168 ma-

2169 2219 2318 2268 num
2350 2201 2574 2257 habens
2605 2201 2854 2272 aridam,
2887 2203 3197 2258 restitutus
3227 2205 3336 2259 est.

2243 2292 2334 2347 Gl.
2363 2312 2391 2340 ‹‹
2424 2291 2728 2356 Quoddam
2759 2291 2936 2346 etiam
2959 2289 3311 2347 miraculum
3330 2290 3742 2364 adjungimus,
3762 2290 3835 2346 de

2167 2395 2290 2452 quo
2321 2395 2438 2435 non
2469 2377 2661 2436 solum
2692 2377 2994 2452 vulgarem
3024 2377 3308 2452 populum
3340 2383 3550 2435 testem
3592 2378 3831 2436 deduci-

2175 2485 2330 2536 mus,
2365 2467 2469 2524 sed
2511 2465 2686 2524 etiam
2719 2467 2918 2546 ipsum
2949 2483 3145 2540 regem
3180 2467 3834 2541 Hugoncm,comitem-

2167 2573 2290 2629 que
2329 2554 2960 2625 Burchardum,filium
2995 2557 3125 2630 ejus
3157 2557 3442 2613 domnum
3479 2555 3834 2612 Rainaldum

2176 2644 2562 2712 Parisiensem
2613 2645 2974 2718 episcopum.
3010 2633 3113 2700 Hic
3163 2645 3346 2719 igitur
3390 2662 3491 2702 rex
3538 2645 3613 2700 ad
3643 2645 3835 2700 sancti

2175 2733 2372 2793 Maioli
2420 2735 2806 2807 expetendum
2857 2733 3142 2790 auxilium
3174 2733 3433 2804 veniens,
3458 2751 3638 2808 super
3679 2733 3836 2788 inﬁr-

2176 2823 2400 2880 mitatis
2431 2841 2550 2878 sua}
2595 2821 3027 2898 gravitudinem
3073 2823 3332 2881 invenire
3373 2823 3702 2895 promeruit
3732 2821 3838 2878 ali-

2176 2911 2524 2985 quantulam
2556 2911 3057 2986 levigabilitatem.
3090 2911 3198 2978 Qui
3253 2928 3366 2967 uno
3415 2910 3645 2966 dierum
3701 2917 3834 2982 post

2165 3006 2409 3074 peracta
2459 3001 2792 3058 orationum
2849 3000 3140 3058 solemnia
3196 3001 3268 3058 ab
3306 2999 3551 3056 ecclesia
3603 3015 3836 3072 progre-

2176 3091 2364 3160 diens,
2379 3092 2695 3164 quemdam
2729 3107 2948 3149 caecum
2969 3091 3026 3146 in
3049 3091 3255 3147 eodem
3277 3089 3402 3146 loco
3423 3087 3831 3154 illuminatum

413 3181 643 3238 lissima
669 3185 902 3255 eonjux,
926 3165 1144 3256 quanto
1173 3165 1539 3256 frequentius
1561 3184 1767 3240 faciem
1792 3186 1920 3257 ejus
1942 3201 2063 3241 cer-
2091 3165 2139 3242 Ε
2178 3179 2420 3251 audivit,
2442 3197 2617 3253 quem
2648 3180 2720 3238 ad
2752 3196 2815 3236 se
2843 3179 3056 3236 adduci
3078 3179 3270 3251 jubet,
3298 3183 3363 3236 ut
3392 3177 3464 3234 ab
3494 3193 3563 3234 eo
3611 3179 3834 3234 verita-

413 3270 651 3336 nebant,
677 3275 840 3327 tanto
889 3270 1145 3344 amplius
1193 3271 1252 3326 in
1301 3272 1432 3343 ejus
1479 3289 1676 3328 amore
1707 3273 2062 3330 crescebant.

413 3359 560 3426 Quid
581 3359 774 3415 dicam
795 3360 868 3415 de
882 3359 1258 3416 nobilissimo
1279 3359 1398 3416 viro
1421 3360 1665 3418 Henrico
1706 3361 2067 3435 Burgundio-

413 3463 556 3502 num
585 3448 772 3504 duce?
803 3448 943 3520 quid
971 3449 1042 3504 de
1078 3449 1387 3504 Lamberto
1428 3447 1828 3506 illustrissimo
1859 3449 1980 3506 viro
2011 3455 2068 3512 et

395 3535 779 3617 ‘nobilissimo
809 3537 1060 3594 comite?
1091 3536 1233 3610 quid
1265 3539 1337 3595 de
1365 3537 1838 3612 Willelmo,quid
1874 3541 1946 3598 de
1967 3540 2065 3596 Ri-

411 3623 629 3682 chardo
657 3625 1084 3698 Aquitanorum
1121 3631 1179 3682 et
1209 3627 1678 3684 Normannorum
1727 3627 2066 3686 fortissimis

412 3713 704 3771 ducibus?
734 3714 877 3788 quid
911 3715 980 3770 de
1014 3714 1230 3772 Italicis
1255 3715 1620 3790 principibus
1641 3723 1698 3773 et
1719 3717 2067 3774 marchioni-

410 3801 562 3859 bus?
591 3805 885 3870 Quantum
935 3803 1102 3860 illum
1153 3804 1482 3864 Willelmus
1531 3811 1721 3864 rector
1753 3807 2064 3866 Provinciae

410 3892 611 3962 coluit,
635 3893 754 3950 vita
783 3892 944 3952 illius
971 3899 1028 3950 et
1057 3895 1193 3951 finis
1225 3895 1501 3952 ostendit.
1535 3896 1642 3953 Per
1675 3898 1806 3970 ejus
1848 3897 2066 3970 quippe

411 3983 686 4041 meritum
715 3987 775 4040 et
805 3982 975 4040 fidele
995 3984 1344 4058 obsequium
1365 3985 1430 4041 B.
1454 3985 1748 4042 Benedicti
1769 3985 2066 4060 percipere

412 4070 626 4128 meruit
641 4071 930 4127 habitum.
949 4072 1314 4129 Archenbald
1323 4091 1392 4130 us
1413 4074 1611 4144 etiam,
1627 4073 2066 4146 Silviniacensis

397 4159 522 4215 .loci
555 4159 816 4232 provisor
837 4159 1243 4230 fidelissimus,
1259 4161 1414 4220 inter
1443 4180 1584 4220 suos
1603 4162 1991 4233 clarissimus,
2011 4167 2068 4226 ct

413 4247 736 4320 adjacentis
765 4248 964 4320 patria:
999 4253 1257 4321 pater,et
1285 4269 1610 4324 pauperum
1647 4256 1802 4309 tutor
1822 4252 2068 4311 fortissi-

397 4351 572 4406 imus,
603 4340 892 4410 quantum
922 4341 980 4394 et
1010 4339 1265 4411 qualiter
1293 4339 1517 4397 exstitit
1545 4342 1608 4396 B.
1641 4341 1849 4398 Maiolo
1887 4343 2066 4399 devo-

412 4425 938 4498 tus,-supradictus
970 4427 1316 4486 multimode
1345 4430 1622 4502 prmdicat
1669 4430 1854 4502 locus,
1887 4432 1960 4488 ab
1994 4448 2066 4489 eo

2175 3273 2294 3324 tem
2325 3269 2621 3324 retineret.
2640 3268 2790 3324 Dum
2813 3285 3068 3352 namque
3097 3269 3155 3322 in
3183 3283 3496 3341 pauperem
3519 3265 3706 3322 talem
3731 3267 3841 3323 vir-

2175 3361 2362 3414 tutem
2407 3357 2626 3414 factam
2656 3373 2785 3414 esse
2826 3374 2931 3431 pro
2967 3361 3125 3414 certo
3147 3355 3569 3430 cognovit,przn
3595 3355 3839 3430 gaudio,

2163 3447 2328 3510 {sicut
2355 3447 2442 3502 vir
2469 3465 2696 3522 magum
2745 3446 3094 3514 dulcedinis,
3125 3463 3262 3504 cum
3311 3445 3674 3519 supradictis
3705 3463 3840 3518 per-

2161 3537 2337 3594 .sonis
2368 3537 2626 3610 profluos
2657 3535 3049 3610 laerymarum
3095 3534 3314 3591 rivulos
3362 3533 3570 3590 eﬂ'udit
3593 3550 3608 3588 :
3634 3533 3839 3606 sicque

2163 3643 2310 3690 .cum
2337 3626 2526 3682 multa
2543 3625 2716 3682 turba
2735 3625 3086 3698 populorum
3110 3623 3452 3682 eollaudans
3475 3623 3693 3691 Deum,
3711 3639 3841 3679 san-

2165 3721 2454 3789 ctumque
2478 3731 2758 3773 venerans
2781 3715 3144 3786 Maiolum,et
3164 3731 3350 3770 caecus
3370 3713 3752 3770 illuminatus
3767 3713 3837 3768 ad

2159 3804 2411 3883 propria
2439 3805 2606 3874 redit,
2621 3808 2678 3860 et
2709 3820 2806 3860 rex
2836 3803 3188 3878 magnificus
3211 3802 3398 3859 laetior
3426 3802 3485 3858 in
3527 3803 3834 3860 Franciam

2171 3894 2326 3950 viam
2359 3893 2706 3966 assumpsit.
2731 3916 2759 3944 »

2242 3985 2332 4038 62.
2358 3982 2684 4054 Subjieitur
2713 3982 3064 4039 miraculum
3096 3982 3166 4037 de
3197 3979 3313 4037 alio
3343 3997 3493 4038 caeco
3523 3981 3628 4053 qui
3663 3985 3836 4038 natus

2155 4076 2298 4133 -erat
2317 4071 2378 4128 in
2404 4094 2432 4122 «
2449 4070 2855 4146 Enguilinensi
2877 4071 3042 4140 silva,
3060 4093 3088 4122 »
3111 4069 3213 4127 ubi
3235 4092 3264 4121 «
3287 4075 3380 4126 est
3400 4069 3587 4128 sancti
3609 4069 3834 4126 Arnulﬁ

2174 4159 2450 4230 ecclesia;
2483 4182 2513 4212 »
2548 4161 2704 4232 quod
2747 4159 3198 4234 intelligendum
3247 4160 3318 4216 de
3365 4151 3618 4216 ecclesia
3650 4158 3834 4216 sancti

2172 4247 2398 4306 Arnulﬁ
2446 4249 2506 4304 in
2533 4248 2681 4306 silva
2717 4249 2994 4322 Aquilina
3023 4249 3202 4322 (Feret
3226 4248 3530 4321 d'lveline),
3566 4245 3838 4306 dioecesis

2162 4337 2544 4405 :Parisiensis.
2579 4339 2973 4416 Subsequitur
3001 4337 3226 4394 curatio
3255 4336 3481 4392 Viviani
3524 4338 3653 4410 (qui
3690 4353 3836 4393 unus

2155 4432 2299 4489 erat
2330 4451 2359 4480 ιι
2388 4445 2420 4485 e
2451 4428 2734 4484 fratribus
2755 4427 3158 4484 Cluniacensis
3181 4425 3551 4496 monasterii;
3578 4449 3608 4476 ››

3645 4427 3835 4482 nescio

414 4518 472 4609 et
491 4519 626 4609 ante
646 4519 704 4571 et
721 4520 854 4588 post
874 4517 1188 4572 transitum
1212 4535 1444 4590 semper
1463 4519 1691 4576 dicendi
1715 4520 1899 4594 patris
1929 4521 2064 4577 mdi-
2080 4543 2146 4609 ID
2177 4535 2251 4575 an
2281 4519 2629 4591 praepositus
2647 4535 2827 4590 supra
2847 4516 3169 4590 laudatus),
3195 4513 3499 4609 articulari
3532 4517 3743 4573 morbo
3763 4514 3838 4609 la—

415 4602 565 4659 ﬁeiis
595 4608 652 4660 et
680 4605 921 4674 divitiis,
954 4609 1010 4661 et
1035 4607 1395 4664 diversorum
1427 4614 1906 4666 ornamentorum
1938 4627 2067 4684 spe-

416 4692 616 4749 ciebus
647 4699 887 4751 ornatus
917 4700 975 4752 et
1012 4696 1354 4752 nobilitatus
1379 4715 1391 4753 ε
1417 4699 1498 4753 ita
1520 4703 1584 4754 ut
1605 4700 1850 4768 deceret,
1876 4699 1924 4754 si
1959 4699 2070 4756 tale

397 4783 557 4854 quid
591 4783 821 4840 fecisset
849 4775 1061 4857 aliquis
1083 4804 1152 4840 ex
1172 4787 1427 4859 regibus.
1455 4789 1570 4843 Iste
1600 4805 1732 4844 vero
1775 4789 1873 4860 qui
1916 4807 2071 4846 nunc

419 4878 708 4944 superest,
741 4873 980 4929 honoris
1009 4875 1137 4946 ejus
1176 4875 1359 4930 haeres
1395 4881 1453 4932 et
1485 4877 1761 4950 nominis,
1785 4879 1933 4934 bene
1964 4883 2074 4934 tra-

419 4965 539 5016 ctat
557 4960 748 5018 locum
773 4961 960 5032 illum,
981 4963 1208 5020 nullum
1227 4965 1403 5020 etiam
1431 4965 1607 5022 infert
1643 4965 2071 5024 habitatoribus

422 5049 727 5107 damnum.
763 5075 791 5102 »

489 5140 582 5197 60.
619 5141 820 5200 Restat
851 5147 915 5200 ut
942 5159 1130 5217 pauca
1160 5142 1425 5201 dicamus
1457 5146 1528 5204 de
1558 5146 1788 5204 duobus
1821 5146 2070 5204 Miracu-

2160 4607 2460 4677 borantis,
2495 4611 2553 4663 et
2574 4606 2746 4681 paulo
2779 4611 2912 4680 post
2933 4603 3210 4662 Bernardi
3241 4603 3439 4661 clerici
3461 4603 3837 4662 Carnotensis

2177 4697 2572 4754 contractione
2622 4695 2962 4752 laborantis.
2988 4696 3116 4751 Haec
3166 4693 3311 4750 satis
3361 4694 3433 4749 de
3481 4692 3834 4752 miraculis:

2182 4788 2390 4860 Syrum
2424 4787 2756 4856 audiamus,
2785 4787 2955 4858 cujus
3000 4783 3330 4840 lucubratio
3383 4784 3441 4838 in
3495 4801 3609 4841 ms.
3641 4783 3838 4842 codice

2181 4875 2498 4950 collegiate:
2549 4876 2736 4932 sancti
2783 4874 3069 4932 Martialis
3115 4869 3680 4942 'Lemovicensis,ex
3725 4887 3837 4944 quo

2183 4982 2312 5023 eam
2371 4964 2522 5022 eruit
2582 4969 2782 5021 noster
2830 4964 3036 5020 Petrus
3086 4963 3339 5030 Trelius,
3396 4962 3548 5018 hanc
3606 4962 3840 5034 praefert

2181 5055 2649 5128 inscriptionem.
