4034 6170
206 308 207 311 “
247 310 366 369 745

1667 319 1867 378 VI'l‘A.
1905 351 1981 362 —
2009 319 2154 379 LIB.
2204 304 2250 379 '1.

3534 326 3651 384 746

243 526 3653 559 Μ

527 672 563 704 ⁸
980 668 1398 804 VlTA
1503 668 2143 807 SANCTI
2260 672 2911 812 MAIOLI

1395 915 1801 979 AUCTORE
1842 915 2063 978 SYRO
2102 916 2521 980 MONAC'HO

1738 1086 2137 1097 -———-——-—-_

720 1206 1069 1262 EPISTOLA
1108 1207 1339 1265 DOMNI
1379 1209 1545 1265 SYRI
1583 1210 1677 1266 AD
1718 1210 2032 1267 DOMNUM
2072 1212 2447 1268 ODILONEM
2484 1212 2825 1269 ABBA'I‘EM
2866 1212 3179 1269 DIREGTA

312 1383 617 1457 Spirituali
677 1385 832 1441 Patri
890 1386 1107 1442 domno
1159 1387 1398 1444 ODILONI
1451 1389 1667 1455 abbati,
1699 1390 1890 1446 SYRUS
1919 1393 1976 1459 Α
2004 1407 2119 1446 non
2142 1391 2393 1447 audebat
2414 1408 2540 1463 quae
2563 1389 2781 1463 ingenii
2804 1392 3085 1463 parvitate
3116 1406 3527 1448 consummare
3549 1391 3654 1446 dif-

240 1471 666 1529 monacborum
698 1474 1262 1548 infimus,quidquid
1296 1476 1355 1531 in
1387 1476 1613 1533 Christo
1645 1477 1893 1534 felicius.

313 1562 478 1635 Seps
532 1561 679 1618 mihi
738 1561 1116 1636 multumque
1171 1566 1472 1621 cunctanti
1513 1566 1667 1622 beati
1700 1567 1893 1623 Maioli

238 1650 601 1706 venerabiles
659 1654 825 1707 actus
881 1652 1012 1725 styli
1078 1655 1349 1726 prosequi
1408 1654 1621 1722 officio,
1656 1671 1790 1711 cum
1822 1656 1892 1710 ad

239 1740 300 1794 id
342 1738 535 1812 operis
592 1742 804 1794 sanctae
859 1741 1274 1797 recordationis
1328 1743 1615 1799 Warnerii
1674 1744 1892 1816 impor-

240 1832 387 1884 tuna
415 1832 752 1900 perurgeret
790 1828 1015 1900 petitio,
1046 1830 1233 1885 multa
1263 1848 1326 1886 se
1354 1832 1733 1903 objiciebant,
1766 1849 1893 1905 qua:

239 1933 314 1970 ne
345 1917 403 1971 id
434 1933 678 1972 conarer
734 1933 849 1973 non
908 1918 1139 1974 modica
1198 1936 1293 1975 me
1351 1920 1660 1975 formidine
1702 1922 1891 1976 deter-

238 2006 469 2062 rebant.
500 2005 602 2060 Vir
658 2006 876 2078 quippe
932 2006 1030 2063 ille
1087 2009 1186 2079 qui
1246 2009 1531 2083 divulgari
1565 2011 1892 2082 petebatur,

237 2094 326 2149 sic
356 2094 591 2150 virtutis
619 2094 972 2150 sectantium
1015 2097 1238 2152 exstitit
1276 2097 1554 2165 imitator,
1589 2103 1653 2153 ut
1692 2114 1891 2154 earum

237 2183 508 2238 omnium
557 2183 889 2240 indefessus
939 2189 1096 2240 esset
1135 2189 1422 2257 operator.
1458 2186 1621 2242 Unde
1650 2188 1701 2242 ei
1729 2192 1896 2259 gesta

237 2272 504 2344 digerere
533 2272 756 2344 absque
812 2277 1159 2328 cunctarum
1218 2274 1501 2330 virtutum
1559 2277 1896 2347 conjectura

238 2360 579 2432 quempiam
634 2365 725 2415 est
778 2360 1165 2433 impossibile.
1200 2363 1374 2419 Recte
1420 2381 1553 2420 vero
1593 2364 1893 2438 disputare

240 2466 361 2505 non
418 2447 689 2520 praevalet
741 2448 813 2505 de
869 2448 1205 2518 virtutibus,
1241 2451 1511 2523 quisquis
1568 2450 1661 2507 his
1720 2452 1896 2507 fuerit

236 2554 501 2607 vacuus;
525 2537 806 2610 quoniam
866 2554 1034 2595 mens
1081 2539 1177 2594 cui
1209 2544 1367 2595 caret
1395 2536 1802 2614 intelligentia,
1834 2540 1892 2595 id

239 2626 468 2681 discere
527 2625 730 2698 nequit
785 2626 1049 2682 scientia.
1083 2627 1214 2683 Haec
1243 2626 1460 2685 idcirco
1485 2628 1722 2701 aggredi
1750 2646 1891 2684 cun-

239 2716 462 2783 ctabar,
496 2715 712 2788 quibus
743 2731 835 2771 me
865 2715 1028 2771 nulla
1076 2715 1289 2772 virtute
1335 2716 1641 2789 dignabar.
1675 2717 1892 2774 Rerum

237 2805 494 2877 denique
516 2805 859 2877 magnitudo
878 2802 1159 2876 laborque
1180 2804 1438 2862 difficilis
1451 2823 1543 2861 me
1557 2823 1764 2862 rursus
1777 2823 1896 2862 mo-

235 2892 431 2960 vebat,
464 2893 620 2964 quod
644 2891 1000 2963 multiplices
1021 2892 1440 2949 miraculorum
1477 2899 1760 2966 actusque
1780 2895 1894 2950 vir-

237 2986 439 3037 tutum
470 2980 611 3035 dum
638 2996 806 3036 mens
827 2980 1353 3053 contemplabatur,
1387 2999 1675 3055 suamque
1700 2984 1892 3045 scien-

234 3070 384 3126 tiam
415 3070 809 3136 scrutabatur,
824 3069 1085 3126 veritatis
1107 3071 1310 3127 territa
1330 3072 1619 3127 sententia
1640 3071 1894 3144 incipere

2006 1478 2241 1535 ﬁdebat.
2257 1479 2629 1537 Temeritatis
2646 1479 2888 1552 insuper
2901 1496 3017 1543 non
3044 1479 3339 1535 immerito
3370 1477 3536 1552 argui
3567 1494 3655 1535 ve-

2006 1568 2191 1635 rebar,
2227 1567 2275 1623 si
2308 1569 2586 1625 audacter
2616 1585 3054 1641 prmsumerem,
3086 1586 3213 1641 quas
3246 1583 3339 1624 me
3368 1568 3654 1640 perspica-

2004 1655 2262 1712 cioribus
2291 1656 2378 1711 vel
2409 1656 2901 1729 ingeniosioribus
2939 1656 3361 1712 committenda
3388 1657 3506 1712 fore
3537 1672 3651 1712 non

2003 1745 2366 1818 ignorabam.
2401 1746 2511 1801 Sed
2575 1745 2695 1801 haec
2727 1745 2872 1800 mihi
2904 1746 3100 1800 de“me
3128 1744 3363 1817 cognita
3393 1745 3652 1815 praefatio

2005 1833 2326 1905 quamlibet
2374 1851 2506 1889 vero
2536 1833 2751 1905 sapius
2773 1850 2875 1905 pro
2907 1833 3278 1889 excusatione
3309 1833 3453 1888 foret
3482 1849 3654 1905 oppo-

2003 1922 2136 1988 sita,
2166 1920 2448 1977 ille........
2483 1922 2603 1978 Sub
2635 1922 2838 1977 eodem
2870 1920 3150 1992 temporis
3180 1920 3425 1976 articulo
3456 1938 3551 1977 me
3578 1922 3650 1976 ad

2004 2010 2544 2083 ltaliam,illumque
2565 2011 2730 2066 vobis
2761 2010 3011 2083 dirigere
3042 2008 3363 2082 placuisset
3394 2010 3465 2064 ad
3496 2009 3654 2065 Alsa-

2003 2099 2167 2167 tiam,
2201 2117 2350 2173 opus
2380 2101 2535 2172 quod
2568 2099 2967 2171 relinquebam
2990 2097 3417 2170 imperfectum,
3452 2113 3651 2152 secum

2002 2188 2126 2260 ipse
2141 2188 2352 2243 detulit
2372 2206 2475 2261 per
2493 2187 2740 2244 schedas
2761 2182 3258 2259 dispersum.Post
3270 2185 3651 2257 ejusdemque

2001 2275 2437 2348 l‘acrymabilem
2476 2276 2813 2343 transitum,
2845 2291 2979 2330 cum
3010 2280 3211 2330 vestrae
3243 2274 3561 2347 praesentia;
3591 2272 3650 2326 in

2003 2363 2368 2420 Morbacensi
2416 2352 2677 2420 emnobio
2738 2363 2944 2419 fuisset
2997 2361 3283 2432 oblatum,
3318 2363 3651 2435 injunctum

2001 2451 2148 2508 mihi
2182 2458 2272 2508 est
2299 2470 2369 2509 ex
2405 2457 2598 2509 vestra
2654 2452 2961 2520 sententia,
2998 2468 3114 2523 quo
3168 2451 3463 2507 studerem
3524 2467 3650 2522 qua:

2001 2540 2243 2596 deerant
2272 2541 2503 2609 addere,
2538 2546 2596 2598 et
2624 2540 2977 2613 scriptorum
3034 2539 3174 2595 vitio
3231 2539 3548 2611 depravata
3578 2539 3652 2594 ad

2001 2633 2219 2684 statum
2235 2630 2549 2702 pristinum
2565 2628 2869 2702 relegendo
2887 2628 3355 2700 corrigere,quod
3368 2627 3651 2683 inchoans

2001 2721 2067 2771 ut
2096 2717 2255 2788 potui
2288 2733 2393 2789 pro
2436 2722 2632 2772 vestra
2678 2715 2948 2788 jussione
3002 2716 3291 2788 perﬁcere
3337 2714 3561 2780 studui,
3594 2719 3653 2768 et

2002 2805 2229 2860 utinam
2285 2812 2405 2860 tam
2463 2805 2796 2873 efficaciter,
2831 2822 3010 2876 quam
3066 2803 3334 2870 libenter,
3368 2807 3544 2874 atque
3588 2805 3652 2856 ut

2003 2893 2176 2949 debui
2205 2900 2398 2949 vestro
2429 2893 2673 2965 imperio
2716 2894 2906 2964 parui.
2942 2892 3240 2947 Ideo.......
3276 2890 3650 2962 praesumptio

2002 2986 2203 3038 contra
2229 2983 2618 3055 redargu....'..

1346 3377 2028 3515 INCIPIT
2131 3379 2553 3517 VITA

1546 3633 1865 3717 LIBER
1933 3633 2350 3767 PRIMUS

312 3807 357 3863 Ι.
393 3806 727 3864 Laudabilis
758 3806 858 3863 Dei
889 3807 1072 3863 nostri
1102 3807 1285 3863 virtus
1305 3813 1359 3863 et
1382 3808 1668 3880 sapientia
1700 3810 1887 3865 aetatis
1916 3811 1959 3877 C
1999 3810 2113 3866 dici
2146 3808 2368 3865 oculus.
2404 3808 2777 3865 Convenienti
2826 3807 3040 3862 etenim
3092 3807 3428 3863 futurarum
3463 3820 3657 3859 rerum

237 3900 299 3953 et
330 3895 723 3969 generationis
771 3896 1149 3952 succedentia
1196 3895 1308 3951 sibi
1354 3901 1615 3968 tempora
1645 3896 1899 3953 mirabili

238 3984 642 4057 praeordinans
664 3984 1012 4040 szsculorum
1036 3984 1495 4057 dispensatione,
1510 3984 1739 4040 nullum
1758 3990 1900 4041 tem-

239 4091 355 4146 pus
385 4070 666 4145 relinquit
695 4090 946 4129 vacuum
976 4074 1258 4130 bonitatis
1291 4091 1430 4129 suas.
1466 4073 1628 4129 Unde
1683 4079 1898 4130 sanctae

238 4179 364 4219 suae
401 4161 669 4217 Ecclesiae
701 4162 902 4219 ﬁdeles
924 4179 1027 4234 per
1042 4180 1257 4236 aquam
1280 4162 1490 4218 salutis
1511 4167 1567 4241 et
1588 4179 1898 4237 regenera-

237 4251 425 4308 tionis
459 4250 519 4306 in
549 4250 805 4307 filiorum
828 4268 1073 4307 numero
1095 4256 1510 4307 annumeratos
1532 4252 1683 4307 bono
1706 4268 1897 4308 exem-

240 4340 342 4413 plo
362 4338 783 4396 meliorationis
814 4344 933 4395 tam
973 4340 1420 4412 praecedentium
1454 4345 1688 4412 patrum
1720 4358 1898 4413 quam

242 4432 301 4483 et
320 4428 694 4500 prmsentium
719 4444 950 4499 semper
971 4427 1364 4497 confirmat,et
1384 4428 1455 4483 ad
1488 4429 1901 4500 consequenda

243 4522 473 4572 aeterna:
524 4516 881 4571 haereditatis
928 4516 1144 4589 gaudia
1186 4514 1488 4587 invigilare
1518 4516 1801 4572 insinuat.
1837 4516 1898 4571 In

242 4605 357 4660 hoc
376 4604 558 4677 igitur
580 4604 785 4661 ultimo
807 4606 994 4660 aetatis
1014 4604 1262 4660 termino
1286 4621 1487 4660 verum
1520 4604 1728 4677 suique
1760 4606 1898 4660 fide-

241 4694 364 4749 lem
394 4692 791 4749 certissimum
850 4694 1084 4749 beatum
1146 4693 1424 4749 Maiolum
1484 4694 1682 4749 divina
1712 4694 1899 4766 pietas

242 4782 470 4837 mundo
493 4782 753 4854 protulit,
779 4782 878 4855 qui
898 4781 1072 4837 claris
1093 4787 1256 4837 ortus
1283 4782 1594 4850 natalibus,
1628 4800 1697 4838 ex
1716 4785 1898 4838 Aven-

245 4871 515 4926 nicorum
547 4869 762 4943 oppido
781 4871 1123 4942 parentibus
1145 4870 1640 4943 splendidissimis
1661 4876 1748 4926 est
1770 4889 1899 4942 pro-

244 4964 504 5026 creatus,
568 4959 945 5015 Provincialis
1023 4960 1261 5031 quidem
1331 4975 1562 5031 genere,
1615 4960 1901 5015 nobilium

243 5048 551 5105 Gallorum
588 5047 781 5103 clarus
815 5049 1223 5122 generositate.
1259 5048 1361 5102 llic
1384 5045 1623 5117 abipsis
1646 5047 1901 5103 infantia:

244 5137 602 5193 rudimentis
627 5137 841 5193 studiis
863 5136 1182 5192 litteratum
1205 5134 1475 5201 traditus,
1492 5152 1747 5207 superna
1769 5154 1900 5209 pro-

2008 3897 2310 3969 prazsagio,
2336 3896 2437 3952 tali
2458 3896 2692 3952 nomine
2711 3896 2962 3950 donatur
2992 3894 3093 3950 illa
3123 3893 3381 3951 veritatis
3412 3891 3662 3963 etjusti-

2008 3986 2099 4040 tia:
2118 3986 2421 4053 columna;
2441 3985 2718 4059 quoniam
2751 3985 2990 4056 quidem
3022 4001 3124 4057 per
3139 3982 3473 4055 quadrifida
3490 3987 3663 4037 terra-

2008 4092 2139 4130 rum
2164 4075 2357 4147 spatia
2374 4091 2585 4147 magna
2602 4073 2860 4128 extendit
2877 4091 2995 4128 suae
3014 4070 3396 4131 beatitudinis
3414 4069 3661 4126 lumina.

2010 4164 2116 4220 Pro
2157 4163 2433 4236 operibus
2491 4162 2647 4218 enim
2709 4162 2914 4217 iterato
2973 4161 3250 4233 praascitaz
3281 4164 3339 4216 et
3368 4158 3662 4232 disposita:

2008 4252 2121 4308 sibi
2144 4252 2428 4308 divinitus
2447 4252 2576 4306 vita:
2597 4249 2711 4306 tale
2730 4250 2779 4306 ei
2798 4267 3009 4306 nomen
3027 4248 3403 4307 conveniebat
3426 4238 3677 4313 habere,

2008 4341 2163 4412 quod
2196 4340 2253 4394 in
2281 4339 2372 4395 sui
2403 4338 2741 4394 memeriale
2800 4339 3020 4395 bonum
3078 4337 3292 4393 Christi
3331 4337 3568 4391 odorem
3600 4334 3662 4388 in

2007 4430 2283 4485 cordibus
2312 4428 2574 4484 fidelium
2634 4427 2849 4484 faceret
2906 4427 3183 4493 redolere,
3219 4430 3301 4491 ut,
3335 4423 3661 4479 secundum

2006 4517 2264 4588 Apostoli
2287 4515 2944 4583 testimonium,Christi
2977 4517 3166 4570 bonus
3197 4514 3341 4568 odor
3370 4526 3661 4566 mereren-

2011 4611 2107 4661 tur
2134 4606 2277 4671 ﬁeri,
2312 4605 2409 4677 qui
2444 4606 2569 4659 vita:
2597 4611 2654 4661 et
2683 4604 3144 4661 conversationis
3183 4603 3311 4674 ejus
3344 4599 3665 4655 voluissent

2008 4694 2253 4766 vestigia
2274 4694 2513 4747 imitari.
2541 4694 2642 4748 llic
2665 4693 2878 4748 etenim
2902 4691 3278 4747 beatissimus
3300 4693 3462 4760 pater
3484 4686 3664 4742 Maio-

2010 4782 2103 4837 lus
2131 4800 2233 4853 pro
2266 4782 2594 4837 sanctitatis
2625 4786 2681 4837 et
2707 4780 2938 4852 pietatis
2991 4796 3109 4834 sua:
3157 4778 3445 4832 fructibus
3486 4775 3664 4830 inun-

2012 4872 2221 4926 dandis
2274 4870 2488 4925 Christi
2527 4870 2715 4925 bonus
2738 4869 2880 4923 odor
2902 4867 3243 4939 permansit,
3277 4870 3335 4921 et
3367 4866 3666 4937 permanet

2012 4959 2071 5015 in
2094 4959 2187 5019 his
2211 4960 2308 5031 qui
2333 4962 2597 5030 pereunt,
2633 4963 2689 5011 et
2731 4957 2787 5010 in
2828 4955 2920 5010 his
2942 4955 3041 5027 qui
3068 4954 3206 5010 salvi
3234 4954 3402 5008 ﬁunt.
3438 4949 3664 5006 Sancti-

2012 5050 2252 5103 ticatum
2283 5044 2911 5117 namquethymiama
2954 5049 3388 5116 unguentorum
3420 5055 3661 5096 suorum

2013 5136 2333 5192 secundum
2358 5134 2595 5190 Cantica
2620 5134 2981 5189 canticorum
3004 5130 3222 5187 multos
3243 5135 3301 5186 et
3331 5130 3664 5184 innumera-

241 5227 481 5283 vidente
503 5224 811 5284 clementia
827 5226 906 5282 ita
924 5226 981 5281 in
1001 5226 1171 5281 domo
1189 5224 1419 5279 Domini
1442 5223 1678 5279 lucerna
1694 5227 1904 5281 ardens
1939 5215 1981 5240 υ
2014 5224 2161 5280 biles
2184 5229 2314 5295 post
2336 5239 2396 5278 se
2418 5222 2609 5289 traxit,
2636 5221 2733 5293 qui
2757 5220 2876 5277 zelo
2897 5218 3227 5277 sanctitatis
3250 5216 3497 5284 accensi,
3531 5215 3665 5287 igne

243 5315 485 5371 elucens
542 5314 792 5382 refulsit,
825 5320 891 5369 ut
940 5315 1011 5369 de
1059 5330 1125 5368 eo
1181 5312 1324 5368 illud
1372 5312 1689 5367 Mosaicum
1722 5314 1907 5385 possit
2017 5311 2389 5385 perfectionis
2434 5309 2657 5376 fervidi,
2682 5310 2908 5380 abjecta
2962 5307 3264 5365 inveterati
3321 5303 3579 5377 corporis
3609 5307 3668 5357 et

243 5402 366 5459 dici
401 5420 414 5457 :
449 5403 588 5460 Novi
617 5410 666 5460 te
692 5419 763 5460 ex
792 5404 1033 5461 nomine.

2019 5400 2337 5474 pigrodinis
2359 5416 2524 5471 ruga,
2550 5399 2607 5453 in
2631 5398 3158 5456 adolescentiorum
3190 5398 3485 5453 irruerunt
3505 5390 3667 5448 forti-

324 5493 653 5549 Il.Maiolus
683 5509 757 5548 ex
789 5494 1009 5549 nomine
1036 5489 1545 5548 laudatus.-—Nam
1574 5488 1913 5558 Maiolus,ut
2020 5490 2305 5546 tudinem.
2339 5487 2446 5554 Qui
2495 5487 2891 5560 tympanizant
2939 5488 3082 5543 illud
3134 5484 3437 5542 monachis
3483 5481 3669 5556 perfe-

234 5583 519 5657 jucundo
553 5581 823 5637 laetemur
850 5580 1372 5659 interprete,quasi
1404 5595 1655 5653 magnus
1686 5580 1915 5637 videtur
2023 5580 2233 5638 ctionis
2293 5594 2486 5653 opere,
2521 5577 2674 5652 quod
2726 5578 2783 5635 S.
2820 5578 2987 5636 Pater
3034 5576 3380 5635 Benedictus
3435 5568 3673 5633 edocuit

585 5710 865 5775 PATROL.
911 5707 1249 5773 CXXXVII.

3271 5704 3351 5769 24
