4034 6170
377 387 490 451 ’747
1497 387 1560 445 S.
1605 380 1876 444 MAIOLI
1925 374 2257 440 ABBATIS
2303 374 2660 437 CLUNIAC.
3666 363 3788 428 748

367 523 563 580 divino
603 521 896 594 dogmate,
929 523 1015 590 ut,
1043 518 1244 576 relicta
1303 514 1610 588 superflua:
1663 510 2022 568 curiositatis
2050 511 2105 576 Α
2135 512 2262 563 tum
2293 506 2587 564 convaluit
2618 523 2733 561 non
2765 504 2936 560 modo
2969 501 3255 566 doctrina,
3289 517 3489 556 verum
3522 500 3790 556 moribus

369 610 622 680 sarcina,
651 588 1011 666 transvolant
1067 607 1278 680 pennis
1338 603 1471 660 fidei
1531 607 1590 660 et
1631 601 1918 658 libertatis
1949 597 2021 655 ad
2131 601 2189 652 et
2213 595 2350 651 vita.
2383 595 2662 652 Praedicta
2701 593 2940 666 quidem
2963 597 3106 680 tunc
3127 590 3343 680 civitas
3361 605 3567 646 omnes
3596 588 3791 645 excel-

372 678 616 757 aathera.
1069 678 1087 680 _
2131 683 2288 739 lebat
2309 683 2420 739 sibi
2445 683 2803 756 propinquas
2832 685 2954 736 tam
2984 679 3264 752 religione
3293 678 3579 734 virtutum
3612 694 3794 750 quam

443 788 540 846 ῙΙῙ.
572 789 719 844 Puer
739 786 832 842 dat
849 788 1150 859 specimina
1177 787 1418 840 virtutis.
1444 814 1512 823 -—
1537 781 1638 836 Hic
1663 778 1876 836 etenim
1899 779 2029 832 bea-
2135 773 2332 830 studio
2355 771 2686 828 liberalium
2712 769 2947 826 artium.
2963 769 3196 826 Offensa
3211 785 3463 840 namque
3480 767 3794 840 sapientia,

371 876 639 934 tissimus
671 892 735 932 ac
769 857 1190 931 dilectissimus
1216 873 1462 928 Maiolus
1485 869 1678 925 divino
1702 871 2027 942 prmventus
2137 879 2264 934 qua:
2279 867 2512 934 propter
2531 861 2796 933 seipsam
2820 862 3046 915 tantum
3061 857 3388 930 appetenda
3403 859 3803 928 est,quorum-

376 961 1337 1038 munere,qualiaitineralaudum
1364 966 1421 1016 et
1446 959 1731 1014 virtutum
1765 971 2031 1028 sequere-
2139 950 2276 1006 dam
2309 950 2487 1006 lucris
2518 950 2812 1021 turpibus,
2847 946 3169 1003 multorum
3196 943 3634 1017 indisciplinata
3650 945 3800 1013 vita,

373 1060 490 1124 tur,
526 1034 876 1127 przedicebat
899 1051 1164 1106 nomine:
1185 1055 1242 1106 et
1269 1051 1328 1105 in
1351 1048 1639 1105 infantilis
1661 1047 1846 1100 (etatis
1878 1049 2028 1098 tcm-
2141 1039 2403 1094 omnium
2437 1043 2728 1110 postremo
2759 1037 2952 1127 tepide
2970 1053 3032 1091 se
3051 1035 3452 1108 appetentium
3482 1034 3804 1089 inhonesta

377 1123 546 1218 pore,
571 1143 738 1214 quasi
800 1141 1095 1213 quoddam
1156 1137 1646 1212 praemonstrabat
1693 1131 2031 1191 maturioris
2142 1129 2386 1196 desidia,
2421 1131 2838 1199 praeceptorum
2866 1125 3062 1196 inopia
3092 1124 3484 1179 intercedente
3513 1123 3808 1194 priorum-

377 1211 565 1288 astatis
587 1211 1096 1302 irreprehensibile
1134 1211 1333 1296 decus,
1368 1227 1619 1282 scienter
1649 1222 1882 1279 nescius
1903 1221 2033 1275 vita:
2144 1235 2255 1290 que
2283 1217 2496 1272 studiis
2527 1214 3019 1286 collapsis,bujus
3038 1215 3248 1268 nostra:
3265 1211 3576 1267 exitialiter
3593 1228 3808 1284 perosa

381 1339 500 1378 sua:
533 1299 852 1394 primordia
872 1317 1090 1373 caelesti
1113 1315 1515 1388 discipulatui,
1551 1319 1607 1370 et
1632 1313 1926 1384 sapienter
1953 1309 2037 1364 in-
2145 1303 2702 1378 regionis,Lugduni
2723 1303 2836 1358 sibi
2859 1302 3201 1374 aliquandiu
3216 1299 3503 1355 familiare
3518 1302 3808 1355 consisto-

384 1389 592 1467 doctus
639 1407 949 1480 acquirens
1001 1405 1114 1463 sibi
1144 1398 1490 1478 magistralc'
1511 1403 1691 1458 decus
1721 1401 1780 1456 in
1813 1396 2036 1455 novello
2146 1394 2301 1450 rium
2323 1393 2648 1450 collocavit.
2677 1392 2760 1448 lbi
2791 1408 2939 1464 quas
2968 1391 3174 1480 dicunt
3198 1389 3648 1480 disciplinarum
3665 1389 3808 1444 libe-

384 1495 614 1553 dierum
637 1476 904 1550 numero.
939 1491 1034 1549 Sic
1057 1476 1510 1566 igiturcmlestis
1542 1489 1729 1562 pietas
1757 1487 1818 1543 in
1849 1485 2040 1559 ipsius
2148 1482 2360 1540 ralium
2381 1481 2613 1555 peritia,
2631 1496 2895 1554 quasque
2917 1478 3119 1535 ordine
3149 1494 3382 1534 currere
3399 1476 3511 1534 hoc
3540 1482 3812 1551 tempore

385 1582 571 1641 astatis
591 1581 840 1640 termino
885 1583 1164 1654 coaptans
1207 1597 1341 1637 eum
1381 1577 1494 1636 sibi
1525 1578 1595 1634 ad
1620 1575 1918 1633 electionis
1950 1573 2037 1629 fu-
2149 1571 2348 1628 fabula
2368 1575 2601 1628 tantum
2623 1574 2732 1638 est,
2765 1587 2833 1626 eo
2855 1585 3044 1641 usque
3067 1566 3382 1634 convaluit,
3415 1571 3482 1623 ut
3511 1571 3810 1639 quantum

385 1678 530 1730 tum
581 1670 972 1746 privilegium,
1027 1668 1402 1726 scholaribus
1459 1664 1788 1740 disciplinis
1845 1664 2040 1736 ipsum
2151 1661 2222 1717 ad
2248 1658 2809 1731 scholas,publicum
2831 1655 3224 1746 appellaretur
3243 1655 3814 1746 citramariniorbis

385 1757 560 1816 subdi
581 1743 930 1831 voluit,iper
989 1772 1164 1830 quem
1225 1761 1425 1828 postea
1481 1753 1792 1810 abundans
1833 1750 2039 1807 divina:
2149 1749 2548 1823 gymnasium.
2601 1748 2690 1817 Et,
2725 1753 2790 1804 ut
2816 1745 3037 1819 aliquid
3075 1743 3318 1802 rationis
3349 1745 3554 1801 afferre
3585 1744 3813 1814 videar,

382 1845 670 1920 largitatis
710 1845 1027 1901 thesaurus
1085 1843 1334 1916 plenitcr
1393 1841 1612 1898 mundo
1671 1839 1992 1912 aperiretur
2023 1852 2036 1892 :
2070 1873 2120 1940 Β
2151 1854 2218 1894 eo
2248 1839 2304 1893 id
2340 1841 2685 1910 argumento
2707 1835 3060 1909 colligimus,
3095 1834 3250 1906 quod
3283 1832 3554 1906 quisquis
3584 1833 3810 1890 artium

383 1934 556 1991 multi
587 1951 820 2006 quoque
850 1934 1164 2006 adjuvante
1224 1929 1628 2002 Redemptoris
1684 1926 2040 2000 benignitate

385 2021 849 2088 meliorarentur,
885 2022 986 2092 qui
1017 2019 1202 2092 ipsius
1228 2017 1562 2075 sanctitatis
1593 2015 1873 2072 laudabili
1905 2015 2042 2070 affa-

385 2110 608 2167 bilitate
637 2111 988 2166 fruerentur.
1019 2106 1445 2180 Multiplicibus
1477 2105 1728 2178 denique
1759 2105 2040 2160 virtutum

387 2199 707 2256 adornatus
755 2197 925 2255 donis
969 2197 1179 2253 beatus
1210 2196 1377 2252 Pater
1409 2194 1678 2260 Maiolus,
1712 2195 1830 2250 vita
1861 2194 2045 2266 Operi-

388 2289 618 2362 basque
637 2286 971 2356 laudabilis,
995 2303 1114 2342 sua)
1132 2285 1317 2342 rotatis
1347 2283 1676 2341 infantilem
1709 2283 2044 2340 teneritudi-

390 2393 524 2433 nem
547 2375 888 2432 maturioris
917 2375 1098 2430 animi
1125 2373 1402 2430 firmitate
1433 2372 1688 2429 reddidit
1703 2371 2040 2445 perfectam.

389 2465 494 2522 Cui
509 2464 570 2520 in
588 2464 755 2520 initio
769 2464 998 2520 viarum
1022 2479 1264 2543 suarum
1285 2461 1750 2536 praedivinabant
1771 2460 2044 2518 coaetanei

395 2571 510 2611 non
540 2554 741 2611 deesse
771 2553 823 2610 ei
853 2553 912 2608 in
942 2553 1208 2608 futurum
1255 2551 1551 2624 quoddam
1598 2549 2044 2623 magnificentia

395 2641 824 2716 magisterium,
841 2658 976 2698 eum
999 2644 1325 2714 quoque,ut
1347 2656 1547 2695 eorum
1572 2639 1720 2694 seire
1749 2639 2042 2706 manebat,

395 2730 689 2788 favoribus
719 2730 952 2803 magnis
979 2727 1334 2786 extollebant
1363 2731 1421 2784 et
1450 2727 1745 2784 laudibus.

465 2818 908 2876 IV.Matisconem
934 2817 1156 2884 accedit,
1177 2817 1361 2889 ibique
1387 2817 1682 2873 canonica:
1719 2823 1860 2872 caste
1891 2816 2042 2870 vivit.

393 2938 463 2951 —-
485 2907 764 2966 Processu
796 2907 994 2980 itaque
1022 2905 1304 2978 temporis
1333 2905 1582 2960 decursa
1609 2903 1879 2976 pueritia,
1911 2919 2046 2958 cum

391 3012 529 3052 eum
553 2996 681 3070 jam
733 2994 846 3050 sibi
889 2993 1212 3050 vindicaret
1261 2992 1670 3060 adolescentia,
1705 2991 2048 3064 parentibus

391 3083 654 3140 humana
673 3086 828 3138 sorte
849 3081 1558 3154 praeventis,paternisque
1579 3081 1816 3153 prandiis
1846 3079 2050 3135 barba-

393 3171 516 3228 rica
562 3171 861 3227 invasione
892 3171 951 3226 in
982 3169 1360 3226 solitudinem
1383 3171 1512 3242 jam
1546 3169 1819 3235 redactis,
1852 3167 2048 3223 divina

2152 1927 2608 2000 profitendarum
2644 1925 2975 1981 afficeretur
3004 1924 3344 1992 studio,non
3369 1927 3506 1978 ante
3526 1921 3813 1995 professis

2151 2015 2392 2072 inscribi
2423 2003 2774 2080 merebatur,
2808 2029 2989 2086 quam
3019 2012 3157 2068 hinc
3187 2011 3485 2085 explorata
3501 2011 3813 2084 diligentia

2151 2104 2518 2161 examinatus
2549 2103 2754 2159 abiret.
2789 2103 2892 2158 Cui
2951 2102 3032 2157 rei
3086 2100 3375 2173 satyricus
3405 2117 3640 2172 quoque
3667 2099 3813 2156 asti-

2153 2193 2392 2268 pulatur
2421 2193 2522 2266 qui
2555 2197 2618 2247 ut
2648 2189 2898 2264 exempli
2952 2189 3394 2246 circumstantia
3439 2205 3535 2244 res
3558 2187 3812 2256 eluceat,

2153 2281 2344 2355 primo
2372 2281 2464 2337 sui
2494 2280 2688 2354 operis
2718 2279 2868 2335 libr)
2895 2278 3106 2335 acriter
3135 2279 3354 2350 diuque
3384 2278 3445 2334 in
3475 2278 3814 2350 impudicos

2155 2373 2439 2439 invectus,
2469 2371 2580 2426 fert
2610 2387 2711 2427 eos
2751 2368 3108 2426 conscientia
3163 2368 3513 2440 frequentati
3570 2368 3814 2424 sceleris

2156 2461 2397 2535 perinde
2425 2458 2760 2534 pallescere.

2281 2569 2354 2634 Ut.
2375 2583 2785 2648 Lugdunensem
2817 2583 2998 2634 rhetor
3027 2583 3266 2634 dicturus
3295 2583 3362 2633 ad
3393 2596 3538 2634 aram
3561 2585 3652 2646 (1).

2229 2690 2291 2746 In
2323 2706 2391 2746 ea
2420 2690 2618 2762 itaque
2650 2691 2815 2760 urbe,
2849 2695 2914 2746 ut
2942 2689 3221 2758 diximus,
3251 2707 3387 2747 cum
3421 2689 3814 2764 philosophos

2156 2778 2426 2851 virosque
2487 2779 2716 2834 audiret
2773 2778 3218 2848 ecclesiasticos,
3251 2778 3448 2834 divina
3485 2777 3818 2851 inspirante

2157 2867 2366 2940 gratia,
2396 2884 2600 2925 omnes
2655 2885 2793 2924 suos
2851 2867 3147 2940 praecessit
3201 2866 3444 2922 aemulos
3497 2865 3814 2938 sapientia.

2158 2957 2509 3013 Fecunditas
2531 2955 2872 3030 eloquentia":
2895 2955 3160 3029 gravitati
3182 2960 3322 3011 tunc
3353 2955 3820 3028 componebatur

2157 3045 2478 3118 sapientiae.
2516 3045 2593 3102 Fx
2651 3044 2894 3101 materia
2930 3044 3176 3117 hujusce
3211 3043 3675 3118 compositionis,
3708 3059 3818 3099 vas

2157 3151 2285 3190 esse
2315 3133 2488 3206 ccepit
2516 3132 2836 3190 electionis.

395 3259 740 3333 disponente
783 3257 1147 3330 providentia
1176 3235 1442 3314 naturale
1472 3256 1663 3315 solum
1697 3260 1931 3312 coactus
1958 3259 2047 3311 est

2227 3240 2323 3296 Vl.
2357 3241 2616 3297 Virtutem
2659 3242 2848 3314 jungit
2899 3240 3117 3296 studiis.
3151 3272 3220 3280 —
3249 3240 3515 3312 Cumque
3556 3241 3686 3312 jam
3721 3257 3820 3296 ve-

398 3350 683 3416 deserere,
717 3363 782 3402 ac
815 3347 1166 3420 Burgundiaa
1221 3351 1415 3419 partes
1445 3351 1751 3419 expetere;
1785 3344 2052 3401 veniens-

401 3452 515 3510 que
545 3437 617 3491 ad
651 3435 857 3492 urbem
915 3433 1327 3490 Matiscenscm
1387 3438 1699 3506 susceptus
1745 3437 1836 3488 est
1880 3431 1960 3487 ibi
1993 3431 2052 3486 in

402 3524 659 3598 hospitio
679 3541 714 3580 a
733 3525 988 3596 quodam
1012 3527 1120 3579 δύο
1141 3524 1490 3595 propinquo,
1506 3523 1605 3594 qui
1626 3521 1778 3577 inter
1797 3520 2054 3592 reliquos

402 3612 668 3686 ejusdem
701 3613 868 3670 urbis
910 3628 1200 3685 proceres,
1235 3610 1556 3667 nobilitatis
1585 3611 1823 3683 gerebat
1852 3611 2050 3666 decus.

402 3701 667 3776 Cumque
705 3701 1050 3774 aliquandiu
1080 3701 1140 3758 in
1172 3701 1300 3774 ejus
1341 3705 1668 3757 moraretur
1715 3700 2052 3776 diversorio,

401 3791 530 3864 ejus
570 3773 753 3847 fultus
793 3773 1168 3857 adminiculo,
1200 3773 1282 3845 uti
1314 3789 1487 3861 cmpit
1515 3789 1778 3860 ejusdem
1806 3773 2056 3843 civitﬁTis

401 3879 674 3954 episcopo
710 3896 722 3933 :
759 3893 936 3952 quem
997 3876 1223 3934 liberali
1283 3894 1526 3934 cernens
1579 3876 1812 3949 ingenio
1844 3877 2053 3942 valere,

399 3969 815 4026 canonicorum
862 3966 1089 4024 studuit
1133 3965 1372 4040 collegio
1413 3965 1706 4038 copulare.
1740 3967 1846 4032 Qui
1879 3965 2054 4022 etiam

399 4073 534 4114 eum
573 4056 858 4113 secretius
905 4072 1142 4113 summa
1189 4055 1536 4111 hortabatur
1567 4054 1864 4122 instantia,
1900 4059 1965 4110 ut
1994 4071 2058 4110 se

397 4143 686 4217 virginem
739 4149 1128 4210 conservaret,
1179 4148 1238 4199 et
1285 4142 1443 4199 velut
1490 4159 1592 4198 vas
1641 4142 1961 4211 electionis,
1997 4141 2056 4198 in

399 4231 660 4290 Ecclesia
703 4233 918 4306 dignus
953 4232 1070 4290 Deo
1093 4233 1274 4288 fieret.
1299 4232 1410 4287 Sed
1433 4231 1691 4305 Virginis
1723 4231 1904 4288 Filius
1927 4233 2057 4304 jam

402 4321 543 4378 olim
601 4319 886 4378 castitatis
939 4337 1136 4378 amore
1196 4325 1400 4394 pectus
1451 4321 1502 4378 ei
1535 4320 1852 4389 efflaverat,
1889 4325 2058 4377 utne

403 4414 621 4484 puncto
651 4409 892 4484 quidem
940 4409 1221 4482 temporis
1253 4409 1326 4466 ab
1357 4410 1486 4482 ejus
1514 4409 1731 4465 intuitu
1761 4414 2060 4483 pateretur

403 4498 618 4556 divelli.
661 4499 970 4556 Dulcorem
1012 4498 1244 4556 Domini
1275 4498 1368 4554 hic
1400 4517 1434 4556 a
1465 4505 1663 4554 tenero
1694 4499 2008 4554 imbiberat
2038 4517 2056 4553 :

2161 3329 2288 3386 stiri
2347 3329 2618 3402 coepisset
2697 3328 3076 3402 vernantibus
3142 3329 3476 3400 juventutis
3546 3328 3821 3396 ﬂoribus,

2163 3420 2244 3474 ita
2300 3434 2468 3474 suam
2552 3399 3004 3475 adolescentiam
3083 3399 3252 3474 bonis
3309 3417 3588 3473 instruxit
3646 3417 3824 3472 mori-

2164 3507 2294 3574 bus,
2357 3511 2420 3562 ut
2475 3521 2543 3562 eo
2601 3511 2861 3578 tempore
2911 3507 3037 3577 jam
3096 3510 3400 3578 putaretur
3464 3505 3819 3562 monachus.

2166 3596 2463 3668 Integrum
2497 3613 2558 3651 se
2588 3599 2646 3650 et
2703 3594 3000 3651 sincerum
3059 3594 3218 3651 omni
3275 3593 3542 3650 custodia
3595 3594 3671 3650 ab
3725 3593 3822 3648 his

2165 3684 2510 3741 observabat
2527 3685 2689 3740 vitiis
2709 3683 2924 3756 quibus
2943 3683 3326 3740 contaminari
3349 3682 3821 3738 solenthomines

2165 3773 2346 3844 hujus
2369 3771 2690 3827 sitatisllis
2722 3773 2878 3828 enim
2909 3771 3096 3828 imbui
3127 3771 3391 3838 timebat,
3426 3787 3497 3826 ne
3526 3774 3734 3826 tenera
3761 3769 3819 3824 in

2165 3864 2332 3916 (state
2343 3859 2700 3915 hisinfeetus
2720 3865 2872 3916 esset
2894 3860 3272 3932 quibus,cum
3289 3853 3688 3926 vellet,carere
3706 3874 3821 3913 non

2165 3953 2384 4021 posset,
2409 3949 2582 4020 juxta
2641 3947 2785 4005 illud
2830 3949 2986 4020 quod
3019 3948 3304 4022 scriptum
3335 3953 3425 4004 est
3455 3963 3469 4002 :
3502 3947 3822 4003 Adolescens

2155 4039 2319 4110 juxta
2347 4038 2494 4092 viam
2517 4053 2692 4106 suam,
2725 4039 2888 4093 etiam
2917 4053 3042 4092 cum
3088 4038 3348 4105 senuerit,
3379 4051 3486 4092 non
3519 4035 3730 4093 recedet
3759 4033 3822 4090 ab

2164 4143 2227 4183 ea
2257 4127 2438 4196 (Prov.
2462 4143 2600 4193 xxii,
2622 4125 2696 4197 6).
2721 4126 3015 4183 Bonorum
3040 4125 3296 4182 virorum
3321 4130 3377 4182 et
3408 4124 3665 4181 maxime
3685 4141 3823 4198 pru-

2167 4214 2431 4272 dentium
2455 4215 2836 4271 contubernio
2853 4213 3484 4288 potitus,turpitudinis
3507 4217 3824 4269 sectatores

2165 4317 2398 4362 BXOSUS.

2237 4411 2794 4469 Vll.Archidiaconus
2826 4420 3035 4468 creatus
3047 4455 3060 4467 .
3071 4443 3132 4453 -—
3145 4412 3176 4468 J
3183 4429 3277 4468 am
3291 4427 3424 4468 vero
3441 4428 3546 4485 per
3557 4416 3824 4476 cunctos,

2166 4505 2338 4574 prout
2356 4501 2536 4558 moris
2559 4507 2666 4570 est,
2687 4501 2908 4575 gradus
2938 4501 3340 4558 conscendens
3372 4500 3825 4564 ecclesiasticos,

405 4595 462 4646 et
477 4589 606 4645 ideo
626 4589 918 4662 pudicitia:
943 4588 1176 4646 nitorin
1198 4605 1264 4644 eo
1288 4587 2059 4659 incanduerat,auxeratque
2090 4605 2136 4670 ι)
2169 4607 2302 4646 cum
2331 4589 2637 4670 levitarum
2671 4589 2958 4662 potiretur
2987 4589 3200 4656 officio,
3235 4590 3307 4644 ad
3341 4589 3608 4660 ejusdem
3643 4603 3826 4661 usque

404 4675 668 4748 largitrix
689 4675 878 4749 gratia
896 4679 1102 4748 pectus
1133 4676 1376 4731 infantis
1406 4675 1750 4730 muneribus
1773 4674 2057 4747 geminis;

404 4765 676 4836 Quodque
717 4763 933 4820 assolet
971 4779 1098 4820 esse
1129 4764 1358 4819 duobus
1389 4767 1618 4834 gratum
1653 4767 1707 4818 et
1738 4763 2056 4832 sufficiens,

404 4851 514 4906 hoc
547 4851 1066 4925 praecumulaverat
1097 4853 1221 4908 uni.

473 4940 540 4996 V.
567 4941 820 5014 Lugduni
851 4943 1046 4998 litteris
1079 4950 1246 4998 vacat.
1272 4941 1460 4997 —Per
1481 4942 1631 4997 idem
1657 4947 1890 5015 tempus
1913 4945 2061 5018 Lug-

403 5029 544 5086 duni
564 5030 851 5086 Antonius
865 5030 1105 5103 quidam
1120 5031 1290 5086 bonis
1305 5030 1559 5103 pollebat
1575 5031 1925 5102 moribus,in
1941 5032 2063 5106 phi-

402 5117 671 5190 losophia
681 5117 823 5173 satis
838 5118 1126 5186 eruditus,
1143 5136 1316 5191 quem
1330 5119 1516 5175 virtus
1529 5124 1582 5174 ct
1600 5119 1802 5193 religio
1820 5120 2060 5178 Insulae—

406 5205 751 5264 Barbarensi
807 5209 1140 5278 priefecerat
1198 5208 1479 5263 emnobio.
1515 5209 1632 5264 Hoc
1670 5209 1756 5264 vir
1785 5209 1887 5265 Dei
1917 5227 2058 5282 quo-

406 5295 679 5350 rumdam
729 5295 1008 5352 relatione
1060 5301 1376 5368 comperto,
1411 5296 1548 5369 quia
1588 5297 1768 5353 nimio
1801 5299 2059 5381 discendi

405 5383 663 5441 fervebat
719 5384 1029 5452 desiderio,
1084 5386 1436 5459 Lugdunum
1497 5386 1764 5458 perrexit,
1815 5388 2061 5461 ejusque

409 5471 747 5544 magisterio
769 5490 829 5529 se
851 5473 924 5528 ad
949 5474 1338 5530 erudiendum
1363 5475 1693 5530 commisit:
1719 5476 1891 5548 cujus
1915 5477 2061 5533 mul-

415 5560 447 5660 ζ
484 5580 562 5660 (f)
595 5579 810 5660 Strabo
941 5579 1453 5660 Geographizc‘lib.
1488 5599 1566 5660 iv,
1602 5587 1921 5660 postquam
1945 5586 2064 5659 egit

411 5647 487 5728 de
515 5649 734 5725 templo
777 5650 994 5707 ibidem
1025 5647 1268 5708 a'Gallis
1313 5654 1575 5728 Augusto
1605 5647 1823 5725 'erecti,
1852 5647 2057 5730 aderat,

1067 5752 1084 5763 ο

2172 4695 2388 4746 arcem,
2419 4678 2687 4734 doctrina
2720 4678 2775 4733 id
2809 4677 3075 4749 exigente
3099 4677 3371 4749 justitizc,
3402 4678 3475 4732 ab
3505 4677 3712 4734 eodem
3744 4681 3830 4732 est

2171 4767 2525 4824 sublimatus
2541 4768 2667 4839 jam
2691 4766 2965 4840 praedicto
2988 4767 3282 4839 pontifice.
3299 4767 3502 4822 Ofﬁcio
3525 4766 3706 4838 igitur
3728 4765 3829 4821 mi-

2171 4857 2536 4912 nistrationis
2557 4860 2806 4928 acceptae
2829 4872 2963 4910 cum
2986 4855 3168 4910 cultui
3195 4856 3372 4922 vinem
3395 4855 3829 4927 manciparetur

2171 4945 2398 5012 divinm,
2434 4949 2497 4999 ut
2527 4944 2705 5016 hujus
2735 4960 2797 5000 se
2829 4945 3156 5016 assignaret
3185 4942 3481 5012 colonum,
3511 4959 3824 4998 commune

2171 5033 2312 5089 utile
2345 5032 2666 5088 multorum
2718 5033 2907 5106 magis
2957 5033 3254 5105 quaerebat
3287 5049 3463 5104 quam
3496 5031 3823 5104 proprium.

2169 5123 2408 5178 Cunctis
2431 5121 3030 5195 benignus,omnibus
3061 5120 3512 5194 requus,nemini
3548 5121 3823 5184 nocebat;

2169 5212 2386 5285 quibus
2425 5216 2651 5283 poterat
2704 5211 2980 5283 prodesse
3013 5210 3307 5266 studebat.
3341 5211 3496 5266 Sana
3524 5209 3746 5281 quippe
3773 5207 3826 5263 ei

2169 5300 2435 5357 doctrina
2455 5298 2640 5355 inerat
2669 5317 2682 5367 ;
2708 5299 2846 5371 quia
2867 5316 2984 5355 sua:
3010 5299 3327 5354 conditioni
3351 5299 3506 5370 quod
3539 5279 3826 5369 compete-
3879 5279 3900 5294 ’

2169 5389 2292 5458 bat,
2324 5387 2468 5443 illud
2501 5387 2744 5443 solerter
2773 5388 3002 5460 agebat,
3036 5391 3274 5460 propter
3321 5385 3464 5442 illud
3513 5383 3775 5459 Apostoli
3807 5400 3820 5436 :

2169 5479 2389 5534 Nemini
2416 5477 2602 5533 dantes
2635 5477 2807 5531 ullam
2837 5477 3206 5549 oﬂ'cnsioncm,
3238 5485 3299 5531 ut
3341 5493 3450 5532 non
3493 5477 3828 5547 vituperetur

2171 5585 2382 5659 inquit,
2414 5591 2467 5640 et
2483 5601 2587 5659 Δ(ινα
2620 5601 2740 5640 cum
2781 5585 2937 5641 titulo
2976 5586 3218 5657 gentium
3242 5585 3548 5659 sexaginta,
3582 5586 3825 5646 notante

2171 5654 2557 5715 Henschenio.
