4066 6172
453 330 565 392 751
1581 325 1643 386 S.
1691 320 1963 384 MAIOLI
2006 316 2343 384 ABBATIS
2388 321 2735 384 CLUSIAC.
3689 327 3796 386 752

453 465 651 517 tamen
683 458 876 532 specie
895 475 967 514 ne
997 457 1202 513 mundi
1234 455 1462 512 lucrum
1485 460 1792 530 cogeretur
1805 457 2094 526 expetere,
2125 451 2182 518 Α
2211 451 2512 523 intellexit,
2562 454 2926 512 bibliotheca“:
2979 456 3318 530 praeficiens,
3372 455 3801 530 apocrisiariatus

454 553 515 606 et
543 547 614 604 ad
649 546 853 603 mundi
885 545 1134 618 gloriam
1172 559 1348 617 quam
1405 548 1602 600 mente
1653 547 1966 616 spreverat,
2000 557 2104 613 per
2209 541 2468 599 officium
2514 543 2702 599 eidem
2754 542 2986 616 injuxit.
3037 544 3199 610 Quod
3245 543 3626 602 ministerium
3668 549 3804 604 tanta

457 634 732 694 saeculare
750 634 1049 707 negotium
1067 631 1486 689 delectabiliter
1505 633 1943 704 tendere,grave
1967 647 2104 703 pon-
2210 631 2556 688 auctoritate
2613 636 2892 706 tantaque
2940 631 3274 705 adimplevit
3322 632 3709 701 sollicitudine,
3753 640 3804 692 ut

455 727 568 781 dus
599 722 904 796 procellosi
933 720 1666 793 culminispercustodiam
1685 718 2105 792 refugithumi-
2210 719 2484 775 omnibus
2513 737 2714 776 secum
2754 719 3236 777 conservantibus
3281 721 3542 794 exemplo
3587 722 3739 777 fuerit
3761 729 3806 779 et

456 811 662 879 litatis,
697 810 986 868 Creatoris
1017 810 1282 866 omnium
1317 827 1572 882 sequens
1611 810 1966 881 exemplum,
1999 806 2102 879 qui
2211 807 2687 883 terrori.Legerat
2717 809 2903 866 isdem
2934 809 3022 866 vir
3051 809 3279 886 Domini
3309 809 3491 866 libros
3535 809 3664 866 olim
3690 812 3806 867 anti-

455 917 590 958 cum
621 904 755 957 ante
777 898 1343 972 szecularegnaretin
1361 898 1522 955 cmlis
1543 914 1786 972 regnum
1807 897 2102 970 percipere
2210 912 2462 967 quorum
2495 897 2999 970 philosophorum,
3031 897 3369 970 Virgiliique
3395 899 3805 972 mendacia,qua:

453 989 654 1045 vitavit
685 989 744 1042 in
778 988 950 1044 terris
983 1003 996 1042 :
1032 987 1316 1060 scriptum
1351 987 1566 1060 quippe
1599 993 1687 1042 est
1720 1003 1732 1040 :
1775 988 1928 1043 Iesus
1977 1003 2101 1040 cum
2213 984 2447 1040 nolebat
2470 1003 2572 1041 nec
2596 985 2722 1058 ipse
2733 987 2858 1058 jam
2883 987 3106 1055 audire,
3142 1003 3244 1042 nec
3265 986 3412 1042 alios
3433 985 3634 1060 legere.
3663 989 3804 1044 Sulli-

454 1080 783 1149 cognovisset
828 1079 957 1149 quia
1005 1077 1222 1132 venturi
1261 1085 1438 1132 essent
1481 1085 1543 1132 ut
1588 1084 1840 1148 raperent
1875 1091 2020 1140 eum,
2052 1083 2103 1131 et
2220 1073 2403 1141 ciunt,
2436 1073 2732 1146 inquiens,
2763 1075 2944 1132 divini
2975 1081 3154 1148 poeta:
3184 1075 3365 1144 vobis,
3401 1092 3506 1131 nec
3545 1079 3710 1149 egetis
3736 1077 3803 1132 lu-

425 1168 695 1237 -facerent
733 1165 844 1221 sibi
867 1181 1064 1237 regem,
1095 1165 1339 1220 ascendit
1364 1167 1563 1220 iterum
1594 1166 1654 1219 in
1681 1172 1916 1219 montem
1952 1163 2101 1218 solus
2209 1162 2447 1218 xuriosa
2474 1163 2701 1235 Virgilii
2729 1181 2833 1222 vos
2862 1163 3045 1236 pollui
3089 1163 3379 1220 facundia.
3416 1163 3670 1237 Regulari
3698 1166 3805 1238 qui-

455 1271 614 1312 orare
634 1257 810 1325 (Joan.
843 1271 921 1322 γι,
957 1255 1066 1322 15).
1099 1252 1380 1320 Quocirca
1399 1254 1606 1310 beatus
1629 1251 1878 1308 Maiolus
1899 1251 2098 1307 aeterni
2208 1251 2343 1306 dem
2374 1255 2682 1308 contentus
2704 1252 3246 1320 conversatione,sic
3267 1253 3539 1309 studebat
3557 1253 3804 1324 parcimo-

455 1342 630 1416 Regis
650 1341 987 1415 magisterio
1017 1341 1276 1407 edoctus,
1302 1340 1402 1413 qui
1433 1339 1691 1397 oblatam
1713 1338 1959 1412 gloriam
1983 1337 2100 1396 cul-
2211 1339 2340 1406 nisi,
2386 1343 2452 1396 ut
2501 1340 2734 1398 differre
2777 1341 3113 1399 nullatenus
3154 1341 3450 1398 videretur
3498 1357 3532 1397 a
3573 1342 3806 1402 societate

454 1429 632 1488 minis
665 1429 831 1505 fugit,
863 1433 922 1486 et
951 1433 1155 1503 postea
1191 1433 1400 1502 sponte
1447 1429 1604 1485 venit
1652 1427 1724 1484 ad
1770 1425 2099 1501 patibulum
2209 1427 2542 1486 communis
2568 1429 2730 1496 vitae;
2763 1445 3014 1503 quorum
3044 1429 3186 1486 vitia
3213 1429 3356 1485 dum
3387 1429 3806 1502 conspiceretre-

452 1518 964 1592 crucis,quatenus
993 1519 1122 1592 ejus
1142 1519 1474 1574 membrum
1495 1517 1920 1584 fieret,omnem
1933 1531 2099 1588 spem
2209 1515 2645 1588 prehendenda,
2677 1516 2785 1574 hoc
2815 1516 3105 1590 exquisito
3134 1519 3286 1590 quod
3333 1517 3638 1590 unicuique
3677 1535 3803 1574 com-

453 1625 622 1666 suam
653 1607 712 1665 ln
745 1626 811 1665 eo
841 1607 1299 1664 collocavit:hoc
1329 1604 1557 1662 studuit
1586 1621 1759 1678 opere
1780 1602 2100 1677 adimplere
2207 1606 2440 1677 petebat
2467 1604 2605 1662 vitio
2636 1605 2800 1679 prius
2819 1606 2877 1662 in
2897 1621 3249 1679 unoquoque
3265 1605 3801 1663 laudandacanebat:

451 1697 606 1770 quod
639 1697 735 1753 ille
767 1697 1040 1770 prmeepit
1068 1708 1356 1754 sermone.
1392 1695 1508 1751 Hoc
1539 1692 1694 1750 enim
1742 1697 2098 1766 prmqeptum
2209 1691 2420 1748 dehinc
2448 1693 2605 1750 velut
2632 1693 2875 1768 ignarus
2898 1693 3372 1766 reprehendenda
3403 1696 3803 1768 carpebat.Cun-

451 1792 541 1844 est
568 1785 628 1842 in
663 1785 972 1859 Evangelio
1006 1802 1020 1839 :
1055 1784 1160 1854 Qui
1187 1785 1305 1840 vult
1345 1793 1468 1857 post
1511 1799 1598 1839 me
1640 1785 1844 1850 venire,
1876 1782 2102 1854 abneget
2132 1816 2178 1884 Β
2209 1783 2334 1884 etes
2363 1786 2560 1840 tamen
2593 1782 2811 1856 saepius
2841 1782 3194 1838 admonebat
3211 1788 3277 1838 ut
3307 1781 3456 1883 tales
3484 1801 3544 1839 se
3564 1783 3667 1840 Deo
3681 1784 3804 1840 exhi-

449 1878 818 1947 semetipsum,
850 1883 902 1931 et
941 1874 1095 1930 tollat
1135 1889 1348 1928 crucem
1387 1889 1566 1939 suam,
1615 1879 1669 1927 et
1710 1878 1970 1944 sequatur
2012 1886 2100 1926 me
2132 1868 2178 1884 "
2211 1868 2404 1926 berint
2431 1871 2908 1944 interius,quales
2937 1871 3196 1927 humana
3224 1869 3422 1943 opinio
3439 1888 3540 1943 pro
3556 1871 3803 1945 religionis

455 1965 605 2032 (Luc.
640 1980 718 2030 ix,
749 1963 956 2030 23).lta
981 1961 1070 2016 vir
1091 1961 1192 2017 Dei
1222 1978 1325 2033 per
1352 1959 1605 2016 caelestis
1635 1958 1814 2015 studii
1846 1956 2100 2030 discipli-
2207 1956 2413 2014 habitu
2445 1960 2666 2016 ferebat
2695 1959 3019 2017 exterius.0
3033 1959 3221 2016 virum
3251 1960 3346 2016 cui
3379 1977 3801 2034 sempersumma

451 2068 590 2108 nam
624 2050 828 2106 mundi
858 2048 1095 2104 labilem
1119 2049 1472 2120 contempsit
1490 2047 2096 2121 gloriam,etsupernze
2209 2045 2513 2118 debentur,
2570 2048 2671 2120 qui
2731 2065 2930 2106 amore
2983 2049 3112 2104 vita:
3169 2053 3397 2104 aeterna:
3458 2048 3798 2105 voluntariam

449 2139 578 2196 vitae
606 2143 799 2196 tactus
818 2137 1278 2210 dulcedine,qua:
1300 2154 1334 2194 a
1355 2136 1560 2192 mundi
1582 2135 1943 2192 amatoribus
1959 2151 2095 2190 con-
2207 2137 2512 2210 amplexus
2543 2139 2904 2212 pauperiem,
2937 2145 3128 2195 totum
3160 2137 3392 2195 Christo
3423 2137 3578 2194 dedit
3603 2141 3735 2212 quod
3754 2139 3798 2196 in

449 2227 1060 2302 cupiscuntur,cmnia
1089 2244 1124 2284 a
1151 2243 1214 2283 se
1245 2225 1512 2284 funditus
1542 2224 1885 2298 temperavit
1915 2222 2096 2280 absci-
2207 2241 2310 2282 ara
2337 2227 2532 2284 cordis
2563 2227 2803 2296 invenit,
2841 2226 2986 2284 nihil
3018 2226 3142 2284 suis
3174 2226 3404 2284 meritis
3433 2227 3714 2284 tribuens!

448 2317 800 2392 dere.lgitur
822 2316 1152 2373 coenobium
1186 2316 1245 2371 in
1277 2315 1442 2372 collis
1473 2313 1620 2370 valle
1649 2330 1777 2387 qua
1815 2312 2095 2369 Cluniaca
2275 2313 2391 2371 XV.
2434 2317 2657 2374 Romam
2691 2318 2913 2373 missus.
2965 2315 3184 2372 Sosium
3227 2315 3346 2374 oleo
3395 2325 3576 2374 sancto
3618 2319 3800 2373 sanitati

446 2405 783 2476 dicitur,cui
813 2404 901 2460 vir
928 2404 1055 2460 vita:
1077 2403 1423 2461 venerabilis
1443 2403 1806 2477 Heymardus
1827 2406 2090 2475 prmerat,
2203 2405 2460 2462 restituit.
2494 2437 2562 2446 —-
2591 2405 2857 2472 Quodam
2888 2409 3148 2478 tempore
3179 2421 3283 2478 pro
3317 2407 3646 2462 monasterii
3673 2405 3797 2462 utili-

443 2511 548 2567 pro
580 2511 816 2552 morum
845 2493 1150 2551 honestate
1177 2499 1235 2550 et
1262 2495 1547 2550 virtutum
1583 2492 1796 2549 studiis
1827 2491 2090 2565 appetiit,
2203 2496 2323 2550 tate
2353 2493 2592 2550 beatum
2625 2493 2904 2552 Maiolum
2921 2511 3056 2551 cum
3088 2493 3268 2552 altero
3300 2495 3481 2551 fratre
3505 2494 3720 2552 Romam
3739 2493 3799 2549 di-

443 2584 642 2656 ibique
671 2582 998 2638 secundum
1029 2582 1184 2638 beati
1201 2582 1494 2639 Benedicti
1515 2579 1776 2654 regulam
1795 2581 1867 2636 ab
1884 2581 2089 2637 eodem
2203 2579 2311 2654 rigi
2343 2582 2586 2655 contigit
2613 2583 2688 2640 ab
2718 2583 2948 2640 abbate.
2984 2583 3090 2650 Qui
3116 2581 3346 2656 expleta
3391 2582 3664 2656 legatione
3687 2583 3797 2638 dum

441 2671 563 2727 viro
575 2673 703 2743 jam
736 2671 972 2744 praefato
1003 2671 1460 2727 conversationis
1489 2669 1758 2726 habitum
1787 2674 2091 2742 petens,ut
2201 2669 2480 2743 redirent,
2513 2676 2578 2728 ut
2606 2672 2954 2746 Yporediem
2987 2673 3198 2744 (Yurée)
3227 2673 3298 2729 ad
3333 2671 3644 2746 hospitium
3663 2685 3796 2728 vene-

440 2759 838 2834 suseiperetur
867 2759 1111 2833 rogavit.
2199 2764 2358 2827 runt,
2391 2761 2568 2817 frater
2596 2759 2698 2834 qui
2729 2777 2866 2818 eum
2897 2761 3312 2828 comitabatur,
3347 2761 3582 2816 nomine
3616 2757 3794 2816 lieldri-

509 2849 656 2906 Xlll.
691 2847 1024 2905 Obedientiw
1051 2848 1282 2906 deditus.
1317 2881 1384 2889 -—
1417 2849 1640 2922 Spretis
1671 2847 1868 2920 itaque
1897 2848 2085 2903 omni-
2194 2865 2300 2906 cus
2332 2851 2432 2921 (2),
2463 2849 2716 2906 febrium
2749 2854 3054 2924 correptus
3085 2849 3345 2923 langore,
3389 2849 3614 2922 fatigari
3659 2846 3795 2919 capit

441 2941 553 2996 bus
583 2944 824 2995 terrenae
856 2937 1244 3009 possessionis
1257 2937 1568 3010 stipendiis
1597 2937 1671 2993 ob
1692 2953 1857 3008 spem
1876 2936 2084 2991 futuras
2194 2935 2312 2990 aeri
2335 2936 2982 2994 ardore.Verumtamen
3021 2937 3368 3011 azgritudine
3387 2937 3787 3010 ingravescente,

442 3025 934 3100 repromissionis,
1004 3025 1272 3081 habitum
1340 3031 1555 3082 sanctae
1627 3025 2084 3090 conversationis
2194 3040 2329 3080 cum
2359 3029 2478 3081 toto
2499 3025 2626 3096 jam
2657 3031 2952 3098 pateretur
2979 3026 3314 3098 corpore,de
3343 3027 3464 3083 vita
3479 3027 3786 3098 desperatus,

441 3113 716 3186 sumpsit,
747 3114 951 3184 sicque
979 3113 1253 3184 deinceps
1297 3113 1485 3170 alieno
1533 3115 1675 3168 vixit
1721 3112 1984 3184 imperio,
2019 3118 2085 3168 ut
2126 3183 2153 3186 ι
2194 3113 2350 3169 circa
2376 3118 2623 3171 mortem
2654 3116 2964 3172 tenebatur
3000 3114 3308 3170 sollicitus.
3343 3115 3451 3170 Vir
3496 3120 3672 3171 autem
3712 3110 3790 3167 Dei

438 3201 500 3257 in
531 3183 692 3258 nullo
713 3183 1021 3257 deviareta
1049 3183 1264 3257 sanctae
1285 3199 1743 3257 conversationis
1761 3183 2079 3274 preposito.
2112 3183 2155 3250 (ἶ
2193 3202 2295 3274 qui
2327 3200 2712 3258 nihilominus
2737 3219 2914 3275 quam
2948 3204 3048 3275 qui
3095 3202 3432 3276 patiebatur
3475 3203 3543 3258 de
3584 3201 3790 3257 fraterno

439 3289 544 3345 Hie
572 3288 728 3344 enim
761 3289 961 3361 procul
995 3307 1030 3345 a
1060 3305 1122 3346 se
1154 3289 1392 3345 remotis
1421 3289 1773 3345 hebetudine
1810 3294 1868 3346 et
1919 3306 2080 3344 mur-
2191 3291 2456 3346 cruciatu
2505 3292 2877 3358 tristabatur,
2930 3290 3216 3364 deplicato
3279 3297 3424 3348 tunc
3479 3289 3792 3347 afficiebatur

438 3376 950 3450 mure,singularis
982 3395 1096 3449 prae
1127 3377 1347 3434 caeteris
1377 3377 1719 3434 obedientiae
1751 3378 2083 3449 praeemine-
2193 3379 2546 3448 infortunio;
2579 3380 2720 3453 quia
2746 3379 2884 3438 hinc
2931 3397 3066 3437 eum
3119 3380 3316 3436 fratris
3365 3380 3790 3437 mmstiﬁcaverat

437 3467 536 3523 bat
561 3465 1053 3540 virtute,implens
1083 3466 1227 3522 illud
1261 3467 1320 3522 in
1345 3465 1624 3522 fratribus
1641 3466 1796 3538 quod
1820 3467 2081 3540 praecipit
2191 3469 2643 3542 mgritudo,inde
2672 3473 2918 3542 paterna
2947 3486 3075 3544 qua:
3107 3468 3357 3541 incmpto
3390 3464 3792 3542 pendebatlega-

435 3557 643 3613 beatus
674 3555 1022 3614 Benedictus
1054 3557 1200 3629 (Reg.
1231 3556 1290 3611 S.
1321 3554 1519 3612 Bened.
1555 3571 1605 3611 c.
1638 3556 1759 3624 71):
1795 3555 2077 3612 Obedion-
2191 3555 2290 3612 tio.
2325 3557 2438 3614 Sed
2468 3558 2611 3630 quid
2660 3563 2858 3630 ageret
2887 3559 3139 3625 nescius,
3171 3557 3434 3614 divinam
3467 3553 3787 3614 clementiam

433 3646 524 3701 tia:
558 3645 779 3701 bonum
812 3662 926 3702 non
957 3645 1149 3700 solum
1181 3645 1379 3700 abbati
1408 3644 1802 3700 exhibendum
1833 3650 1940 3713 est,
1975 3645 2077 3702 sed
2188 3659 2424 3702 exorare
2453 3646 2628 3718 cmpit
2657 3646 3180 3704 attentius.'l‘ribus
3210 3647 3453 3702 tandem
3483 3645 3674 3703 diebus
3687 3658 3786 3714 pero

431 3735 608 3791 etiam
640 3734 752 3792 sibi
786 3733 1033 3790 invicem
1064 3734 1344 3790 obediant
1375 3734 1691 3791 fratres.De
1723 3734 2077 3790 abbatevero
2187 3734 2496 3806 actis,post
2523 3735 2848 3791 matutinas
2863 3734 3068 3791 laudes
3099 3751 3234 3791 cum
3253 3749 3315 3790 se
3341 3734 3536 3808 sopori
3554 3731 3784 3794 dedisset,

430 3821 748 3898 apostolico
801 3823 1202 3880 instruebatur
1248 3822 1534 3896 exemplo.
1571 3822 1812 3890 Obedite,
1861 3821 2072 3895 inquit,
2187 3823 2426 3894 quidam
2459 3821 2546 3878 vir
2575 3823 2788 3879 canitie
2819 3823 3170 3881 reverendus
3195 3823 3246 3879 ei
3277 3822 3442 3880 visus
3473 3827 3560 3879 est
3587 3820 3781 3878 dicens:

422 3914 728 3987 prapositis
777 3915 968 3970 vestris
1019 3912 1196 3985 (Hebr.
1249 3929 1373 3982 xm,
1423 3912 1533 3984 17).
1570 3910 1878 3968 Enimvero
1920 3910 2075 3967 beati
2185 3909 2335 3977 Quid
2367 3911 2574 3984 ignavo
2604 3927 2850 3968 mmrore
2881 3911 3274 3984 deprimeris?
3303 3912 3448 3984 quid
3479 3929 3514 3968 a
3555 3905 3785 3970 memoria

426 4001 724 4058 Benedicti
777 4003 948 4072 cujus
995 4000 1337 4072 subjacebat
1383 3997 1764 4070 discipulatui
1814 3999 2076 4056 imitator
2183 3999 2398 4055 excidit
2428 4000 2583 4071 quod
2617 4000 2796 4056 frater
2824 4017 2994 4056 meus
3012 4000 3267 4057 Jacobus
3300 3995 3784 4058 deinfirmantibus

427 4089 702 4155 existens,
739 4090 946 4146 induta
975 4089 1199 4162 parvuli
1231 4087 1776 4156 humilitate,stulto
1816 4089 2070 4161 philoso-
2185 4090 2490 4161 praacepit:
2530 4091 2797 4146 Tristatur
2821 4091 3026 4162 aliquis
3057 4097 3312 4156 vestrmn,
3355 4099 3472 4147 oret
3509 4103 3649 4161 aqua
3685 4083 3782 4139 ani-

426 4176 677 4248 phorum
710 4174 972 4249 neglecto
994 4177 1614 4250 dogmate,sapientem
1636 4177 1738 4234 Dei
1761 4176 2070 4234 stultitiam
2180 4193 2288 4245 mo,
2320 4186 2372 4233 et
2397 4177 2617 4249 psallat.
2649 4179 2970 4250 Inﬁrmatur
2999 4181 3121 4252 quis
3151 4181 3212 4234 in
3239 4179 3420 4248 nobis,
3455 4177 3660 4235 inducat
3679 4188 3782 4246 prc-

425 4269 514 4322 est
542 4265 980 4336 adorsusJuxta
1010 4266 1164 4338 quod
1191 4265 1450 4338 praecipit
1477 4266 1790 4338 Apostolus
1825 4284 1836 4324 :
1871 4267 2070 4340 Siquis
2179 4265 2418 4338 sbyteros
2447 4267 2722 4335 Ecclesiae,
2749 4275 2802 4324 et
2827 4276 2981 4324 orent
3009 4283 3172 4340 super
3203 4284 3350 4335 eum,
3400 4274 3646 4340 tingentes
3685 4276 3781 4319 eum

425 4355 538 4411 vult
567 4357 710 4411 inter
741 4370 830 4410 vos
852 4357 1069 4426 sapiens
1096 4371 1212 4411 esse
1241 4355 1299 4408 in
1329 4354 1428 4410 hoc
1468 4357 1692 4423 sweulo,
1725 4357 1922 4412 stultus
1951 4358 2068 4428 ﬁat,
2179 4355 2292 4412 oleo
2325 4358 2384 4410 in
2414 4356 2633 4412 nomine
2661 4357 2914 4423 Domini;
2944 4363 2996 4413 et
3019 4357 3192 4414 oratio
3218 4355 3352 4426 fidei
3393 4355 3618 4412 saluati:
3659 4349 3780 4420 inﬁr-

421 4450 483 4498 ut
507 4445 583 4498 sit
609 4446 828 4515 sapiens
859 4443 906 4516 (I
928 4443 1049 4499 Cor.
1085 4444 1289 4513 111,18).
1327 4443 1488 4500 Unde
1519 4443 1619 4516 qui
1653 4445 1817 4516 prius
1867 4445 2070 4501 doctor
2176 4461 2350 4511 mum,
2381 4453 2433 4502 et
2457 4445 2714 4502 allevabit
2741 4462 2864 4502 eum
2891 4446 3150 4501 Dominus
3182 4446 3315 4514 (Jac.
3351 4463 3402 4514 v,
3435 4444 3548 4516 41),
3580 4443 3682 4498 Hac
3716 4437 3778 4492 vi-

421 4532 964 4604 grammaticorum,
987 4531 1314 4604 discipulus
1345 4538 1475 4606 post
1500 4533 1674 4606 cmpit
1703 4552 1829 4591 esse
1848 4535 2069 4606 simpli-
2098 4549 2146 4615 ι)
2179 4532 2340 4589 sione
2381 4533 2820 4606 aliquantulum
2867 4533 3206 4590 sublevatus
3254 4535 3477 4602 animo,
3510 4532 3691 4589 statim
3730 4528 3777 4579 ut

420 4621 577 4676 cium
611 4621 889 4676 virorum.
2177 4621 2428 4680 surrexit
2455 4638 2487 4678 e
2518 4639 2745 4691 somno,
2779 4620 2952 4679 celeri
2984 4622 3210 4678 actione
3240 4622 3410 4678 duxit
3439 4623 3509 4679 ad
3527 4620 3774 4678 effectum,

489 4709 632 4765 XIV.
692 4709 1150 4766 Bibliothecarius
1211 4718 1262 4766 et
1330 4711 1752 4782 ('lpocrzsiarius.
1819 4713 2063 4768 ductores
2175 4712 2330 4783 quod
2363 4711 2905 4786 apostolicafuerat
2935 4709 3284 4767 revelatione
3315 4704 3775 4784 compertumchs

412 4801 674 4870 profanos
703 4801 896 4870 rejtcit.
947 4799 1147 4855 Illonita
1185 4797 1278 4854 dat
1325 4801 1546 4870 optima.
1581 4831 1648 4838 —-
1680 4799 1844 4854 Haud
1895 4818 2064 4857 secus
2098 4833 2105 4840 -
2174 4799 2324 4854 mira
2353 4805 2412 4854 et
2436 4799 2811 4856 vehementer
2849 4799 3175 4871 stupenda!
3211 4799 3415 4855 eadem
3467 4797 3662 4871 quippe
3702 4788 3774 4845 die

415 4887 569 4944 enim
603 4906 667 4944 ac
691 4886 1023 4960 phiIOSOphi
1041 4889 1114 4942 ad
1137 4887 1611 4960 syllogismorum
1626 4891 2064 4961 argumentoria
2173 4887 2921 4960 quasanctiﬁcationisoleo
2938 4888 3036 4959 qui
3052 4887 3386 4960 patiebatur
3399 4885 3770 4943 estdelibulus,

417 4993 476 5031 se
507 4977 816 5032 conferunt
845 4975 1061 5032 mentis
1087 4976 1399 5032 instantia:
1421 4976 1503 5032 ita
1535 4994 1595 5032 se
1626 4975 1874 5032 contulit
1895 4979 1966 5034 ad
1996 4995 2065 5034 ea
2173 4978 2254 5033 ita
2284 4977 2521 5033 sanitati
2554 4976 2812 5050 pristina:
2845 4977 3151 5032 restitutus
3183 4975 3563 5040 convaluit,ac
3595 4971 3639 5028 si
3665 4963 3771 5023 nul-

415 5065 662 5144 dicenda
692 5082 818 5136 qua:
849 5063 1257 5136 quotidianum
1291 5082 1392 5137 per
1415 5082 1589 5121 usum
1621 5064 1681 5120 in
1707 5067 2062 5123 monasterio
2171 5067 2289 5124 lam
2321 5065 2652 5123 molestiam
2683 5067 2940 5138 corporis
2972 5065 3327 5137 pertulisset.
3357 5064 3546 5119 Altera
3574 5060 3655 5116 die
3680 5056 3770 5110 Do-

415 5159 553 5209 sunt
580 5153 884 5226 explenda.
920 5153 1146 5219 Quibus
1183 5153 1460 5210 omnibus
1509 5153 1706 5209 solerti
1759 5155 1870 5210 sibi
1919 5173 2062 5212 cura
2171 5156 2317 5211 mini
2344 5153 2704 5228 gratulantes
2732 5154 2963 5221 virtute,
2988 5152 3179 5211 conati
3211 5157 3350 5210 sunt
3383 5153 3532 5208 inter
3556 5151 3771 5219 emplum

413 5243 661 5315 cognitis
693 5249 747 5299 et
794 5242 1190 5315 experimento
1242 5243 1557 5318 memoriae.
1581 5243 1937 5314 commissis,
1970 5247 2058 5301 vi-
2171 5245 2483 5318 perducere
2513 5244 2584 5299 ad
2617 5243 2889 5300 effectum
2916 5261 2927 5310 ;
2961 5241 3239 5313 quoniam
3272 5241 3507 5313 quidem
3530 5235 3667 5293 beati
3693 5231 3771 5286 Ja-
3849 5243 3867 5261 ο

411 5330 532 5386 deri
573 5333 700 5403 jam
749 5331 921 5404 cmpit
969 5332 1192 5388 doctior
1239 5331 1488 5388 cunctis.
1527 5331 1691 5387 llunc
1741 5349 1878 5406 ergo
1905 5340 1968 5390 ut
1998 5334 2057 5390 in
2169 5333 2296 5389 cobi
2318 5349 2453 5388 voce
2485 5331 2677 5388 sanari
2714 5331 3038 5387 testabatur
3068 5330 3338 5410 infirmus
3367 5323 3766 5410 ﬁdeioratione,

411 5421 754 5478 monachico
787 5420 988 5478 ordine
1019 5421 1101 5478 ita
1131 5422 1476 5494 prudentem
1503 5422 1628 5493 jam
1662 5405 1853 5479 dictus
1893 5423 2061 5480 Pater
2167 5421 2297 5479 ideo
2328 5421 2456 5478 luce
2485 5421 2700 5478 clarius
2727 5423 2884 5492 patet
2909 5419 3144 5474 beatum
3165 5405 3352 5472 virum
3378 5416 3485 5472 hoc
3513 5411 3628 5470 suis
3643 5405 3764 5464 obti-

483 5529 555 5598 (2}
589 5529 799 5604 Fuerat
830 5528 890 5604 is_
906 5527 1065 5604 apud
1085 5526 1650 5604 O_tton_em__Magnum
1683 5529 1890 5585 inaula
1911 5547 2056 5604 prae-
2167 5528 2492 5604 monachus
2549 5533 2676 5604 tum
2723 5525 2902 5584 abbas
2950 5522 3460 5592 Autissidorensis,
3511 5533 3674 5595 supra
3715 5513 3766 5566 in

413 5598 643 5681 cipuus,
673 5604 740 5656 ut
781 5597 997 5677 legitur
1046 5598 1197 5654 infra
1247 5599 1306 5653 in
1341 5599 1440 5654 lib.
1471 5597 1536 5668 ix,
1570 5615 1697 5673 cap.
1730 5605 1819 5670 22,
1857 5597 2060 5676 postea
2165 5601 2349 5678 elegio
2385 5616 2549 5656 num.
2579 5599 2630 5658 6.
