4028 6172
298 303 421 369 ’153

1705 310 1913 371 VITA.
1950 343 2025 355 -
2058 312 2206 373 LIB.
2251 312 2327 371 ll.

3595 312 3714 375 ’154

302 437 503 496 nuisse
530 438 823 511 precibus,
851 440 1004 512 quod
1038 441 1144 497 iste
1166 444 1286 498 tam
1311 440 1434 498 cit-te
1458 443 1695 501 sanitati
1719 448 1807 500 est
1830 444 1952 499 red.
1979 448 2033 512 Α
2065 445 2256 500 bebat.
2291 443 2505 500 Christi
2539 444 2679 518 quin
2712 444 2887 502 etiam
2921 444 3164 502 indutus
3197 443 3602 519 tunica,cujus
3625 464 3713 504 se-

303 528 485 583 ditus.
501 528 617 583 Hoc
636 527 806 600 plane
824 528 1174 586 miraculum
1195 531 1470 588 fratribus
1495 532 1648 588 ﬁdeli
1677 531 1956 589 relatione

302 632 438 673 cum
472 615 679 671 fuisset
704 616 991 689 agnitum,
1027 617 1301 692 deinceps
1341 620 1399 675 in
1451 638 1665 695 magna
1712 637 1953 677 venera-

299 703 459 760 tione
490 704 703 759 hahere
734 711 1029 777 cmperunt
1058 708 1294 763 beatum
1322 708 1809 781 Maiolum,quem
1828 710 1954 781 jam

300 793 384 849 ita
416 794 531 848 Deo
564 792 894 866 proximum
927 801 1205 851 noverant
1234 798 1505 853 effectum
1538 815 1640 870 per
1660 798 1829 871 signa
1848 798 1954 852 vir-

299 887 518 939 tutum.

372 972 515 1026 XVI.
547 973 824 1027 Humilior
856 974 980 1028 inde
1009 976 1281 1043 fartus.—-
1313 975 1423 1030 Sed
1450 976 1537 1030 vir
1566 977 1789 1039 beatus,
1826 977 1952 1049 glo-

299 1061 389 1116 ria
411 1059 600 1115 laudis
624 1061 870 1132 abjecta,
892 1061 1023 1132 plus
1041 1062 1258 1133 despici
1281 1081 1455 1135 quam
1475 1065 1733 1119 venerari
1758 1065 1813 1118 in
1838 1064 1947 1120 hac

300 1151 544 1221 cupiens
572 1149 709 1216 vita,
737 1167 850 1221 quo
874 1151 1116 1204 fratrum
1151 1150 1453 1208 devotione
1475 1154 1757 1209 attentius
1778 1153 1955 1208 liono-

299 1238 564 1303 rabatur,
598 1254 664 1292 eo
697 1239 887 1309 magis
918 1239 1075 1293 omni
1111 1256 1171 1295 se
1219 1238 1442 1295 vilitate
1487 1245 1541 1296 et
1590 1241 1953 1298 extremitate

299 1325 671 1399 dignabatur.
730 1324 1004 1382 Omnium
1064 1327 1196 1384 llcet
1254 1328 1534 1385 charitate
1594 1328 1948 1401 diligeretur,

298 1412 654 1469 munditiam
686 1417 886 1469 tamen
927 1415 1121 1472 cordis
1171 1435 1240 1472 ne
1286 1418 1573 1489 jactantia
1626 1418 1884 1485 fmdaret,
1920 1437 1953 1475 a

301 1503 536 1558 nemine
550 1502 851 1558 selaudari
864 1503 1109 1560 volebat.
1126 1508 1193 1560 Et
1210 1506 1336 1562 ideo
1358 1505 1697 1563 hominibus
1721 1508 1949 1580 fugiens

300 1608 431 1648 esse
461 1591 518 1647 in
552 1591 758 1663 pretio,
783 1609 891 1648 sua
914 1610 975 1648 se
1007 1594 1364 1651 conscientia
1393 1595 1637 1651 charum
1661 1596 1776 1652 Deo
1798 1596 1951 1652 exhi-

2068 533 2898 606 qucbaturvestigia,miraque
2911 540 3152 589 ornatus
3165 535 3716 607 patientia,meliora

2067 623 2389 676 secundum
2419 621 2762 694 Apostolum
2793 622 3003 677 sectari
3034 640 3265 695 semper
3284 623 3557 679 studebat
3578 624 3714 679 cha-

2067 709 2332 765 rismata.
2368 711 2617 783 Ideoque
2645 710 2785 766 vitia
2814 713 3152 777 aversanda,
3178 712 3248 767 de
3272 710 3484 766 virtute
3518 713 3575 767 in
3607 711 3715 768 vir-

2066 802 2251 855 tutem
2283 800 2657 870 proﬁciendo,
2696 818 2799 873 per
2827 800 3166 856 obcdientizs
3216 801 3604 871 quadruvium
3640 802 3713 857 ad

2064 888 2415 943 humilitatis
2448 907 2631 961 usque
2655 906 2998 960 supremum
3024 889 3363 944 conscendit
3390 888 3711 961 fastigium.

2068 978 2177 1032 Sed
2213 978 2350 1049 quia
2380 978 2771 1033 obedientiam
2815 996 2985 1033 nemo
3035 977 3185 1033 valet
3234 978 3377 1032 bene
3428 978 3714 1050 imperare

2068 1065 2371 1137 subjectis,
2407 1066 2516 1121 nisi
2551 1068 2699 1121 banc
2746 1066 2869 1136 ipse
2919 1065 3187 1121 didicerit
3233 1066 3395 1136 prius
3445 1066 3714 1121 exhibere

2065 1153 2349 1225 praelatis;
2388 1155 2512 1209 ideo
2544 1155 2699 1209 hunc
2730 1154 2900 1225 longe
2934 1159 3190 1226 tempore
3224 1155 3321 1209 Dei
3355 1154 3713 1225 dispensatio

2064 1243 2268 1299 statuit
2297 1242 2560 1309 subesse,
2588 1248 2652 1299 ut
2684 1244 2796 1299 sub
2825 1243 3068 1299 alterius
3090 1243 3425 1315 magisterio
3444 1244 3711 1311 disceret,

2063 1332 2356 1404 quomodo
2382 1331 2515 1399 sine
2546 1349 2736 1387 errore
2770 1332 2900 1388 aliis
2949 1335 3151 1404 postea
3199 1348 3446 1404 preesse
3496 1334 3712 1402 posset.

2063 1422 2133 1475 At
2146 1437 2249 1492 ego
2268 1419 2361 1475 hic
2380 1421 2450 1476 ab
2471 1421 2850 1476 efflorationis
2868 1437 3040 1493 Opere
3057 1419 3363 1493 paululum
3390 1421 3710 1492 respirabo,

2063 1512 2126 1564 ut
2155 1508 2415 1564 debitum
2449 1510 2625 1565 ﬁnem
2658 1510 2751 1565 hic
2784 1508 2931 1566 liber
2961 1510 3229 1583 accipiat,
3265 1510 3506 1582 indigna
3529 1525 3714 1581 quan-

2062 1614 2237 1669 quam
2269 1599 2393 1671 cogi
2429 1600 2705 1655 brevitate
2738 1605 3035 1671 queratur.

1517 1804 1835 1888 LIBER
1897 1790 2503 1892 SECUNDUS

371 1950 416 2005 Ι.
448 1949 622 2005 Abbas
652 1949 987 2022 designatur,
1022 1951 1113 2007 sed
1160 1953 1410 2007 assentiri
1458 1961 1685 2008 recusat.
1721 1985 1786 1992 --
1816 1952 1947 2008 Cer-
1980 1956 2029 2020 B
2060 1953 2318 2009 ofﬁcium
2352 1954 2615 2009 divinum
2644 1953 2748 2010 tibi
2783 1971 2894 2008 non
2930 1954 3114 2008 deerit
3141 1953 3615 2010 auxilium.Tunc
3648 1954 3710 2007 li-

300 2037 680 2093 nensinterca
690 2038 778 2093 vir
790 2038 1019 2094 Domini
1034 2039 1394 2113 Heymardus
1406 2040 1644 2096 beatum
1669 2041 1947 2097 Maiolum

297 2127 583 2181 virtutum
617 2126 826 2198 pennis
876 2129 947 2182 ad
998 2128 1115 2183 alta
1165 2129 1428 2197 subvebi,
1461 2133 1692 2186 terrena
1739 2136 1950 2188 cuneta

301 2215 621 2288 despicere,
656 2217 860 2272 mundi
893 2216 1138 2289 gloriam
1171 2217 1482 2285 declinare,
1514 2220 1707 2276 verbis
1728 2219 1945 2292 pluere,

300 2302 603 2360 miraculis
631 2304 963 2373 obscurare,
999 2323 1064 2361 ac
1094 2310 1215 2362 toto
1236 2307 1544 2363 conamine
1564 2308 1637 2364 de
1653 2309 1865 2365 virtute
1888 2310 1947 2365 in

299 2392 579 2447 virtutem
606 2391 754 2448 velle
782 2394 1060 2466 proﬁcere
1086 2413 1098 2450 :
1125 2399 1184 2450 at
1212 2400 1416 2451 contra
1445 2412 1507 2452 se
1539 2395 1950 2463 inﬁrmum,lu-

299 2479 459 2537 mine
488 2480 799 2553 privatum,
821 2481 982 2538 senio
1008 2483 1431 2557 fessum,atque
1451 2485 1703 2540 emeritae
1726 2484 1947 2540 militias

296 2569 427 2641 jam
456 2572 817 2637 veteranum,
851 2571 1179 2628 convocatis
1211 2572 1270 2627 in
1301 2589 1486 2628 unum
1519 2573 1818 2642 fratribus,
1853 2575 1948 2631 his

300 2673 399 2715 eos
412 2656 761 2729 compellare
781 2658 955 2731 cmpit
976 2660 1279 2717 affatibus:
1297 2661 1387 2717 Me
1409 2660 1701 2733 privatum
1724 2662 1949 2742 lumine

300 2745 468 2803 vobis
490 2745 712 2803 utiliter
729 2763 977 2819 praeses
993 2748 1306 2805 decernitis
1329 2749 1571 2805 minime
1593 2750 1950 2824 posse.Ideo—

299 2851 417 2909 que
445 2834 625 2890 talem
655 2851 724 2891 ex
751 2835 915 2891 vobis
947 2836 1093 2909 ipsis
1124 2837 1339 2910 eligite,
1364 2838 1463 2911 qui
1495 2841 1653 2894 tutor
1674 2844 1729 2895 et
1750 2844 1949 2897 custos

299 2924 381 2980 sit
408 2921 572 2978 vobis
601 2924 661 2978 in
692 2923 793 2979 Dei
826 2924 1224 2980 famulamine.
1260 2923 1378 2981 Illis
1408 2929 1602 2981 autem
1635 2925 1951 2982 haesitanti-

299 3013 433 3078 bus,
467 3015 524 3066 et
553 3011 698 3066 nihil
739 3012 811 3068 ad
862 3012 983 3068 hasc
1032 3014 1544 3086 respondentibus,
1576 3015 1731 3086 quod
1782 3032 1949 3072 mens

299 3104 644 3172 conCeperat
673 3100 867 3156 divina
904 3100 1303 3175 inspiratione,
1337 3101 1608 3177 allegavit
1657 3119 1945 3174 sermone,

300 3188 538 3243 beatum
558 3187 832 3244 Maiolum
854 3194 914 3244 ut
933 3190 1211 3262 eligerent
1230 3191 1768 3257 adhortans,solum
1792 3192 1949 3249 hunc

299 3292 430 3332 esse
442 3277 513 3331 ad
528 3276 584 3331 id
597 3276 856 3333 ofﬁcium
875 3277 1150 3335 idoneum
1168 3279 1490 3336 afﬁrmans.
1507 3280 1668 3337 Unus
1681 3283 1945 3338 omnium

300 3381 646 3432 consensus,
681 3383 784 3421 nec
835 3367 1035 3439 dispar
1080 3367 1191 3423 fuit
1235 3368 1497 3424 affectus.
1534 3368 1778 3426 Cernere
1824 3376 1948 3428 erat

300 3469 508 3508 omnes
542 3453 599 3508 in
630 3470 886 3510 consona
930 3459 1061 3511 vota
1110 3461 1365 3512 ruentes.
1400 3457 1664 3530 Namque
1711 3460 1948 3532 agmina

295 3541 721 3597 monachorum
751 3548 809 3598 et
837 3542 1181 3599 clericorum
1204 3544 1498 3600 nobilibus
1520 3546 1658 3601 viris
1679 3551 1949 3603 conserta

294 3632 496 3698 ruunt,
531 3629 696 3701 plebs
726 3631 944 3688 rustica
975 3632 1125 3704 plebi
1157 3633 1414 3689 concinit
1444 3635 1699 3706 urbanae,
1732 3651 1838 3706 par
1857 3640 1948 3691 est

292 3718 589 3773 sententia
643 3720 893 3787 cunctis,
936 3738 1045 3775 vox
1093 3722 1318 3790 eadem,
1364 3721 1693 3794 studiisque
1741 3724 1948 3778 ardent

291 3804 712 3863 cammunibus
742 3824 944 3864 omnes
977 3809 1187 3865 Maiolo
1209 3808 1472 3865 tiitulum
1495 3811 1800 3867 decernere
1820 3828 1949 3883 pas-

289 3892 459 3949 toris.
495 3894 661 3950 Hunc
690 3895 913 3952 clarum
946 3897 1358 3965 meritis,hunc
1402 3898 1704 3955 nobilitate
1750 3899 1943 3972 legen-

287 3981 732 4056 dum,dogmate
745 3985 1409 4059 prwcipuum,generoso
1422 3990 1651 4058 pectore
1662 3988 1942 4059 primum,

285 4069 657 4143 principibus
688 4078 894 4128 notum
918 4078 973 4130 et
996 4060 1279 4131 nonnulla
1301 4079 1463 4147 parte
1487 4077 1943 4133 verendum.Sed

285 4173 599 4215 assensum
632 4164 697 4215 ut
727 4163 1007 4232 praeberet
1038 4179 1172 4219 cum
1197 4162 1377 4220 nullis
1408 4164 1739 4219 ﬂecteretur
1759 4167 1942 4238 preci-

284 4247 423 4314 bus,
448 4247 632 4303 abbas
653 4249 805 4305 bono
839 4267 983 4306 usus
1012 4251 1278 4317 consilio,
1302 4253 1459 4324 quod
1483 4252 1593 4308 sibi
1618 4254 1947 4327 denegabat

282 4333 593 4407 possibile,
624 4336 676 4391 ei
708 4339 810 4409 qui
844 4339 1043 4394 omnia
1072 4342 1265 4411 potest
1298 4340 1526 4395 studuit
1556 4342 1939 4398 committere.

283 4425 571 4489 Quocirca
600 4430 732 4495 post
756 4426 1126 4499 singularum
1173 4427 1717 4485 determinationem
1771 4430 1941 4487 bora-

282 4525 444 4579 rum,
475 4527 652 4584 super
683 4514 791 4571 hac
822 4516 1102 4588 petitione
1133 4516 1441 4590 prostratis
1470 4517 1529 4572 in
1578 4522 1794 4574 terram
1826 4521 1940 4575 fra-

281 4597 501 4666 tribus,
534 4603 930 4676 octogesimus
964 4610 1162 4661 sextus
1193 4606 1611 4661 decantabatur
1653 4607 1938 4679 psalmus.

1976 3320 2020 3388 C

2060 2040 2278 2097 bellum
2292 2057 2466 2113 quem
2484 2042 2629 2097 forte
2642 2058 2820 2097 manu
2835 2042 3100 2114 gestabat
3112 2042 3476 2113 prmtendens
3492 2059 3503 2095 :
3522 2042 3707 2107 Hunc,

2060 2129 2269 2203 inquit,
2301 2135 2365 2185 tu
2397 2131 2670 2186 comitem
2701 2131 2934 2196 habeto,
2959 2132 3204 2202 ejusque
3227 2130 3560 2186 testimonio
3584 2146 3709 2202 qua:

2058 2219 2285 2291 agenda
2315 2223 2453 2275 sunt
2475 2219 2653 2291 agito.
2668 2219 2797 2274 Haec
2819 2224 3014 2275 autem
3036 2218 3137 2290 qui
3160 2218 3535 2285 fabatur,non
3558 2217 3709 2274 alius

2058 2308 2170 2363 sibi
2206 2324 2382 2379 quam
2415 2308 2480 2363 Β.
2512 2307 2861 2363 Benedictus
2898 2308 3223 2363 videbatur.
3258 2307 3459 2379 Itaque
3488 2306 3599 2363 hac
3626 2306 3708 2362 vi-

2058 2395 2219 2452 sione
2251 2394 2681 2468 aliquantulum
2712 2400 3028 2463 recreatus,
3062 2394 3315 2451 titubare
3359 2395 3618 2468 nequivit
3647 2412 3709 2451 se

2058 2484 2129 2540 ad
2162 2484 2272 2539 hoc
2302 2499 2451 2556 opus
2473 2483 2671 2539 divina
2690 2484 2817 2557 cogi
2839 2483 3295 2556 dispensatione.
3311 2484 3550 2540 Jactans
3570 2499 3709 2556 ergo

2056 2572 2117 2628 in
2148 2571 2394 2629 Domino
2425 2588 2627 2627 curam
2659 2588 2851 2638 suam,
2885 2577 3191 2644 totumque
3221 2588 3395 2627 suum
3447 2588 3617 2644 posse
3646 2572 3707 2627 in

2056 2662 2186 2734 ejus
2214 2676 2438 2734 ponens
2462 2659 2640 2727 velle;
2675 2661 2827 2717 facto
2850 2677 3021 2716 mane
3042 2660 3100 2714 in
3123 2664 3407 2716 conventu
3430 2660 3700 2726 fratrum,

2056 2766 2297 2823 corpore
2343 2749 2403 2804 in
2452 2755 2667 2804 terram
2720 2755 3030 2821 prostrato,
3081 2753 3201 2803 tam
3264 2748 3481 2816 abbati,
3524 2764 3701 2819 quam

2057 2838 2334 2894 omnibus
2366 2836 2645 2893 fratribus
2676 2836 2960 2893 satisfecit
2990 2839 3048 2892 in
3071 2834 3345 2908 capitulo,
3370 2851 3622 2907 arguens
3642 2851 3704 2891 se

2058 2927 2265 2999 culpae,
2296 2925 2518 2998 talique
2547 2942 2646 2981 eos
2677 2926 3026 2982 conveniens
3056 2923 3560 2980 sermocinatione.
3597 2944 3627 2973 «
3657 2923 3702 2980 Ο

2060 3016 2278 3083 Patres,
2313 3030 2345 3071 ο
2377 3017 2607 3080 fratres,
2639 3014 2748 3069 hoc
2776 3009 3153 3069 contumaciae
3185 3013 3464 3084 deputare
3498 3010 3701 3080 nolite,

2058 3105 2212 3176 quod
2246 3102 2537 3159 obstinato
2569 3104 2765 3158 animo
2794 3106 2996 3158 vestras
3018 3100 3275 3172 jussioni
3325 3098 3527 3156 distuli
3567 3100 3724 3156 obe-~

2059 3193 2202 3248 dire.
2234 3192 2575 3247 Animarum
2601 3191 2757 3247 enim
2782 3189 3083 3263 regiminis
3104 3190 3246 3244 dum
3267 3188 3384 3243 vim
3406 3193 3463 3244 et
3483 3188 3706 3261 magni-

2057 3281 2321 3337 tudinem
2355 3286 2550 3336 mente
2590 3284 2897 3351 pertracto,
2932 3295 3073 3334 mea:
3122 3275 3519 3333 imbecilitatis
3565 3292 3702 3331 con-

2059 3369 2237 3439 scius,
2271 3371 2343 3425 ad
2376 3369 2484 3425 hoc
2530 3368 2971 3441 suscipiendum
3022 3366 3263 3422 minime
3306 3382 3401 3421 me
3430 3365 3550 3420 fore
3579 3365 3703 3420 ido-

2056 3475 2231 3515 neum
2264 3458 2486 3525 sentio;
2521 3463 2576 3514 et
2604 3458 2731 3513 ideo
2761 3456 2871 3512 fuit
2916 3454 3255 3512 obedientiee
3307 3454 3531 3522 dilatio,
3564 3454 3705 3526 quia

2054 3552 2202 3602 tanti
2234 3547 2507 3619 ponderis
2540 3548 2649 3601 sub
2683 3546 2831 3600 mole
2873 3546 3103 3600 ruinam
3157 3543 3377 3615 perpeti
3428 3542 3700 3598 formido.

2055 3638 2235 3692 Nemo
2266 3637 2421 3691 enim
2454 3636 2600 3691 alter
2629 3635 2791 3690 alteri
2823 3636 2907 3690 sic
2937 3641 3026 3690 est
3048 3638 3221 3689 notus
3244 3638 3309 3688 ut
3331 3632 3635 3689 sibi.Unde
3653 3632 3701 3688 si

2054 3741 2148 3780 me
2179 3728 2245 3779 ut
2273 3740 2378 3795 ego
2409 3723 2746 3789 nosceretis,
2773 3724 2844 3777 ad
2870 3723 2927 3777 id
2960 3722 3217 3777 ofﬁcium
3249 3721 3592 3776 nullatenus
3615 3738 3705 3777 co-

2054 3813 2288 3886 geretis.
2323 3812 2430 3867 Sed
2465 3811 2602 3883 quia
2631 3816 2824 3866 vestra
2849 3815 3015 3882 urget
3037 3809 3249 3881 jussio,
3283 3810 3376 3864 cui
3409 3808 3701 3864 contradi-

2055 3918 2183 3957 cere
2213 3917 2327 3956 non
2356 3902 2541 3955 audeo
2577 3918 2589 3954 :
2626 3894 2782 3954 nunc
2811 3899 2867 3953 in
2900 3915 2965 3954 eo
2989 3896 3086 3969 qui
3110 3896 3291 3952 lenire
3320 3895 3701 3968 aspera,rele-

2053 4006 2188 4045 vare
2215 3989 2367 4044 valet
2394 3988 2613 4061 gravia,
2636 4003 2912 4059 superare
2938 3985 3090 4041 valet
3117 3986 3394 4053 adversa;
3417 3985 3575 4038 omni
3599 4000 3702 4056 spe

2054 4077 2263 4150 posita,
2295 4081 2486 4131 vestra
2517 4080 2716 4130 mutor
2743 4076 2816 4131 ab
2842 4075 3154 4129 immutata
3185 4073 3494 4130 sententia.
3524 4095 3545 4119 η
3584 4071 3701 4128 Hoc

2054 4168 2263 4222 fratres
2281 4164 2480 4220 audito
2496 4180 2702 4219 omnes
2723 4162 3171 4235 gratulabantur
3190 4161 3329 4230 Deo,
3352 4161 3526 4232 cujus
3545 4161 3704 4216 beni-

2054 4254 2341 4327 gnissima
2390 4252 2765 4308 miseratione
2815 4251 3077 4307 exaudiri
3128 4256 3469 4306 meruerunt
3504 4250 3565 4304 in
3596 4266 3705 4305 sua

2035 4338 2351 4415 petitione.
2384 4343 2548 4397 Tunc
2579 4341 2832 4395 domnus
2854 4340 3006 4395 abba
3027 4338 3465 4395 multitudinem
3500 4353 3704 4392 convo-

2053 4448 2193 4488 cans
2215 4430 2520 4497 nobilium,
2537 4429 2877 4501 pontiﬁcum
2895 4432 2951 4483 et
2973 4425 3551 4495 abbatum,adhibuit
3572 4440 3705 4479 con-

2052 4518 2347 4588 silium,in
2364 4534 2616 4591 quorum
2637 4516 2945 4589 prazsentia
2966 4516 3088 4571 haec
3108 4514 3374 4588 prorupit
3391 4513 3449 4567 in
3476 4512 3651 4568 verba
3686 4528 3697 4565 :
3778 4520 3789 4529 '

2053 4632 2080 4659 ‹‹
2110 4608 2378 4665 Vestram
2411 4606 2655 4662 minime
2684 4605 2825 4661 latet
2855 4603 3376 4675 industriam,quia
3402 4602 3474 4656 ad
3498 4599 3699 4673 praela-

282 4686 524 4759 Hocque
555 4690 697 4747 dum
731 4691 895 4749 ﬁeret
915 4710 1018 4766 per
1047 4693 1451 4763 triduum,tale
1474 4694 1572 4750 Dei
1598 4694 1830 4767 pietatis
1854 4697 1940 4753 in-
1971 4684 2018 4748 D
2049 4703 2140 4754 tos
2170 4696 2426 4769 respicit,
2463 4694 2751 4768 quidquid
2781 4711 2814 4749 a
2847 4693 3101 4750 subditis
3131 4690 3512 4763 delinquitur.
3543 4692 3699 4756 Qua-

281 4773 425 4831 tulit
453 4774 764 4836 indicium.

362 4862 433 4918 II.
467 4864 530 4919 Β.
564 4866 841 4926 Benedicti
870 4874 1091 4928 nwnitis
1140 4872 1357 4928 tandem
1401 4873 1714 4944 acquiescit.
1744 4904 1812 4913 --
1842 4871 1945 4928 Vir

287 4965 549 5024 namque
576 4953 677 5010 Dei
711 4957 897 5015 nimia
927 4959 1211 5016 sollicitus
1242 4975 1402 5028 cura,
1435 4975 1569 5015 cum
1601 4965 1942 5032 sequentem

290 5043 525 5095 noctem
587 5041 704 5100 fere
750 5046 878 5117 jam
935 5048 1189 5105 mediam
1257 5047 1520 5103 duxisset
1584 5046 1941 5121 insomnem,

289 5124 472 5201 longa
548 5134 748 5189 tamen
832 5136 1179 5210 cogitatione
1266 5136 1476 5203 fessus,
1554 5151 1689 5191 cum
1773 5153 1948 5210 sopor

289 5212 379 5271 ita
429 5214 696 5289 irrueret,
745 5227 810 5279 ut
858 5226 1051 5281 adhuc
1109 5223 1278 5298 quasi
1333 5221 1673 5297 vigilantem
1721 5240 1783 5280 se
1834 5241 1946 5296 pu-

293 5307 470 5371 taret,
515 5307 756 5378 quidam
813 5313 1111 5387 religionis
1167 5312 1369 5369 habitu
1427 5317 1717 5383 comptus,
1766 5329 1945 5370 venu-

293 5395 390 5448 sta
418 5392 564 5450 facie
595 5397 862 5470 decorus,
894 5403 1055 5459 visus
1087 5406 1175 5457 est
1205 5401 1317 5457 sibi
1359 5404 1552 5456 astare
1601 5404 1659 5455 et
1705 5400 1896 5457 dicere
1931 5420 1943 5457 :

296 5478 553 5537 Securus
618 5491 762 5555 esto,
821 5491 1029 5559 frater;
1092 5508 1165 5546 ne
1222 5489 1437 5545 titubes
1497 5489 1551 5542 in
1619 5488 1946 5562 suscipien~

300 5569 376 5625 do
402 5570 708 5644 regiminis
751 5577 1053 5648 honorem,
1089 5581 1227 5652 quia
1274 5579 1346 5634 ad
1395 5578 1503 5634 hoc
1553 5580 1947 5651 peragendum

2053 4789 2290 4859 propter
2317 4782 2647 4856 exemplum
2678 4798 2864 4855 pravae
2887 4780 3110 4849 vitaz,et
3129 4778 3547 4854 negligentiam
3569 4777 3704 4833 sub-

2054 4876 2308 4932 ditorum
2325 4873 2477 4948 ignis
2494 4871 2770 4946 gehennae
2789 4871 3174 4927 inexhaustus
3194 4866 3701 4924 vindicat.ldcirco

2052 4980 2158 5038 ego
2190 4962 2572 5037 Heymardus,
2607 4959 2788 5016 sancti
2820 4959 2971 5015 Petri
3013 4956 3414 5015 Cluniacensis
3455 4953 3700 5012 ccenobii

2055 5053 2208 5109 abba
2237 5051 2534 5123 indignus,
2569 5048 2954 5121 praesentibus
2983 5052 3156 5121 atque
3185 5045 3399 5102 futuris
3425 5044 3702 5100 omnibus

2054 5138 2377 5214 generatim
2408 5141 2614 5193 notum
2654 5152 2783 5192 esse
2830 5135 2982 5206 volo,
3033 5135 3173 5208 quia
3218 5136 3339 5191 haec
3386 5138 3445 5189 et
3494 5132 3702 5188 husce-

2056 5228 2214 5285 modi
2246 5230 2439 5282 mente
2462 5227 2846 5297 pertractans,
2880 5229 3047 5281 aetate
3088 5223 3461 5295 defatigatus,
3497 5219 3705 5276 ofﬁciis

2056 5318 2232 5374 etiam
2269 5313 2903 5385 corporisimminutus
2919 5314 3059 5368 dum
3083 5312 3280 5367 minus
3308 5327 3401 5365 me
3424 5306 3699 5382 pastorali

2057 5421 2207 5462 curae
2238 5403 2513 5459 idoneum
2535 5402 2913 5472 persentisco,
2934 5401 3089 5457 beati
3113 5398 3404 5456 Benedicti
3427 5395 3706 5468 capitula-

2058 5496 2163 5550 tim
2194 5495 2263 5549 de
2295 5489 2699 5547 constituendo
2730 5490 2938 5544 abbate
2970 5488 3362 5565 sollicitudine
3395 5484 3703 5558 praemoni-

2057 5588 2173 5651 tus,
2208 5591 2341 5638 cum
2373 5578 2653 5635 omnibus
2683 5577 2961 5635 fratribus
2984 5579 3129 5636 meis
3152 5576 3287 5633 ﬁliis
3308 5581 3366 5633 et
3386 5572 3698 5639 conservis,
