4066 6172
384 288 503 352 ’255

1514 288 1578 350 S.
1627 283 1902 350 MAIOLI
1946 283 2276 346 ABBATIS
2322 283 2670 346 CLUNIAC.

3677 285 3792 348 756

384 424 542 482 beati
559 423 798 497 quidem
815 422 966 479 Petri
983 423 1205 494 pridem
1225 419 1475 476 electum
1495 421 1732 476 fratrem
1751 437 1817 475 ac
1839 417 2029 474 ﬁlium
2059 421 2115 489 Α
2144 417 2331 474 omnia
2357 417 2533 488 factus
2557 435 2700 485 sum,
2732 425 2794 474 ut
2840 434 3020 474 omnes
3069 419 3448 490 lacrifaccrcm
3481 417 3530 492 (I
3559 417 3683 476 Cor.
3715 438 3791 491 Ix,

389 512 669 571 Maiolum
700 511 1072 585 reelegimus,
1102 516 1160 566 et
1189 510 1458 565 abbatem
1490 525 1618 564 esse
1641 509 2032 579 decernimus,

389 619 463 658 ne
491 601 804 658 insolentia
835 605 1044 656 nostra:
1091 599 1452 654 inﬁrmitatis
1501 599 1642 654 ordo
1689 599 2031 665 deterescat,

389 695 448 748 et
473 689 766 762 repulsam
798 690 856 744 in
888 688 1082 760 aliquo
1106 687 1384 760 patiatur,
1400 688 1516 742 Deo
1532 687 1781 758 propitio
1805 703 2037 758 semper

389 781 460 835 ad
481 777 722 834 meliora
741 777 1164 848 provehendus.
1182 777 1326 832 Nam
1350 777 1504 831 sicut
1524 776 1658 846 quis
1679 777 1751 830 ad
1774 776 2033 848 regimen

389 868 662 922 incautus
692 865 935 938 aspirat,
968 865 1049 919 ita
1079 865 1126 919 si
1161 865 1293 936 quis
1325 863 1540 936 dignus
1584 864 1800 937 refugit
1832 863 2035 920 merito

389 953 880 1027 constringendus
908 953 1176 1008 habetur.
1209 955 1279 1008 Et
1305 951 1459 1008 sicut
1489 951 1870 1008 Cluniacense
1905 968 2035 1006 mo-

387 1044 710 1102 nasterium
737 1044 854 1098 Deo
885 1047 1119 1099 auctore
1151 1059 1184 1097 a
1211 1041 1506 1098 Willelmo
1535 1043 1681 1097 duce
1725 1042 2035 1096 fundatum

387 1132 624 1188 nomine
653 1131 934 1206 principis
965 1130 1362 1203 apostolorum
1395 1129 2038 1202 sacratum,privilegiis

388 1222 662 1278 Romanis
694 1220 854 1276 sedis
875 1219 1552 1292 insignitum,rcgalibus
1583 1219 1884 1290 praeceptis
1907 1235 2040 1274 con-

388 1311 708 1378 ﬁrmatum,
741 1326 776 1365 a
805 1309 1134 1365 reverendis
1162 1325 1395 1381 quoque
1445 1308 1754 1364 abbatibus
1803 1305 2036 1363 domnis

389 1391 648 1454 Bernone
673 1399 731 1454 et
746 1397 944 1454 Odone
961 1397 1297 1454 ordinatum
1322 1401 1551 1452 constat
1571 1414 1584 1464 ;
1605 1397 1685 1451 ita
1701 1411 1834 1452 cum
1855 1394 2038 1451 omni-

385 1488 500 1543 bus
531 1485 801 1554 abbatiis,
835 1485 998 1554 locis,
1032 1488 1090 1541 et
1118 1483 1281 1542 cellis
1314 1486 1413 1540 ubi
1442 1484 1562 1552 ubi,
1597 1500 1799 1540 eorum
1831 1483 1919 1540 vel
1942 1501 2038 1540 no-

386 1578 507 1633 stro
536 1579 796 1648 tempore
827 1574 1150 1648 acquisitis,
1169 1575 1442 1646 praedicto
1459 1575 1623 1631 fratri
1642 1575 2034 1630 ordinandum

385 1665 698 1734 tradimus,
719 1670 894 1737 atque
917 1669 1038 1721 tam
1071 1665 1143 1720 ad
1175 1665 1438 1720 ordinem
1462 1665 1816 1720 servandum
1836 1679 2038 1720 secun-

386 1753 529 1810 dum
552 1753 788 1809 beatum
812 1752 1191 1809 Benedictum
1204 1751 1546 1808 etinstituta
1559 1754 1792 1824 patrum
1815 1755 2037 1807 nostro-

387 1857 541 1909 rum,
565 1858 741 1914 quam
765 1842 836 1896 ad
861 1858 952 1896 res
977 1839 1372 1912 disponendas
1385 1839 1494 1894 sub
1509 1837 2036 1911 omniintcgritate,

387 1927 640 2002 propitia
669 1926 1250 1995 divinitate,vinculis
1267 1925 1606 1982 obedientim
1627 1925 1870 1997 astringi
1880 1942 1932 1980 ιη
1942 1943 2031 1994 us,

386 2020 444 2074 et
473 2017 744 2073 abbatem
779 2015 1138 2072 unanimiter
1165 2031 1370 2070 omnes
1399 2012 1886 2086 proclamamus.»
1903 2013 2038 2068 Post

387 2106 510 2162 haec
541 2105 792 2178 denique
823 2105 1017 2172 verba,
1049 2101 1330 2160 electione
1361 2103 1775 2174 conscripta,et
1803 2101 2034 2157 univer-

387 2193 580 2250 sitatis
611 2209 901 2250 consensu
945 2191 1235 2261 roborata,
1267 2191 1663 2264 impositaque
1714 2189 2039 2263 antiphona

389 2282 624 2339 ducitur
653 2281 712 2340 in
754 2279 1085 2344 ecclesiam,
1117 2279 1500 2348 benedicitur,
1535 2282 1590 2335 et
1636 2279 1697 2334 in
1746 2289 1854 2335 sua
1901 2279 2037 2336 sede

387 2371 664 2428 omnibus
693 2369 1129 2444 gratulantibus
1161 2367 1406 2426 levatur.

457 2461 554 2517 III.
585 2460 890 2533 Scriptura:
916 2475 1088 2518 sacra:
1119 2459 1344 2515 lectione
1368 2475 1426 2514 sc
1453 2466 1504 2514 et
1531 2459 1670 2514 alios
1695 2459 1849 2529 regit.
1885 2457 2038 2514 —-Ut

387 2548 608 2622 speculi
639 2549 763 2606 fieri
796 2547 944 2606 solet
973 2546 1351 2620 inspectione,
1388 2547 1468 2602 ita
1494 2546 1817 2602 seinterius
1840 2546 2038 2602 divina

388 2638 796 2697 considerabat
827 2636 1092 2704 lectione,
1107 2641 1165 2692 et
1176 2654 1244 2692 ex
1255 2636 1364 2692 hac
1387 2636 1602 2692 mentis
1623 2639 1864 2691 ornatus
1885 2653 2038 2692 com-

385 2727 746 2802 ponebatur;
779 2725 1166 2784 deformitatis
1194 2742 1326 2782 vero
1359 2725 1406 2781 si
1447 2723 1588 2796 quid
1637 2725 2036 2796 deprehende-

385 2816 578 2886 batur,
604 2814 852 2888 justitiae
880 2815 1280 2871 moderamine
1311 2813 1729 2887 corrigebatur.
1746 2813 1878 2869 Ideo
1900 2813 2038 2868 divi-

387 2922 596 2962 norum
652 2908 1078 2978 praeceptorum
1129 2903 1262 2977 plus
1310 2903 1709 2960 delectabatur
1765 2901 2032 2975 eloquiis,

387 3011 564 3068 quam
616 2993 860 3068 dapium
905 2991 1218 3050 ditissimis
1270 2991 1536 3060 ferculis;
1572 2992 1712 3064 quia
1760 3008 1829 3046 ex
1859 2991 1952 3048 his
1981 2995 2038 3046 et

386 3099 526 3140 suos
555 3099 748 3138 mores
773 3096 1140 3152 componere,
1175 3085 1232 3136 et
1260 3081 1371 3136 sibi
1405 3080 1752 3136 commissos
1785 3079 2034 3136 instruc-

2141 509 2254 573 22).
2287 505 2580 577 Quidquid
2614 505 2980 578 loquebatur,
3009 507 3303 580 sapientia:
3331 509 3625 582 gravitate
3648 527 3796 565 com-

2144 594 2414 666 ponebat.
2441 595 2640 650 Sermo
2662 597 2790 667 ejus
2813 595 2930 650 sale
2950 597 3236 666 conditus,
3253 613 3369 670 quo
3394 598 3638 655 virtutis
3659 616 3797 670 pon-

2145 683 2278 738 dere
2309 683 2500 738 brevis
2538 687 2595 738 et
2633 701 2902 751 rarus,eo
2923 685 3189 756 prudenti
3213 686 3505 742 suavitate
3547 686 3798 742 habeba-

2147 776 2242 827 tur
2270 772 2581 843 pretiosus.
2608 773 2739 828 Ideo
2763 773 3221 846 quotiescunque
3243 776 3314 830 ad
3347 775 3800 832 aedificationem

2145 860 2424 916 moralem
2459 861 2706 916 faciebat
2737 878 3090 930 sermonem,
3123 867 3184 917 ut
3213 863 3702 932 disertisssimus,
3725 866 3804 921 ita

2145 949 2472 1005 habebatur
2517 949 2912 1022 gratissimus.
2946 950 3190 1023 Gregcm
3245 951 3357 1007 sibi
3412 954 3801 1009 commissum

2147 1037 2386 1110 provida
2419 1055 2624 1109 regens
2657 1037 2872 1110 pietate
2903 1039 3180 1095 adversus
3207 1041 3541 1112 pessimum
3583 1043 3802 1099 sanctis

2147 1125 2422 1182 omnibus
2449 1125 2777 1194 inimicum,
2811 1125 3081 1183 concordi
3115 1132 3436 1201 sanctoque
3481 1131 3802 1187 certamine

2147 1215 2498 1270 admonebat
2527 1219 2767 1280 certare,
2798 1220 2862 1270 ut
2893 1233 3094 1272 eorum
3123 1217 3374 1290 quisque
3395 1219 3559 1290 quod
3584 1225 3800 1291 posset,

2145 1303 2370 1376 operari
2394 1305 2614 1359 bonum
2639 1321 2755 1360 non
2777 1303 3106 1372 desisteret,
3124 1322 3192 1362 ne
3211 1310 3354 1362 tunc
3371 1305 3804 1380 vellet‘quando

2147 1409 2263 1447 non
2309 1390 2528 1461 liceret,
2562 1391 2684 1448 Illis
2731 1392 2908 1448 etiam
2939 1391 3001 1448 Β.
3038 1393 3195 1449 Pauli
3246 1395 3469 1468 saepius
3517 1395 3804 1452 inferebat

2145 1481 2392 1547 monita,
2424 1481 2524 1553 qui
2558 1481 2617 1536 in
2649 1498 2756 1537 sua
2796 1481 2875 1538 ait
2925 1481 3183 1554 Epistola
3211 1500 3225 1538 :
3258 1485 3461 1540 Pacem
3503 1487 3805 1557 sequimini

2144 1585 2270 1625 cum
2297 1569 2550 1626 omnibus
2578 1578 2631 1626 ct
2659 1571 3082 1626 sanctimoniam
3105 1573 3222 1627 sine
3253 1588 3364 1644 qua
3394 1588 3557 1629 nemo
3608 1572 3805 1630 videbit

2144 1659 2334 1714 Deum.
2366 1658 2544 1715 Vetus
2575 1659 2731 1714 enim
2765 1659 3134 1732 proverbium
3170 1665 3276 1728 est,
3312 1677 3521 1733 parem
3563 1661 3693 1734 pari
3727 1663 3802 1718 fa-

2145 1745 2252 1802 cile
2282 1749 2643 1820 congregari.
2679 1748 2812 1804 Ideo
2851 1752 3164 1821 perpetuus
3209 1749 3576 1823 virginitatis
3607 1755 3802 1807 custos

2144 1835 2364 1892 nullius
2397 1837 2776 1909 turpitudinis
2807 1837 3128 1910 ignominia
3158 1836 3445 1894 maculari
3469 1839 3805 1912 patiebatur

2144 1925 2255 1981 sibi
2289 1925 2576 1982 subditos.
2611 1926 2922 1982 Peccantes
2950 1943 3082 1982 vero
3112 1925 3231 1983 zelo
3255 1927 3336 2000 pii
3361 1929 3588 1984 amoris
3611 1946 3801 1986 coram

2145 2013 2419 2070 omnibus
2450 2015 2749 2088 arguebat,
2778 2019 2844 2070 ut
2868 2016 3054 2071 cwteri
3080 2013 3350 2072 timorem
3374 2016 3799 2074 haberent.Sed

2143 2106 2202 2158 et
2230 2103 2406 2158 verba
2435 2121 2561 2176 qua:
2584 2103 2692 2158 sub
2715 2103 3109 2174 increpatione
3139 2103 3493 2176 proferebat,
3511 2106 3690 2178 quasi
3711 2107 3801 2161 sti-

2145 2189 2290 2246 muli
2322 2191 2471 2246 dura
2498 2191 2850 2247 videbantur
2877 2194 2932 2248 et
2963 2208 3188 2264 aspera,
3217 2193 3391 2263 juxta
3420 2192 3573 2249 illud
3601 2212 3615 2250 :
3645 2195 3802 2250 Verba

2143 2281 2405 2352 sapientis
2436 2281 2596 2353 quasi
2620 2281 2836 2336 stimuli
2861 2288 2912 2336 ct
2937 2283 3097 2354 quasi
3123 2281 3266 2336 clavi
3305 2283 3368 2338 in
3413 2283 3598 2338 altum
3643 2283 3804 2354 deﬁxi

2144 2367 2337 2436 (Eccte.
2357 2386 2458 2435 xu,
2484 2368 2592 2438 11).
2617 2369 2767 2436 Quin
2787 2369 2963 2425 etiam
2987 2374 3225 2443 paterno
3243 2386 3407 2426 more
3427 2387 3584 2443 quos
3603 2389 3806 2444 aspera

2145 2456 2532 2530 redarguebat
2579 2457 2920 2527 invectione,
2956 2458 3171 2514 mirum
3217 2463 3311 2515 est
3353 2460 3594 2528 referre,
3633 2477 3804 2533 quam

2144 2549 2363 2613 sancte,
2379 2562 2556 2618 quam
2584 2546 2678 2624 pie
2699 2562 2798 2602 eos
2825 2547 3200 2620 postmodum
3225 2547 3805 2622 demulcebat,prout

2145 2633 2356 2706 cuique
2387 2635 2657 2706 expedire
2688 2634 2939 2704 videbat,
2965 2635 3264 2709 proferens
3285 2637 3357 2692 de
3377 2636 3666 2693 thesauro
3689 2655 3804 2692 cor-

2145 2723 2236 2778 dis
2265 2723 2356 2778 sui
2388 2739 2537 2778 nova
2565 2727 2622 2778 et
2650 2727 2876 2792 vetera;
2909 2724 3054 2780 alios
3085 2725 3328 2798 quidem
3352 2725 3798 2795 blandimentis,

2145 2809 2290 2866 alios
2320 2811 2840 2880 admonitionibus,
2876 2811 3021 2870 alios
3051 2814 3373 2870 terroribus
3402 2819 3460 2870 et
3491 2814 3579 2870 ita
3610 2817 3800 2871 omni-

2145 2901 2256 2959 bus
2287 2900 2486 2956 omnia
2517 2901 2704 2956 factus
2727 2902 2899 2973 juxta
2926 2899 3294 2975 Apostolum,
3328 2903 3665 2976 praedicans
3683 2921 3797 2960 ver-

2145 2989 2308 3057 bum,
2343 2989 2571 3045 instans
2602 2993 2946 3062 opportune,
2979 2989 3332 3062 imporfune,
3355 2995 3794 3064 arguens,obse-

2144 3094 2318 3134 crans
2349 3079 2406 3132 in
2439 3079 2597 3134 omni
2639 3078 2923 3150 patientia
2948 3084 3005 3135 et
3036 3079 3300 3135 doctrina
3330 3081 3404 3152 (Il
3440 3083 3582 3138 Tim.
3619 3101 3694 3150 xv,
3719 3087 3794 3152 2).

386 3171 561 3226 batur
589 3171 794 3226 docere
824 3173 883 3224 et
913 3169 1243 3240 corrigere.
1273 3167 1513 3224 Cunctis
1542 3172 1738 3224 tamen
1770 3169 2030 3240 seipsum
2061 3154 2105 3220 C
2143 3166 2360 3223 Verum
2393 3166 2530 3239 quia
2558 3166 2840 3223 charitate
2863 3167 3196 3240 replebatur
3212 3169 3452 3238 Christi,
3473 3171 3580 3242 qui
3602 3188 3801 3228 omnes

387 3259 536 3315 bene
563 3257 792 3314 vivendi
823 3258 1117 3330 praebebat
1143 3257 1498 3330 exemplum.
1533 3258 1604 3313 Et
1633 3257 1762 3313 ideo
1795 3257 1946 3312 sicut
1975 3257 2032 3314 in

385 3345 609 3414 ordine,
634 3346 717 3402 ita
735 3345 967 3419 primus
988 3345 1266 3401 studebat
1291 3350 1356 3402 ut
1384 3351 1540 3402 esset
1567 3345 1630 3401 in
1662 3363 1856 3418 opere,
1865 3347 2035 3418 juxta

383 3434 532 3490 illud
563 3433 930 3508 evangelista:
964 3451 978 3490 :
1013 3434 1181 3506 Caepit
1204 3435 1360 3490 Iesus
1398 3437 1574 3506 facere
1602 3443 1654 3490 et
1679 3435 1867 3492 docere
1897 3435 2030 3508 (Act.

387 3540 424 3592 ι,
460 3524 535 3593 1).
567 3523 726 3579 Adeo
751 3521 986 3578 lectioni
1015 3539 1249 3596 semper
1289 3527 1414 3578 erat
1461 3524 1713 3592 deditus,
1750 3529 1814 3578 ut
1843 3524 1902 3579 in
1934 3523 2033 3580 iti-

383 3625 521 3665 nere
549 3609 799 3683 positus,
831 3609 1092 3665 libellum
1125 3608 1339 3682 saepius
1367 3613 1623 3682 gestaret
1652 3609 1708 3665 in
1735 3610 2028 3666 manibus.

383 3697 584 3771 Itaque
613 3697 672 3752 in
703 3697 1025 3771 equitando
1067 3698 1436 3753 reficiebatur
1486 3698 1719 3754 animus
1764 3697 2028 3772 legendo.

453 3787 546 3843 IV.
579 3787 848 3862 Profanos
878 3794 944 3842 ut
969 3786 1598 3859 lcgit.—PhilosOpbos
1630 3804 1760 3843 vero
1792 3787 2030 3843 saecula-

381 3875 579 3948 risque
609 3875 908 3948 sapientiae
941 3875 1123 3932 libros
1151 3876 1386 3947 quando
1409 3875 1814 3948 legebat,illud
1835 3878 2030 3949 sagaci

381 3966 716 4041 sectabatur
745 3963 1060 4031 industria,
1088 3965 1240 4037 quod
1275 3965 1346 4019 ad
1392 3963 1786 4036 legislaturem
1835 3965 2032 4022 divina

379 4069 489 4109 vox
509 4052 570 4108 in
599 4053 746 4125 legis
771 4053 1186 4108 secundatione
1207 4053 1384 4124 (idest
1411 4053 1880 4123 Deuteronomio)
1894 4073 2032 4126 pra:-

382 4140 524 4212 cipit
571 4142 642 4196 de
685 4126 918 4212 baptiva
963 4159 1114 4214 quae,
1161 4145 1399 4213 sumpto
1449 4140 1696 4208 calvitio,
1731 4142 2028 4215 unguibus

381 4227 699 4300 praesectis,
731 4227 865 4300 pilis
889 4229 1136 4295 abrasis,
1155 4230 1430 4284 omnibus
1462 4236 1706 4302 purgata
1731 4231 2024 4300 sordibus,

381 4318 508 4388 ejus
539 4334 573 4373 a
603 4333 719 4389 quo
745 4321 915 4389 capta
945 4317 1134 4372 fuerat
1160 4317 1450 4391 transibat
1480 4319 1539 4372 in
1571 4319 2028 4391 amplexus.Hac

380 4404 594 4478 quippe
629 4404 1036 4474 similitudine,
1072 4422 1198 4477 qua:
1223 4389 1283 4460 in
1327 4389 1810 4479 philosOphotrum
1859 4408 2026 4464 libris

378 4493 820 4566 reperiebantur
846 4494 1034 4564 utilia,
1050 4494 1170 4549 haec
1192 4511 1299 4550 sua
1321 4495 1676 4567 dignabatur
1703 4497 2023 4555 memoria:
2057 4523 2104 4586 Ι)

379 4597 508 4654 quae
536 4599 670 4640 vero
702 4583 1019 4656 superﬂua,
1035 4583 1106 4638 dc
1122 4600 1319 4640 amore
1341 4583 1563 4640 scilicet
1593 4602 1906 4658 rerumque
1928 4603 2027 4642 sae-

378 4671 668 4728 cularium
699 4689 859 4742 cura,
887 4673 1009 4730 hinc
1035 4672 1204 4745 quasi
1234 4676 1517 4728 venenata
1539 4675 1780 4730 radebat
1800 4679 1857 4732 et
1879 4693 2028 4732 mor-

375 4759 565 4833 tifera,
597 4760 690 4818 his
719 4761 1018 4818 calvitium
1050 4761 1386 4831 inducebat,
1421 4761 1544 4818 huic
1577 4763 1821 4836 ungium
1865 4781 2025 4822 more

376 4850 526 4906 ferro
557 4850 898 4908 acutissimo
929 4850 1262 4908 desecabat.
1295 4852 1377 4906 Ex
1405 4849 1672 4908 lectionis
1702 4869 1838 4924 ergo
1869 4855 2024 4909 assi-

375 4939 621 5008 duitate,
667 4939 1105 5013 Scripturarum
1151 4938 1503 4995 informatus
1550 4939 1914 5010 auctoritate,
1945 4941 2026 4997 ita

375 5026 436 5083 in
458 5028 757 5084 canonicis
774 5046 840 5084 ac
863 5027 1204 5084 monasticis
1224 5027 1453 5084 valebat
1471 5027 1855 5096 institutis,ut
1875 5030 2025 5085 nulii

375 5115 671 5173 videretur
699 5118 996 5174 secundus
1046 5119 1103 5172 in
1155 5117 1350 5189 legum
1399 5117 1645 5172 decretis
1673 5135 1739 5171 ac
1769 5117 2022 5188 philoso-

376 5203 566 5276 phicis
589 5207 982 5278 argumentis.

445 5291 514 5347 V.
545 5295 684 5366 Erga
711 5295 952 5351 subditos
983 5303 1040 5350 ut
1067 5312 1124 5350 sc
1153 5296 1310 5365 gerit.
1347 5326 1411 5332 —
1442 5295 1592 5349 Tum
1626 5293 1835 5349 virtute
1854 5299 1911 5349 et
1931 5312 2022 5350 sa-

377 5380 596 5451 pientia
626 5382 1004 5454 compositus,
1039 5383 1196 5438 fandi
1230 5401 1460 5454 quoque
1493 5381 1908 5438 honestissima
1937 5399 2026 5439 co-

377 5465 473 5536 pia
502 5467 744 5535 ditatus,
774 5471 855 5524 ita
889 5486 950 5525 se
982 5471 1291 5542 coeptabat
1331 5469 1599 5542 singulis,
1637 5476 1699 5525 ut
1747 5470 2022 5526 omnibus

377 5559 530 5610 esset
575 5555 898 5630 diligibilis,
927 5557 1178 5632 implens
1225 5557 1369 5613 illud
1417 5558 1676 5632 Apostoli
1712 5577 1723 5614 :
1761 5560 2023 5615 Omnibus

2143 3254 2413 3312 homines
2443 3256 2564 3311 vult
2595 3255 2784 3310 salvos
2816 3256 2939 3312 fieri
2967 3260 3024 3312 et
3044 3257 3116 3312 ad
3147 3255 3510 3330 agnitionem
3545 3259 3802 3316 veritatis

2145 3343 2462 3417 pervenire,
2496 3343 2760 3400 omnium
2793 3345 3080 3401 bonorum
3103 3346 3439 3418 utpropriis
3468 3349 3804 3420 gratulaba—

2144 3437 2242 3488 tur
2271 3433 2666 3504 provectibus,
2693 3432 2987 3490 malorum
3018 3433 3442 3507 ingemiscebat
3475 3435 3803 3510 iniquitati-

2144 3521 2255 3577 bus
2287 3538 2299 3575 :
2336 3522 2683 3578 miserorum
2714 3539 2868 3586 vero,
2904 3523 3060 3578 haud
3093 3539 3261 3579 secus
3293 3540 3361 3580 ac
3391 3525 3442 3581 si
3475 3524 3610 3598 ipse
3641 3532 3803 3600 pate-

2143 3613 2322 3677 retur,
2355 3611 2722 3666 afﬁciebatur
2751 3611 3208 3668 calamitatibus.

2211 3699 2398 3754 V1.1n
2431 3701 2658 3771 palatiis
2707 3717 2874 3771 quam
2918 3709 3073 3757 caute
3111 3717 3168 3756 se
3215 3701 3391 3758 habet.
3425 3703 3627 3760 Multos
3680 3721 3798 3761 con-

2140 3789 2301 3844 vortit
2325 3805 2362 3843 a
2388 3789 2608 3846 sa'culo.
2637 3789 2961 3846 Monastcria
2988 3791 3265 3861 reformat.
3299 3822 3367 3832 —
3394 3793 3802 3864 Augustorum

2137 3893 2272 3932 vero
2303 3893 2406 3932 seu
2441 3893 2643 3950 regum
2675 3877 2892 3949 palatia
2913 3895 3046 3934 cum
3071 3897 3172 3951 per
3192 3879 3454 3936 diversas
3475 3886 3682 3953 partes
3705 3883 3802 3938 fre-

2141 3969 2387 4036 quenter
2415 3965 2580 4032 adiit,
2615 3964 2674 4020 in
2707 3965 2794 4021 eis
2820 3985 2932 4023 non
2967 3985 3092 4040 qua:
3123 3985 3230 4024 sua
3249 3971 3520 4038 sunt,sed
3548 3988 3687 4043 qua:
3715 3973 3796 4027 Je-

2140 4071 2208 4110 su
2242 4052 2454 4108 Christi
2488 4053 2772 4126 quaesivit,
2809 4059 2873 4110 ut
2901 4073 2970 4111 ex
2998 4072 3199 4111 eorum
3251 4056 3477 4114 scilicet
3517 4059 3796 4114 famiiiari

2139 4141 2542 4209 collocatione,
2559 4143 2894 4199 subveniret
2909 4143 3201 4215 oppressis
3219 4162 3329 4200 sua
3344 4145 3795 4214 interventione,

2138 4234 2241 4286 aut
2269 4235 2422 4286 certe
2453 4229 2684 4302 aliquos
2732 4249 2802 4286 ex
2849 4231 3114 4288 saeculari
3146 4233 3232 4288 vel
3282 4233 3538 4290 clericali
3590 4235 3797 4293 habitu

2137 4319 2252 4374 Deo
2270 4319 2654 4386 lucrifaceret,
2671 4324 2735 4376 ut
2742 4321 2911 4391 juxta
2927 4320 3158 4376 Domini
3178 4327 3536 4395 praeceptum
3562 4325 3797 4397 propria

2137 4406 2552 4478 relinquerent,
2585 4412 2643 4462 et
2682 4407 3062 4466 saecularibus
3113 4409 3271 4466 curis
3321 4411 3557 4478 semoti,
3593 4413 3716 4468 Deo
3740 4413 3792 4467 in

2135 4495 2558 4568 tranquillitate
2589 4497 2805 4552 servire
2834 4497 3154 4554 studerent.
3193 4498 3396 4570 Itaque
3416 4498 3560 4555 licet
3581 4502 3796 4574 sepius

2135 4585 2194 4639 in
2229 4589 2454 4640 terreno
2487 4590 2930 4642 conversaretur
2960 4586 3198 4659 palatio,
3229 4587 3468 4644 animus
3501 4592 3708 4656 tamen
3739 4591 3794 4644 in

2136 4673 2296 4729 nullo
2327 4690 2389 4729 se
2411 4673 2988 4731 ﬂcctebatacmlcstis
3007 4675 3134 4730 vita:
3155 4676 3487 4748 proposito;
3509 4679 3794 4750 quoniam

2132 4761 2412 4818 humanis
2457 4761 2714 4819 cmlestia
2763 4780 3124 4836 praeponens,
3157 4763 3288 4820 ideo
3319 4781 3354 4820 a
3383 4764 3612 4822 cmlesti
3665 4783 3794 4838 rege

2133 4851 2392 4924 separari
2425 4869 2542 4907 non
2589 4855 2834 4924 poterat,
2869 4851 2966 4907 cui
3013 4851 3132 4908 toia
3189 4857 3386 4909 mente
3431 4853 3789 4911 adhaerebat.

2133 4939 2351 4994 Deinde
2381 4943 2444 4994 ut
2471 4939 2710 4996 obsceni
2743 4939 2996 4996 rumoris
3045 4939 3208 4996 nulla
3234 4941 3306 4997 de
3336 4957 3398 4997 se
3432 4941 3660 5012 fabula,
3692 4942 3790 4998 sed

2133 5027 2280 5082 bene
2309 5027 2538 5083 vivendi
2569 5029 2902 5100 exemplum
2935 5047 3002 5084 cx
3051 5046 3160 5084 sua
3207 5030 3548 5100 procederet
3596 5030 3790 5086 conti-

2135 5115 2350 5184 nentia,
2387 5115 2444 5170 in
2477 5117 2735 5182 incessu,
2767 5116 2824 5171 in
2857 5117 3016 5173 omni
3059 5118 3320 5189 corporis
3369 5122 3558 5184 motu,
3593 5119 3698 5174 tali
3731 5133 3794 5172 se

2135 5205 2483 5276 pcrornabat
2515 5205 2738 5272 babitu,
2765 5211 2828 5261 ut
2849 5205 3041 5260 omnis
3072 5207 3200 5277 ejus
3227 5207 3616 5273 actio,omnis
3639 5206 3794 5261 locu-

2133 5292 2214 5347 tio
2238 5292 2502 5348 doctrina
2531 5295 2925 5365 apostolorum
2958 5299 3116 5350 esset
3145 5298 3201 5350 et
3229 5293 3632 5352 institutio.Os
3661 5297 3792 5367 ejus

2135 5379 2215 5434 ita
2247 5380 2578 5452 replebatur
2625 5399 2695 5437 ex
2743 5383 2936 5446 cordis
2979 5381 3364 5446 abundantia,
3398 5382 3548 5437 utin
3583 5383 3788 5438 eodem

2134 5487 2230 5526 ore
2263 5487 2409 5542 pene
2441 5471 2582 5525 nihil
2618 5472 2776 5526 aliud
2821 5473 2934 5527 nisi
2985 5472 3073 5527 lex
3121 5477 3423 5528 resonaret
3469 5473 3693 5526 divina.
3723 5472 3790 5526 Et

2133 5559 2271 5632 quia
2302 5559 2597 5632 Scriptura
2623 5561 2794 5633 jubet
2827 5578 2838 5614 ε
2876 5565 2992 5634 Qui
3021 5561 3177 5617 audit
3205 5561 3351 5616 dicat
3377 5579 3395 5614 :
3433 5561 3568 5616 Veni
3594 5562 3783 5630 (Apoc.
