4028 6172
318 233 435 295 757

1704 244 1913 305 VITA.
1951 276 2028 287 —
2056 243 2207 306 LIB.
2258 246 2333 309 II.

3609 257 3727 327 ’158

312 385 453 437 xxii,
492 370 608 437 t7);
644 368 772 427 ideo
823 386 1203 445 quoscunque
1251 378 1494 447 poterat,
1540 392 1573 431 a
1622 376 1817 432 saeculi
1868 392 1965 431 ne-
1995 374 2052 442 Α
2083 393 2229 435 cere.
2265 381 2546 446 Quocirca
2598 384 2944 445 discretione
2996 406 3158 458 usus,
3212 389 3361 448 inter
3409 397 3726 468 utrumque

286 459 507 531 squitia
563 459 865 515 suadendo
925 461 1362 518 subtrahebat:
1412 467 1467 519 et
1524 466 1675 520 sicut
1734 465 1965 521 cazleste

316 564 422 620 per
470 547 824 602 desiderium
884 549 1021 604 totis
1074 550 1197 621 ipse
1246 552 1470 607 viribus
1519 554 1589 607 ad
1641 569 1963 624 supernum

313 653 564 709 regnum
597 635 928 703 anhelabat,
964 637 1047 694 ita
1089 655 1287 694 secum
1348 657 1584 712 pergere
1634 657 1837 696 omnes
1866 641 1964 696 ho-

313 726 529 792 mines,
582 725 629 780 si
680 724 802 779 ﬁeri
853 732 1069 798 posset,
1106 729 1431 801 exoptabat.
1471 730 1578 785 Sed
1629 729 1962 785 nullatenus

311 819 405 870 est
436 815 739 870 fraudatus
779 832 812 869 a
856 815 1162 885 desiderio,
1198 819 1351 888 quod
1406 819 1461 872 in
1512 836 1572 872 se
1620 822 1963 889 conceperat

308 922 449 959 vera
479 903 728 959 dilectio.
755 903 856 960 Ille
896 906 1052 960 enim
1094 907 1191 976 qui
1236 906 1489 961 Charitas
1522 913 1629 973 est,
1664 906 1763 979 qui
1798 924 1859 961 se
1890 907 1960 961 ti-

310 994 602 1048 mentium
642 994 896 1065 complet
925 993 1301 1060 voluntatem,
1334 995 1437 1049 viri
1491 996 1590 1050 Dei
1644 997 1957 1051 ferventem

311 1082 587 1137 affectum
620 1081 888 1154 perduxit
916 1083 987 1137 ad
1022 1082 1311 1139 etl‘ectum.
1337 1084 1419 1138 Ad
1445 1086 1573 1155 ejus
1596 1084 1808 1157 quippe
1841 1101 1961 1140 m0-

309 1171 438 1226 nita
468 1169 637 1226 multi
667 1187 796 1243 quae
828 1173 1207 1242 possederant
1256 1171 1953 1244 relinquentes,_rcgulari

309 1277 373 1317 se
395 1259 715 1331 disciplina:
742 1260 1213 1328 subdiderunt,et
1235 1261 1386 1316 beati
1407 1262 1699 1317 Benedicti
1717 1278 1958 1334 sequen-

309 1353 401 1405 tes
429 1350 694 1422 vestigia,
721 1349 1065 1422 semetipsos
1097 1351 1477 1423 abnegantes,
1508 1368 1640 1406 vero
1669 1353 1786 1423 regi
1821 1351 1956 1407 totis

304 1438 532 1494 viribus
563 1436 981 1493 militaverunt.
1008 1438 1276 1494 Partibus
1307 1456 1561 1511 namque
1598 1457 1666 1496 ex
1713 1440 1955 1496 diversis

308 1528 383 1583 ad
418 1529 546 1599 ejus
578 1526 907 1582 coenobium
949 1526 1266 1584 multitudo
1298 1530 1577 1584 conﬂuxit
1620 1529 1956 1585 innumera-

308 1615 448 1673 bilis
472 1634 486 1671 :
510 1617 609 1672 sed
644 1616 980 1672 nationibus
1007 1615 1142 1672 licet
1163 1617 1398 1687 diversi,
1422 1625 1615 1674 mente
1648 1624 1845 1676 tamen
1876 1619 1957 1675 ita

2077 468 2315 525 incessit
2346 474 2599 539 medius,
2633 479 2697 529 ut
2728 492 2831 531 nec
2854 478 3153 547 jactantim
3186 481 3351 553 argui
3385 482 3571 551 possit
3597 499 3724 553 pre-

2075 558 2242 613 tiosis
2274 559 2343 614 de
2380 562 2661 629 vestibus,
2696 579 2801 619 nec
2841 565 3131 623 simulatae
3174 568 3505 624 sanctitatis
3537 569 3607 624 de
3636 571 3725 626 ni-

2072 646 2257 701 mium
2293 649 2536 719 abjectis
2565 655 2619 705 et
2641 651 2876 708 vilibus.
2903 654 3151 711 Disertis
3174 673 3405 728 quoque
3425 657 3566 714 viris
3588 670 3726 730 quo-

2071 735 2581 808 tiesjungcbatur,
2608 743 2663 793 et
2711 742 2782 794 de
2822 741 3319 813 Sexipturis(f1eri
3372 749 3437 799 ut
3486 745 3722 815 assolet)

2071 822 2291 895 aliquid
2328 828 2782 897 proponebatur,
2805 828 3055 884 libenter
3084 832 3377 898 audiebat,
3403 832 3723 904 prudenter

2070 915 2126 965 et
2153 915 2477 969 verecunde
2512 917 2914 986 respondebat,
2950 918 3195 974 libenter
3235 937 3299 975 ac
3348 919 3724 977 laudabiliter

2069 1001 2449 1071 suscipiebat.
2475 1003 2654 1058 Prava
2672 1021 2805 1060 vero
2833 1007 2879 1060 si
2918 1023 3044 1076 qua:
3081 1008 3576 1078 proponebantur,
3603 1026 3719 1065 non

2069 1090 2295 1156 acriter,
2332 1092 2433 1145 sed
2467 1091 2717 1163 ingenuo
2751 1093 2970 1163 pudore
3002 1095 3434 1161 confutabatur,
3459 1112 3575 1150 non
3607 1097 3723 1151 cal-
3792 1116 3799 1122 '

2067 1176 2187 1231 lida
2217 1180 2722 1250 argumentatione
2769 1181 3165 1253 disputantem
3212 1187 3413 1238 contra
3444 1200 3505 1239 se
3536 1202 3718 1257 supe-

2068 1266 2268 1331 rando,
2314 1267 2411 1322 sed
2463 1284 2566 1339 per
2612 1268 3033 1324 venerabilium
3083 1270 3387 1325 doctorum
3450 1271 3714 1344 exempla

2067 1352 2315 1425 benigne
2346 1353 2626 1409 docendo.
2662 1355 2826 1410 Tune
2859 1355 3013 1411 dicta
3043 1356 3495 1413 orthodoxorum
3527 1358 3716 1414 trahe-

2064 1439 2166 1495 bat
2197 1441 2269 1495 ad
2302 1442 2563 1497 medium
2596 1459 2730 1497 cum
2755 1444 3103 1516 evangelicis
3126 1449 3181 1499 et
3204 1444 3537 1516 apostolicis
3569 1446 3717 1502 toni-

2066 1529 2277 1597 tribus,
2296 1536 2468 1602 atque
2487 1530 2545 1585 in
2564 1529 2720 1586 hunc
2739 1531 2977 1587 modum
3002 1539 3059 1587 et
3077 1533 3514 1589 eruditissimus
3531 1533 3717 1590 decla-

2067 1618 2324 1684 rabatur,
2348 1624 2405 1674 et
2434 1619 3142 1691 eruditionisjactantiam
3168 1623 3365 1695 fugere
3384 1620 3712 1678 videbatur.

307 1710 479 1761 erant
510 1704 678 1771 uniti,
704 1710 768 1761 ut
805 1704 948 1760 illud
996 1706 1067 1760 ad
1098 1705 1352 1761 litteram
1405 1707 1463 1761 in
1514 1708 1597 1762 eis
1647 1708 1953 1780 impletum
1987 1740 2034 1804 Β
2138 1706 2226 1762 IX.
2261 1706 2506 1762 δείξαςδηί
2551 1715 2601 1762 et
2646 1709 2906 1780 lacrymis
2952 1708 3185 1764 deditus.
3210 1741 3277 1749 —
3308 1709 3367 1764 In
3398 1711 3715 1766 diversorio

306 1794 622 1861 videretur,
646 1795 801 1866 quod
827 1795 896 1849 de
918 1793 1085 1849 initio
1114 1797 1408 1851 nascentis
1430 1795 1697 1852 Ecclesia:
1729 1798 1787 1852 in
1819 1814 1955 1870 apo-

308 1882 595 1940 stolorum
625 1883 867 1938 Actibus
910 1881 1170 1955 legitur:
1206 1885 1337 1940 Erat
1384 1884 1499 1939 illis
1546 1901 1637 1940 cor
1686 1903 1860 1941 unum
1907 1894 1959 1942 et

307 1972 499 2026 anima
546 1987 657 2025 una
682 1970 822 2038 (Act.
856 1987 928 2037 ιν,
960 1972 1072 2038 3‘2).
1128 1972 1458 2027 Laitabatur
1507 1978 1708 2045 pastor
1753 1975 1811 2028 in
1864 1974 1955 2030 sui

306 2059 504 2132 gregis
529 2062 864 2130 augmento,
889 2060 1196 2131 magisque
1224 2060 1539 2131 gaudebat,
1563 2063 1716 2133 quod
1750 2079 1954 2118 omnes

306 2148 613 2206 instabant
649 2148 809 2219 operi
854 2147 1171 2220 proposito.
1205 2148 1420 2204 Verum
1453 2150 1592 2222 quia
1623 2168 1798 2223 super
1826 2166 1952 2224 gre-

308 2254 442 2311 gem
473 2235 586 2292 sibi
623 2235 1006 2291 commissum
1040 2235 1238 2292 solerti
1267 2236 1526 2309 vigilavit
1565 2254 1724 2307 cura,
1760 2239 1955 2295 divina

308 2323 633 2398 promeruit
661 2323 849 2396 gratia
874 2324 943 2379 de
975 2324 1168 2380 fructu
1189 2324 1455 2381 laborum
1479 2342 1721 2381 suorum
1754 2328 1812 2381 in
1845 2327 1954 2383 hac

307 2415 564 2487 gaudere
594 2413 731 2468 vita.
750 2413 897 2468 Nam
932 2413 1216 2486 regularis
1246 2414 1374 2469 vita:
1405 2414 1799 2487 disciplinam,
1826 2433 1953 2488 quae

298 2505 430 2576 jam
484 2519 630 2575 pene
687 2500 982 2557 deciderat
1038 2518 1141 2576 per
1196 2507 1458 2558 veterum
1516 2502 1951 2576 negligentiam,

308 2596 484 2665 prout
514 2592 576 2646 B.
611 2590 955 2647 Benedictus
995 2608 1122 2646 eam
1156 2592 1505 2663 compesuit,
1540 2592 1596 2647 in
1640 2591 1953 2665 pristinum

308 2685 532 2738 statum
563 2679 904 2752 corrigendo
937 2679 1211 2748 restituit,
1236 2697 1303 2736 ac
1333 2698 1436 2752 per
1459 2682 1716 2738 diversas
1749 2681 1955 2737 mundi

309 2772 529 2843 partes,
555 2767 825 2841 perplura
855 2769 1207 2824 monasteria
1237 2786 1271 2824 a
1302 2769 1552 2841 regulari
1594 2770 1826 2826 tramite
1856 2772 1954 2826 de-

311 2858 424 2927 via,
458 2862 578 2913 tam
610 2874 713 2930 per
741 2874 823 2923 se,
858 2874 1035 2929 quam
1067 2874 1170 2928 per
1201 2874 1339 2913 suos
1363 2874 1510 2930 quos
1537 2859 1779 2915 abbates
1810 2858 1957 2915 ordi-

309 2951 569 3016 naverat,
604 2947 926 3002 monastico
961 2946 1151 3001 ordini
1173 2947 1248 3017 (3)
1282 2947 1565 3003 subdidit.
1601 2946 1660 3003 ln
1691 2947 1800 3003 hoc
1825 2965 1956 3005 vero

309 3036 576 3110 gaudens
602 3034 1009 3109 gratulabatur
1046 3035 1182 3105 Deo,
1215 3035 1370 3106 quod
1420 3050 1619 3091 eorum
1652 3053 1801 3108 quos
1851 3054 1958 3093 sua

310 3125 423 3180 sub
454 3141 596 3180 cura
618 3125 981 3191 educaverat,
1008 3124 1079 3178 ad
1113 3110 1506 3180 monasticam
1530 3125 1848 3197 regendum
1872 3142 1957 3179 or-
1987 3102 2030 3168 (ἶ

310 3213 511 3268 dinem
542 3213 661 3268 fore
693 3211 910 3269 multos
943 3212 1182 3268 idoneos
1215 3212 1465 3267 videbat.

382 3302 504 3356 VII.
533 3302 864 3357 Discretione
902 3304 1078 3357 utitur
1128 3304 1189 3356 in
1230 3302 1368 3357 cibo.
1392 3334 1459 3341 —
1491 3303 1549 3358 Si
1602 3303 1858 3375 quidem,
1896 3309 1959 3359 ut

310 3389 773 3446 discretissimus
828 3394 1012 3462 pater,
1063 3391 1339 3447 omnibus
1395 3408 1523 3462 quae
1572 3394 1782 3465 agebat
1833 3393 1957 3450 dis-

309 3478 627 3534 cretionem
684 3478 1058 3549 praeferebat,
1119 3482 1175 3534 et
1234 3478 1334 3534 tali
1392 3479 1740 3537 discretione
1800 3498 1955 3537 com-

308 3567 512 3622 munis
552 3566 683 3621 vita:
739 3566 1015 3622 utebatur
1072 3568 1314 3634 ratione,
1362 3572 1428 3622 ut
1482 3574 1539 3623 et
1592 3569 1955 3626 abstinentia:

308 3673 491 3729 supra
519 3659 755 3711 caeteros
800 3656 1078 3722 studeret,
1112 3660 1167 3711 et
1198 3672 1265 3711 ex
1310 3658 1513 3711 eadem
1546 3661 1743 3714 tamen
1775 3658 1954 3713 absti-

310 3745 513 3801 nentia
540 3762 604 3800 se
635 3744 911 3800 laudandi
944 3743 1247 3799 materiam
1280 3744 1499 3799 nemini
1530 3746 1830 3817 praeberet.
1857 3747 1960 3802 Re-

307 3833 496 3906 gulari
531 3832 686 3889 enim
718 3838 1000 3906 prazcepto
1035 3833 1433 3889 concessisita
1456 3830 1813 3891 utebatur'et
1837 3835 1959 3890 lici-

310 3922 409 3989 tis,
434 3939 550 3976 non
584 3925 648 3977 ut
674 3919 942 3993 voluptas
965 3919 1235 3987 aleretur,
1263 3920 1361 3976 sed
1387 3925 1451 3975 ut
1476 3921 1733 3992 corporis
1765 3939 1957 3977 neces-
1976 3912 1995 3925 ’

312 4010 457 4066 sitas
488 4009 645 4065 brevi
676 4014 916 4080 sumptu
948 4009 1219 4064 aleretur.
1251 4008 1512 4081 Apostoli
1550 4009 1958 4081 obtemperans

310 4104 620 4170 prazcepto,
654 4097 787 4151 vino
817 4097 1090 4151 utebatur
1118 4096 1366 4165 modico,
1391 4098 1473 4153 sic
1497 4098 1718 4153 sanctis
1747 4104 1804 4153 et
1832 4115 1955 4153 mo-

310 4185 531 4241 deratis
569 4186 816 4256 jejuniis
865 4201 1075 4256 corpus
1129 4202 1360 4257 semper
1409 4186 1839 4255 attenuabatur,
1872 4187 1957 4242 sic

310 4273 678 4330 adulantium
714 4271 913 4344 lingua
958 4272 1269 4339 vitabatur,
1303 4274 1385 4329 sic
1434 4278 1627 4329 mente
1668 4274 1958 4346 jactantia

309 4361 656 4436 pellebatur.

2068 1801 2134 1851 ut
2181 1796 2407 1861 itinere,
2457 1812 2559 1867 per
2609 1797 2874 1868 singulos
2932 1798 3080 1864 dies,
3129 1797 3486 1870 ubicumque
3544 1802 3716 1865 esset,

2068 1889 2357 1939 secretum
2390 1885 2501 1939 sibi
2535 1884 2853 1940 adhibebat
2900 1885 3094 1942 locum
3129 1887 3393 1942 mmroris
3437 1888 3715 1953 amicum,

2067 1976 2132 2027 ut
2179 1976 2439 2028 remotus
2486 1973 2558 2027 ab
2606 1971 2950 2028 hominibus
3006 1972 3123 2029 Deo
3169 1975 3533 2046 jungeretur
3582 1992 3718 2046 pro-

2065 2062 2233 2134 pius;
2295 2062 2395 2116 sed
2455 2061 2646 2115 dicere
2705 2077 2822 2116 non
2883 2078 3224 2133 possumus,
3284 2063 3522 2134 quantis
3579 2068 3718 2117 tunc

2064 2150 2405 2222 gemitibus,
2440 2149 2676 2221 quantis
2725 2149 3095 2206 afﬁciebatur
3142 2149 3401 2206 fletibus.
3456 2149 3719 2205 Plerum-

2065 2255 2176 2311 que
2206 2243 2360 2294 terra
2389 2242 2525 2293 ante
2566 2237 2765 2293 oculos
2808 2239 2890 2294 ita
2929 2237 3205 2316 Iacrymis
3245 2239 3551 2294 videbatur
3588 2237 3717 2293 irri-

2064 2332 2221 2400 gata,
2255 2343 2322 2381 ac
2353 2328 2399 2382 si
2435 2328 2581 2381 foret
2609 2327 2769 2382 unda
2813 2328 3074 2398 perfusa.
3115 2328 3172 2381 Si
3211 2345 3336 2400 qua:
3386 2326 3533 2383 levia
3580 2343 3715 2382 con-

2063 2416 2374 2488 tingerent,
2408 2432 2535 2488 quin
2566 2431 2670 2487 pro
2714 2414 2974 2471 humana
3021 2415 3335 2488 fragilitate
3368 2413 3558 2471 solent
3589 2430 3717 2470 eve-

2064 2503 2190 2559 nire
2235 2504 2294 2558 in
2327 2502 2697 2575 cogitatione,
2726 2501 2827 2558 tali
2868 2502 2990 2558 haec
3033 2504 3237 2559 eadem
3278 2503 3544 2575 plorabat
3574 2518 3716 2559 mm-

2066 2611 2215 2659 rore,
2263 2598 2330 2648 ut
2376 2592 2859 2664 gravissimorum
2908 2592 3225 2647 criminum
3275 2610 3411 2649 cum
3460 2593 3720 2649 crederet

2067 2698 2253 2737 reum.
2290 2682 2462 2736 Porro
2496 2680 2634 2752 quia
2658 2682 2858 2752 justus
2889 2681 2946 2735 in
2980 2680 3264 2753 principio
3296 2687 3601 2737 accusator
3629 2685 3719 2737 cst

2067 2772 2180 2839 sui,
2216 2770 2340 2842 ipse
2367 2770 2584 2842 sazpius
2615 2786 2675 2825 se
2708 2769 3042 2837 accusabat,
3072 2786 3135 2825 se
3163 2786 3328 2824 reum
3360 2786 3488 2825 esse
3510 2768 3721 2824 clama-

2066 2861 2185 2927 bat,
2224 2858 2368 2915 illud
2400 2859 2552 2914 beati
2585 2858 2694 2914 Job
2738 2859 3024 2930 frequenti
3064 2857 3349 2913 memoria
3380 2856 3669 2930 replicans
3703 2873 3716 2910 :

2066 2949 2254 3005 Nonne
2283 2949 2553 3019 cognoscit
2590 2948 2730 3003 Deus
2783 2950 2896 3003 vias
2944 2963 3115 3012 meas,
3147 2955 3199 3003 et
3244 2954 3461 3003 cunctos
3506 2961 3722 3018 gressu:

2066 3052 2212 3093 meos
2255 3036 2604 3091 dinumerat?
2656 3036 2770 3107 (Job
2801 3053 2953 3102 xxxx,
2988 3036 3064 3106 4.)
3095 3035 3156 3091 ln
3216 3034 3423 3090 itinere
3473 3034 3722 3107 positus,

2070 3125 2284 3198 saepius
2316 3125 2424 3180 iter
2445 3124 2719 3195 carpebat
2740 3125 2811 3179 ab
2836 3124 2967 3179 aliis
2998 3121 3553 3191 semotus.0rationi
3578 3123 3721 3179 dum

2069 3214 2396 3281 insistebat,
2432 3218 2533 3269 aut
2573 3213 2805 3268 lectioni
2853 3213 2995 3267 dum
3045 3212 3443 3279 incumbebat,
3476 3228 3720 3268 suorum

2069 3303 2267 3358 nullus
2297 3318 2432 3357 cum
2464 3301 2699 3374 aggredi
2752 3302 3143 3374 praesumebat
3185 3301 3344 3374 quia,
3370 3301 3543 3371 juxta
3573 3299 3718 3356 illud

2068 3393 2220 3448 beati
2270 3391 2400 3455 Job,
2437 3390 2680 3445 δαὶ)άίεὼ
2728 3399 2847 3445 erat
2903 3390 3230 3456 tremendus,
3284 3397 3337 3445 et
3384 3389 3485 3443 lux
3537 3389 3720 3445 vultu:

2066 3484 2181 3553 ejus
2209 3497 2320 3536 non
2350 3478 2570 3534 cadebat
2615 3482 2673 3533 in
2722 3487 2925 3533 terram
2972 3479 3088 3548 (Job
3136 3496 3291 3543 xxrx,
3321 3479 3436 3547 24).
3471 3478 3717 3534 Omnem

2068 3570 2448 3624 intentionem
2482 3584 2649 3622 suam
2694 3567 2821 3622 ideo
2861 3568 2980 3622 fore
3011 3565 3242 3622 volebat
3272 3566 3331 3621 in
3363 3565 3612 3634 occulto,
3645 3582 3717 3621 ne

2068 3674 2185 3730 qua
2213 3656 2490 3711 laudandi
2524 3656 2763 3709 daretur
2784 3656 3009 3709 occasio
3040 3672 3108 3709 ex
3129 3671 3248 3726 qua
3276 3655 3491 3710 mentis
3522 3654 3721 3710 subre-

2067 3764 2201 3819 pere
2250 3745 2536 3816 potuisset
2584 3743 2779 3798 elatio.
2816 3744 2926 3798 Sed
2962 3743 3280 3814 quominus
3329 3743 3562 3813 petebat
3590 3741 3719 3814 glo-

2067 3836 2237 3901 riam,
2262 3850 2327 3889 eo
2360 3832 2526 3887 illum
2560 3832 2750 3903 magis
2792 3832 3167 3902 sequebatur,
3193 3830 3475 3901 quoniam
3506 3832 3572 3884 ut
3599 3832 3721 3885 Au-

2068 3924 2342 3997 gustinus
2375 3922 2491 3976 ait:
2520 3920 2776 3975 «Melior
2804 3924 2891 3973 est
2923 3920 3126 3985 virtus,
3160 3935 3288 3989 quae
3320 3918 3578 3974 humano
3610 3922 3725 3974 tes-

2068 4011 2313 4067 timonio
2343 4012 2615 4064 contenta
2656 4024 2772 4062 non
2818 4012 2924 4074 est,
2960 4007 3073 4062 nisi
3124 4007 3492 4061 conscientiae
3526 4023 3665 4062 suae.
3689 4029 3717 4057 ››

2067 4101 2215 4156 Vera
2245 4099 2402 4155 enim
2436 4101 2525 4152 est
2554 4097 2739 4151 virtus
2768 4113 2894 4167 quae
2927 4096 2997 4150 ad
3021 4110 3154 4149 eum
3182 4095 3359 4150 linem
3387 4095 3593 4162 tendit,
3618 4094 3718 4149 ubi

2068 4196 2157 4247 est
2188 4191 2408 4245 bonum
2444 4184 2705 4240 hominis
2755 4201 2870 4255 quo
2921 4183 3126 4237 melior
3173 4200 3289 4239 non
3341 4186 3447 4238 est.
3478 4182 3548 4238 Et
3590 4181 3719 4238 ideo

2065 4281 2313 4334 virtutes
2343 4274 2579 4330 babenti
2612 4289 2830 4345 magna
2858 4273 3043 4327 virtus
3073 4275 3162 4326 est
3193 4276 3575 4327 contumnere
3602 4270 3697 4343 glo

2067 4370 2247 4433 riam;
2283 4365 2419 4437 quia
2452 4366 2822 4433 contemptus
2856 4361 2982 4431 ejus
3023 4359 3082 4414 in
3123 4366 3439 4433 conspectu
3472 4359 3571 4415 Dei
3604 4363 3712 4426 est,

380 4449 531 4506 VIII.
567 4451 627 4506 In
673 4451 873 4506 mensis
920 4452 1084 4506 etiam
1141 4450 1373 4504 divitum
1427 4459 1478 4504 et
1536 4454 1594 4504 in
1647 4452 1950 4525 colloquiis.
1984 4464 2032 4529 Ι)
2056 4456 2283 4530 judicio
2315 4456 2509 4509 autem
2543 4467 2657 4505 non
2691 4448 2951 4521 aperitur
2984 4449 3264 4504 humano.

307 4570 379 4581 —-
409 4539 706 4595 Nobilium
753 4539 973 4593 mensis
1016 4538 1246 4609 quoties
1276 4542 1513 4593 coactus
1543 4539 1838 4606 intererat,
1872 4541 1955 4597 sic

307 4628 580 4701 apposita
610 4626 850 4695 libabat,
887 4630 951 4682 ut
992 4630 1049 4682 et
1097 4626 1572 4698 superstitionem
1624 4627 1865 4701 fugeret,
1901 4633 1957 4683 et

307 4716 730 4773 continentiam
753 4718 1099 4784 reservaret;
1125 4713 1401 4787 quoniam
1421 4716 1657 4786 quidem
1683 4733 1957 4772 mensura

310 4804 529 4878 ubique
570 4808 659 4863 est
708 4802 1043 4860 laudabilis.
1096 4804 1290 4861 Rebus
1334 4804 1490 4859 enim
1544 4805 1603 4860 in
1657 4806 1956 4878 omnibus,

306 4895 492 4951 etiam
522 4894 581 4949 in
611 4893 802 4962 bonis,
827 4897 914 4949 est
944 4891 1149 4947 vitium
1180 4891 1467 4963 quidquid
1501 4893 1810 4950 excesserit
1841 4911 1958 4950 mo-

307 4984 476 5040 dum.
503 4983 588 5038 Ita
614 4981 728 5037 sibi
749 4986 1089 5053 competens
1111 4984 1168 5036 et
1187 4980 1523 5037 moderatus
1547 4987 1671 5037 erat
1695 4982 1953 5051 habitus,

309 5077 378 5127 ut
397 5088 502 5127 nec
524 5070 771 5126 nimium
794 5068 1095 5142 speciosus
1118 5074 1219 5125 aut
1241 5068 1481 5137 nitidus,
1506 5086 1611 5125 nec
1632 5070 1955 5141 plurimum

308 5160 602 5215 videretur
650 5158 934 5229 abjectus.
966 5158 1048 5212 Ex
1079 5156 1170 5213 his
1200 5156 1357 5211 enim
1398 5156 1611 5229 saepius
1656 5176 1718 5214 se
1739 5159 1958 5215 -solent

308 5248 578 5305 homines
605 5247 691 5303 vcl
724 5245 1043 5302 insolenter
1066 5246 1311 5317 jactare,
1335 5244 1421 5300 vel
1464 5244 1773 5302 indiscrete
1808 5248 1954 5318 abji-

380 5373 455 5453 (3)
490 5373 547 5453 I_d
582 5378 673 5427 est
715 5372 989 5453 restituit,
1024 5369 1652 5453 severiorendisciplina
1692 5372 1951 5453 inducta.

308 5443 404 5501 Sic
438 5441 590 5498 infra
639 5461 764 5515 cap.
798 5447 886 5498 23.
923 5444 983 5498 B.
1016 5442 1368 5514 Apollinaris
1414 5441 1742 5515 coenobium
1785 5445 1855 5499 ad
1892 5447 1952 5500 Β.

2134 4544 2200 4599 Χ.
2236 4544 2467 4597 Virtutes
2498 4540 2612 4611 ejus
2668 4545 2795 4610 quot
2839 4544 2888 4593 et
2933 4538 3138 4608 quales.
3172 4536 3494 4590 Animarum
3540 4537 3713 4591 susci-

2066 4636 2289 4690 tatio.——
2313 4627 2537 4684 Diversi
2566 4642 2818 4697 namque
2846 4624 3047 4680 ﬁdeles
3069 4623 3173 4678 viri
3201 4623 3448 4679 diversis
3475 4623 3718 4681 laudan-

2066 4728 2164 4778 tur
2191 4717 2540 4784 virtutibus;
2575 4716 2783 4770 beatus
2815 4717 3011 4769 tamen
3044 4710 3291 4768 Maiolus
3335 4728 3449 4766 non
3484 4712 3543 4765 in
3576 4727 3713 4779 una,

2067 4811 2167 4866 sed
2202 4810 2258 4863 in
2289 4805 2565 4863 omnibus
2585 4806 2675 4858 est
2696 4801 3048 4857 laudandus.
3072 4799 3288 4855 Verum
3312 4816 3419 4855 nos
3442 4816 3541 4855 eas
3568 4799 3627 4853 in
3650 4815 3715 4855 eo

2065 4898 2304 4955 laudare
2326 4895 2631 4958 debemus,
2646 4907 2795 4964 quas
2816 4894 2941 4946 tota
2963 4889 3121 4946 novit
3144 4887 3330 4956 Italia,
3348 4905 3465 4944 non
3490 4888 3719 4960 ignorat

2067 4985 2399 5051 Germania,
2420 4984 2478 5037 in
2500 4980 2717 5053 quibus
2749 4983 2871 5035 tota
2901 4976 3152 5034 exsultat
3172 4976 3360 5033 Gallia
3384 4993 3396 5032 :
3422 4980 3715 5033 restaura-

2066 5077 2285 5131 tionem
2318 5072 2541 5129 scilicet
2580 5068 3001 5135 coenobiorum,
3037 5083 3239 5139 pacem
3282 5065 3555 5124 Ecclesiis
3586 5065 3715 5122 red-

2066 5163 2271 5228 ditam,
2295 5175 2499 5232 regum
2522 5162 2580 5211 et
2601 5156 2958 5228 principium
2991 5155 3384 5224 concordiam,
3409 5155 3718 5211 intemera-

2064 5256 2185 5306 tam
2220 5248 2427 5321 regula:
2451 5245 2903 5311 observantiam,
2927 5244 3157 5299 lucrum
3186 5244 3543 5312 animarum,
3566 5260 3713 5315 quas

2065 5375 2189 5430 loco
2240 5376 2403 5445 patet
2421 5371 2685 5445 abbatcs,
2721 5385 2835 5445 non
2885 5369 3106 5445 priores
3138 5367 3706 5445 fuisseupraipositos

2066 5437 2345 5503 cmnobiis
2375 5441 2649 5497 Cluniaco
2676 5437 2990 5511 adjunctis,
3018 5439 3189 5509 idque
3220 5437 3394 5494 variis
3426 5437 3705 5509 exemplis

308 5515 601 5571 Benedicti
634 5513 848 5570 dicitur
899 5513 1199 5570 instituisse
1230 5515 1518 5569 tramitem.
1553 5514 1633 5569 Ex
1684 5513 1790 5571 hoc
1822 5534 1954 5574 vero
2058 5519 2183 5590 jam
2212 5514 2606 5588 probavimus.
