4028 6172
315 269 430 329 ’159

1431 269 1496 330 S.
1541 267 1816 330 MAIOLI
1861 262 2188 324 ABBATIS
2234 262 2592 326 CLUNIAC.

3597 261 3728 323 760

312 401 401 474 (ut
431 400 728 473 quondam
750 399 953 469 David)
973 418 1148 456 manu
1177 400 1342 456 fortis
1367 418 1401 458 a
1431 398 1770 456 saavissimis
1802 413 1959 453 urso-
1989 396 2042 463 Α
2070 397 2356 452 virtutum
2385 397 2635 471 dapibus
2686 394 2952 470 explevit,
2989 394 3376 452 diversorium
3426 399 3726 468 repetens,

313 507 447 547 rum
477 489 736 546 brachiis
769 491 1072 556 abstraxit,
1097 495 1150 545 et
1175 507 1208 545 a
1238 490 1496 546 cruentis
1525 490 1761 546 leonum
1790 485 1966 544 fauci-

314 581 427 636 bus
469 577 705 650 eripuit,
739 595 953 650 casque
999 578 1245 634 Domino
1295 579 1378 632 ita
1421 577 1699 644 restituit,
1735 581 1800 631 ut
1829 591 1963 631 cum

309 669 472 742 justo
504 667 623 724 viro
667 665 856 722 dicere
887 673 1085 738 posset
1121 685 1133 722 :
1169 666 1514 723 Conterebam
1546 667 1720 722 molas
1761 665 1958 738 iniqui.

316 767 368 816 et
411 758 475 813 de
511 757 762 812 dentibus
811 757 964 812 illius
1012 757 1325 828 auferebam
1373 756 1620 828 praedam
1651 755 1766 825 (Job
1812 769 1964 818 xxxx,

321 849 429 913 17).
462 847 658 902 Toties
691 846 847 900 enim
894 863 962 900 ex
1006 845 1217 916 iniqui,
1252 846 1358 900 hoc
1388 850 1475 900 est
1506 843 1745 910 diaboli,
1779 842 1963 898 denti-

269 982 272 986 .
316 936 429 990 bus
451 935 705 1006 praedam
731 933 882 1000 tulit,
907 933 1134 1006 quoties
1158 952 1226 988 ex
1247 933 1460 990 erroris
1485 950 1683 988 morsu
1706 929 1963 987 animam

317 1023 688 1097 praedicando
720 1021 985 1092 diripuit.
1009 1024 1052 1076 A
1085 1022 1287 1077 multis
1319 1022 1532 1094 quippe
1563 1020 1850 1076 daemonia
1879 1035 1968 1073 ex-

317 1111 652 1184 pulit,quos
680 1111 1019 1182 praeripiens
1042 1109 1524 1178 diabolo,Christi
1551 1109 1785 1166 servitio
1821 1109 1963 1171 sub-

310 1199 562 1272 jugavit.
589 1197 966 1270 Perpluribus
989 1215 1216 1270 quoque
1243 1215 1462 1254 veneno
1487 1198 1774 1271 serpentis
1798 1183 1976 1252 tumi:

319 1288 412 1344 dis
443 1304 544 1359 per
571 1285 900 1342 antidotum
940 1286 1211 1342 subvenit
1244 1303 1360 1342 sum
1402 1285 1840 1343 exhortationis.
1874 1285 1965 1342 In-

321 1379 520 1431 ﬁrmos
551 1375 610 1430 in
643 1374 794 1430 bono
817 1390 986 1446 opere
1019 1391 1122 1447 per
1145 1390 1356 1430 manus
1383 1373 1814 1446 impositionem
1845 1389 1968 1446 per-

321 1463 516 1536 plures
549 1461 794 1528 sanavit,
823 1462 968 1517 ‘dum
1005 1479 1122 1518 suae
1156 1463 1512 1536 Operationis
1543 1463 1805 1536 exemplo
1839 1461 1964 1518 illo-

320 1568 451 1608 rum
479 1550 659 1606 vitam
691 1551 999 1606 roboravit.
1037 1552 1336 1624 Leguntur
1366 1550 1605 1624 plurimi
1636 1551 1794 1607 mirae
1827 1568 1965 1607 san-

319 1639 538 1696 ctitatis
583 1639 710 1706 viri,
745 1638 841 1711 qui
897 1638 1022 1694 suis
1066 1639 1449 1696 obtinuerunt
1499 1639 1772 1712 precibus
1802 1645 1866 1696 ut
1895 1641 1966 1696 ad

2072 486 2327 544 occurrit
2359 487 2627 544 mendica
2656 504 2888 556 manus,
2912 487 3242 560 stipemque
3273 484 3523 558 petebat,
3547 485 3732 541 docta

2073 581 2130 632 et
2161 577 2459 632 sutficiens
2487 577 2675 632 aliena
2695 576 2881 632 vivere
2903 576 3146 648 quadra.
3173 575 3329 631 Inter
3351 591 3496 647 quos
3525 590 3731 630 occur-

2073 669 2150 722 rit
2182 684 2354 735 unus,
2381 667 2480 739 qui
2516 666 2734 722 multos
2773 668 2899 736 jam
2931 681 3033 738 per
3063 680 3248 722 annos
3276 663 3500 719 lumine
3529 665 3733 720 fuerat

2074 755 2354 828 privatus,
2387 757 2530 810 dum
2563 755 2750 810 caeteri
2803 771 3142 827 corporeum
3177 753 3570 821 sublevamen,
3597 753 3734 824 ipse

2075 845 2237 902 solus
2268 847 2498 916 petebat
2523 845 2722 900 lumen
2747 861 2760 898 :
2789 843 3183 916 apostolorum
3217 861 3253 898 a
3282 843 3542 915 principe
3561 840 3732 897 scili-

2075 938 2166 990 cet
2197 935 2304 990 sibi
2341 935 2666 990 testabatur
2714 932 3027 988 revelaturr.
3063 931 3268 999 fuisse,
3292 936 3358 987 ut
3387 931 3438 986 si
3469 947 3533 986 ex
3561 931 3736 986 unda

2075 1041 2192 1096 qua
2225 1024 2310 1078 vir
2339 1023 2437 1078 Dei
2473 1040 2682 1078 manus
2711 1021 2991 1089 ablueret,
3017 1019 3217 1076 oculos
3257 1019 3490 1085 lavaret,
3513 1020 3733 1092 expul-

2077 1113 2160 1168 sis
2181 1113 2437 1167 tenebris
2459 1111 2760 1166 oculorum
2787 1109 2984 1165 lumen
3007 1109 3131 1182 ipse
3154 1108 3734 1181 recuperaret.Cum-

2076 1218 2189 1274 que
2219 1202 2292 1257 ab
2313 1201 2512 1258 eodem
2539 1216 2743 1273 aspera
2765 1199 2973 1255 fuisset
3001 1196 3396 1270 increpatione
3423 1195 3732 1268 repulsus,

2077 1296 2340 1363 expetere
2370 1289 2428 1345 id
2463 1294 2658 1345 tamen
2682 1305 2799 1344 non
2822 1287 3048 1343 destitit
3077 1303 3111 1342 a
3133 1285 3242 1342 sibi
3274 1283 3733 1340 famulantibus.

2075 1380 2192 1436 Hoc
2211 1379 2365 1434 idem
2384 1382 2680 1450 comperto
2701 1377 2786 1433 eis
2807 1375 3108 1432 interdixit
3123 1375 3232 1430 sub
3248 1373 3736 1430 interminatione

2075 1468 2184 1524 hoc
2214 1468 2400 1524 facere
2443 1471 2714 1524 caverent
2762 1464 3070 1521 temeraria
3100 1462 3582 1536 praesumptione;
3619 1461 3736 1518 sed

2076 1557 2301 1614 lumine
2332 1557 2430 1629 qui
2464 1556 2700 1610 carebat
2729 1553 2933 1610 eadem
2977 1553 3118 1625 quin
3163 1555 3383 1624 peteret
3425 1550 3738 1623 quiescere

2077 1645 2390 1702 nesciebat.
2417 1644 2680 1716 Denique
2709 1659 2818 1698 sua
2848 1641 3064 1715 sapius
3081 1641 3402 1724 frustratus
3421 1638 3732 1712 petitione,

320 1745 562 1830 corpora
592 1728 773 1830 bi‘qui
807 1728 946 1784 olim
981 1727 1285 1830 suppliciis
1319 1730 1584 1830 deputati
1593 1735 1768 1830 erant
1801 1728 1970 1828 infer-
1997 1765 2045 1830 Β
2076 1749 2210 1790 cum
2229 1734 2382 1806 quod
2403 1731 2771 1806 quaarcbatin
2792 1729 3022 1787 civitate
3037 1745 3152 1786 non
3171 1727 3731 1802 possetimpetrare,

319 1817 554 1874 natibus
587 1817 844 1872 redirent
872 1833 885 1872 :
911 1817 1011 1873 sed
1045 1818 1091 1873 si
1125 1817 1233 1873 hoc
1260 1822 1348 1874 est
1378 1817 1664 1887 mirabile,
1691 1832 1824 1874 cum
1849 1817 1969 1873 ani-

320 1925 420 1962 ma
448 1924 550 1980 per
593 1905 1039 1963 dissolutionem
1073 1908 1144 1962 ad
1177 1907 1325 1962 hanc
1355 1907 1534 1962 vitam
1585 1908 1970 1962 resuscitatur

320 1994 779 2068 corrUptibilcm,
814 1994 959 2050 illud
1009 1999 1099 2050 est
1145 1995 1475 2050 mirabilius
1523 1999 1582 2050 et
1629 1994 1966 2067 gloriosius,

320 2101 455 2140 cum
487 2084 560 2139 ad
592 2099 766 2140 suum
815 2085 1118 2139 revocatur
1161 2088 1478 2151 auctorem,
1515 2083 1762 2156 ejusque
1789 2102 1824 2140 a
1853 2101 1968 2156 quo

320 2173 686 2230 alienabatur
734 2189 1000 2246 perverse
1045 2172 1294 2246 agendo,
1325 2173 1408 2229 ita
1453 2177 1654 2246 postea
1701 2177 1765 2228 ut
1813 2191 1968 2230 unus

320 2278 455 2316 cum
488 2278 556 2317 ao
587 2261 666 2317 sit
695 2259 960 2334 spiritus,
987 2261 1243 2317 adhaeret
1281 2262 1428 2318 bene
1455 2261 1718 2318 vivendo.
1752 2261 1968 2319 Multos

321 2348 477 2405 enim
510 2353 775 2406 mortuos
824 2353 1040 2415 mente,
1071 2350 1278 2406 beatus
1327 2350 1693 2406 resuscitavit
1723 2350 1968 2407 Maiolus

321 2439 394 2495 ad
424 2437 640 2512 gaudia
678 2442 903 2493 internas
945 2438 1098 2504 vitae,
1129 2443 1184 2494 et
1214 2439 1553 2496 submersos
1590 2439 1651 2494 in
1694 2439 1970 2496 fluctibus

321 2526 520 2601 magni
549 2527 733 2583 maris
783 2526 1006 2582 retibus
1053 2544 1170 2582 suae
1202 2527 1633 2600 praedicationis
1679 2527 1751 2584 ad
1801 2527 1969 2585 littus

321 2617 497 2672 traxit
529 2615 708 2671 firmae
731 2614 1062 2671 soliditatis.
1097 2616 1459 2672 Mortuorum
1491 2633 1628 2690 ergo
1653 2615 1968 2674 suscitato-

322 2704 486 2762 ribus
505 2704 842 2762 nullatenus
862 2703 1102 2760 inferior
1116 2705 1322 2760 beatus
1338 2705 1670 2760 decernitur
1690 2705 1967 2775 Maiolus;

323 2797 424 2853 sed
449 2795 644 2869 sagaci
669 2798 864 2851 mente
881 2795 930 2849 si
952 2793 1086 2867 quis
1105 2793 1228 2850 vult
1249 2794 1686 2867 indagare,quis
1708 2813 1969 2868 unquam

322 2884 476 2942 valet
506 2901 776 2940 enarrare
809 2888 952 2958 quot
978 2885 1036 2938 in
1059 2883 1316 2940 tenebris
1345 2887 1401 2940 et
1431 2885 1640 2940 umbra
1659 2885 1864 2940 mortis
1887 2903 1970 2941 se-

323 2975 600 3030 dentibus
630 2973 784 3028 viam
820 2977 1034 3028 rectam
1065 2973 1338 3041 ostendit,
1364 2977 1420 3029 et
1442 2974 1510 3028 ad
1548 2973 1842 3030 civitatem
1873 2973 1972 3030 ba-

323 3063 646 3134 bitationis,
681 3061 973 3118 cmlestem
1025 3059 1248 3116 scilicet
1295 3060 1641 3128 Jerusalem,
1686 3067 1750 3117 ut
1795 3062 1966 3130 irent,

321 3151 587 3217 edocuit;
625 3130 724 3222 qui
754 3149 812 3204 in
859 3149 1010 3204 bono
1051 3147 1458 3203 claudicabant
1489 3167 1680 3220 opere,
1715 3149 1846 3206 illos
1875 3167 1966 3206 sa-
2001 3130 2044 3196 (ἶ

319 3241 508 3296 lutare
540 3238 651 3293 iter
671 3237 870 3294 docuit
901 3253 1151 3292 currere.
1173 3237 1390 3292 Verum
1413 3242 1550 3292 sunt
1579 3237 1845 3294 nonnulli
1867 3239 1966 3311 qui

319 3345 419 3384 eos
463 3331 693 3382 tantum
746 3325 1012 3392 efferunt,
1047 3341 1194 3397 quos
1245 3326 1416 3398 signa
1460 3325 1666 3383 fecisse
1713 3326 1969 3384 visibilia

319 3415 599 3483 audiunt;
635 3419 967 3487 operatores
993 3431 1127 3468 vero
1158 3413 1542 3469 invisibilium
1566 3432 1694 3486 quae
1726 3433 1969 3488 perpen-

319 3505 454 3560 dere
509 3502 808 3569 ncsciunt,
863 3501 1107 3556 minoris
1165 3500 1284 3556 fore
1343 3500 1533 3556 meriti
1582 3503 1962 3560 contendunt.

317 3594 598 3662 Quocirca
635 3591 920 3648 exteriora
965 3591 1356 3663 perpetranda
1399 3591 1634 3646 beatum
1685 3592 1964 3650 Maiolum

317 3686 385 3738 ut
413 3685 742 3754 compotem
775 3679 956 3735 fuisse
988 3682 1406 3748 monstremus,
1441 3697 1628 3753 pauca
1661 3681 1730 3737 de
1761 3683 1963 3739 multis

316 3789 445 3844 quae
477 3769 824 3826 mirabiliter
851 3767 1035 3840 gessit
1063 3766 1350 3824 dicemus.

386 3861 480 3916 ΧΙ.
507 3861 570 3916 Β.
604 3860 834 3915 Mariam
863 3859 1052 3912 Anicii
1073 3856 1208 3912 adit.
1227 3889 1295 3896 —-
1317 3858 1578 3923 Quodam
1612 3863 1872 3931 tempore
1901 3865 1966 3916 ut

315 3947 562 4022 supplici
586 3947 889 4003 devotione
906 3945 1318 4000 misericordia:
1337 3945 1676 4018 deposceret
1694 3952 1961 4020 matrem,

316 4038 419 4094 Dei
463 4035 686 4092 scilicet
715 4035 1090 4101 Genitricem,
1133 4034 1372 4106 aggredi
1423 4035 1651 4090 studuit
1695 4035 1962 4094 Vallavo-

317 4142 448 4182 rum
499 4125 813 4180 civitatem.
845 4124 993 4178 Tota
1039 4125 1179 4177 tunc
1229 4121 1432 4178 civitas
1481 4125 1784 4196 tripudiat,
1835 4129 1964 4199 ejus

313 4212 538 4269 visione
577 4215 822 4282 uterque
880 4227 1054 4266 sexus
1098 4210 1413 4266 indiscreta
1461 4215 1601 4268 satas
1648 4215 1958 4286 gaudebat.

315 4301 530 4359 Omnes
562 4303 772 4374 petunt
799 4297 1284 4368 benedictionem,
1307 4300 1509 4356 audire
1529 4305 1804 4375 exoptant
1835 4305 1962 4377 ejus

315 4393 579 4448 sanctam
603 4385 1174 4453 sermocinationem,
1193 4393 1509 4444 occurrunt
1529 4407 1816 4462 proceres,
1838 4410 1964 4466 pro-

2073 1823 2264 1879 virum
2296 1821 2396 1878 Dei
2429 1839 2548 1880 sua:
2578 1820 2932 1895 egressionis
2980 1819 3038 1874 in
3083 1818 3293 1874 itinere
3323 1833 3433 1872 sua
3459 1817 3738 1874 tentabat

2076 1911 2450 1983 improbitate
2479 1909 2771 1976 lacessire,
2807 1907 2890 1963 illi
2925 1923 3028 1978 per
3062 1904 3261 1961 omnia
3291 1901 3503 1960 similis
3531 1903 3588 1958 in
3621 1921 3732 1976 pe-

2074 2002 2268 2068 tendo,
2294 2001 2364 2056 de
2396 2016 2510 2072 quo
2543 1997 2828 2054 Dominus
2857 1996 2938 2052 ait
2967 1995 3028 2050 in
3059 1990 3370 2068 Evangelio
3403 2008 3417 2048 :
3453 1995 3526 2048 Et
3554 1992 3654 2046 ille
3677 1995 3736 2048 si

2071 2090 2496 2162 perseveraverit
2527 2087 2777 2161 pulsans,
2809 2084 2929 2141 dico
2973 2083 3142 2151 vobis,
3171 2083 3273 2138 etsi
3317 2097 3428 2138 non
3456 2079 3604 2136 dabit
3633 2081 3735 2136 illi

2074 2195 2322 2251 surgens,
2346 2193 2406 2234 eo
2439 2175 2579 2250 quod
2620 2176 2829 2231 amictu
2859 2174 2976 2244 eius
3015 2173 3106 2240 sit,
3147 2177 3367 2244 propter
3413 2169 3731 2242 improbita-

2077 2277 2181 2324 tem
2205 2275 2386 2324 tamen
2413 2269 2530 2340 ejus
2557 2271 2742 2338 surget
2769 2272 2818 2320 et
2844 2261 2996 2318 dabit
3039 2259 3128 2317 illt
3155 2265 3408 2332 quotquot
3449 2257 3606 2312 habet
3635 2275 3732 2314 ne-

2077 2359 2361 2413 cessarios.
2391 2356 2454 2411 In
2484 2353 2699 2422 locum,
2723 2352 2824 2426 qui
2857 2351 3024 2406 Mons
3054 2347 3252 2422 gaudii
3284 2349 3541 2412 vocatur,
3565 2346 3728 2418 quod

2075 2445 2214 2502 hinc
2245 2443 2460 2502 Christi
2491 2443 2664 2499 matri
2695 2439 2952 2498 ecclesiae
2981 2441 3225 2512 spectat,
3246 2440 3388 2492 tunc
3407 2434 3597 2490 virum
3621 2435 3730 2492 Dei

2079 2533 2374 2608 praecessit
2393 2535 2522 2604 ejus
2543 2530 2698 2605 operi
2705 2547 2810 2586 ens
2831 2530 3168 2596 adventum,
3183 2529 3242 2582 et
3259 2541 3476 2600 equum
3495 2524 3734 2580 venien-

2078 2624 2154 2680 tis
2186 2640 2287 2696 per
2315 2623 2547 2678 frenum
2596 2619 2883 2693 arripiens
2929 2617 3140 2685 tenuit,
3173 2620 3348 2688 atque
3378 2630 3512 2671 cum
3559 2615 3729 2686 jura~

2078 2717 2274 2770 mento
2307 2711 2453 2768 dixit
2485 2727 2498 2768 :
2531 2711 2699 2767 Hunc
2729 2724 2947 2782 equum
2981 2723 3097 2764 non
3139 2705 3457 2773 dimittam,
3490 2703 3728 2760 etiamsi

2077 2802 2442 2876 vapulavero,
2469 2801 2580 2856 nisi
2614 2799 2778 2873 prius
2811 2797 2966 2870 quod
2997 2795 3276 2868 deprecor
3313 2791 3728 2865 impetravero.

2076 2895 2302 2964 Aquam
2336 2905 2590 2964 quoque,
2623 2905 2698 2944 ne
2725 2887 2930 2944 exinde
2968 2883 3164 2964 aliqua
3193 2880 3508 2938 excusandi
3541 2880 3731 2937 subri-

2078 2961 2312 3054 peretur
2340 2961 2589 3044 occasio,
2612 2993 2810 3034 secum
2844 2975 2857 3029 i
2867 2973 2940 3030 lle
2961 2961 3254 3029 deferebat
3273 2971 3330 3026 in
3353 2968 3591 3026 vasculo
3611 2969 3721 3024 sibi

2080 3071 2366 3142 pendente
2397 3087 2430 3124 a
2450 3066 2789 3124 collo.Tunc
2810 3064 2896 3119 vir
2916 3062 3016 3119 Dei
3039 3062 3098 3117 in
3123 3059 3309 3116 multa
3329 3057 3726 3114 sollicitudine

2077 3159 2450 3226 constitutus,
2485 3157 2720 3212 tandem
2753 3151 3008 3210 flectitur
3035 3151 3104 3206 ad
3138 3147 3604 3204 misericordiam
3638 3164 3731 3219 pe-

2077 3248 2254 3303 tentis
2277 3247 2491 3320 pietate
2507 3259 2872 3316 compassus.
2887 3238 3257 3297 Descendens
3275 3235 3491 3308 itaque,
3507 3251 3726 3307 aquam

2078 3353 2236 3392 more
2267 3333 2660 3392 ecclesiastico
2709 3327 3068 3397 exorcisavit,
3093 3345 3162 3384 ac
3204 3325 3316 3398 ipsi
3359 3324 3620 3380 salutare
3649 3324 3727 3379 si-

2075 3443 2258 3498 gnum
2286 3423 2599 3480 Dominicm
2622 3421 2814 3478 crucis
2835 3419 3072 3488 infudit,
3095 3420 3154 3473 et
3172 3431 3349 3488 super
3367 3413 3498 3469 caeci
3523 3412 3726 3470 oculos

2076 3515 2279 3572 eadem
2310 3514 2381 3569 de
2413 3529 2566 3584 aqua
2605 3509 2862 3566 salutare
2903 3507 3137 3581 signum
3179 3502 3481 3578 imposuit,
3514 3503 3589 3558 de
3618 3519 3727 3559 sua

2077 3603 2222 3658 nihil
2239 3603 2453 3658 virtute
2475 3616 2858 3675 praesumens,
2874 3613 2979 3654 nec
2996 3601 3193 3664 tamen
3211 3595 3271 3648 in
3289 3593 3403 3648 ﬁde
3421 3591 3722 3660 haesitans,

2075 3693 2217 3748 dum
2251 3708 2409 3758 eum,
2435 3690 2605 3762 cujus
2629 3705 2840 3744 nomen
2873 3702 3051 3760 super
3071 3699 3286 3757 aquam
3308 3681 3557 3750 vocavit,
3583 3684 3644 3736 et
3660 3697 3728 3737 ex

2073 3781 2184 3838 hac
2217 3779 2471 3836 salutare
2501 3778 2727 3852 lignum
2759 3776 2920 3842 lavit,
2949 3772 3150 3830 lumen
3195 3787 3368 3844 posse
3414 3786 3566 3826 caeco
3597 3769 3724 3825 red-

2073 3871 2209 3926 dere
2240 3867 2578 3924 nullatenus
2599 3863 2907 3920 dubitavit.
2923 3863 2984 3919 Ei
3009 3861 3148 3935 quia
3176 3860 3286 3916 hoc
3316 3857 3572 3915 fideliter
3598 3875 3722 3914 cre-

2073 3958 2240 4026 didit,
2273 3956 2482 4012 ett'ectu
2513 3971 2629 4012 sua:
2673 3953 2804 4009 fidei
2859 3951 3104 4007 minime
3133 3948 3345 4006 caruit.
3378 3947 3526 4002 Nam
3560 3946 3724 4002 ﬂexis

2073 4047 2284 4103 dehinc
2315 4047 2374 4100 in
2403 4048 2618 4099 terram
2652 4041 2901 4115 genibus
2920 4056 3054 4096 cum
3087 4039 3182 4094 his
3209 4037 3311 4110 qui
3347 4050 3550 4092 secum
3582 4039 3724 4091 tunc

2073 4137 2316 4194 aderant
2346 4133 2626 4190 fratribus
2658 4133 2900 4188 Matrem
2929 4125 3343 4185 misericordias
3371 4125 3520 4181 fusis
3549 4125 3728 4197 ccepit

2073 4224 2346 4297 lacrymis
2371 4221 2686 4296 postulare.
2700 4221 2849 4276 Mira
2870 4219 2988 4275 res!
3015 4215 3112 4273 ille
3128 4217 3228 4290 qui
3251 4214 3514 4288 privatus
3537 4211 3727 4269 fuerat

2073 4312 2318 4379 lumine,
2343 4315 2659 4383 antequam
2688 4309 2778 4364 vir
2806 4306 2908 4364 Dei
2939 4309 3206 4378 surgeret
3235 4305 3308 4360 ab
3339 4301 3630 4372 oratione,
3650 4307 3726 4358 te-

2072 4401 2268 4459 nebris
2298 4399 2592 4458 evacuatis
2617 4399 2818 4454 lumen
2841 4394 2916 4468 (4)
2940 4393 3158 4468 recepit
3177 4391 3470 4458 veritatis;
3505 4391 3724 4464 quique

313 4482 476 4552 Perat
505 4475 842 4566 ρτοωῖεομει
883 4474 1068 4548 PIGbS.
1100 4479 1229 4566 Ψῐη
1279 4492 1444 4566 Sacer
1490 4477 1745 4534 ecclesia:
1779 4481 1957 4538 denso
1991 4497 2038 4560 Ι)
2068 4505 2336 4566 gressum
2368 4489 2544 4561 figere
2567 4486 2792 4542 solebat
2821 4484 3110 4558 dirigente
3129 4479 3524 4550 altero,lzetns
3541 4479 3718 4536 rediit

313 4568 434 4625 ruit
462 4566 694 4640 agmine
725 4564 936 4622 clerus.
971 4563 1267 4620 Laudibus
1297 4564 1356 4620 hi
1390 4565 1698 4636 plaudunt,
1733 4571 1958 4642 persul-

313 4661 441 4714 tant
469 4654 778 4728 plausibus
821 4653 932 4722 illi,
963 4658 1021 4709 et
1051 4669 1363 4709 commune
1413 4653 1591 4710 decus
1636 4658 1803 4728 parili
1837 4662 1962 4734 pie-

315 4749 433 4802 tate
464 4743 744 4801 salutant.
777 4743 921 4800 Exin
969 4739 1266 4798 multiﬂua
1309 4741 1625 4799 comitante
1655 4748 1831 4805 turba
1857 4751 1968 4810 iter

314 4833 517 4907 dirigit
564 4833 638 4924 ad
688 4837 954 4924 sapctam
1003 4829 1332 4924 ecclesiam,
1365 4831 1664 4902 sternitur,
1697 4839 1756 4891 et
1795 4838 1964 4896 Chri-

313 4927 472 4980 stum
503 4921 674 4978 solito
706 4918 1032 4995 prbstratus
1082 4918 1306 4988 adorat,
1339 4918 1492 4992 rigat
1544 4918 1820 4996 lacrymis
1871 4946 1962 4987 so-

311 5011 638 5081 lum,vocat
668 5009 1002 5083 planctibus
1023 5008 1342 5074 Christum,
1365 5007 1464 5063 cui
1488 5009 1756 5083 lacrymze
1782 5014 1964 5075 fecere

311 5100 465 5156 viam
499 5116 678 5171 super
707 5103 866 5154 astra
893 5097 1132 5152 volanti.

381 5188 498 5244 XII.
525 5187 712 5245 Caecus
740 5188 1108 5242 illuminatus.
1135 5217 1202 5226 ——
1227 5185 1540 5256 Postquam
1573 5185 1767 5260 itaque
1799 5195 1966 5266 spiri-

310 5276 412 5332 tali
446 5276 732 5333 suavitate
756 5275 815 5330 in
839 5275 1070 5330 Christo
1093 5274 1396 5330 debriatus
1419 5274 1876 5344 jucundissimis
1903 5303 1964 5341 se

384 5403 457 5473 (li)
479 5407 534 5455 S.
562 5400 754 5456 Maioli
780 5401 992 5473 festum
1020 5397 1650 5473 ejusmiraculicausa
1686 5403 1740 5458 in
1779 5407 1966 5465 Eccle-

317 5459 405 5528 sia
433 5459 724 5529 Aniciensi
757 5459 1305 5528 celebrat-i'solitum
1339 5471 1520 5524 tradit
1549 5471 1670 5526 Odo
1703 5459 1964 5536 castra,

320 5545 377 5598 in
399 5545 651 5601 historia
689 5544 944 5616 Deipara:
986 5541 1306 5610 Podiensis,
1338 5541 1438 5597 ubi
1474 5541 1580 5597 hoc
1613 5545 1963 5607 miraculum

2070 4580 2143 4636 ad
2176 4595 2284 4635 sua
2314 4575 2474 4633 nullo
2495 4576 2706 4632 ductus
2735 4572 3154 4644 auxilio.Cujus
3184 4585 3385 4626 vocem
3410 4585 3446 4624 a
3466 4566 3721 4623 clamore

2073 4669 2162 4724 vir
2191 4666 2422 4724 Domini
2471 4679 2870 4737 compescens,
2905 4662 3012 4718 hoc
3059 4661 3120 4716 in
3167 4656 3465 4715 mandatis
3515 4655 3718 4712 dedit:

2073 4755 2252 4824 Vade,
2278 4754 2490 4827 inquit,
2515 4753 2575 4808 in
2595 4768 2738 4826 pace
2759 4751 3001 4806 domum
3023 4754 3208 4818 tuam,
3223 4751 3282 4804 et
3307 4762 3483 4802 narra
3501 4747 3724 4818 quanta

2073 4844 2178 4902 tibi
2211 4843 2412 4900 fecerit
2427 4841 2616 4898 virtus
2635 4842 2698 4896 Β.
2718 4839 2912 4898 Maria;
2933 4835 3196 4911 virginis.
3221 4835 3342 4892 Hoc
3369 4832 3720 4890 miraculum

2076 4951 2191 4990 non
2223 4931 2458 4989 aliunde
2501 4929 3002 4995 commendatum,
3035 4938 3238 4982 verum
3271 4939 3340 4980 ex
3387 4937 3592 4980 eorum
3623 4919 3720 4994 qui

2077 5022 2466 5078 interfuerunt
2497 5019 2725 5074 sincera
2753 5016 3032 5072 relatione
3059 5015 3352 5070 insertum
3385 5014 3493 5068 est.

2146 5110 2291 5166 XIII.
2325 5109 2456 5164 Item
2478 5109 2646 5164 alius.
2669 5139 2737 5147 -
2756 5105 2929 5161 Aliud
2961 5119 3194 5178 quoque
3223 5100 3380 5157 haud
3412 5096 3723 5155 dissimulo

2074 5199 2312 5256 virtutis
2345 5197 2628 5253 iudicium
2672 5213 2774 5268 per
2810 5195 3084 5250 eumdem
3115 5190 3386 5246 novimus
3417 5191 3721 5260 operatum

2076 5289 2344 5363 opiﬁcem
2363 5287 2628 5342 omnium
2647 5285 2983 5341 Dominum.
2999 5282 3062 5338 In
3072 5275 3390 5336 Viennensi
3409 5290 3723 5350 pago,qua-

2076 5414 2157 5470 ait
2187 5411 2504 5483 contigisse
2536 5427 2688 5483 anno
2713 5409 2846 5483 950,;
2881 5407 3172 5483 atAserius
3189 5400 3602 5483 ac_ci‘dit._Lege
3629 5399 3720 5479 do-

2077 5470 2434 5540 nationenia
2481 5480 2758 5535 canonico
2806 5470 3098 5534 Aniciensi
3153 5472 3362 5532 Maiolo
3416 5470 3626 5527 factam
3663 5470 3719 5524 in

2075 5557 2262 5628 elogio
2295 5571 2459 5610 num.
2491 5552 2581 5606 29.
