4066 6172
481 273 600 337 ’163

1605 273 1667 335 S.
1717 272 1988 334 MAIOLI
2036 270 2368 334 ABBA'I‘IS
2414 272 2771 336 CLUNIAC.

3771 281 3877 342 764

552 411 956 470 XVIII.Nudus
980 410 1297 466 vcstitus.—
1318 406 1440 462 Alio
1464 423 1696 479 quoque
1717 411 1975 478 tempore
1995 421 2130 460 cum
2160 403 2214 470 Α
2243 403 2465 460 alterno
2496 405 2628 460 ﬁdei
2661 405 2814 462 bono
2846 405 3247 480 salvabuntur,
3279 407 3469 466 multo
3501 410 3694 483 magis
3724 409 3782 468 hi
3825 413 3876 468 in

473 487 594 560 iter
621 504 904 574 carperet,
935 517 1156 572 pauper
1203 498 1258 551 in
1294 497 1496 552 itinere
1544 501 1634 551 est
1679 501 1942 566 repertus
1988 494 2132 566 pede

484 594 700 659 nudus,
734 588 962 645 cucullo
1009 602 1245 641 vacuus.
1282 586 1468 656 Super
1511 601 1686 656 quem
1733 583 2135 638 misericordia

482 681 688 737 virDei
713 684 909 733 motus
941 693 1074 731 eum
1095 673 1286 728 induit
1317 677 1472 728 veste
1505 691 1621 745 qua
1658 673 1965 744 tegebatur
1995 687 2130 726 exn-

483 775 597 825 tus.
619 769 701 822 Ad
735 765 1054 837 hospitium
1088 779 1202 834 quo
1236 762 1509 816 tendebat
1559 767 1621 816 ut
1663 762 1838 826 venit,
1867 761 2131 831 ejusdem

480 873 605 913 com
617 853 920 928 positionis
933 857 989 907 et
1003 851 1408 905 similitudinis
1422 849 1533 905 sibi
1557 850 1852 904 meliorem
1867 851 2130 919 ejusdem

479 943 729 1002 civitatis
750 943 1063 1016 episcopus
1099 939 1329 994 obtulit.
1354 939 1512 994 Ilanc
1543 939 1631 992 vir
1657 939 2037 993 beatissimus
2070 943 2134 992 ut

479 1035 755 1106 sumpsit,
797 1050 936 1088 suos
985 1030 1146 1085 affari
1180 1028 1371 1083 taliter
1417 1029 1589 1100 cuipit
1624 1045 1636 1082 :
1674 1051 1700 1077 ‹‹
1736 1027 1819 1083 Illi
1865 1028 2132 1082 lursitare

478 1127 684 1180 nostra.
727 1139 844 1177 non
891 1121 1172 1176 debemus
1223 1119 1576 1190 impendere,
1593 1117 1693 1189 qui
1736 1116 2132 1171 abundantius

479 1217 600 1269 tam
633 1213 744 1267 cito
777 1228 902 1284 quae
935 1209 1251 1264 tribuimus
1283 1207 1430 1261 valet
1462 1207 1785 1260 restituere.

549 1301 687 1357 XIX.
723 1300 926 1361 Ottonis
957 1297 1186 1368 Augusti
1213 1297 1397 1367 opinio
1427 1294 1492 1349 dc
1522 1295 1713 1350 .‘llaiolo
1752 1303 1802 1349 et
1848 1293 1912 1348 de
1940 1311 2129 1348 mona-

477 1391 612 1448 chis.
645 1390 849 1446 Gitonis
895 1387 1132 1458 elogium
1177 1394 1228 1440 et
1269 1383 1572 1440 Adulaidis.
1608 1415 1676 1423 —
1708 1383 1895 1454 Hujus
1954 1383 2132 1455 igitur

477 1478 808 1535 sanctitatis
838 1475 1052 1549 opinio,
1071 1475 1220 1530 mira
1244 1489 1346 1546 per
1365 1472 1634 1528 eumdem
1660 1476 1926 1544 patrante
1949 1472 2133 1527 omni-

476 1571 714 1642 potente
743 1567 880 1632 Deo,
901 1582 1034 1620 cum
1057 1563 1210 1636 apud
1233 1560 1541 1618 hominum
1562 1561 1829 1617 notitiam
1853 1562 2042 1635 magis
2063 1578 2129 1616 ac

474 1657 664 1731 magis
693 1656 1084 1711 innotesceret
1113 1653 1357 1724 ejusque
1387 1649 1644 1706 nominis
1675 1650 1832 1706 fama
1852 1649 2024 1724 longe
2053 1649 2131 1707 la-

2243 493 2473 548 Christo
2505 493 2780 565 copulati,
2803 496 2904 564 qui
2937 500 3074 550 sunt
3102 514 3205 568 per
3233 497 3405 552 ﬁdem
3433 500 3734 569 justitiam
3766 518 3877 573 ope-

2243 583 2372 646 rati,
2406 582 2593 654 ipsius
2625 584 2960 640 testimonio
2991 585 3473 656 repromissiones
3505 605 3656 659 quas
3699 607 3878 662 repro-

2245 671 2406 725 misit
2428 671 2526 743 qui
2550 688 2663 726 non
2687 673 2972 727 mentitur
2991 673 3305 740 Deus,sunt
3327 675 3456 730 sine
3471 677 3656 732 dubio
3680 679 3876 750 adepti.

2241 761 2427 815 Ambo
2457 762 2612 816 enim
2644 761 2939 833 Evangelii
2972 763 3284 831 auditores,
3315 769 3373 818 et
3401 766 3545 836 quia
3577 767 3878 833 auditores,

2243 849 2372 903 ideo
2403 851 3038 922 operatores,quoniam
3064 851 3297 922 quidem
3321 870 3389 907 ex
3412 854 3732 926 Evangelio
3756 857 3880 910 didi-

2242 943 2442 992 cerant
2467 954 2479 993 :
2516 940 2620 1006 Qui
2649 941 2844 1010 recipit
2850 941 3062 1010 justum
3095 942 3151 994 in
3180 943 3398 996 nomine
3415 944 3877 1013 justi,mcrccdem

2231 1028 2373 1098 justi
2401 1029 2626 1098 accipiet
2655 1028 2860 1095 (.llatth.
2894 1045 2948 1095 x,
2983 1029 3068 1098 41)
3095 1047 3107 1096 ;
3145 1029 3270 1083 ideo
3295 1047 3445 1101 quos
3475 1031 3534 1084 in
3577 1031 3678 1086 Dei
3713 1033 3878 1087 famu-

2243 1113 2457 1170 lamine
2489 1117 2802 1171 cernebant
2824 1117 3273 1183 devotiores,eos
3293 1118 3403 1172 sibi
3429 1117 3738 1174 habebant
3764 1122 3878 1176 cha-

2244 1204 2444 1260 riores.
2477 1205 2590 1260 Sed
2621 1204 2702 1259 illi
2737 1223 2852 1277 praa
2888 1207 3109 1262 casteris
3157 1205 3578 1279 diligebantur,
3612 1209 3716 1280 qui
3757 1211 3880 1267 falsa

2241 1294 2725 1349 abrenuntiantes
2758 1295 2992 1368 gaudia,
3019 1296 3166 1350 beati
3191 1295 3488 1351 Benedicti
3522 1299 3882 1356 sectabantur

2239 1381 2486 1454 vestigia
2517 1383 2820 1438 devotione
2852 1383 3308 1455 promptissima.

2310 1471 2450 1526 XXI.
2485 1471 2712 1526 .llaiolus
2765 1489 2864 1544 per
2917 1472 3229 1528 Heldrioum
3274 1476 3496 1546 utrique
3546 1476 3767 1532 Charus.
3799 1479 3880 1532 Mo-

2237 1561 2496 1615 nasteriis
2529 1559 2893 1632 reformandis
2917 1563 3264 1633 prmpositus.
3298 1591 3366 1602 —
3397 1561 3616 1636 Itaque
3648 1567 3736 1634 (ut
3762 1583 3879 1638 pra:-

2237 1647 2488 1705 libatum
2519 1649 2628 1720 est)
2662 1650 2723 1705 B.
2759 1648 2954 1706 Maioli
2986 1649 3144 1704 fama
3174 1649 3574 1722 plurimorum
3629 1652 3877 1711 relatione

476 1753 648 1820 teque
679 1763 742 1802 se
774 1747 1091 1817 Spargeret,
1113 1742 1360 1814 Magnus
1393 1739 1522 1797 Otto
1553 1739 1655 1811 qui
1681 1743 1828 1818 tunc
1847 1738 2128 1813 temporis
2156 1769 2208 1837 Β
2236 1739 2918 1837 ροωρθιυῑειώαυάροοιιε
2940 1756 3008 1794 ac
3029 1738 3244 1811 perfrui
3277 1739 3574 1837 vita,ejus
3617 1743 3781 1814 potiri
3804 1744 3880 1798 de-

471 1841 706 1894 strenue
738 1831 1161 1906 rempublicam
1206 1831 1588 1903 gubernabat,
1617 1830 1762 1884 tanti
1794 1831 1900 1884 viri
1942 1829 2124 1902 pluri-

471 1942 703 1982 morum
731 1922 1008 1978 relatione
1039 1921 1498 1992 comperta,ejus
1523 1919 1887 1992 praesentiam
1917 1921 2124 1976 arden-

468 2014 590 2070 tius
618 2011 911 2084 cupiebat.
932 2010 1035 2066 Hic
1066 2009 1222 2063 enim
1253 2008 1342 2062 vir
1371 2007 1503 2062 licet
1533 2007 1819 2080 imperiali
1846 2009 2127 2080 potiretur

469 2102 725 2176 fastigio,
757 2115 973 2172 magna
1027 2101 1223 2152 tamen
1271 2101 1396 2152 erat
1441 2095 1525 2150 illi
1575 2095 1729 2151 circa
1771 2097 2126 2154 monasteria

469 2189 728 2257 devotio;
763 2187 901 2261 quia
923 2201 1292 2260 nequaquam
1318 2202 1379 2241 se
1403 2184 1646 2241 feliciter
1668 2186 1977 2258 imperium
2001 2203 2124 2257 spc-

469 2281 638 2338 rahat
667 2283 884 2346 tenere,
907 2275 1020 2333 nisi
1052 2291 1285 2332 summo
1308 2274 1448 2348 Regi
1477 2275 1738 2330 studeret
1767 2291 1882 2330 non
1915 2273 2120 2348 displi-
2171 2337 2178 2344 ,

469 2387 618 2428 cere.
651 2369 722 2426 Et
769 2367 897 2422 ideo
947 2363 1161 2438 saepius
1211 2363 1650 2438 ingemiscebat,
1685 2365 1824 2420 dum
1875 2365 1976 2437 qui
2022 2381 2126 2437 per

470 2457 771 2532 religionis
795 2455 1062 2512 habitum
1093 2471 1155 2510 se
1184 2453 1300 2510 Deo
1344 2455 1706 2522 devoverant,
1735 2454 1996 2510 smculari
2027 2455 2121 2510 in-

467 2552 660 2605 tentos
691 2543 923 2619 negotio
945 2543 1027 2600 ire
1049 2560 1149 2615 per
1180 2543 1430 2615 abrupta
1467 2543 1757 2598 cernebat.
1793 2544 1937 2598 Nam
1969 2543 2121 2616 regi-

469 2636 650 2693 minis
681 2635 753 2691 ad
786 2632 1010 2690 cultum
1061 2631 1142 2687 ita
1185 2630 1490 2687 videbatur
1530 2630 1795 2700 idoneus,
1831 2637 2122 2705 quatenus

467 2725 614 2782 nulli
646 2741 765 2780 non
808 2722 982 2778 modo
1014 2720 1328 2788 secundus,
1363 2721 1463 2776 sed
1492 2720 1579 2791 (ut
1609 2721 1841 2792 planius
1871 2722 2122 2792 dicatur)

466 2813 674 2888 primis
696 2817 753 2868 et
782 2811 1034 2867 summis
1066 2809 1454 2866 conferendas
1480 2807 1790 2884 videretur.
1815 2810 1970 2866 Nihil
2001 2811 2122 2868 leve

465 2902 838 2970 moliebatur,
872 2898 1012 2972 quia
1040 2897 1345 2972 gravitatis
1384 2912 1518 2952 eum
1551 2899 1839 2954 modestia
1886 2902 2120 2956 comita-

465 2990 894 3056 batur;verum
942 2985 1228 3057 quidquid
1278 2984 1612 3056 incipiebat,
1643 2986 1900 3044 efﬁcacia
1959 2987 2119 3044 nullo

467 3077 642 3133 modo
673 3075 789 3130 Deo
817 3077 1055 3129 auctore
1085 3073 1337 3127 carebat.
1373 3070 1517 3126 Huic
1565 3072 1778 3143 conjux
1824 3073 2118 3132 Adeleidis

468 3162 810 3229 inhaerebat,
841 3176 968 3232 quin
1001 3159 1116 3215 Deo
1147 3153 1503 3214 amabilis'et
1533 3137 1873 3216 hominibus
1921 3161 2114 3236 diligi-
2147 3137 2191 3203 (ἶ

468 3249 625 3318 bilis,
641 3251 725 3306 ita
753 3248 932 3322 regali
963 3248 1346 3320 cepulabatur
1365 3252 1592 3316 toro,ut
1623 3253 1877 3304 mentem
1895 3256 2116 3308 castam

470 3339 632 3397 omni
662 3338 932 3394 custodia
959 3337 1098 3408 Regi
1149 3341 1404 3392 servaret
1451 3352 1724 3408 superno.
1757 3337 2118 3410 Pauperibus

468 3427 872 3492 subveniebat,
902 3429 1148 3498 aegrotos
1179 3427 1236 3480 et
1265 3423 1487 3480 debiles
1519 3425 1644 3481 sine
1686 3424 2118 3488 intermissione

469 3517 718 3575 fovebat.
733 3514 1037 3571 Gaudebat
1055 3529 1189 3568 cum
1206 3514 1620 3585 gaudentibus,
1636 3513 1810 3570 ﬁebat
1831 3532 1965 3571 cum
1984 3517 2120 3573 flen-

466 3608 649 3672 tibus,
680 3621 814 3678 spes
870 3603 1242 3669 miserorum,
1275 3601 1536 3658 solamen
1595 3603 1922 3675 lugentium
1957 3623 1970 3662 :
2001 3624 2118 3679 quo

466 3695 646 3768 regali
679 3693 893 3750 nobilis
923 3695 1251 3759 stemmate,
1283 3707 1349 3747 eo
1381 3708 1483 3764 per
1511 3692 1709 3748 omnia
1738 3693 1992 3765 pollebat
2023 3714 2118 3754 no-

465 3784 638 3843 bilior
665 3783 994 3840 sanctitate.

535 3873 648 3930 XX.
681 3873 981 3928 Virtutum
1040 3872 1098 3926 in
1157 3869 1414 3926 culmine
1471 3870 1682 3944 posita,
1716 3888 1850 3926 cum
1911 3891 2114 3946 super-

463 3963 660 4020 biendi
683 3979 798 4018 non
820 3961 1103 4016 defuisset
1125 3959 1390 4024 materia,
1406 3959 1485 4014 ita
1506 3977 1566 4015 se
1597 3959 1946 4016 humilitatis
1975 3980 2116 4034 pro-

465 4053 608 4108 texit
636 4049 1220 4122 custodia,quatenus
1243 4047 1462 4103 nullius
1477 4047 1770 4118 jactantize
1783 4050 2113 4122 exemplum

463 4155 532 4194 ex
579 4154 687 4192 sua
734 4137 1263 4206 deprehenderetur
1311 4135 1686 4203 continentia,
1719 4135 1864 4191 illud
1921 4144 2116 4196 mente

465 4230 830 4300 pertractans
875 4226 1030 4297 quod
1080 4224 1410 4280 Salomonis
1457 4225 1720 4296 loquitur
1777 4227 2109 4298 sapientia:

463 4316 740 4372 Rectorem
783 4321 832 4368 te
885 4313 1316 4368 constituerunt?
1347 4314 1466 4368 noli
1516 4313 1726 4380 extolli,
1757 4315 1851 4370 sed
1897 4325 2005 4373 esto
2055 4321 2114 4374 in

463 4405 578 4461 illis
629 4404 791 4476 quasi
835 4418 977 4457 unus
1023 4418 1093 4457 ex
1139 4402 1256 4456 illis
1301 4403 1685 4470 (Eccli.xxxn,
1731 4405 1802 4474 1).
1837 4405 1895 4459 Si
1931 4407 2109 4475 enim,

2236 1827 2604 1884 lectabantur
2626 1827 2854 1896 notitia,
2888 1844 3138 1900 quorum
3171 1827 3496 1902 adimplere
3521 1847 3644 1886 non
3676 1832 3878 1888 distulit

2235 1917 2617 1984 desiderium,
2651 1919 2750 1990 qui
2784 1917 2898 1973 ﬁde
2928 1917 3303 1990 pulsantibus
3335 1917 3525 1975 beatae
3543 1919 3677 1974 vitae
3699 1921 3877 1992 pandit

2232 2005 2588 2078 ingressum.
2623 2005 2926 2062 Enimvero
2960 2006 3280 2074 Heldricus,
3299 2008 3476 2078 cujus
3510 2025 3698 2081 supra
3717 2011 3826 2077 (tib.
3841 2028 3874 2078 ι,

2231 2111 2280 2151 ε.
2315 2096 2400 2166 15)
2425 2093 2802 2151 meminimus
2824 2095 2882 2150 in
2915 2093 3104 2151 laicali
3138 2095 3400 2166 potentia
3429 2097 3872 2170 praicipuus,qui

2234 2185 2530 2258 quondam
2562 2185 2620 2239 in
2674 2183 2839 2240 Italia
2888 2183 3040 2240 inter
3072 2189 3308 2240 caeteros
3343 2183 3654 2244 Palatinos
3682 2188 3874 2244 exstitit

2233 2272 2612 2340 honorabilis,
2633 2273 2796 2328 uxori
2830 2289 2965 2329 cum
2997 2289 3211 2344 magna
3240 2289 3442 2328 rerum
3474 2275 3869 2348 temporalium

2233 2362 2402 2434 copia
2430 2361 2874 2428 abrenuntians,
2908 2361 3169 2434 deposito
3218 2361 3480 2434 cingulo.
3518 2361 3793 2420 Cluniaco
3826 2383 3872 2420 se

2233 2451 2559 2518 conferens,
2583 2451 2644 2505 B.
2671 2449 2966 2506 Benedicti
2987 2467 3047 2506 se
3069 2450 3336 2507 subdidit
3357 2453 3693 2524 proposito.
3713 2454 3872 2526 Hujus

2231 2540 2447 2612 quippe
2472 2537 2842 2595 familiaritas
2871 2539 3106 2612 gignere
3139 2537 3486 2596 diﬂ'amatur
3518 2558 3762 2598 causam
3779 2561 3874 2616 qua

2233 2631 2534 2694 Romanus
2565 2627 2836 2700 princeps
2871 2627 3078 2683 habuit
3107 2627 3292 2684 sancti
3324 2627 3434 2683 viri
3471 2630 3766 2687 notitiam.
3789 2632 3873 2687 Per

2230 2719 2386 2774 hunc
2408 2717 2565 2773 enim
2598 2733 2732 2772 eum
2773 2715 2884 2771 sibi
2918 2715 3235 2784 accersivit,
3271 2733 3448 2788 quem
3482 2719 3640 2776 adeo
3669 2737 3768 2792 pro
3805 2736 3874 2774 sa-

2229 2806 2404 2863 lutari
2439 2807 2640 2862 dilexit
2669 2805 2955 2874 doctrina,
2987 2809 3052 2860 ut
3080 2823 3206 2878 quae
3233 2805 3344 2860 sibi
3379 2805 3438 2860 in
3474 2793 3655 2864 Italia
3683 2809 3872 2864 subde-

2229 2898 2448 2953 bantur
2478 2896 2616 2951 etin
2640 2894 2970 2951 Germania.
3001 2895 3266 2965 ejusdem
3299 2895 3702 2953 ordinationis
3729 2913 3867 2954 com-

2231 2985 2461 3041 mittere
2506 2983 2680 3040 vellet
2733 2983 3106 3039 monasteria.
3141 2983 3488 3056 Imperatr-ix
3542 3003 3701 3050 vero,
3733 3003 3790 3041 ac
3828 2985 3869 3040 si

2230 3075 2576 3132 ancillarum
2597 3071 3170 3144 ultima,impcndere
3191 3072 3471 3144 cupiebat
3488 3074 3548 3130 ei
3571 3073 3869 3130 devotionis

2229 3163 2531 3237 obsequia,
2548 3163 2824 3234 quoniam
2847 3161 2998 3217 beati
3027 3159 3219 3216 Maioli
3244 3177 3348 3234 per
3366 3179 3580 3235 preces
3598 3164 3872 3220 abundan-

2229 3253 2363 3308 tiori
2395 3268 2457 3308 se
2486 3249 2704 3306 visitari
2735 3248 2940 3304 divina:
2991 3248 3310 3321 pressantis:
3355 3253 3643 3322 sperabat
3687 3252 3868 3324 gratia.

2227 3341 2435 3398 Cuncti
2467 3357 2601 3396 eum
2623 3339 3055 3394 venerabantur
3074 3337 3412 3411 optimates,
3427 3343 3752 3414 cunctique
3767 3340 3872 3396 dili-

2227 3431 2445 3504 gebant
2464 3427 2776 3502 principes.
2801 3427 2967 3483 Hunc
2989 3427 3308 3499 imperator
3326 3427 3594 3485 habebat
3612 3428 3870 3485 auricula-

2227 3519 2408 3590 rium,
2438 3518 2595 3574 hunc
2627 3535 2663 3573 a
2689 3516 2928 3572 secretis
2960 3516 3144 3572 ﬁdum
3176 3515 3648 3574 internuntium.
3671 3517 3728 3575 Si
3756 3519 3868 3591 quis

2226 3609 2382 3682 apud
2415 3607 2824 3679 imperatorem
2857 3605 3092 3678 aliqnod
3125 3604 3368 3662 haberet
3399 3607 3734 3679 negotium,
3763 3623 3866 3661 me-

2226 3698 2512 3753 diatorem
2537 3696 2775 3751 beatum
2805 3695 3104 3766 quairebat
3134 3693 3438 3750 Maiolum.

2296 3786 2435 3842 XXI.
2473 3785 2580 3840 Per
2607 3783 2760 3840 idem
2810 3788 3045 3856 tempus
3094 3783 3246 3838 beati
3294 3783 3665 3856 Apollinaris
3703 3801 3862 3841 came-

2224 3877 2410 3944 bium,
2431 3874 2586 3947 quod
2619 3888 2721 3946 per
2747 3871 2952 3945 viginti
2982 3875 3232 3944 quatuor
3259 3873 3604 3929 stadiorum
3636 3874 3864 3946 spatium

2226 3981 2258 4019 a
2290 3963 2620 4018 Ravennate
2649 3960 2793 4016 urbe
2821 3960 3004 4015 fertur
3033 3957 3378 4030 sepositum,
3400 3961 3470 4016 ad
3503 3962 3570 4016 Β.
3595 3960 3862 4018 Benedicti

2225 4050 2482 4106 instituit
2512 4049 2828 4116 tramitem,
2848 4047 3046 4120 ibique
3071 4064 3244 4102 suum
3267 4048 3573 4104 ordinavit
3591 4051 3861 4106 abbatem.

2225 4139 2506 4195 Prmterea
2536 4136 2924 4209 imperatricis
2956 4153 3068 4191 non
3101 4136 3554 4192 contemnendae
3593 4137 3863 4210 petitionis

2224 4232 2366 4283 tunc
2397 4230 2665 4282 exoratus
2708 4224 3208 4295 instantia,juxta
3256 4224 3644 4282 Ticinensem
3685 4226 3864 4280 urbem

2223 4316 2410 4372 sancti
2441 4315 2756 4372 Salvatoris
2775 4313 2848 4386 (5)
2871 4313 3156 4370 desudare
3187 4312 3362 4384 cmpit
3381 4314 3442 4368 in
3466 4313 3714 4370 fabrica.
3743 4316 3865 4370 Inte-

2223 4406 2334 4460 rim
2357 4421 2491 4460 vero
2505 4405 2631 4476 jam
2654 4403 2916 4459 debitum
2935 4403 3110 4457 ﬁnem
3133 4402 3434 4457 secundus
3458 4401 3561 4458 hic
3585 4403 3732 4459 liber
3759 4418 3863 4475 pos-

452 4494 622 4565 juxta
640 4489 1096 4563 Apostolum,vir
1119 4489 1372 4545 inﬁdelis
1395 4507 1498 4563 per
1518 4489 1824 4546 mulierem
1856 4491 2107 4561 ﬁdelem,
2140 4502 2187 4566 D
2220 4493 2390 4560 tulat,
2408 4499 2472 4548 ut
2500 4508 2568 4548 ea
2598 4508 2725 4563 quae
2755 4495 2996 4558 restant,
3025 4491 3464 4562 tertius,signis
3486 4492 3859 4556 evidentibus,

461 4586 520 4638 et
539 4579 795 4637 inﬁdelis
825 4579 1037 4636 mulier
1077 4595 1178 4652 per
1205 4576 1394 4634 virum
1418 4578 1648 4635 ﬁdelem
1669 4579 1717 4649 (Ι
1749 4579 1868 4635 Cor.
1891 4597 1988 4647 vn,
2020 4583 2108 4651 14)

2217 4581 2289 4638 ad
2320 4583 2496 4638 ﬁnem
2528 4596 2714 4652 usque
2741 4580 3038 4652 perducat.

1713 4849 2040 4936 LIBER
2112 4848 2608 4937 TERTIUS

532 5025 574 5080 Ι.
607 5025 834 5080 Maiolus
864 5025 1188 5081 Cluniacum
1235 5033 1524 5092 revertens,
1558 5041 1593 5080 a
1633 5024 1922 5081 Saracenis
1957 5029 2104 5098 capi-

457 5123 568 5171 tur.
585 5145 649 5154 —
669 5113 773 5168 Vir
795 5114 992 5186 itaque
1013 5112 1240 5169 Domini
1266 5113 1354 5184 (ut
1374 5131 1553 5185 supra
1573 5111 1848 5186 diximus)
1870 5114 2114 5186 impera-

458 5201 620 5258 tricis
659 5203 873 5257 animis
905 5201 1340 5269 satisfaciendo,
1373 5201 1546 5274 longo
1597 5203 1873 5273 temporis
1921 5203 2110 5274 spatio

449 5292 578 5364 jam
609 5291 838 5348 evoluto
863 5308 994 5346 cum
1037 5289 1403 5345 Cluniacensi
1454 5291 1685 5346 deesset
1733 5292 2106 5358 monasterio,

529 5417 603 5485 (5)
632 5414 927 5488 Nalgodus
961 5431 974 5468 :
1007 5416 1173 5472 Juxta
1224 5416 1488 5480 Ticinum,
1523 5414 1582 5470 id
1625 5423 1706 5488 est
1751 5417 2004 5488 Papiam,
2047 5418 2108 5471 in

457 5486 657 5542 honore
712 5486 769 5542 SI
831 5487 1129 5543 Salvatoris
1185 5489 1488 5541 construxit
1539 5486 1841 5552 ecclesiam,
1889 5496 1939 5543 et
1993 5505 2104 5542 mo-

457 5559 778 5626 nasterium,
841 5557 979 5630 quod
1058 5557 1218 5627 vulgo
1292 5557 1438 5612 Cella
1514 5559 1690 5614 Aurea
1771 5558 1991 5626 dicitur,
2060 5567 2110 5614 et

2215 5027 2463 5082 accessit
2482 5024 2716 5081 libitum
2738 5040 2854 5096 quo
2876 5023 3080 5078 fratres
3099 5025 3362 5093 pergeret
3382 5020 3714 5077 visitatum.
3733 5021 3863 5076 Cun-

2221 5116 2331 5171 ctis
2363 5115 2540 5188 igitur
2585 5113 2646 5168 in
2690 5113 2784 5170 via
2829 5110 3175 5168 necessariis
3205 5109 3572 5182 praeparatis,
3617 5109 3861 5166 laborem

2221 5203 2558 5276 aggreditur
2584 5201 2832 5257 itineris.
2857 5199 3067 5272 Magna
3089 5199 3325 5254 tandem
3355 5215 3494 5254 cum
3527 5196 3862 5253 difﬁcultate

2218 5290 2492 5348 laboriosi
2524 5290 2750 5346 itineris
2783 5305 2914 5344 cum
2940 5289 3065 5358 jam
3106 5287 3417 5343 cacumina
3461 5285 3692 5358 Alpinis
3731 5302 3860 5357 pra:-

2216 5416 2514 5486 collapsum
2559 5431 2696 5486 pene
2747 5415 2928 5484 fuerat
2985 5415 3042 5466 in
3101 5414 3342 5479 ruinam,
3410 5412 3750 5466 restauravit
3798 5405 3858 5460 ad

2216 5503 2469 5557 unguem.
