4034 6170
213 288 340 348 ’765

1601 289 1811 352 VITA.
1845 321 1923 333 -
1952 262 2100 351 LlB.
2150 291 2256 353 ιη.

3514 300 3633 362 ’766

209 419 495 478 terissent
524 419 875 491 altitudinis,
909 422 979 478 ad
1011 422 1208 481 villam
1269 441 1452 497 usque
1512 423 1877 480 descendunt
1904 422 1959 489 Α
1989 422 2249 480 abscisso
2280 426 2442 498 rupis
2473 428 2581 482 sub
2612 432 2798 497 antro,
2828 429 3115 486 horrendo
3161 429 3441 487 claudunt
3469 449 3634 506 erga-

213 528 349 585 qum
377 528 557 585 prope
589 511 800 567 Dranci
832 514 1103 583 (Dransx)
1127 514 1284 569 ﬂuvii
1318 514 1630 570 decursum
1665 513 1873 587 posita,

214 601 375 657 Pons
401 600 621 657 Ursarii
646 602 945 673 quondam
977 602 1217 658 vocitari
1250 607 1374 658 erat
1407 601 1597 658 solita.
1632 603 1777 658 Nam
1808 602 1878 657 ri-

206 690 392 747 vulus
424 690 523 763 qui
558 690 860 745 descendit
891 707 919 745 e
954 692 1274 760 montibus,
1310 708 1443 747 cum
1476 692 1764 748 ﬂexuosos
1797 709 1879 748 re-

210 779 498 835 volvendo
529 796 632 851 per
669 779 872 851 globos
930 780 1083 835 inter
1134 781 1307 854 Alpes
1353 782 1629 849 decurrit,
1660 799 1768 836 sua
1796 782 1871 837 ibi

212 867 578 924 revolutione
613 872 841 922 tantum
876 869 1137 941 planitiei
1162 870 1877 943 porrigit,quantumpra:-

211 957 387 1012 dicta:
420 956 564 1012 villa:
593 974 877 1029 occupare
900 958 1111 1029 positio
1144 960 1351 1030 possit.
1395 958 1562 1014 Multi
1619 958 1776 1015 enim
1809 977 1877 1015 ex

211 1047 464 1101 diversis
495 1045 834 1118 regionibus
859 1043 997 1102 tunc
1028 1049 1088 1102 B.
1108 1047 1385 1104 Maiolum
1420 1048 1871 1117 comitabantur,

211 1135 359 1207 quia
379 1136 506 1204 ejus
529 1133 836 1190 sanctitate
859 1153 919 1191 se
952 1136 1184 1191 liberari
1217 1154 1387 1209 posse
1418 1136 1871 1194 arbitrabantur.

209 1225 298 1279 Ad
334 1224 490 1278 hunc
525 1222 706 1296 igitur
736 1224 929 1279 locum
962 1242 1095 1280 eum
1129 1226 1254 1281 sine
1303 1227 1645 1283 discrimine
1676 1244 1873 1300 perve-

213 1313 866 1385 nissent,eumdemque
895 1313 1147 1369 rivulum
1180 1315 1549 1383 transissent,
1567 1334 1700 1371 mox
1726 1317 1877 1373 inter

211 1401 379 1475 ipsos
422 1406 557 1457 arta:
589 1401 714 1471 VitB,
748 1401 1015 1459 difficiles
1058 1404 1324 1471 reflexus,
1360 1406 1460 1476 qui
1492 1422 1666 1477 parvo
1699 1405 1874 1462 inter-

208 1490 366 1547 vallo
389 1507 448 1546 se
470 1490 731 1562 praebent
762 1491 1269 1559 descendentibus,
1305 1493 1498 1549 subito
1531 1511 1629 1551 eos
1662 1496 1876 1551 invasit

210 1581 450 1653 perﬁdae
476 1579 669 1653 gentis
702 1581 1157 1636 Sarracenorum
1188 1582 1499 1638 exercitus.
1536 1584 1744 1642 Subita
1776 1585 1876 1640 ita-

210 1668 678 1741 queincursione
702 1669 1006 1738 turbati,et
1037 1676 1315 1726 conantes
1348 1671 1603 1744 plurima
1635 1672 1871 1742 frustra,

1987 513 2421 571 stulo.Sanctus
2444 515 2638 589 itaque
2663 517 2892 574 Domini
2916 523 2981 574 ut
3003 538 3101 576 eos
3124 521 3180 576 in
3207 521 3296 576 sui
3320 521 3635 595 perniciem

1987 602 2271 674 conspicit
2297 605 2425 660 dira
2458 605 2769 662 frementes
2804 624 2815 663 :

1987 692 2205 763 Martyr
2236 696 2299 747 ut
2328 695 2629 750 emeritam
2664 698 2981 753 certamine
3014 714 3244 754 sumere
3275 699 3557 772 palmam,

1985 780 2174 852 thue
2208 782 2296 836 sui
2332 788 2529 854 posset
2558 784 2829 855 perfundi
2863 787 3019 841 fonte
3052 787 3275 843 cruoris

1985 869 2179 941 Optat,
2214 875 2269 924 et
2300 870 2590 944 intrepido
2624 874 2925 944 profnndit
2956 875 3091 930 talia
3121 876 3305 932 vultu.

1986 959 2147 1023 Quod
2179 959 2323 1013 satis
2354 964 2461 1028 est,
2496 978 2790 1033 supraque
2822 963 3115 1031 satis,huc
3144 965 3399 1021 viximus
3429 984 3635 1039 usque.

1985 1048 2150 1102 Nunc
2184 1048 2390 1102 faciem
2426 1052 2727 1120 penetrare
2760 1052 2922 1123 cupit
2962 1070 3094 1108 cum
3130 1053 3371 1125 spiritus
3404 1056 3637 1126 ardens,

1984 1136 2234 1202 Christe,
2268 1142 2429 1192 tuam
2463 1155 2475 1192 :
2512 1139 2800 1210 taedetque
2830 1139 2954 1208 vite,
2983 1142 3269 1214 taedetque
3301 1143 3539 1199 laboris.

1985 1227 2109 1291 Qua
2137 1226 2399 1281 breviora
2430 1231 2629 1299 patent
2660 1228 2797 1283 recti
2829 1229 3174 1301 compendia
3204 1230 3388 1299 callis,

1986 1314 2071 1369 Ire
2094 1316 2281 1384 juvat,
2310 1316 2400 1370 via
2432 1316 2507 1371 sit
2539 1317 2784 1388 trepidis
2831 1317 3005 1374 nimis
3055 1320 3239 1375 ardua
3277 1338 3637 1393 quanquam,

1986 1403 2229 1476 Propere
2260 1404 2516 1460 sidereos
2551 1406 2787 1461 dabitur
2817 1407 3153 1480 contingere
3183 1425 3441 1481 campos.

1985 1492 2301 1565 Sanguinis
2333 1493 2499 1548 effusi
2533 1494 2580 1549 si
2615 1512 2720 1551 nos
2751 1495 2995 1568 vestigia
3026 1497 3263 1563 ducant,

1985 1581 2245 1654 Martyrii
2276 1581 2515 1637 titulum
2548 1584 2733 1640 tensis
2764 1583 3209 1656 complectimur
3239 1584 3416 1651 ulnis,

1983 1670 2052 1725 Et
2072 1675 2279 1743 sponte
2311 1670 2635 1744 expetimus
2666 1670 2973 1745 pulchram
2994 1690 3095 1745 per
3108 1674 3347 1730 vulnera
3368 1680 3635 1732 mortem.

211 1759 494 1830 omnique
518 1776 619 1830 spe
652 1757 877 1814 meliori
908 1759 1196 1831 deposita,
1233 1759 1382 1832 fuga:
1411 1760 1743 1829 consulunt,
1770 1763 1872 1818 sed
1907 1787 1957 1855 B
1986 1760 2073 1815 Tu
2106 1761 2279 1815 modo
2310 1778 2416 1817 nos
2446 1761 2690 1833 dignare
2720 1766 2822 1817 tuo
2855 1779 2956 1834 pro
2990 1763 3225 1818 nomine
3258 1768 3454 1821 testes.

213 1846 636 1919 nequidquam.
672 1846 900 1902 Vesana
953 1847 1109 1902 enim
1160 1847 1477 1920 impiorum
1527 1850 1700 1905 turba
1730 1850 1873 1906 calle

214 1936 395 1990 citato
424 1935 534 1990 hos
563 1952 941 2008 persequens,
966 1953 1169 1991 omnes
1201 1954 1350 2008 quos
1383 1939 1873 2010 comprehendere

215 2024 428 2097 potuit,
464 2024 522 2078 in
553 2023 803 2080 vinculis
863 2025 1130 2095 conjecit.
1165 2024 1428 2097 Cumque
1480 2044 1634 2081 unus
1677 2045 1745 2083 ex
1775 2027 1874 2084 illa

216 2111 535 2183 impiorum
592 2113 765 2168 turba
814 2113 888 2168 ab
936 2112 1055 2168 alta
1104 2131 1247 2185 rupe
1299 2131 1484 2169 unum
1536 2130 1603 2169 ex
1632 2116 1740 2170 viri
1772 2115 1871 2172 Dei

217 2200 456 2256 famulis
488 2200 602 2256 telo
632 2206 953 2274 appeteret,
989 2207 1055 2257 ut
1097 2201 1358 2258 famulus
1415 2203 1755 2275 eriperetur,
1788 2204 1874 2260 vir

216 2288 319 2345 Dei
363 2288 618 2345 venienti
666 2289 865 2361 jaeulo
925 2290 1335 2347 charitativam
1394 2308 1635 2347 manum
1688 2310 1871 2366 oppo-

217 2378 380 2434 suit:
415 2378 473 2432 in
533 2394 652 2450 qua
709 2377 974 2451 quandiu
1033 2384 1234 2450 postea
1290 2378 1448 2446 vixit,
1491 2380 1697 2436 inﬂicti
1755 2383 1874 2438 vul-

217 2466 375 2521 neris
406 2466 645 2521 cicatrix
674 2467 964 2540 apparuit.
998 2467 1154 2522 Nihil
1215 2485 1347 2523 vero
1408 2470 1479 2524 de
1531 2485 1639 2524 sua
1689 2476 1873 2526 morte

219 2554 562 2623 formidans,
604 2572 708 2627 pro
757 2554 999 2627 reliquis
1058 2560 1253 2612 tamen
1313 2561 1664 2626 exaestuans,
1696 2557 1872 2614 altius

215 2648 356 2700 tunc
390 2643 831 2716 ingemiscebat,
867 2645 1017 2700 dum
1060 2645 1153 2700 his
1204 2662 1351 2717 quos
1392 2646 1708 2718 impiorum
1741 2664 1870 2703 eru-

216 2731 428 2787 delitas
484 2732 779 2799 turbabat,
842 2732 1149 2788 subvenire
1228 2734 1524 2806 nequibat.
1576 2736 1870 2792 Evadendi

218 2819 415 2891 itaque
445 2836 578 2875 cum
611 2836 725 2875 non
759 2822 987 2876 deesset
1021 2821 1288 2891 facultas,
1324 2822 1480 2878 hunc
1529 2828 1723 2880 tamen
1769 2825 1873 2880 im-

221 2906 497 2963 mobilem
522 2909 736 2963 mentis
758 2909 992 2964 tenebat
1013 2908 1265 2965 charitas
1292 2929 1305 2978 ;
1331 2911 1470 2982 quia
1491 2928 1589 2967 eos
1611 2929 1714 2984 pro
1736 2928 1874 2984 quo-

218 3013 350 3053 rum
402 2994 712 3052 dilectione
765 2998 1025 3052 animam
1076 2998 1314 3070 Optabat
1343 3017 1576 3071 ponere,
1611 3001 1721 3056 etsi
1755 3018 1870 3056 non

216 3090 446 3158 poterat
468 3086 540 3142 ab
562 3085 877 3158 impiorum
898 3086 1175 3141 manibus
1196 3087 1658 3163 eripere,magno
1676 3094 1869 3147 tamen

1987 1849 2117 1904 Haec
2148 1849 2370 1916 dicens,
2405 1850 2787 1922 animumque
2818 1850 2966 1918 neci,
3000 1850 3334 1924 collumque
3392 1855 3637 1925 parabat

1981 1936 2249 1993 Carnifici
2283 1954 2295 1991 :
2333 1940 2423 1991 sat
2449 1938 2561 1992 fixa
2589 1936 2709 1992 viro
2741 1938 3031 1992 sententia
3061 1940 3267 1995 mortis

1983 2023 2276 2096 Intrepido
2302 2041 2315 2090 ;
2350 2025 2474 2090 sed,
2509 2023 2758 2091 Christe,
2788 2025 2909 2079 tuis
2939 2024 3330 2081 mundissima
3360 2027 3567 2084 castris

1985 2112 2131 2168 Lilia
2161 2129 2293 2168 cum
2326 2113 2476 2168 rosis
2507 2112 2725 2184 pariter
2756 2112 3067 2168 candentia
3093 2120 3358 2184 vernant,

1982 2201 2095 2257 Nec
2125 2205 2179 2256 te
2208 2200 2467 2273 martyrii
2502 2201 2836 2256 constantia
2866 2200 2990 2257 sola
3020 2206 3299 2272 meretur,

1981 2290 2097 2346 Nec
2124 2290 2253 2345 fuso
2286 2289 2598 2366 quisquam
2631 2294 2862 2345 tantum
2894 2290 2972 2346 sit
3003 2292 3289 2364 sanguine
3320 2299 3561 2366 martyr.

1982 2379 2144 2450 Step0
2175 2379 2351 2433 etiam
2385 2363 2588 2434 multis
2622 2380 2847 2452 peperit
2878 2380 2973 2452 pia
3001 2363 3424 2437 vitaicoronam
3460 2399 3472 2437 :

1983 2468 2199 2540 Estque
2229 2468 2601 2524 sacerdotum
2633 2467 2919 2524 confessio
2952 2470 3174 2525 munda
3204 2473 3439 2526 tuorum

1982 2558 2159 2614 Grata
2187 2557 2317 2623 tibi,
2351 2573 2499 2629 quos
2521 2555 2767 2628 justitia:
2799 2556 3073 2629 perfectio
3103 2558 3295 2613 vestit.

2055 2646 2152 2701 Ill.
2180 2646 2248 2702 Se
2279 2644 2623 2702 liberandum
2652 2646 2867 2701 cwlitus
2914 2646 3193 2716 intelligit,
3227 2650 3439 2703 meritis
3472 2649 3637 2707 beata:

1980 2734 2191 2793 Μιινὶέῑθ.
2213 2736 2462 2806 —Ergo,
2487 2737 2553 2789 ut
2574 2732 3029 2806 praelibavimus,
3053 2734 3142 2789 vir
3171 2734 3403 2790 Domini
3433 2736 3637 2794 ferreis

1983 2824 2257 2879 astrictus
2288 2822 2561 2890 vinculis,
2592 2822 2882 2878 horrendo
2913 2822 2972 2878 in
3004 2826 3170 2878 antro
3202 2823 3491 2901 tenebrosi
3518 2841 3637 2880 car-

1983 2912 2131 2967 ceris
2163 2929 2266 2983 pro
2298 2912 2625 2967 confitendo
2686 2911 2921 2967 nomine
2979 2902 3322 2980 divinitatis,
3356 2912 3638 2985 suﬂ'ragia

1980 3005 2069 3056 est
2093 3005 2364 3073 expertus
2383 3000 2590 3055 divinae
2614 3000 2866 3072 pietatis.
2884 3000 3059 3056 Nocte
3090 3000 3270 3072 igitur
3298 3000 3633 3070 subsecuta,

1981 3105 2115 3144 cum
2134 3089 2327 3161 sopori
2346 3089 2604 3145 dedisset
2619 3089 2885 3144 membra
2899 3088 3078 3145 nimio
3091 3105 3335 3145 mmrore
3352 3090 3635 3160 confecta,

219 3152 417 3231 dolore
435 3152 735 3230 convictus
749 3174 983 3230 nolebat
1004 3152 1611 3249 relinquereApostoli
1636 3178 1868 3235 interim
1900 3152 1945 3222 α
1984 3178 2116 3234 talis
2142 3152 2251 3233 sibi
2273 3178 2417 3233 visio
2449 3177 2731 3234 divinitus
2760 3182 2850 3233 est
2879 3182 3132 3233 ostensa.
3164 3176 3513 3255 Apostolicis
3545 3152 3634 3234 in;

216 3280 486 3320 reversus
509 3264 581 3319 ad
612 3263 965 3336 exemplum,
1000 3265 1099 3336 qui
1135 3265 1275 3320 dum
1309 3269 1605 3336 pateretur
1634 3269 1869 3323 naufra-

216 3351 652 3426 gium,salvavit
683 3352 942 3408 oratione
974 3353 1203 3409 animas
1235 3354 1500 3409 omnium
1533 3371 1730 3411 secum
1766 3374 1868 3412 ua-

212 3441 565 3514 vigantium,
587 3457 720 3496 cum
752 3456 850 3506 eos
882 3440 1140 3498 humano
1173 3442 1389 3498 auxilio
1421 3444 1495 3498 ab
1524 3443 1872 3501 imminente

215 3529 743 3602 nequiretliberare
755 3530 1033 3602 periculo,
1065 3530 1175 3586 hoc
1197 3532 1321 3586 suis
1343 3534 1498 3603 apud
1522 3533 1706 3589 Deum
1738 3551 1868 3606 pro-

215 3619 435 3674 meruit
481 3619 774 3691 precibus,
808 3621 870 3673 ut
898 3636 966 3674 ex
998 3618 1095 3673 illa
1127 3619 1444 3675 miserabili
1485 3622 1659 3677 turba
1701 3639 1870 3678 nemo

215 3712 546 3764 moreretur
592 3708 747 3763 inter
774 3706 1036 3762 hostium
1066 3707 1197 3763 tela.
1238 3709 1478 3765 Feroces
1508 3709 1703 3780 itaque
1733 3711 1869 3765 bar-

214 3795 341 3853 bari
375 3801 605 3867 peracto
637 3795 853 3851 scelere
883 3797 952 3851 ad
983 3814 1123 3852 suas
1153 3797 1407 3853 latebras
1439 3798 1581 3852 dum
1616 3798 1873 3853 redirent

214 3904 350 3943 cum
376 3885 735 3957 captivorum
764 3884 1411 3952 multitudine,beatum
1445 3886 1722 3941 Maiolum
1747 3903 1870 3942 cer-

215 3978 367 4030 nunt
388 3973 611 4045 alonge
643 3972 833 4029 solum
874 3975 1174 4029 sedentem
1206 3974 1264 4028 in
1295 3973 1507 4047 lapide.
1543 3974 1767 4031 Celeres
1798 3976 1870 4031 ad

214 4080 349 4119 eum
377 4066 515 4117 tunc
556 4062 780 4135 pedites
822 4067 1214 4131 accesserunt,
1240 4068 1295 4118 et
1326 4062 1637 4119 sceleratas
1659 4082 1870 4120 manus

214 4154 269 4208 in
293 4156 570 4210 sanctum
602 4151 950 4221 injecerunt,
969 4169 1221 4224 eumque
1243 4155 1669 4218 tenentes,cum
1701 4157 1868 4210 ciete-

214 4241 292 4298 ris
312 4238 562 4313 captivis
584 4240 893 4296 duxerunt.
919 4242 1084 4296 Tunc
1108 4242 1168 4296 Β.
1198 4242 1479 4297 Maiolum
1512 4243 1611 4314 qui
1645 4242 1869 4298 caeteris

215 4330 585 4385 habebantur
640 4328 1095 4400 prmstantiores,
1128 4329 1432 4396 honorare,
1463 4332 1559 4402 qui
1610 4349 1744 4413 vero
1788 4331 1868 4388 lc—

212 4419 400 4474 viores
422 4416 688 4485 illudere,
713 4416 1171 4489 Christianisque
1206 4418 1336 4473 fidei
1372 4421 1871 4490 coaperuntdetra-

214 4507 367 4563 here.

282 4596 352 4651 II.
381 4595 459 4651 0b
490 4594 767 4650 Christum
794 4595 1158 4667 praedicatum
1188 4597 1471 4667 religatur.
1509 4628 1574 4638 —
1598 4596 1868 4653 Protinus

211 4701 346 4757 ergo
377 4684 588 4739 beatus
621 4683 871 4739 Maiolus
900 4683 1276 4757 belligerator
1312 4685 1594 4756 optimus,
1630 4689 1865 4742 scutum

213 4772 346 4828 ﬁdei
378 4770 687 4843 arripiens,
718 4771 959 4844 cuspide
999 4772 1155 4827 verbi
1209 4773 1309 4828 Dei
1357 4772 1720 4845 perfodiebat
1749 4775 1865 4830 ini-

214 4860 398 4915 micos
429 4860 669 4927 Christi,
701 4858 1045 4916 Christiana}
1078 4860 1376 4933 religionis
1412 4861 1637 4917 cultum
1659 4880 1866 4935 appro-

212 4947 381 5017 bans,
405 4953 465 5005 et
486 4965 621 5004 eum
645 4965 820 5021 quem
841 4949 1024 5003 Deum
1040 4948 1328 5014 colebant,
1364 4966 1466 5004 nec
1492 4968 1553 5005 se
1578 4968 1611 5006 a
1643 4952 1867 5023 suppli-

211 5037 299 5093 cio
312 5037 350 5091 li
360 5038 697 5104 berare,ncc
710 5036 842 5093 illos
855 5037 914 5091 in
929 5036 1001 5091 ali
1009 5054 1124 5109 quo
1142 5054 1311 5108 posse
1324 5038 1415 5108 adj
1425 5041 1801 5107 uvare,certis
1812 5046 1870 5096 et

210 5124 668 5181 evidentissimis
696 5142 971 5197 egressus
985 5129 1072 5180 est
1086 5124 1409 5180 rationibus
1440 5126 1862 5184 demonstrare.

209 5214 550 5280 Qunaudito
566 5214 948 5269 barbarorum
968 5214 1258 5283 jactantia
1278 5212 1471 5268 furore
1502 5212 1867 5272 inﬂammata

206 5306 686 5369 vesano,sanctos
700 5303 874 5373 pedes
887 5303 1163 5373 compede
1177 5302 1642 5375 constringentes
1658 5304 1862 5373 ferreo,

277 5426 824 5498 (6)Hunclibellum
848 5444 960 5481 non
995 5427 1348 5499 Hieronymi,
1383 5427 1482 5481 sed
1510 5431 1701 5482 tamen
1736 5446 1862 5499 per-

205 5500 421 5553 vetusti
445 5498 701 5553 auctoris
726 5514 852 5553 esse
882 5499 1095 5552 eruditi
1131 5498 1362 5552 norunt.
1390 5500 1512 5563 Qua
1542 5499 1612 5552 de
1644 5516 1703 5553 re
1736 5498 1865 5554 con-

206 5570 489 5626 troversia
514 5569 624 5624 fuit
655 5568 865 5625 szeculo
898 5587 955 5623 1x
984 5569 1135 5623 inter
1167 5570 1545 5624 Hincmarum
1579 5570 1862 5643 archiepi-

1980 3266 2232 3340 signitus
2252 3267 2516 3322 vestibus
2538 3266 2838 3321 Romanus
2860 3266 3104 3322 antistes
3123 3265 3430 3321 videbatur
3444 3271 3636 3324 astare

1980 3355 2135 3411 circa
2148 3372 2371 3424 se,cum
2388 3357 2563 3411 odore
2577 3355 2978 3427 thymiamatis
2991 3354 3356 3411 thuribulum
3369 3356 3635 3413 deferens

1980 3446 2098 3501 Hac
2118 3444 2373 3517 denique
2402 3443 2624 3500 visione
2655 3443 2867 3499 certior
2895 3444 3185 3512 redditus,
3216 3460 3320 3517 per
3349 3444 3634 3517 apostolo-

1980 3552 2111 3590 rum
2137 3535 2525 3589 interventum
2545 3534 2618 3588 ab
2637 3534 2954 3606 impiorum
2980 3532 3253 3588 manibus
3274 3550 3337 3589 se
3357 3532 3638 3590 intellexit

1979 3623 2461 3678 liberandum.Ad
2486 3623 2595 3677 hoc
2625 3622 2821 3693 itaque
2852 3622 3003 3693 quod
3037 3621 3182 3676 vidit
3213 3639 3316 3693 per
3335 3639 3632 3691 somnum,

1979 3710 2137 3766 aliud
2162 3709 2409 3765 accessit
2430 3710 2620 3781 magis
2640 3709 2875 3764 evidens
2894 3709 3315 3764 indicium.Pro
3328 3709 3635 3766 dilectione

1980 3799 2183 3855 Matris
2212 3796 2915 3865 misericordiaedibellum
2939 3813 3113 3869 quem
3144 3798 3215 3852 de
3244 3798 3372 3868 ejus
3394 3801 3632 3853 Assum-

1978 3889 2174 3960 ptione
2196 3889 2405 3943 beatus
2427 3887 2502 3954 (6)
2525 3885 2710 3940 edidit
2740 3885 3149 3957 Hieronymus,
3173 3884 3385 3956 smpius
3407 3889 3633 3958 gestare

1979 3977 2199 4034 sanctis
2222 3975 2443 4030 solebat
2475 3973 2770 4028 manibus.
2795 3974 2982 4039 Hunc,
3004 3974 3144 4027 dum
3176 3977 3413 4028 caeteros
3436 3990 3632 4030 sacros

1980 4067 2207 4123 codices
2232 4080 2367 4120 cum
2392 4062 2669 4118 omnibus
2692 4079 2818 4134 quae
2840 4061 2933 4116 hic
2956 4061 3207 4117 habebat
3229 4060 3631 4134 perdidit,Vir—

1978 4155 2133 4229 ginis
2165 4152 2251 4226 (ut
2303 4148 2613 4222 fatebatur)
2645 4150 2892 4205 tuitione
2952 4150 3062 4205 sibi
3124 4150 3335 4206 salvari
3394 4150 3629 4207 meruit.

1979 4247 2161 4310 Quem
2191 4242 2369 4297 vestis
2402 4241 2512 4296 sub
2542 4239 2799 4313 tegmine
2830 4240 2970 4295 dum
3003 4256 3064 4295 se
3095 4240 3336 4296 sentiret
3394 4240 3629 4310 habere,

1979 4337 2122 4406 quot
2151 4331 2274 4386 dies
2305 4332 2682 4402 superessent
2709 4318 2780 4383 ab
2812 4327 2946 4384 hinc
2978 4328 3049 4384 ad
3081 4330 3348 4384 eamdem
3388 4329 3629 4385 Assum-

1979 4421 2239 4494 ptionem
2300 4418 2503 4474 Matris
2562 4416 2992 4485 misericordim,
3026 4416 3274 4473 sollicita
3332 4417 3499 4473 nisus
3543 4422 3632 4474 est

1897 4519 1944 4585 D
1978 4514 2171 4566 mente
2192 4509 2511 4564 discutere:
2539 4506 2637 4577 qui
2657 4522 2901 4561 numero
2933 4505 3235 4578 supputati
3266 4504 3470 4577 viginti
3486 4522 3629 4576 qua-

1977 4605 2111 4655 tuor
2142 4602 2283 4652 sunt
2311 4593 2552 4650 inventi.
2578 4595 2742 4650 Tunc
2773 4610 2903 4649 eam
2933 4610 3043 4648 sua
3073 4592 3494 4649 interventione
3521 4592 3631 4649 hoc

1977 4686 2133 4760 apud
2166 4702 2341 4741 suum
2376 4683 2588 4740 Filium
2628 4686 2756 4738 orat
2786 4681 3067 4750 obtinere,
3104 4684 3169 4737 ut
3197 4681 3322 4753 ipse
3350 4680 3632 4753 eripiatur

1978 4776 2051 4832 ab
2075 4776 2183 4831 hac
2204 4762 2543 4847 captivitate
2568 4790 2581 4830 :
2611 4776 2900 4845 quatenus
2924 4770 3120 4826 divina
3139 4769 3252 4827 sibi
3273 4770 3458 4842 pietas
3477 4769 3633 4827 inter

1977 4864 2343 4921 Christianos
2364 4862 2647 4919 concedat
2668 4878 2802 4917 cum
2825 4858 2950 4916 suis
2970 4857 3327 4930 concaptivis
3347 4861 3521 4915 tantae
3543 4875 3631 4914 so-

1976 4951 2298 5009 lemnitatis
2329 4950 2504 5023 potiri
2534 4948 2886 5005 celebritate.
2921 4948 3037 5004 Hac
3079 4947 3247 5002 ﬁnita
3276 4947 3535 5003 oratione
3566 4951 3629 5002 ut

1978 5044 2051 5098 ad
2080 5058 2283 5113 rupem
2328 5043 2505 5111 caput
2553 5036 2834 5102 convexit,
2868 5052 2900 5090 e
2928 5035 3171 5108 vestigio
3217 5053 3333 5108 prae
3383 5053 3629 5092 mmrore

1976 5147 2150 5202 sopor
2169 5127 2567 5199 irrepsit.Post
2591 5125 2896 5198 paululum
2917 5142 3050 5180 vero
3072 5126 3531 5197 expergefactus,
3565 5143 3628 5180 se

1975 5219 2177 5275 ferreis
2228 5217 2439 5288 reperit
2490 5215 2749 5270 solutum
2794 5213 3197 5285 compedibus.
3232 5215 3398 5270 Mane
3428 5219 3625 5270 autem

1975 5309 2147 5372 facto,
2180 5306 2289 5361 hoc
2338 5303 2570 5359 barbari
2622 5306 2923 5374 stupentes
2969 5301 3274 5373 miraculo,
3306 5305 3460 5374 quod
3490 5319 3624 5359 eum

1976 5449 2215 5502 scopum
2244 5433 2298 5484 et
2326 5432 2557 5502 nostros
2586 5425 3326 5502 Cprbeienses,_qui_istu_m
3356 5424 3622 5502 libellum

1974 5496 2320 5573 Hieronyme
2352 5499 2791 5573 adjudicabant,
2816 5502 2958 5553 teste
2991 5496 3319 5553 Fredeardo
3352 5497 3411 5551 in
3443 5496 3621 5553 lib.1u

1975 5572 2236 5630 Historia:
2269 5589 2392 5642 cap.
2429 5572 2517 5625 ‘23.
