4028 6172
393 303 508 366 767

1516 305 1578 366 S.
1624 303 1898 368 MAIOLI
1945 303 2274 367 ABBATlS
2318 305 2675 370 CLUNIAC.

3680 305 3808 370 ’768

391 437 708 495 cernebant
727 435 1004 510 compede
1027 433 1222 492 divino
1243 434 1498 492 solutum
1525 434 2038 504 numine,ulterius
2067 439 2118 506 Α
2150 454 2392 494 munere
2448 455 2784 498 concessum
2845 437 3192 514 proveniret.
3227 440 3365 498 Vitae
3397 456 3651 514 namque
3681 439 3808 498 hu-

392 532 459 584 ut
491 527 810 583 vinciretur
836 523 964 581 ausi
995 529 1135 580 sunt
1166 523 1501 580 nullomodo
1532 541 1901 598 praesumere,
1937 525 2038 580 sed
2140 527 2243 598 jus
2293 528 2352 582 in
2413 529 2866 598 conversatione,
2903 529 3038 584 licet
3095 528 3371 586 humanis
3429 530 3810 586 contraheret

394 617 689 674 ferocitate
716 613 1016 688 paulisper
1040 613 1327 687 mitigata,
1349 615 1606 670 venerari
1639 613 1912 687 deinceps
1934 631 2041 669 ca:-

392 710 601 780 pcrunt
631 720 805 777 quem
838 703 1001 776 prius
1029 703 1086 758 in
1117 702 1376 758 clericum
1409 703 1761 758 habuerunt.

461 795 552 850 IV.
615 793 1068 850 Cluniacensibus
1137 809 1239 864 pro
1295 809 1394 848 sua
1457 793 1774 848 liberatiéne
1827 793 2036 847 scribit.

389 884 668 958 Quosdam
723 885 1004 938 convertit.
1040 883 1282 936 Pretium
1335 881 1428 936 dat
1477 881 1744 936 barbaris.
1776 910 1843 921 —
1875 882 2040 936 Tunc

385 973 474 1028 vir
515 972 771 1037 Domini,
823 971 1221 1026 annuentibus
1279 970 1402 1024 sibi‘
1452 969 1738 1032 barbaris,
1772 987 1874 1042 per
1913 986 2040 1024 mo-

387 1063 642 1119 nachum
670 1059 770 1133 qui
802 1077 1000 1114 secum
1041 1061 1248 1130 captus
1281 1060 1484 1123 fuerat,
1520 1059 1827 1130 epistolam
1861 1075 2038 1113 manu

388 1148 1026 1225 propriaconscriptam
1053 1147 1260 1202 direxit
1282 1148 1578 1203 fratribus.
1604 1149 1819 1203 Toxlus
1842 1151 2036 1202 autem

388 1238 644 1313 epistolae
701 1237 824 1292 haec
881 1236 1221 1292 continebat
1253 1253 1265 1289 :
1304 1258 1329 1286 ‹‹
1364 1236 1628 1292 Dominis
1673 1241 1730 1291 et
1759 1236 2038 1291 fratribus

386 1326 802 1384 Cluniensibus
853 1322 1100 1380 Maiolus
1129 1325 1309 1380 miser
1337 1325 1598 1396 captivus
1627 1330 1680 1379 et
1711 1328 2030 1382 catenatus.

387 1419 697 1474 Torrentes
730 1412 907 1470 Belial
939 1414 1451 1470 circumdederunt
1481 1429 2038 1486 mc,prazoccupave-

385 1510 525 1564 runt
555 1521 649 1561 me
695 1503 888 1577 laquei
941 1501 1168 1558 mortis.
1205 1501 1952 1576 Redemptionis-pretium,
1986 1501 2033 1556 si

384 1595 590 1672 placet,
627 1591 840 1649 mittite
880 1609 984 1666 pro
1019 1609 1112 1647 me
1131 1596 1189 1647 et
1213 1591 1308 1648 his
1338 1591 1438 1664 qui
1471 1609 1588 1648 una
1619 1607 1846 1648 mecum
1879 1592 2034 1664 capti

382 1683 677 1744 tenentur.
709 1705 738 1736 ι)
773 1683 904 1740 Haec
935 1680 1186 1754 epistola
1218 1678 1515 1738 Cluniensi
1560 1678 1815 1754 perlecta
1842 1681 1902 1736 in
1934 1695 2036 1736 ca-

2149 629 2218 672 ex
2250 617 2576 683 affectibus,
2637 618 2792 674 unde
2853 618 3362 674 diceretzDimilte
3416 619 3570 676 nobis
3621 619 3812 675 debila

2147 711 2330 760 nostra
2390 706 2470 774 (si
2525 708 2674 783 enini
2743 707 3047 762 dixmimus
3129 709 3259 780 quia
3337 715 3614 779 peccatum
3688 723 3812 763 non

2149 793 2428 860 habemus,
2461 811 2559 851 nos
2607 797 2748 866 ipsos
2793 796 3164 864 seducimus);
3195 796 3266 850 ab
3303 795 3412 850 hoc
3462 801 3656 852 tamen
3693 813 3811 852 sm-

2149 881 2298 948 culo,
2329 887 2495 954 prout
2527 885 2734 956 potuit,
2768 883 3212 940 immaculatum
3251 901 3312 938 se
3342 885 3633 940 custodire
3667 891 3812 940 slu-

2149 970 2296 1025 duit.
2331 973 2442 1027 Sed
2468 975 2623 1028 totus
2646 973 2968 1044 quamlibet
2996 974 3291 1028 videretur
3319 974 3594 1040 mundus,
3623 975 3813 1044 juxta

2149 1059 2513 1116 Dominicam
2539 1067 2733 1119 tamen
2766 1062 3116 1118 sententiam
3140 1062 3285 1118 illud
3311 1064 3472 1118 “uteri
3506 1065 3811 1134 cogimur,

2147 1150 2299 1220 quod
2337 1167 2546 1222 negare
2578 1169 2692 1206 non
2724 1153 3048 1218 audemus;
3083 1151 3222 1224 quia
3252 1151 3443 1206 adhuc
3495 1152 3816 1224 indigebat

2147 1253 2263 1308 quo
2291 1255 2562 1293 summus
2595 1241 2705 1295 sibi
2741 1241 3015 1312 Magister
3046 1240 3224 1312 pedes
3255 1239 3490 1307 lavaret,
3527 1245 3591 1296 ut
3623 1241 3684 1295 in
3737 1257 3814 1296 eo

2145 1325 2290 1381 illud
2326 1328 2668 1400 impleretur
2700 1330 2850 1400 quod
2886 1328 3135 1385 dicitur:
3165 1328 3271 1397 Qui
3297 1336 3512 1384 sanctus
3535 1338 3632 1396 est,
3663 1345 3814 1385 san-

2144 1417 2406 1486 ctiﬁcetur
2461 1416 2938 1490 adhue(.-tpoc.n,
2973 1419 3081 1486 11).
3142 1417 3450 1490 Propterea
3496 1415 3618 1473 haec
3670 1418 3815 1474 viro

2144 1503 2243 1558 Dei
2277 1505 2595 1576 tribulatio,
2619 1505 2912 1578 patientia:
2945 1505 3055 1560 fuit
3085 1505 3389 1578 probatio;
3423 1507 3816 1576 quoniam,ut

2145 1589 2226 1647 ait
2254 1592 2638 1666 Augustinus,
2673 1593 2876 1650 nullus
2913 1593 3222 1650 hominum
3255 1597 3418 1649 tanta
3446 1599 3536 1649 est
3555 1594 3817 1665 justitia

2144 1679 2446 1752 praeditus,
2479 1683 2573 1739 cui
2597 1699 2712 1739 non
2736 1683 2814 1739 sit
2834 1681 3164 1739 necessaria
3192 1679 3490 1738 tribulatio
3518 1683 3815 1740 tentatio-

382 1774 589 1850 pitulo,
622 1789 857 1832 omnem
891 1771 1054 1876 illam
1085 1769 1329 1876 stirpem
1359 1786 1486 1876 qua
1517 1771 1645 1841 ejus
1686 1769 1952 1876 doctrina
1981 1771 2038 1826 et
2063 1809 2112 1876 Β
2143 1767 2258 1876 nis,
2281 1767 2369 1824 vel
2401 1770 2472 1826 ad
2497 1771 2936 1844 perficiendam,
2964 1769 3052 1826 vel
3085 1771 3156 1826 ad
3188 1769 3670 1837 conﬁrmandam,
3704 1773 3814 1828 vel

381 1863 645 1936 exemplo
697 1862 983 1918 hactenus
1033 1858 1165 1915 laeta
1205 1858 1655 1914 fructiﬁcaverat
1685 1859 1746 1914 in
1777 1857 2030 1926 Christo,

383 1951 662 2010 maestitia
682 1949 972 2023 extemplo
997 1965 1102 2004 suo
1125 1946 1372 2004 confecit
1384 1947 2034 2020 auditorio.Exprimerc

381 2041 534 2099 valet
561 2040 762 2097 nullus
811 2043 1066 2111 quantus
1122 2040 1265 2094 tunc
1321 2036 1400 2093 ibi
1451 2037 1715 2092 omnium
1754 2036 2030 2110 gemitus.

383 2131 610 2204 Ubique
645 2128 797 2186 inter
833 2144 932 2185 eos
961 2125 1176 2195 luctus,
1201 2143 1318 2182 una
1336 2143 1443 2182 vox
1463 2125 1727 2181 omnium
1751 2124 2032 2198 plangen-

381 2221 556 2288 tium,
589 2235 745 2276 unus
775 2215 1122 2274 audiebatur
1151 2213 1372 2271 clamor
1399 2213 1931 2287 lugentium,atque
1952 2213 2032 2268 di-

383 2307 641 2366 centium
675 2325 688 2364 :
720 2305 904 2362 Versa
947 2308 1037 2361 est
1081 2303 1142 2360 in
1173 2303 1400 2360 luctum
1451 2303 1676 2360 cithara
1722 2307 1944 2368 nostra,
1977 2305 2034 2357 et

381 2395 666 2474 gaudium
691 2397 960 2451 nostrum
977 2391 1037 2448 in
1055 2407 1360 2448 mmrorcm
1380 2408 1394 2460 ;
1413 2391 1554 2465 quia
1565 2392 1740 2464 juxta
1759 2388 1902 2446 illud
1935 2391 2031 2446 Je-

381 2484 578 2542 remizs
605 2483 956 2550 lamentum,
989 2480 1258 2538 Christus
1295 2479 1582 2537 Dominus
1613 2483 1819 2552 captus
1851 2483 1941 2534 est
1969 2477 2030 2534 in

384 2572 636 2648 peccatis
657 2569 896 2638 nostris,
917 2568 1010 2625 cui
1033 2567 1288 2624 diximus
1311 2584 1324 2624 :
1349 2567 1412 2624 In
1435 2567 1643 2625 lumine
1671 2575 1762 2625 tuo
1793 2567 2032 2624 vivemus

384 2661 604 2737 (Three.
646 2677 721 2729 IV,
759 2659 872 2730 20).
917 2658 1062 2714 Ecce
1087 2656 1244 2713 enim
1274 2656 1528 2730 profana
1557 2655 2032 2730 gentisirretitus

383 2755 472 2810 est
513 2751 744 2823 laqueo,
780 2747 951 2820 cujus
989 2745 1050 2802 in
1083 2746 1199 2802 Deo
1229 2744 1628 2820 gloriabamur
1657 2747 2028 2801 documento.

381 2843 560 2913 Cujus
591 2837 812 2894 interea
841 2835 936 2892 isti
991 2834 1396 2891 efficiebantur
1453 2835 1524 2890 de
1571 2832 1842 2902 vinculis,
1873 2833 2032 2888 hunc

377 2928 483 2986 Dei
495 2925 756 3000 dignatio
773 2922 1188 2998 magniﬁcabat
1198 2921 1740 2978 miraculis.Eorum
1754 2937 2030 2993 namque,

335 3029 351 3040 ‘
382 3033 531 3089 quos
555 3014 627 3070 ad
649 3012 862 3069 Christi
886 3010 1111 3067 cultum
1123 3011 1230 3066 viri
1253 3010 1351 3066 Dei
1371 3011 1666 3082 persuasit
1687 3009 2028 3082 disputatio,

383 3105 694 3176 postquam
717 3099 1058 3156 Christiana:
1091 3097 1438 3170 professioni
1461 3116 1494 3154 a
1524 3099 1638 3154 ritu
1673 3113 1734 3155 se
1765 3095 2030 3154 contule-

2141 1857 2213 1912 ad
2239 1859 2599 1930 probandam
2630 1860 2929 1916 virtutem.
2947 1860 3058 1916 Sed
3071 1861 3238 1932 justo
3261 1859 3361 1916 Dei
3375 1859 3620 1932 judicio,
3637 1861 3816 1919 unde

2139 1947 2532 2003 venerabilem
2581 1954 2807 2021 patrem
2858 1949 3144 2023 probatio,
3179 1948 3315 2004 inde
3352 1966 3415 2005 se
3445 1948 3816 2007 tribulantes

2133 2034 2298 2106 justa
2357 2041 2669 2093 consecuta
2727 2042 2817 2094 est
2863 2037 3182 2092 damnatio.
3211 2039 3509 2112 Angustos
3536 2054 3814 2109 namque

2141 2121 2294 2178 inter
2345 2123 2518 2196 Alpes
2568 2126 2904 2182 obsidentes
2961 2117 3178 2193 aditus,
3212 2124 3506 2198 insperate
3548 2125 3812 2182 insidia.-

2141 2209 2357 2266 bantur
2413 2214 2808 2286 apostolorum
2865 2215 3074 2270 limina
3125 2215 3508 2287 petentibus:
3556 2213 3659 2270 sed
3717 2215 3809 2271 ab

2141 2297 2361 2356 eisdem
2395 2302 2536 2358 dum
2569 2303 2801 2376 capitur
2829 2304 2930 2377 qui
2959 2303 3031 2360 ab
3047 2301 3456 2374 Omnipoteute
3483 2301 3810 2376 quamplu-

2141 2387 2360 2444 rimum
2392 2390 2768 2464 diligebatur,
2782 2393 2912 2464 ejus
2929 2390 3259 2448 sanctitatis
3289 2407 3358 2447 ex
3385 2391 3592 2446 merito
3617 2391 3811 2446 comi-

2141 2492 2254 2531 nus
2287 2493 2462 2551 super
2487 2495 2584 2535 eos
2616 2480 2810 2537 divina
2841 2498 2901 2538 se
2932 2479 3185 2536 contulit
3213 2479 3378 2536 ultio.

2210 2565 2305 2622 VI.
2343 2567 2448 2624 Pro
2471 2567 2807 2626 ulciscenda
2827 2570 3116 2643 siquidem
3139 2567 3356 2642 injuria
3374 2567 3480 2624 viri
3505 2567 3604 2624 Dei
3624 2565 3810 2624 clade

2141 2652 2294 2710 inter
2321 2672 2420 2713 eos
2447 2662 2742 2732 surgente,
2767 2657 3049 2732 paulatim
3079 2661 3382 2731 coeperunt
3408 2655 3634 2714 viribus
3657 2656 3810 2712 deﬁ—

2141 2757 2288 2811 cere,
2323 2744 2466 2802 adeo
2518 2752 2582 2803 ut
2620 2746 2814 2804 divino
2845 2763 2907 2804 se
2939 2747 3132 2820 puniri
3163 2747 3397 2803 verbere
3428 2762 3528 2802 ore
3557 2746 3807 2818 proprio

2141 2829 2460 2888 faterentur
2490 2834 2832 2910 intelligere.
2864 2835 3082 2892 Verum
3133 2833 3515 2890 nobilissimis
3551 2833 3660 2888 viri
3690 2834 3806 2890 Dei

2141 2917 2308 2975 ditati
2339 2921 2759 2998 spoliis,magis
2790 2941 2856 2980 ac
2883 2925 3074 2996 magis
3105 2923 3366 2996 quotidie
3395 2922 3536 2978 dum
3564 2921 3804 2978 labora-

2140 3011 2270 3063 rent
2291 3007 2780 3084 incommodis,ad
2803 3013 3172 3068 Fraxinetum
3205 3027 3308 3083 per
3328 3015 3602 3066 consueta
3623 3009 3803 3066 devia

2139 3099 2404 3166 expetere
2426 3101 2660 3172 propria
2691 3099 2952 3173 aggressi
2985 3103 3124 3154 sunt
3152 3096 3390 3154 cubilia.
3417 3098 3568 3153 Tum
3597 3112 3732 3154 vero
3763 3115 3806 3154 ε

382 3151 858 3256 ιῗυηιὶανὺαινίοο,
886 3185 1190 3257 sicutjure
1204 3187 1460 3259 jurando
1483 3186 1916 3260 protestabatur
1947 3201 2034 3242 as-
2061 3168 2108 3242 C
2143 3151 2491 3242 Christianis
2521 3151 2958 3244 itinereogorum
2991 3187 3308 3258 explorato,
3331 3186 3440 3242 iter
3467 3187 3660 3242 securi
3695 3203 3808 3260 per

381 3277 580 3348 scrtio,
607 3277 749 3334 dum
780 3275 1146 3348 quiescerent
1175 3274 1432 3331 immites
1464 3279 1747 3331 nocturno
1771 3281 2028 3347 tempore

381 3367 619 3434 milites,
652 3370 709 3421 et
725 3365 814 3420 vir
837 3363 940 3420 Dei
965 3363 1194 3420 debitas
1216 3363 1354 3436 Regi
1377 3379 1580 3438 regum
1603 3364 1872 3420 redderet
1900 3361 2026 3418 lau-

381 3457 504 3525 des,
530 3455 851 3511 multorum
875 3469 1072 3508 secum
1103 3453 1438 3508 canentium
1471 3453 1684 3525 saepius
1714 3451 2030 3508 audiebant

379 3561 569 3614 voces,
603 3560 752 3616 quas
773 3540 1014 3614 quidem
1035 3539 1174 3614 quia
1194 3558 1364 3596 nemo
1387 3541 1496 3596 sibi
1529 3540 1835 3598 hominum
1859 3540 2027 3596 fami-

379 3633 522 3690 liare
537 3637 677 3688 tunc
689 3629 1002 3706 praestabat
1022 3628 1610 3703 contubernium,ipsi
1628 3629 1827 3703 procul
1853 3632 1883 3686 d
1894 3630 2028 3686 ubio

379 3721 723 3796 angelorum
747 3721 866 3775 fore
887 3719 1224 3775 asserebant
1243 3735 1376 3774 cum
1398 3735 1464 3775 eo
1486 3719 1882 3792 psallentium.
1915 3719 2027 3775 Ita-

377 3827 492 3885 que
513 3813 580 3866 ut
609 3827 739 3866 cras
770 3812 1084 3876 statutum,
1117 3807 1332 3862 inﬁniti
1356 3807 1632 3880 ponderis
1653 3808 1919 3881 pecunia,
1938 3808 2028 3864 vel

377 3917 445 3957 ex
461 3900 554 3955 his
576 3914 703 3971 qua:
725 3899 798 3954 ad
837 3912 1014 3952 usum
1043 3895 1396 3962 necessaria,
1429 3895 1518 3950 vel
1549 3897 1885 3952 monasterii
1919 3897 2029 3952 ha-

376 3992 586 4045 ctenus
607 3987 680 4042 ad
705 3987 971 4042 decorem
995 3985 1380 4041 servabantur
1400 3983 1674 4058 insignia,
1707 3985 1825 4041 sive
1857 3985 2031 4040 bono-

377 4093 512 4132 rum
538 4075 799 4130 virorum
829 4074 1100 4146 largitate
1129 4071 1190 4128 in
1237 4089 1421 4128 unum
1477 4078 1772 4146 congesta,
1806 4073 2028 4130 caeteris

378 4163 479 4238 qui
499 4162 937 4236 praestantiores
955 4161 1303 4216 videbantur
1314 4161 1540 4230 fratres,
1557 4177 1691 4216 cum
1706 4161 2027 4218 multorum

377 4247 790 4308 thesaurorum
839 4249 1027 4321 capia,
1061 4248 1156 4304 die
1211 4253 1590 4306 aceurrerunt
1643 4253 1884 4306 statuta.
1917 4251 2026 4317 Qui

377 4339 750 4414 praedonibus
763 4335 961 4395 omnia
973 4354 1099 4409 qua:
1113 4337 1312 4394 solerti
1329 4343 1744 4412 congesserant
1758 4339 2030 4410 indagine

377 4429 1101 4502 praebueruntpmnesque
1132 4425 1296 4497 prius
1326 4425 1574 4482 vinculis
1597 4426 1697 4499 qui
1718 4427 2030 4484 trudeban-

2133 3269 2310 3342 Alpes
2333 3275 2472 3330 dum
2509 3293 2670 3332 more
2699 3281 2967 3332 tenerent
2997 3275 3188 3346 solito,
3222 3292 3398 3348 super
3427 3291 3488 3330 se
3521 3291 3658 3330 cum
3692 3275 3806 3332 im-

2135 3366 2275 3430 petu
2304 3363 2663 3420 venientium
2697 3365 2938 3420 auribus
2971 3381 3004 3420 a
3035 3363 3206 3436 longe
3249 3365 3603 3436 exceperunt
3633 3363 3800 3418 soni-

2135 3451 2324 3519 tum,a
2356 3451 2711 3509 clamoribus
2739 3452 3095 3509 venientium
3128 3456 3184 3508 et
3213 3451 3482 3524 clangore
3512 3451 3798 3506 tubarum

2137 3546 2419 3598 consonat
2443 3557 2616 3598 omne
2637 3558 2866 3611 nemus,
2893 3543 3140 3614 strepitu
3159 3541 3452 3613 collesque
3481 3539 3800 3596 resultant.

2136 3629 2437 3702 Extemplo
2487 3631 2752 3688 barbaris
2801 3630 3030 3704 gelidus
3061 3647 3165 3704 per
3195 3632 3342 3686 dura
3368 3629 3634 3685 cucurrit
3662 3645 3803 3684 ossa

2134 3721 2374 3774 tremor.
2400 3719 2506 3786 Qui
2531 3720 2727 3776 divina
2746 3719 2999 3794 perculsi
3030 3719 3361 3786 formidine,
3395 3715 3626 3773 nullum
3657 3733 3800 3773 sen-

2137 3810 2343 3862 serunt
2372 3807 2655 3864 auxilium
2687 3812 2898 3881 praeter
2927 3807 3077 3881 fugae
3093 3807 3453 3880 praesidium.
3487 3805 3800 3862 Certamen

2137 3897 2280 3950 tunc
2303 3912 2584 3969 magnum
2607 3901 2732 3952 erat
2757 3896 3105 3952 Christianis
3129 3913 3259 3952 cum
3284 3895 3557 3952 barbaris
3577 3895 3802 3968 fugien-

2137 3982 2320 4051 tibus,
2353 3986 2411 4039 et
2438 3983 2566 4040 ideo
2625 3985 2935 4040 resistendi
2995 3987 3189 4040 mente
3241 3982 3524 4038 divinitus
3554 3982 3802 4037 absente

2137 4071 2566 4141 secedentibus,
2583 4077 2716 4146 post
2735 4073 3024 4146 principia
3043 4071 3346 4128 certabant
3365 4071 3526 4126 nuda
3547 4073 3800 4142 praeten-

2137 4161 2272 4217 dere
2303 4161 2716 4234 terga.Fugam
2740 4165 2937 4220 tamen
2959 4162 3101 4222 dum
3126 4157 3581 4227 facerent,multi
3613 4159 3797 4230 capti,

2136 4248 2438 4322 perplures
2485 4265 2619 4305 vero
2680 4255 2820 4306 sunt
2875 4247 3002 4306 neci
3059 4247 3344 4304 mandati.
3379 4247 3483 4304 Hic
3523 4263 3660 4304 vero
3695 4244 3797 4318 qui

2137 4339 2468 4412 etfugerunt
2499 4339 2570 4395 ad
2602 4345 2837 4411 tempus
2886 4337 3127 4394 dilatam
3177 4341 3446 4403 mortem,
3479 4335 3798 4409 cujusdam

2137 4428 2519 4501 promontorii
2573 4427 2953 4500 supercilium
3010 4425 3317 4482 tutaminis
3347 4424 3460 4480 sibi
3492 4423 3800 4496 elegerunt

377 4522 494 4586 tur,
527 4514 845 4572 novissime
873 4513 1116 4588 posthac
1148 4531 1321 4588 quem
1349 4513 1690 4588 diligebant,
1711 4515 1785 4571 ab
1815 4515 2028 4588 inipio-
2056 4539 2106 4608 Β
2137 4515 2498 4588 praesidium.
2517 4516 2629 4572 Sed
2658 4515 2962 4572 decentius
2993 4514 3429 4581 occumberent,
3454 4513 3506 4568 si
3529 4512 3796 4608 hostium

377 4622 509 4662 rum
522 4605 797 4661 manibus
819 4607 1150 4660 traxerunt:
1168 4604 1506 4676 factumque
1526 4607 1616 4660 est
1635 4621 1888 4676 superna
1903 4621 2028 4677 gra-

373 4693 908 4766 tiadisponente,ut
923 4691 1100 4748 unius
1117 4691 1448 4764 captivitate
1475 4691 1644 4748 multi
1671 4693 2032 4768 donarentur

377 4781 646 4839 libertate
671 4799 685 4852 ;
715 4784 776 4837 et
805 4781 959 4838 sicut
989 4781 1229 4854 superni
1279 4779 1453 4854 Regis
1486 4798 1520 4836 a
1551 4780 1818 4854 piissima
1849 4782 2029 4838 Matre

375 4869 654 4946 petiit,ita
683 4866 837 4925 inter
864 4869 1000 4924 ﬁdei
1032 4868 1408 4937 domesticos,
1441 4867 1629 4941 ipsius
1661 4868 1918 4944 Virginis
1946 4871 2030 4926 in-

375 4961 644 5016 terventu
673 4957 1111 5030 Assumptionis
1157 4955 1532 5014 festivitatem
1572 4956 1865 5016 celebrare
1890 4976 2026 5032 pro-

377 5047 614 5104 meruit.

446 5136 516 5192 V.
547 5135 737 5192 Μαίοιί
768 5137 1036 5209 patientia
1083 5136 1214 5192 hinc
1252 5135 1498 5207 probata.
1529 5137 1768 5192 Barbari
1817 5140 2022 5210 puniti.

376 5224 762 5280 —Enimvero
793 5223 932 5297 quia
961 5224 1106 5280 nihil
1137 5224 1195 5278 in
1227 5227 1383 5278 terra
1403 5223 1527 5280 sine
1547 5241 1726 5281 causa
1747 5226 1830 5294 fit,
1865 5226 2022 5282 Scri-

374 5317 550 5386 ptura
569 5317 732 5382 teste,
749 5312 955 5369 divinis
977 5311 1350 5386 providentiae
1373 5331 1488 5369 non
1511 5313 1616 5368 abs
1640 5331 1700 5370 re
1729 5315 2024 5372 credimus

377 5402 689 5474 placuisse,
721 5407 1014 5475 quatenus
1060 5402 1150 5457 vir
1195 5402 1505 5459 sanctitate
1537 5403 1865 5476 praecipuus
1895 5404 2024 5461 ideo

375 5491 701 5548 volveretur
720 5497 806 5548 tot
825 5493 1080 5560 casibus,
1103 5497 1167 5546 ut
1189 5491 1396 5547 exinde
1418 5496 1475 5546 et
1501 5492 1590 5547 vir
1621 5492 1718 5548 Dei
1749 5511 2025 5565 pressura

378 5579 616 5638 attritus
646 5581 969 5655 proficeret,
985 5584 1043 5636 et
1071 5579 1418 5639 mortalibus
1449 5581 1798 5638 beneﬁcium
1831 5583 2022 5640 divino

2135 4605 2288 4660 inter
2315 4605 2430 4662 tela
2461 4609 2714 4662 ruerent.
2748 4603 2897 4661 Illud
2956 4605 3155 4676 itaque
3213 4600 3684 4675 promontorium
3713 4598 3796 4654 ita

2137 4696 2319 4752 vastis
2349 4695 2596 4767 rupibus
2638 4694 3022 4752 circumcirca
3049 4692 3280 4747 videtur
3309 4689 3695 4755 subductum,
3729 4691 3795 4742 ut

2138 4789 2346 4858 praeter
2370 4799 2548 4840 unam
2579 4787 2806 4857 partem
2840 4783 3042 4840 lateris
3069 4780 3290 4848 devexi,
3323 4777 3588 4850 undique
3617 4773 3795 4832 facul-

2137 4876 2318 4930 tatem
2349 4872 2594 4946 deneget
2623 4871 3012 4928 commeandi.
3047 4870 3207 4926 Hanc
3265 4865 3518 4938 denique
3561 4867 3786 4937 partem

2137 4961 2488 5018 Christianis
2509 4957 3079 5029 obsidentibus,cum
3103 4955 3304 5014 nullus
3333 4953 3569 5012 adesset
3589 4952 3674 5008 eis
3704 4952 3794 5006 fu-

2136 5050 2332 5126 giendi
2350 5051 2567 5118 aditus,
2585 5048 2861 5122 nulloque
2882 5051 3171 5104 nostrates
3193 5061 3438 5102 numerc
3459 5059 3496 5098 a
3513 5042 3608 5097 sui
3630 5040 3784 5097 obsi-

2134 5137 2306 5193 dione
2329 5136 2656 5210 quivissent
2703 5141 2976 5203 avertere,
3009 5133 3294 5190 humilem
3341 5132 3537 5188 locum
3587 5127 3784 5202 explo-

2133 5232 2287 5292 rant,
2319 5242 2434 5298 quo
2451 5225 2524 5281 ad
2547 5225 2666 5280 ima
2681 5241 2746 5280 se
2775 5224 3024 5281 saltibus
3055 5223 3373 5294 deponant.
3405 5221 3787 5290 Consequens

2131 5315 2286 5372 enim
2312 5318 2455 5382 erat,
2491 5317 2556 5368 ut
2577 5313 2687 5386 ipsi
2715 5317 2978 5387 peterent
2999 5313 3322 5382 ima,super
3351 5325 3500 5382 quos
3531 5320 3790 5379 superna

2132 5403 2478 5460 incubuerat
2505 5403 2611 5458 ira.

2202 5492 2322 5548 VII.
2357 5492 2584 5548 Mutatus
2615 5494 2807 5564 recipit
2833 5507 3014 5548 sacros
3043 5489 3270 5547 codices.
3305 5519 3374 5528 -
3412 5485 3678 5540 Vertitur
3705 5482 3787 5536 in-

2131 5588 2290 5638 terea
2320 5579 2551 5648 cmlum,
2585 5583 2642 5636 et
2676 5581 2795 5636 ruit
2843 5581 3069 5637 Oceano
3101 5596 3214 5636 nox
3243 5574 3543 5632 involvens
3575 5571 3786 5628 umbra
