4066 6172
236 304 357 366 769

1646 296 1849 359 VITA.
1882 331 1960 344 —
1988 298 2141 362 LIB.
2188 300 2294 362 Ill.

3574 316 3691 382 '170

232 441 812 512 magnaterramquc
828 432 1173 506 polumque.
1199 432 1537 488 Conticuere
1555 432 1910 499 omnes;sed
1944 432 2004 500 Α
2034 433 2401 506 apostolico:
2437 451 2541 491 nec
2572 435 2772 492 videor
2819 437 3066 494 idoneus
3115 440 3266 497 ferre
3308 458 3424 514 quo
3467 450 3687 518 possim

231 525 402 584 nulla
436 524 677 583 miseris
709 521 893 596 quies,
930 522 1101 577 ocius
1132 521 1453 578 accelerare
1473 520 1720 591 cupiunt
1740 536 1912 593 nego-

226 616 403 673 tium.
437 614 710 687 Denique
742 610 1102 685 impediente
1137 629 1198 667 se
1223 611 1443 667 Satana
1470 608 1662 665 locum
1688 608 1797 665 sibi
1820 626 1914 664 ex-

226 705 534 780 ploratum
568 702 814 759 minime
846 698 1163 769 adierunt;
1191 700 1292 756 sed
1317 698 1391 754 ab
1412 698 1722 754 eminentis
1745 697 1911 769 rupis

222 794 445 851 vertice
476 793 540 847 in
574 792 762 847 imum
785 805 845 844 se
867 788 1236 860 profundum
1260 790 1384 843 tota
1405 791 1571 842 nocte
1591 786 1914 859 praecipita-

222 888 460 940 verunt.
496 882 800 937 Nostrates
834 881 1061 943 autem,
1089 878 1218 949 jam
1269 876 1365 931 die
1411 874 1760 939 lucescente,
1794 890 1909 931 οω-

223 971 394 1027 lestis
444 968 702 1025 victoria:
762 970 1078 1037 stupentes
1129 963 1559 1033 magnitudine,
1593 964 1643 1018 ei
1689 963 1912 1036 gratias

226 1059 403 1115 libuit
438 1059 679 1122 referre,
712 1057 881 1126 cujus
906 1053 1044 1109 forti
1070 1054 1313 1109 numine
1339 1056 1692 1124 prostratum
1716 1068 1911 1107 cerne-

224 1149 371 1206 bant
403 1164 622 1221 agmen
653 1143 880 1201 hostile.
907 1144 1210 1208 Quosdam
1235 1146 1433 1197 tamen
1457 1157 1658 1197 eorum
1687 1140 1786 1213 qui
1810 1141 1910 1195 (ἰθ-

224 1236 517 1293 mersioni
569 1251 632 1291 se
688 1234 1134 1299 subtraxerunt,
1178 1232 1237 1286 in
1299 1229 1596 1286 remotiori
1653 1230 1911 1302 quodam

221 1323 451 1382 montis
502 1322 686 1378 latere
743 1319 1113 1376 oll'endentes
1165 1318 1755 1389 comprehenderunt.
1801 1317 1911 1383 Qui

221 1410 481 1469 salutari
524 1428 585 1468 se
634 1408 790 1465 ablui
841 1407 1236 1478 deposcentes
1288 1406 1514 1463 lavacro
1549 1406 1675 1478 (hos
1727 1404 1907 1474 enim,

221 1503 385 1558 sicut
418 1497 695 1571 superius
724 1494 989 1551 diximus
1042 1502 1185 1567 (cap.
1223 1494 1299 1566 4),
1333 1495 1419 1550 vir
1447 1495 1549 1551 Dei
1580 1494 1649 1551 de
1680 1493 1910 1552 Christo

217 1588 423 1646 verbis
453 1584 691 1644 edocuit
720 1582 1111 1653 salutaribus)
1146 1581 1375 1655 corpori
1410 1581 1616 1638 matris
1643 1581 1788 1637 uniti
1813 1581 1913 1638 Ec-

222 1676 445 1745 clesize,
479 1678 700 1748 quanta
729 1672 882 1727 inter
914 1670 1207 1728 barbaros
1240 1671 1431 1743 gratia
1461 1687 1691 1726 servum
1733 1685 1908 1725 suum

222 1765 609 1836 omnipotens
638 1759 980 1828 illustravit,
1019 1759 1178 1816 soliti
1215 1765 1389 1815 erant
1418 1759 1650 1815 referre.
1677 1757 1913 1831 Optima
1942 1801 1991 1866 Β

229 1862 375 1911 tunc
408 1852 597 1925 spolia
627 1849 1009 1923 colliguntur,
1047 1866 1368 1921 aequosque
1401 1865 1501 1920 per
1527 1856 1718 1919 partes
1761 1844 1913 1901 inter

228 1940 614 2000 Christicolas
657 1937 1123 1995 distribuuntur.
1158 1940 1268 1992 Ast
1320 1936 1554 1992 beatum
1607 1934 1909 2003 Maiolum,

230 2047 479 2105 corpore
516 2029 650 2085 licet
698 2027 959 2092 absente,
998 2025 1225 2081 meritis
1284 2032 1478 2081 tamen
1527 2023 1585 2079 in
1638 2021 1912 2096 iugandis

231 2121 513 2179 hostibus
541 2121 898 2192 praesentem,
936 2115 1071 2185 ejus
1102 2112 1547 2170 distributionis
1579 2112 1775 2168 cuncti
1810 2109 1912 2184 qui

231 2211 504 2277 aderant,
530 2210 819 2279 expertem
852 2204 978 2259 fore
1004 2201 1259 2276 dignum
1283 2200 1625 2258 nullatenus
1638 2201 1913 2273 judicent

235 2300 434 2372 Hujus
445 2313 696 2370 namque
709 2311 811 2368 pro
824 2291 1167 2349 ulciscenda
1183 2291 1409 2363 injuria
1427 2290 1627 2347 hostes
1648 2305 1916 2363 pessum-

233 2391 449 2446 datum
480 2385 551 2441 iri
581 2383 802 2459 caelesti
823 2381 1200 2438 testabantur
1230 2380 1294 2435 in
1324 2380 1585 2436 victoria.
1604 2378 1915 2450 Propterea

236 2494 443 2535 sacros
475 2474 726 2540 codices,
759 2488 908 2545 quos
938 2468 1179 2533 barbari
1213 2471 1536 2540 rapuerant
1564 2467 1736 2523 beato
1766 2465 1910 2533 viro,

242 2585 360 2623 sua
388 2582 493 2639 pro
527 2567 687 2636 parte
717 2557 1142 2618 miserunt.Sic
1168 2556 1682 2630 Omnipotens,sui
1709 2552 1912 2611 famuli

243 2654 477 2712 meritis
508 2648 883 2725 praecipitatis
912 2646 1135 2719 impiis,
1169 2645 1467 2702 eliberavit
1499 2643 1727 2701 cunctis
1758 2642 1912 2698 viam

246 2742 508 2801 Romani
538 2739 785 2796 itineris.

322 2830 471 2894 VIII.
508 2831 808 2885 Romanum
837 2825 1216 2899 pontiﬁcatum
1244 2831 1478 2880 recusat.
1499 2855 1567 2864 --
1590 2823 1714 2879 Non
1738 2820 1913 2893 longo

248 2938 392 2978 vero
423 2923 557 2992 post
586 2922 846 2988 tempore
894 2914 1160 2970 Romana
1207 2914 1344 2968 sede
1393 2912 1627 2985 preprio
1675 2909 1914 2965 viduata

251 3016 518 3090 pastore,
549 3008 701 3063 idem
735 3004 836 3062 Dei
870 3001 1129 3059 famulus
1163 3001 1389 3058 Ottonis
1419 3000 1660 3058 secundi
1703 3001 1913 3071 juncta

252 3115 396 3159 cum
429 3089 631 3153 matris
668 3110 859 3166 prece,
895 3091 1124 3148 Italiam
1177 3095 1433 3162 repetere
1464 3108 1497 3147 a
1529 3089 1795 3163 partibus
1826 3090 1916 3142 est

249 3192 496 3246 coactus
525 3165 740 3242 Galliis.
771 3184 831 3251 Α⁹
849 3184 1036 3237 matre
1066 3184 1204 3236 tunc
1236 3186 1293 3235 et
1314 3179 1434 3236 ﬁlio
1464 3180 1683 3236 honore
1715 3193 1912 3233 susce-
1945 3165 1988 3232 C

252 3284 397 3351 ptus
427 3273 795 3348 dignissimo,
832 3271 905 3326 ad
947 3267 1179 3325 culmen
1229 3268 1560 3340 apostolicae
1609 3263 1920 3339 dignitatis

251 3364 532 3438 precibus
559 3358 781 3433 impelli
813 3356 989 3430 cmpit
1020 3356 1400 3413 continuatis.
1437 3357 1549 3414 Sed
1580 3355 1674 3412 cui
1726 3354 1917 3427 magis

252 3451 528 3525 abjectio,
563 3464 739 3521 quam
771 3448 1140 3519 expeteretur
1163 3442 1453 3511 exaltatio,
1473 3442 1811 3500 nullatenus
1842 3442 1914 3498 ad

252 3557 321 3599 se
356 3554 689 3613 promovere
721 3534 913 3610 potuit
942 3531 1323 3590 sublimitatis
1356 3529 1914 3588 ambitio.Pusillum

252 3645 494 3704 gregem
526 3626 760 3683 nolebat
781 3623 1096 3690 dimittere,
1112 3638 1285 3693 quem
1308 3621 1538 3677 Christo
1562 3618 1780 3692 placuit
1801 3617 1911 3673 sibi

252 3716 669 3775 committere:
724 3719 782 3771 et
831 3728 966 3769 cum
1016 3710 1140 3782 ipso
1191 3708 1417 3764 volebat
1464 3708 1521 3763 in
1575 3709 1915 3779 paupertate

252 3809 467 3875 vivere,
503 3804 601 3877 qui
634 3805 693 3859 in
727 3804 1137 3876 paupertatem
1172 3796 1473 3854 descendit
1494 3794 1768 3853 acmlesti
1792 3793 1914 3849 cul-

254 3896 441 3952 mine.
471 3894 581 3950 Sed
625 3893 701 3949 ab
746 3895 995 3962 utraque
1057 3905 1191 3943 cum
1249 3891 1553 3959 cogeretur
1608 3886 1914 3956 potestate,

252 3982 628 4056 excogitandi
658 3979 1002 4037 dilationem
1033 3976 1262 4033 studuit
1301 3973 1615 4048 postulare.
1649 3973 1814 4030 Tunc
1844 3971 1917 4028 ad

255 4071 545 4130 orationis
576 4087 638 4127 se
669 4067 923 4126 contulit
949 4065 1310 4139 pransidium,
1344 4080 1460 4135 quo
1492 4062 1600 4117 sibi
1637 4059 1916 4117 concede-

256 4166 428 4218 retur
465 4159 743 4214 divinitus
791 4157 933 4229 quid
982 4156 1298 4229 agendum,
1332 4152 1545 4225 quidve
1591 4155 1765 4206 tanta:
1815 4166 1917 4223 po-

256 4250 461 4309 testati
485 4251 638 4305 esset
662 4244 1155 4320 respondendum.
1171 4242 1258 4299 Ah
1277 4242 1537 4298 oratione
1559 4244 1622 4296 ut
1642 4238 1914 4308 surrexit,

255 4336 593 4413 apostolicae
607 4335 876 4391 lectionis
894 4335 1075 4389 codex
1089 4349 1229 4388 casu
1248 4331 1358 4387 sub
1377 4328 1562 4385 oculis
1579 4328 1693 4384 huc
1706 4326 1913 4383 adfuit.

256 4431 389 4493 Quo
422 4430 642 4498 aperto,
673 4423 775 4479 illa
805 4438 867 4478 se
891 4422 949 4477 in
971 4422 1162 4493 prima
1184 4417 1466 4492 marginis
1491 4418 1679 4472 fronte
1705 4414 1918 4472 obtulit

256 4515 455 4582 lectio,
472 4515 642 4586 cujus
658 4530 720 4568 se
738 4511 1018 4567 divinitus
1039 4508 1251 4566 instrui
1270 4506 1515 4565 credidit
1541 4507 1913 4562 documento.
1945 4535 1993 4601 Ι)

256 4606 555 4661 Insertum
586 4618 820 4674 quoque
851 4600 1003 4672 quod
1048 4598 1281 4671 reperit,
1317 4596 1429 4654 sibi
1481 4594 1914 4652 adhaerentibus

257 4693 455 4765 legere
484 4692 655 4763 cmpit
691 4707 703 4743 :
743 4690 918 4745 Videte
948 4705 1016 4744 ne
1045 4690 1165 4760 quis
1200 4704 1287 4743 vos
1334 4687 1567 4758 decipiat
1605 4701 1705 4757 per
1740 4684 1917 4756 philo-

254 4781 513 4853 30phiam
539 4789 590 4836 et
626 4782 849 4835 inanem
895 4779 1180 4849 fallaciam
1228 4775 1523 4833 secundum
1570 4774 1917 4832 traditionem

256 4871 568 4935 hominum,
600 4867 898 4925 secundum
926 4868 1187 4923 elementa
1226 4865 1440 4929 mundi,
1473 4873 1524 4921 et
1567 4881 1676 4920 non
1723 4881 1914 4919 secun-

254 4954 397 5015 dum
428 4958 701 5014 Christum
729 4958 949 5028 (Coloss.
988 4973 1048 5024 ιι,
1081 4958 1157 5023 8).
1191 4958 1371 5028 Agere
1423 4971 1485 5010 se
1535 4958 1801 5024 oportere
1833 4953 1914 5007 fa-

257 5051 424 5103 tetur
451 5048 575 5102 suis
607 5047 766 5102 omni
798 5046 989 5101 studio
1022 5045 1175 5116 quod
1207 5044 1403 5099 divina
1435 5041 1695 5114 suggerit
1725 5041 1914 5097 lectio.

261 5136 642 5207 Imperatoris
663 5141 719 5191 et
744 5139 957 5192 sancta:
990 5134 1194 5190 matris
1218 5132 1430 5189 iterum
1455 5130 1727 5203 precibus
1751 5128 1917 5185 alter-

259 5222 359 5280 nis
392 5225 463 5280 ad
495 5223 691 5297 ipsum
724 5225 1021 5299 flagitetur
1041 5222 1409 5279 successibus
1431 5234 1443 5273 :
1464 5235 1598 5276 cum
1621 5218 1916 5276 nobilibus

262 5314 367 5386 qui
399 5313 641 5368 aderant
686 5314 977 5369 antistites
1028 5312 1393 5369 insistebant.
1428 5308 1747 5380 imperialis
1797 5324 1913 5379 quo

262 5402 431 5457 ﬁeret
453 5401 652 5473 petitio
673 5403 1218 5477 supplicabant.Ast
1238 5399 1354 5465 ille,
1370 5397 1565 5453 divina
1582 5396 1912 5453 illustratus

262 5491 476 5567 gratia,
510 5489 705 5547 solerti
737 5510 797 5548 se
819 5492 1044 5548 studuit
1073 5506 1348 5547 excusare
1380 5487 1710 5560 prudentia.
1750 5510 1777 5537 ‹‹
1807 5487 1906 5554 Ea,

262 5580 480 5654 inquit,
516 5579 659 5637 mihi
691 5583 891 5639 abesse
920 5597 1223 5654 cognosco,
1250 5596 1373 5652 qua:
1404 5579 1526 5633 viro
1559 5576 1910 5634 conveniunt

2023 524 2201 577 tanta:
2231 522 2664 595 magnitudinis
2695 525 2949 595 pondus,
2973 544 3090 583 nec
3113 528 3281 585 decet
3327 547 3688 605 quemquam

2022 609 2176 666 hanc
2209 628 2565 683 praesumere
2597 614 2910 681 sarcinam,
2937 617 3109 688 cujus
3140 634 3255 672 non
3290 623 3480 691 potest
3510 622 3690 679 vitare

2024 699 2284 754 ruinam.
2318 700 2617 756 Postremo
2649 718 2753 773 ego
2781 707 2838 757 et
2868 702 3139 773 Romani,
3167 706 3322 762 sicut
3342 708 3692 766 divertimur

2025 787 2479 860 regionibus,ita
2493 789 2735 845 minime
2747 793 3131 849 convenimus
3145 795 3429 853 moribus:
3445 797 3560 853 etsi
3576 799 3686 870 ipsi

2026 876 2447 950 morigerabor,
2473 878 2801 935 monastica
2831 881 3191 952 professione
3212 884 3514 954 privabor;
3538 885 3687 942 ideo-

2026 982 2139 1037 que
2171 964 2356 1021 alium
2389 984 2489 1023 vos
2513 967 2819 1039 acquirite,
2847 969 2991 1041 quia
3013 969 3416 1028 indubitanter
3445 976 3687 1045 potestis

2026 1053 2197 1125 scire,
2235 1072 2326 1109 me
2358 1055 2429 1110 ad
2463 1054 2695 1109 culmen
2745 1056 3132 1129 apostolicum
3176 1058 3284 1115 bac
3316 1060 3374 1117 in
3406 1063 3523 1117 vita
3571 1080 3688 1118 non

2026 1158 2426 1208 accessurum,
2444 1160 2798 1216 gregemque
2812 1145 2957 1200 mihi
2973 1147 3360 1202 commissum
3384 1167 3687 1222 nunquam

2025 1230 2441 1287 dimissurum.
2465 1253 2491 1281 ››
2519 1233 2635 1287 Hac
2667 1234 2906 1305 quidem
2941 1251 3010 1288 ex
3031 1251 3090 1289 re
3120 1233 3345 1306 liquido
3370 1256 3688 1309 possumus

2025 1317 2318 1392 colligere,
2369 1319 2525 1375 hunc
2576 1320 2676 1376 Dei
2729 1320 3018 1377 famulum
3074 1322 3273 1379 multa:
3329 1325 3688 1384 humilitatis

2024 1406 2228 1475 fuisse,
2266 1408 2367 1480 qui
2400 1412 2638 1482 rogatus
2670 1425 2703 1464 a
2737 1426 2974 1465 summo
3000 1414 3367 1468 terrenorum
3401 1415 3686 1487 principe,

2024 1495 2096 1550 ad
2129 1495 2365 1552 culmen
2388 1497 2778 1568 apostolicum
2801 1496 3033 1553 distulit
3055 1500 3508 1559 ascendere.Sed
3532 1505 3685 1576 quod

2024 1580 2121 1639 ille
2144 1584 2378 1639 distulit
2402 1588 2659 1658 rogatus,
2677 1585 2846 1641 multi
2872 1585 3043 1659 longe
3069 1587 3393 1658 inferiores,
3410 1607 3558 1663 quos
3582 1608 3686 1649 nec

2026 1670 2374 1728 litteratoria
2404 1674 2709 1747 professio,
2748 1691 2852 1730 nec
2884 1674 3143 1731 honesta:
3174 1675 3301 1732 vitze
3332 1680 3687 1751 provehebat

2024 1762 2410 1829 conversatio,
2446 1779 2529 1828 se,
2562 1762 2609 1818 si
2644 1768 2906 1836 possent,
2943 1762 3095 1819 ultro
3140 1765 3489 1839 ingererent,
3523 1769 3683 1825 omni

2024 1863 2086 1901 se
2116 1847 2421 1920 despectui
2454 1849 2860 1922 multiplicatis
2883 1851 3154 1923 precibus
3178 1855 3497 1911 subderent
3521 1874 3533 1911 :
3560 1873 3688 1929 pro-

2024 1940 2244 1991 stremo
2264 1941 2441 1992 tantm
2460 1937 2765 2011 dignitatis
2784 1957 2897 2011 quo
2922 1940 3387 1998 sublimarentur
3407 1944 3682 2014 culmine,

2025 2040 2237 2096 magno
2269 2025 2563 2096 promisso
2596 2044 2837 2083 munere
2869 2045 2929 2084 se
2952 2030 3220 2085 damnari
3246 2050 3353 2088 sua
3375 2040 3580 2105 sponte
3603 2034 3689 2093 Si-

2025 2113 2293 2167 moniaca
2327 2132 2443 2169 non
2478 2120 2820 2188 spernerent
2860 2121 3038 2189 peste.
3071 2121 3178 2175 Ast
3225 2120 3314 2176 vir
3358 2120 3458 2176 Dei
3508 2138 3685 2194 quem

2024 2201 2270 2257 interius
2301 2203 2590 2259 virtutum
2642 2204 2925 2278 magistra
2973 2206 3219 2263 docebat
3259 2208 3587 2278 humilitas,
3623 2211 3684 2265 in

2023 2290 2193 2360 cujus
2222 2290 2442 2363 spiritu
2474 2292 2807 2365 evangelica
2837 2295 3119 2368 regnabat
3148 2302 3684 2371 paupertas,quan-

2023 2394 2200 2450 quam
2258 2379 2508 2451 polleret
2561 2381 2784 2437 eximiis
2842 2385 3306 2442 conversationis
3359 2387 3685 2459 praconio,

2023 2465 2152 2522 ideo
2185 2471 2307 2521 tam
2341 2469 2653 2527 sublimari
2688 2470 2900 2545 refugit
2927 2472 3233 2546 temporali
3282 2474 3538 2550 fastigio,
3569 2492 3684 2547 quo

2023 2553 2287 2610 saeculari
2318 2562 2582 2613 remotus
2614 2560 2865 2631 negotio,
2899 2560 3129 2617 ﬁrmius
3162 2561 3459 2619 insisteret
3487 2562 3685 2619 Omni-

2024 2644 2278 2715 potentis
2310 2644 2617 2719 obsequio,
2650 2650 2706 2704 et
2734 2646 3049 2721 loginquus
3100 2651 3344 2716 mundo,
3375 2652 3681 2723 proximus

2024 2745 2256 2803 semper
2285 2731 2454 2789 ﬁeret
2476 2733 2611 2789 Deo.

2095 2818 2309 2876 Secreti
2339 2821 2594 2894 cupidus
2627 2828 2830 2880 sancto
2861 2824 2950 2879 vir
2979 2823 3221 2881 numine
3252 2824 3485 2898 plenus,

2094 2907 2219 2963 Non
2252 2909 2445 2983 magis
2477 2915 2744 2968 externos
2775 2913 2984 2970 doctus
3013 2912 3194 2968 vitare
3226 2913 3449 2971 favores

2095 2999 2400 3071 Quamque
2431 3000 2836 3057 ministrorum
2869 3000 3078 3057 solatia
3107 3001 3311 3058 crebra
3339 3018 3605 3069 suorum,

2094 3085 2241 3141 Voto
2270 3087 2562 3144 detulerat
2584 3088 2990 3163 latebramque
3018 3092 3221 3160 fovere.
3238 3106 3578 3163 perennem,

2098 3174 2546 3249 immunemque
2578 3176 2724 3232 aula:
2749 3195 2927 3251 quam
2960 3178 3135 3253 longa
3156 3182 3245 3235 est
3265 3179 3475 3235 ducere
3494 3178 3678 3235 vitam

2099 3263 2445 3321 lnconvulsa
2473 3271 2672 3321 manet
2701 3267 2899 3341 magni
2932 3268 3035 3324 sed
3066 3267 3305 3341 sponsio
3334 3267 3502 3336 Jesu,

2098 3353 2395 3411 Montibus
2425 3354 2762 3428 impositam
2796 3373 2912 3411 non
2944 3357 3078 3413 abdi
3111 3356 3335 3413 visibus
3385 3356 3591 3412 urbem
3625 3370 3640 3409 :

2096 3444 2394 3515 Quemque
2424 3443 2573 3516 tegit
2601 3443 2825 3500 meritis
2850 3444 3144 3503 absistens
3169 3442 3354 3518 gloria
3392 3443 3677 3517 pulchris,

2097 3530 2320 3587 Indicat
2349 3531 2601 3604 egregiis
2633 3531 2940 3588 illustrans
2971 3533 3161 3606 gratia
3189 3532 3375 3605 signis
3401 3548 3414 3585 :

2093 3620 2163 3673 Et
2193 3636 2427 3691 quaqua
2457 3618 2670 3675 tulerat
2700 3620 2933 3676 facilem
2966 3638 3067 3693 per
3102 3621 3359 3693 compita
3407 3636 3677 3693 gressum

2096 3706 2349 3763 Urbibus
2378 3711 2434 3762 et
2464 3706 2608 3763 vicis
2639 3708 2856 3779 raptim
2886 3709 3224 3780 promiscua
3256 3724 3383 3764 sese

2098 3794 2277 3852 Obvia
2303 3794 2478 3849 turba
2505 3795 2683 3850 dabat
2714 3795 3008 3868 przeclaris
3039 3797 3225 3852 excita
3254 3794 3446 3862 factis,

2096 3884 2165 3941 Et
2193 3899 2529 3956 quanquam
2560 3882 2719 3957 longi
2751 3883 2921 3939 facile
2952 3900 3158 3940 secura
3189 3883 3428 3939 laboris.

2100 3973 2193 4030 IX.
2254 3975 2639 4046 Imperatorem
2700 3972 2765 4029 de
2814 3974 3007 4048 jurgio
3065 3973 3125 4028 in
3180 3979 3413 4027 matrem
3471 3973 3675 4044 arguit,

2025 4065 2181 4137 eique
2226 4071 2458 4119 matrem
2503 4062 2841 4119 reconciliet.
2876 4092 2945 4102 -
2988 4060 3110 4118 Sub
3157 4060 3360 4117 eodem
3417 4064 3680 4134 tempore

2025 4153 2337 4226 przedictus
2368 4150 2685 4223 imperator
2715 4156 2968 4207 matrem
2997 4149 3317 4218 zelabatur,
3351 4150 3493 4222 quia
3522 4150 3677 4223 apud

2026 4259 2088 4299 se
2120 4241 2265 4297 falso
2295 4240 2539 4297 crimine
2571 4240 2961 4307 deferebatur,
2985 4237 3046 4295 in
3078 4256 3325 4311 eamque
3346 4242 3485 4293 tunc
3509 4239 3676 4310 quasi

2026 4330 2357 4404 reipublicze
2408 4328 2895 4401 dilapidatrioem,
2928 4333 2986 4385 et
3029 4329 3121 4384 sui
3168 4328 3241 4384 ab
3291 4343 3360 4382 ea
3407 4324 3676 4398 expulsa-

2024 4420 2251 4487 tricem,
2284 4436 2385 4492 per
2415 4417 2593 4474 falsos
2623 4417 2911 4474 delatores
2953 4416 3054 4474 tali
3104 4415 3521 4474 stimulabatur
3541 4414 3678 4485 jur-

2025 4510 2140 4583 gio,
2174 4514 2240 4564 ut
2269 4524 2398 4564 eam
2424 4524 2589 4564 versa
2619 4507 2739 4561 vice
2770 4506 3091 4579 propellere
3123 4506 3447 4560 minaretur
3475 4516 3674 4576 regno.

2025 4599 2280 4656 Suorum
2293 4595 2624 4669 principum
2644 4594 2840 4651 nullus
2853 4612 2987 4652 cum
3002 4592 3329 4661 convenire,
3346 4591 3678 4662 falsumque

2025 4689 2248 4745 crimen
2281 4704 2315 4742 a
2345 4685 2723 4741 sanctissima
2755 4690 2941 4740 matre
2972 4683 3238 4739 tentabat
3268 4678 3676 4752 avertere.1psi

2026 4793 2155 4833 eam
2185 4774 2490 4830 defendere
2521 4770 3195 4845 negligebantacrimine
3218 4768 3515 4834 falsitatis,
3530 4784 3677 4839 quos

2027 4865 2128 4920 illa
2156 4862 2441 4920 extulerat
2479 4861 2549 4916 ad
2585 4877 2851 4916 summos
2890 4859 3108 4932 gradus
3158 4857 3483 4930 dignitatis.
3518 4856 3678 4911 Hanc

2027 4972 2232 5014 omnes
2263 4950 2696 5008 excusationem
2721 4947 3180 5020 praetendebant,
3205 4946 3362 5019 quod
3386 4943 3676 5016 imperiali

2028 5041 2320 5116 majestati
2354 5035 2747 5096 contradicere
2778 5054 2894 5092 non
2918 5036 3234 5093 audebant.
3254 5035 3399 5090 Ecce
3422 5032 3678 5089 fereban-

2025 5138 2122 5189 tur
2153 5130 2422 5205 prccibus
2475 5126 2754 5183 mandata
2800 5124 3015 5182 coactis
3067 5127 3433 5191 cunctorum,
3470 5121 3676 5193 quiqui

2026 5223 2253 5278 fuerant
2286 5235 2355 5275 ex
2379 5220 2540 5290 parte
2579 5215 2832 5288 piorum,
2866 5214 2976 5269 iret
3023 5212 3396 5286 quantocius,
3432 5226 3498 5266 ac
3530 5209 3675 5266 dile-

2024 5309 2299 5366 ctissimm
2331 5306 2443 5361 sibi
2474 5302 2837 5375 imperatrici-
2858 5304 3225 5358 succurreret
3257 5317 3269 5354 :
3307 5298 3530 5355 nullam
3544 5299 3675 5371 jam

2022 5399 2106 5454 illi
2135 5401 2353 5454 restare
2385 5393 2656 5461 salutem,
2684 5392 2798 5447 nisi
2825 5395 2889 5447 ut
2915 5391 3091 5448 rebus
3123 5387 3359 5446 amissis
3386 5386 3563 5443 etiam
3594 5403 3677 5444 re-

2021 5506 2134 5564 gno
2167 5485 2509 5552 discederet,
2544 5480 2799 5556 periculo
2828 5479 2957 5537 vita:
2989 5480 3050 5536 in
3081 5478 3258 5535 dubio
3291 5477 3384 5532 his
3417 5492 3429 5529 :

3081 5566 3320 5625 vocibus
3351 5564 3468 5623 iras
