4034 6170
468 371 579 432 771

1585 365 1646 424 S.
1696 363 1968 425 MAIOLI
2017 359 2346 424 ABBATIS
2391 361 2748 424 CLUNIAC.
3773 367 3860 426 772

539 499 784 567 Excitat,
817 498 1247 571 impatiensque
1278 511 1451 550 mora:
1485 511 1617 550 mox
1647 511 1811 550 arma
1859 493 2114 566 reposcit
2139 494 2194 561 Α
2227 515 2256 542 ‹‹
2289 493 2506 548 Fratris
2537 492 2729 548 Maioli
2763 493 3006 550 consilio
3048 494 3096 550 si
3149 509 3368 550 aurem
3425 495 3731 566 prazberes,
3759 494 3861 552 hinc

540 589 718 643 Arma
745 586 916 655 celer,
950 586 1222 658 notisque
1253 589 1416 639 artus
1447 583 1748 639 inducitur
1777 583 1978 638 armis.

538 678 782 734 Voverat
811 677 906 732 ille
937 691 1112 731 suum
1147 675 1278 730 ﬁdei
1307 691 1411 746 pro
1445 673 1681 729 nomine
1711 678 1937 746 pectus,

541 766 604 822 In
636 780 1050 837 quamcunque
1081 763 1245 818 daret
1275 779 1448 818 casus
1479 762 1820 817 incumbere
1842 764 2112 816 mortem.

465 858 568 911 Ast
598 854 697 910 ubi
727 852 902 920 venit,
937 869 1072 908 mox
1097 851 1432 923 imperatori
1467 849 1526 905 in
1559 851 1764 906 faciem
1797 850 2036 914 resistit,
2061 853 2118 904 et

457 929 599 998 'eum
631 940 863 1014 publice
897 957 1090 994 coram
1121 939 1397 992 omnibus
1449 937 1789 1008 increpavit.
1827 958 1853 986 ‹‹
1885 935 2112 1008 Aspice,

463 1031 678 1104 inquit,
713 1029 1067 1085 sublimatus
1099 1025 1446 1082 transitoria:
1483 1025 1812 1098 dignitatis,
1842 1042 1947 1079 cur
1970 1041 2113 1096 prte-

467 1122 634 1191 cepta
662 1117 994 1189 asperneris
1024 1115 1287 1171 veritatis
1310 1115 1336 1168 ?
1369 1115 1578 1168 Potens
1621 1118 1708 1168 cst
1753 1117 1810 1168 te
1856 1113 2116 1186 redigere

467 1208 539 1264 ad
555 1207 820 1273 minima,
839 1204 935 1277 qui
951 1205 1024 1260 ad
1037 1203 1375 1260 mortalium
1393 1207 1448 1258 te
1461 1201 1801 1258 sublimavit
1825 1202 2110 1274 fastigia.»

465 1297 631 1352 Tunc
660 1295 994 1368 imperator,
1027 1293 1136 1348 hac
1167 1292 1366 1368 audita
1409 1291 1884 1359 comminatione,
1917 1291 2113 1346 subito

465 1366 838 1452 contremuit,
854 1386 914 1438 et
933 1366 1186 1455 supplici
1209 1397 1477 1436 sermone
1499 1379 1820 1452 respondit,
1837 1383 1895 1434 et
1914 1379 1974 1434 in
1997 1395 2113 1452 quo

464 1470 1021 1546 praeceptaveritatis
1033 1473 1448 1538 contemneret,
1465 1467 1770 1525 humiliter
1783 1467 2110 1541 requisivit.

467 1584 497 1614 ‹‹
528 1560 630 1618 Cui
661 1559 748 1616 vir
776 1559 878 1615 Dei
913 1575 926 1614 :
962 1559 1257 1625 Parentes,
1292 1557 1806 1629 inquit,bonorare
1836 1555 1995 1613 illius
2026 1561 2113 1614 est

457 1650 674 1723 jussio,
699 1649 798 1722 qui
821 1665 954 1704 cum
977 1647 1130 1703 Deus
1153 1651 1328 1717 esset,
1343 1645 1602 1718 virgineo
1624 1644 1816 1702 editus
1837 1662 1905 1701 ex
1927 1649 2109 1714 utero,

466 1739 638 1796 matri
669 1754 732 1794 se
762 1735 1049 1808 subjicere
1078 1735 1358 1807 dignatur
1384 1735 1442 1790 in
1475 1733 1804 1808 Evangelio.
1837 1735 1933 1791 Sic
1954 1735 2110 1790 enim

465 1827 547 1883 ait
571 1825 938 1898 Evangelista
969 1841 982 1878 :
1016 1823 1298 1880 Descendit
1317 1839 1438 1878 cum
1469 1823 1588 1879 illis
1608 1822 1896 1886 Nazarcth,
1919 1831 1971 1879 et
1996 1831 2116 1879 erat

463 1915 712 1970 subditus
743 1913 875 1969 illis.
904 1911 962 1968 Si
987 1913 1160 1967 matri
1184 1928 1246 1967 se
1268 1911 1518 1982 subjecit
1539 1911 1639 1982 qui
1662 1927 1766 1982 per
1786 1913 2109 1982 potentiam

465 2001 788 2058 divinitatis
817 2001 1016 2057 omnia
1047 2001 1200 2068 fecit,
1235 2007 1290 2054 te
1323 2001 1393 2054 ab
1425 1999 1524 2054 illo
1553 1999 1651 2054 vili
1695 2000 2012 2055 formatum
2044 2017 2111 2056 ex

466 2091 588 2147 luto
613 2091 672 2146 in
704 2094 949 2145 matrem
981 2087 1284 2160 superbire
1313 2104 1418 2142 cur
1446 2087 1598 2142 elata
1628 2087 1920 2158 persuasit
1965 2106 2108 2160 pra:—

465 2179 725 2252 sumptio
749 2183 771 2234 i‘
798 2200 826 2230 »
859 2178 946 2232 Ad
976 2177 1125 2232 hanc
1147 2175 1466 2249 imperator
1487 2192 1684 2230 vocem
1707 2176 1927 2231 irarum
1953 2177 2112 2231 ﬂam-

465 2285 594 2326 mas
627 2272 976 2339 temperans,
1002 2265 1504 2322 immanissimum
1530 2264 2106 2336 furorom'deposuit,

464 2357 763 2430 patrisque
796 2354 987 2411 Maioli
1011 2371 1114 2427 per
1133 2355 1332 2410 omnia
1352 2371 1412 2410 se
1433 2354 2108 2426 obtemperaturumjus-

463 2446 547 2502 sis
565 2443 1271 2518 perhibuit.Projussione
1289 2442 1528 2498 tandem
1547 2442 1904 2499 sanctissimi
1925 2445 2110 2517 patris

461 2538 595 2590 ante
625 2537 874 2589 matrem
906 2536 972 2588 ut
999 2531 1179 2600 venit,
1215 2529 1340 2587 suis
1371 2547 1432 2587 se
1463 2531 1724 2605 vestigiis
1757 2533 2021 2605 projccit,
2052 2538 2111 2588 et

461 2621 515 2678 ei
543 2623 873 2695 obsequens
905 2625 970 2677 ut
989 2620 1160 2676 matri
1185 2619 1340 2675 filius
1367 2620 1427 2675 in
1451 2619 1613 2676 nullo
1639 2637 1767 2676 eam
1793 2621 2108 2679 offendisse

461 2710 734 2782 deinceps
765 2713 856 2766 est
877 2709 1170 2766 inventus.
1199 2709 1365 2764 Hunc
1387 2709 1584 2780 itaque
1604 2709 1703 2782 qui
1727 2709 1878 2765 inter
1899 2714 2110 2766 morta-

459 2797 543 2854 les
573 2815 848 2855 summus
880 2797 1153 2871 princeps
1201 2797 1518 2866 eminebat,
1555 2814 1728 2869 quem
1779 2798 1850 2854 ad
1901 2799 2108 2856 matris

459 2888 832 2944 concordiam
863 2887 1170 2943 convenire
1203 2885 1401 2942 nullus
1433 2885 1704 2954 audebat,
1739 2888 1810 2943 ab
1841 2887 1952 2942 hoc
1983 2905 2106 2944 scc-

459 2975 596 3045 lere,
629 2977 787 3049 quod
817 2975 986 3032 facile
1005 2975 1194 3048 potuit
1215 2991 1602 3046 compescere,
1619 2977 1911 3048 matrique
1932 2977 2105 3034 satis-

457 3066 666 3134 facere,
699 3069 758 3121 et
785 3065 836 3122 ei
867 3069 934 3121 ut
963 3063 1432 3137 consequebatur
1478 3064 1716 3120 obedire
1763 3064 1885 3120 solo
1927 3066 2103 3136 jussu

455 3153 678 3226 coegit;
711 3153 932 3226 liquido
964 3152 1162 3220 claret,
1198 3151 1354 3207 hunc
1375 3167 1588 3224 magno
1612 3153 1825 3208 mentis
1849 3153 2104 3210 culmine

2226 581 2380 637 unde
2410 581 2571 637 venis
2605 587 2757 638 retro
2786 582 3028 638 redires.
3063 583 3170 638 Pro
3200 586 3376 639 certo
3399 581 3568 638 enim
3592 583 3861 656 scias,quia

2225 670 2274 726 si
2308 669 2554 726 Romam
2584 669 2908 743 porrexeris
2937 687 3052 744 quo
3101 671 3184 727 ire
3227 669 3554 744 disponis,
3586 669 3861 728 nativitatis

2225 774 2470 831 regnum
2504 765 2808 831 nunquam
2841 757 3096 830 amplius
3127 759 3391 828 videbis,
3432 759 3540 816 sed
3577 759 3758 815 Roma:
3776 779 3860 833 quo

2224 847 2442 919 pergis,
2474 847 2807 920 sepulcrum
2841 846 3109 903 habebis.
3133 871 3160 896 ››
3195 848 3323 902 Hoc
3355 863 3610 920 quoque
3630 849 3770 920 quod
3788 849 3860 904 Dei

2223 935 2490 1006 praedixit
2521 935 2796 1002 famulus,
2819 935 2902 990 rei
2939 941 3141 1008 postea
3173 936 3464 1008 probavit
3495 940 3748 992 eventus.

2292 1023 2382 1078 ΧΙ.
2409 1023 2668 1081 Comitem
2689 1031 2867 1080 sanat.
2895 1057 2961 1066 -—
2986 1026 3046 1080 In
3069 1024 3450 1080 Alamanniae
3474 1026 3742 1098 partibus
3759 1043 3862 1097 quo-

2223 1112 2358 1167 dam
2391 1117 2650 1185 tcmpore
2672 1131 2805 1168 cum
2829 1120 3174 1182 moraretur,
3191 1116 3331 1186 ejus
3351 1115 3650 1170 adventus
3671 1132 3858 1172 rumore

2223 1201 2543 1266 dilfamato,
2565 1203 2636 1256 ad
2653 1219 2787 1256 eum
2803 1203 3112 1274 cujusdam
3128 1202 3377 1258 comitis
3393 1203 3632 1258 concita
3645 1206 3859 1276 pervenit

2223 1289 2452 1360 legatio.
2488 1291 2570 1344 Ex
2590 1290 2762 1363 longe
2785 1309 3040 1363 namque
3063 1296 3331 1364 tempore
3358 1292 3683 1365 przndictus
3703 1309 3857 1347 comes

2223 1377 2406 1434 nimia
2437 1379 2876 1451 deprimebatur
2905 1379 3276 1454 (egritudine,
3313 1397 3455 1452 qua:
3487 1379 3744 1452 quotidie
3784 1397 3858 1452 per

2223 1471 2540 1540 augmenta
2567 1483 2940 1524 succresccns
2972 1468 3250 1537 noxia,ita
3283 1473 3492 1526 totum
3529 1485 3734 1542 corpus
3749 1468 3856 1524 infe-

2222 1560 2398 1624 ceret,
2431 1559 2496 1610 ut
2525 1571 2631 1612 nec
2657 1557 2728 1612 de
2758 1555 2907 1612 lecto
2937 1573 3196 1630 surgere,
3236 1573 3353 1613 nec
3385 1575 3460 1614 ex
3494 1573 3614 1612 uno
3644 1555 3701 1611 in
3729 1555 3853 1612 aliud

2221 1660 2284 1699 se
2313 1643 2470 1700 latus
2499 1645 2788 1717 potuisset
2818 1649 3062 1701 vertere.
3096 1645 3280 1702 Cibus
3313 1651 3379 1700 et
3409 1649 3592 1718 potus
3621 1645 3698 1700 ita
3725 1647 3852 1700 erant

2222 1731 2477 1800 fastidio,
2511 1733 2668 1804 quod
2701 1749 2913 1806 corpus
2943 1732 3126 1788 nimio
3157 1732 3568 1790 simulacrum
3605 1731 3852 1788 videretur

2214 1820 2462 1892 jejunio.
2497 1821 2631 1877 Ideo
2663 1822 2735 1876 ad
2767 1821 3004 1876 beatum
3053 1821 3244 1877 virum
3294 1821 3539 1878 directa
3585 1821 3845 1894 legatione,

2219 1910 2347 1980 ejus
2373 1909 2644 1980 pietatem
2661 1908 2909 1982 supplici
2924 1909 3845 1982 postulavitdcvotione,quatenus

2220 2013 2288 2052 ex
2316 1997 2409 2053 his
2441 2014 2566 2069 quae
2599 1999 2672 2053 ad
2701 1998 2919 2054 victum
2953 1999 3255 2072 proprium
3283 1999 3396 2056 Dei
3425 1998 3768 2073 parabantur
3783 1997 3843 2051 fa-

2221 2085 2400 2153 mulo,
2435 2103 2554 2141 suae
2588 2086 3012 2143 imbecillitatis
3045 2086 3838 2144 subvenireturincommodo.

2221 2174 2335 2229 Hac
2367 2173 2562 2246 itaque
2593 2173 2881 2247 legatione
2913 2177 2984 2230 ab
3017 2192 3084 2232 eo
3117 2177 3216 2249 qui
3249 2177 3592 2232 visceribus
3616 2175 3839 2230 aflluebat

2221 2261 2652 2330 misericordiae,
2676 2280 2886 2336 panem
2905 2280 3018 2336 quo
3036 2265 3396 2322 vescebatur
3417 2283 3556 2320 cum
3577 2261 3834 2336 amigdalis

2219 2355 2276 2407 et
2305 2351 2610 2408 odoriferis
2640 2353 2900 2425 suscepit
2928 2351 3270 2427 pigmentis.
3306 2355 3484 2410 Tunc
3505 2353 3606 2409 Dei
3627 2349 3835 2407 famulus

2219 2440 2289 2496 ad
2319 2456 2458 2497 suos
2497 2457 2813 2497 conversus
2845 2457 2858 2497 :
2891 2463 2918 2492 «
2948 2441 3398 2514 Familiaritate,
3435 2442 3644 2516 inquit,
3675 2445 3831 2494 nostra

2217 2530 2364 2586 ﬁsus
2384 2529 2494 2586 hoc
2507 2529 2616 2586 iste
2629 2529 2754 2586 suis
2773 2529 3036 2603 deposcit
3065 2530 3666 2605 precibus,quatenus
3683 2527 3830 2584 omni-

2218 2623 2424 2690 potens
2455 2617 2716 2674 Medicus
2753 2618 2805 2674 ei
2852 2619 3067 2676 nostris
3113 2621 3436 2676 subveniat
3491 2615 3826 2674 orationibus.

2218 2707 2351 2762 Ideo
2384 2706 2701 2780 ﬂagitanda
2724 2712 2814 2764 est
2835 2708 2936 2764 Dei
2959 2707 3293 2778 clementia,
3311 2727 3433 2782 quo
3456 2703 3724 2764 sublevari
3743 2717 3830 2757 me-

2217 2801 2412 2852 reatur
2437 2795 2698 2868 corporis
2724 2795 3014 2852 molestia.
3050 2797 3262 2855 Potens
3296 2804 3390 2854 est
3421 2796 3577 2854 enim
3628 2793 3710 2849 ille
3749 2789 3823 2862 qui

2216 2883 2398 2958 reguli
2434 2883 2622 2940 filium
2653 2902 2920 2941 sermone
2951 2884 3178 2942 sanavit
3197 2885 3674 2959 imperiali,hunc
3692 2878 3820 2934 nobis

2216 2973 2560 3029 absentibus
2572 2973 2833 3046 pristina:
2849 2975 3154 3030 restituere
3167 2975 3464 3049 sospitati.
3482 2996 3510 3024 υ
3527 2973 3647 3028 Mox
3662 2970 3818 3048 itaque

2216 3067 2281 3116 ut
2309 3061 2396 3116 vir
2426 3061 2524 3118 Dei
2559 3077 2694 3117 cum
2727 3061 3006 3118 fratribus
3035 3080 3096 3118 se
3117 3063 3372 3119 orationi
3397 3052 3816 3145 dedit,extemplo

2214 3150 2316 3222 qui
2347 3151 2549 3206 aberat
2581 3149 2871 3206 moliorari
2893 3154 3088 3223 coepit.
3109 3151 3352 3209 Reversi
3372 3168 3505 3206 vero
3522 3148 3615 3221 qui
3637 3145 3817 3201 fuerant

455 3243 730 3315 potestati
761 3242 1041 3298 inhaerere
1069 3258 1356 3314 superna},
1390 3257 1507 3312 qua
1538 3240 1816 3314 praeditus
1847 3241 1993 3297 illud
2025 3243 2101 3298 fa-
2133 3229 2176 3296 C
2215 3239 2442 3306 directi,
2473 3257 2542 3296 ea
2571 3239 2716 3295 hora
2741 3256 2858 3312 qua
2886 3257 2920 3295 a
2948 3240 3071 3296 viro
3101 3239 3202 3296 Dei
3236 3243 3626 3303 recesserunt,
3657 3229 3814 3288 melio-

455 3347 582 3386 cere
612 3331 802 3402 potuit
825 3331 1091 3402 jussione
1123 3329 1276 3402 quod
1309 3328 1507 3384 nullus
1539 3331 1776 3402 aggredi
1811 3347 1993 3386 ausus
2014 3336 2105 3388 est

454 3419 902 3492 supplicatione.
936 3419 1098 3485 Quod
1145 3417 1301 3473 enim
1337 3417 1416 3472 illi
1451 3417 1785 3488 inhreserat,
1815 3420 1909 3474 cui
1959 3420 2103 3476 nihil

455 3513 545 3564 est
575 3507 957 3581 impossibile,
983 3507 1112 3562 ideo
1136 3507 1208 3562 ab
1230 3524 1296 3562 eo
1321 3505 1533 3562 meruit
1553 3507 1905 3580 acciperc,ut
1927 3509 2104 3582 hujus

457 3595 550 3652 sui
579 3595 985 3652 dominaretur
1020 3595 1237 3667 jussio,
1265 3595 1436 3666 cujus
1487 3600 1776 3652 terrarum
1807 3597 2104 3671 principes

455 3685 923 3756 subjiciebantur
951 3683 1230 3742 dominio.

523 3773 590 3830 X.
619 3773 824 3831 Ottom's
853 3773 880 3828 Ι
903 3781 1129 3830 mortem
1155 3772 1422 3847 prazdicit,
1451 3773 1579 3831 dein
1607 3774 1926 3830 secundi.——
1947 3775 2104 3831 Inter

452 3867 658 3920 cratera
686 3863 978 3937 siquidem
993 3861 1276 3919 miracula
1297 3879 1422 3934 qua:
1446 3863 1732 3920 Dominus
1753 3864 2104 3936 operabatur

451 3953 526 4009 ad
554 3953 917 4009 ostendenda
948 3952 1098 4008 servi
1125 3951 1216 4007 sui
1257 3949 1484 4020 merita,
1521 3950 1732 4024 spiritu
1783 3951 2099 4024 prophetia}

451 4039 728 4113 dignatus
760 4045 849 4098 est
879 4039 1130 4107 erudire,
1153 4044 1220 4094 ut
1241 4045 1482 4096 ventura
1503 4039 1720 4113 saepius
1739 4040 2100 4114 praediceret,

451 4132 512 4183 et
541 4127 807 4184 absentia
853 4127 1259 4200 praesentibus,
1291 4127 1464 4201 quasi
1513 4130 1841 4202 praisentia,
1875 4131 2100 4187 denun-

451 4213 642 4272 tiaret.
661 4216 924 4282 Quodam
942 4221 1200 4288 tempore
1218 4217 1358 4273 dum
1379 4217 1564 4274 Roma
1579 4217 2101 4289 rediret,fratribus

451 4319 588 4359 cum
619 4303 834 4377 quibus
865 4303 976 4362 iter
1003 4305 1300 4378 carpebat,
1323 4298 1632 4379 suspirans
1666 4324 1803 4364 eum
1825 4307 2101 4382 lacrymis

449 4392 596 4452 dixit
629 4409 642 4453 :
677 4393 794 4450 Hac
843 4398 1010 4451 nocte
1067 4411 1170 4466 per
1227 4411 1500 4451 somnum
1555 4395 1780 4454 leonem
1832 4396 2100 4454 videbam

449 4481 950 4540 immanissimum
964 4483 1063 4556 qui
1077 4481 1312 4539 clausus
1327 4482 1387 4538 in
1402 4500 1575 4542 cavea
1586 4490 1790 4541 catena
1811 4486 2101 4543 constrin-

2214 3327 2328 3383 rari
2362 3329 2608 3400 cmpisse
2637 3345 2812 3384 suum
2841 3329 3150 3386 dominum
3182 3331 3598 3404 cognoverunt.
3619 3319 3813 3378 Posthac

2213 3433 2457 3472 munere
2487 3416 2594 3471 viri
2623 3417 2724 3473 Dei
2747 3433 2808 3474 se
2839 3417 3074 3488 cibavit,
3094 3423 3150 3474 et
3171 3419 3320 3475 adeo
3343 3418 3566 3490 integra
3585 3408 3811 3482 sospililLe

2213 3504 2528 3574 convaluit,
2563 3509 2647 3573 ut,
2691 3507 2894 3578 paucis
2943 3507 3312 3580 interpositis
3361 3507 3585 3569 diebus,
3617 3501 3720 3572 ipse
3755 3491 3808 3548 ad

2213 3595 2449 3650 beatum
2483 3611 2752 3668 pergens,
2786 3596 2915 3668 ejus
2945 3596 3207 3669 vestigiis
3245 3595 3559 3652 advolutus
3607 3591 3807 3644 immen-

2213 3699 2310 3739 sas
2345 3699 2447 3756 pro
2480 3682 2762 3740 beneficio
2795 3685 3016 3758 gratias
3049 3684 3340 3742 retulerit.

2283 3773 2402 3828 XII.
2436 3773 2560 3828 Alia
2588 3773 2958 3829 miracula.-—-
2973 3773 3034 3829 In
3056 3773 3360 3831 Vivarensi
3393 3773 3478 3847 (de
3509 3765 3706 3836 l’iviers)
3727 3757 3803 3817 cli-

2211 3866 2366 3920 mate
2397 3863 2665 3934 quaedam
2696 3861 2912 3920 nobilis
2960 3867 3229 3920 matrona
3271 3863 3454 3936 longa
3501 3854 3805 3916 afficiebatur

2211 3951 2575 4024 egritudine.
2610 3951 2740 4008 llaec
2771 3951 2830 4006 in
2863 3952 3050 4009 sancti
3081 3953 3388 4012 Saturnini
3418 3947 3618 4011 cellula
3657 3941 3799 3998 virum

2211 4039 2312 4097 Dei
2346 4040 2560 4096 morari
2595 4046 2660 4094 ut
2689 4042 2996 4114 comperit,
3022 4059 3157 4098 mox
3175 4059 3313 4100 eum
3337 4059 3448 4099 sua
3465 4035 3721 4110 legatione
3737 4026 3801 4080 de°

2210 4145 2446 4202 poscere
2471 4129 2718 4198 studuit,
2737 4147 2949 4204 aquam
2975 4131 3084 4188 sibi
3100 4131 3174 4188 ad
3198 4129 3582 4189 hauriendum
3603 4126 3658 4178 ut
3673 4119 3797 4174 bene-

2210 4217 2448 4286 diceret,
2481 4222 2539 4273 et
2562 4219 2634 4274 ad
2659 4221 3000 4292 ungendum
3023 4219 3134 4277 olei
3155 4221 3584 4301 liquorem,sua2
3604 4210 3794 4301 dextere

2211 4307 2382 4380 signo
2411 4307 2842 4365 sanctiﬁcatum
2874 4309 3168 4383 dirigeret.
3203 4296 3334 4366 Hmc
3363 4325 3486 4382 qua:
3516 4296 3792 4386 petiitaviro

2211 4396 2314 4452 Dei
2344 4395 2642 4470 percipere
2685 4401 2748 4454 ut
2796 4399 3030 4469 meruit,
3081 4399 3238 4456 illico
3287 4397 3549 4457 recedere
3594 4391 3794 4456 carpo“s

2211 4483 2482 4542 molestia
2511 4491 2568 4542 et
2597 4487 2670 4542 ad
2694 4487 3011 4560 pristinum
3043 4489 3301 4546 officium
3335 4491 3414 4545 ita
3443 4473 3670 4557 reparari
3706 4481 3788 4560 ξω·

447 4572 697 4663 gebatur
733 4554 1035 4663 ferrea;_et
1077 4572 1206 4628 ideo
1253 4571 1659 4663 indubitanter
1716 4575 1916 4632 sciatis
1961 4575 2103 4648 quia
2132 4599 2180 4663 D
2211 4579 2426 4647 perunt
2457 4554 2723 4632 membra
2750 4575 3112 4650 languentia,
3144 4583 3208 4634 ut
3237 4576 3479 4652 depulsa
3503 4554 3790 4663 agritudilie

451 4659 584 4716 Otto
613 4660 931 4734 imperator
959 4660 1067 4718 hoc
1099 4677 1251 4716 anno
1285 4661 1460 4717 rebus
1491 4663 1727 4718 excedet
1773 4663 2050 4720 humanis
2083 4681 2097 4722 :

451 4750 605 4821 quod
653 4750 737 4806 ita
779 4749 861 4806 rei
910 4750 1176 4822 probavit
1233 4756 1494 4806 eventus.
1527 4751 1588 4806 In
1630 4752 1893 4824 proximo
1943 4753 2100 4809 enim

452 4837 811 4894 Provinciam
846 4856 1131 4908 reversus,
1158 4839 1356 4911 ibique
1388 4839 1446 4894 in
1471 4841 1724 4911 quadam
1759 4858 1867 4896 sua
1893 4841 2102 4898 cellula

449 4927 653 4999 paucis
683 4928 891 4984 diebus
923 4945 1315 4996 commorans,
1349 4927 1576 5002 legatus
1627 4945 1696 4983 ex
1743 4928 2097 4986 Alcmanniaa

450 5017 716 5088 partibus
747 5017 996 5084 advenit,
1013 5018 1110 5090 qui
1135 5019 1438 5090 praefatum
1463 5018 1872 5091 imperatorem
1895 5020 1966 5076 ab
1990 5020 2097 5076 hac

449 5105 568 5162 vita
597 5105 882 5178 migrasse
913 5105 1142 5161 detulit.
1177 5107 1289 5163 Sed
1321 5107 1476 5162 sicut
1505 5107 1594 5162 vir
1642 5107 1742 5162 Dei
1794 5109 2094 5165 absentem

452 5209 575 5250 rem
591 5199 895 5267 tamquam
913 5200 1258 5268 prmsentcm
1279 5200 1416 5251 tunc
1434 5195 1714 5252 fratribus
1735 5196 2100 5271 retulit,quo-

452 5283 610 5338 niam
641 5281 1012 5355 imperatoris
1045 5284 1262 5358 magni,
1287 5283 1421 5342 licet
1451 5283 1622 5358 longe
1644 5286 2097 5358 positi,mortem

450 5371 708 5427 innotuit
740 5387 752 5426 :
789 5371 871 5428 ita
899 5377 1101 5445 postea
1127 5373 1313 5445 ipsius
1346 5373 1486 5443 lilio,
1507 5375 1680 5447 cujus
1705 5393 1883 5448 supra
1903 5376 2100 5433 retuli-

451 5477 606 5529 mus,
639 5462 795 5518 sicut
825 5462 1088 5536 contigit,
1122 5461 1360 5519 Veronte
1391 5463 1462 5520 de
1483 5481 1589 5522 suo
1615 5465 1776 5521 obitu
1806 5466 2094 5538 praedixit.

449 5551 596 5606 Nam
628 5569 840 5608 manus
871 5552 1238 5625 imperatoris
1261 5557 1539 5625 utrasque
1560 5553 1684 5610 suis
1704 5555 2096 5628 complectens

452 5640 727 5700 manibus
757 5641 968 5716 tenuit,
999 5641 1244 5721 ejusque
1273 5641 1501 5703 vultum
1549 5642 1942 5722 complectens
1967 5645 2050 5704 ait
2079 5662 2092 5704 :

2211 4663 2296 4720 sic
2327 4665 2590 4737 proximo
2620 4647 2882 4738 tempore
2912 4670 3032 4722 toto
3065 4647 3284 4724 valeret
3311 4647 3558 4737 corpore,
3581 4670 3637 4710 ac
3655 4647 3694 4702 si
3718 4656 3788 4695 τωο

2209 4757 2304 4809 tea
2329 4753 2552 4810 nullius
2582 4755 2949 4828 (egritudinis
2983 4755 3320 4814 inficeretur
3349 4757 3520 4829 peste.
3637 4827 3642 4829 _
3714 4819 3740 4829 Α

2279 4843 2422 4899 XIII.
2457 4844 2568 4900 Sed
2602 4825 2659 4900 et
2687 4844 2830 4901 illud
2885 4847 3174 4919 supprimi
3229 4825 3368 4918 npn—
3391 4841 3561 4924 decet,
3584 4825 3778 4924 silenti):

2209 4933 2362 5004 quod
2388 4933 2516 5004 ejus
2540 4950 2716 5006 quem
2735 4911 3018 5006 sospitate
3039 4911 3293 5007 donavit,
3309 4931 3454 4990 beati
3471 4923 3565 4983 viri
3586 4911 3780 5007 visitet?

2207 5021 2491 5079 hactenus
2525 4995 2734 5078 celebri
2768 4995 3110 5079 dill'alnatur
3130 4995 3780 5093 testimonio.VocaturlNO

2208 5111 2444 5168 nomine
2461 5112 2694 5184 proprio
2717 5111 3172 5182 Hildcbrannus,
3185 5119 3242 5169 et
3258 5114 3328 5170 ab
3347 5105 3508 5168 ofﬁcii
3529 5092 3778 5184 agnommll3

2209 5181 2862 5258 Monetariusbflicium
2889 5219 3143 5274 namque
3161 5181 3319 5274 quod
3341 5184 3666 5274 agebam)lus

2209 5289 2510 5347 sodalibus
2541 5308 2612 5347 ne
2629 5270 3080 5348 deterioraretur
3099 5270 3542 5349 custodiebatEl
3555 5270 3773 5369 qu?“le

2207 5377 2376 5434 benis
2407 5379 2663 5452 pollebat
2695 5381 2976 5449 moribus,
3011 5381 3140 5436 ideo
3171 5381 3338 5438 beato
3367 5377 3478 5432 viro
3513 5357 3657 5452 erepit
3678 5356 3774 5452 esi?

2207 5442 2495 5541 cognitus.
2531 5468 2633 5524 ilic
2663 5467 2942 5542 languore
2963 5475 3264 5542 correptus
3283 5442 3769 5542 corporeo,labori?!“-3

2205 5526 2380 5630 erepit
2413 5557 2598 5614 multo
2646 5526 3044 5615 incoummodo.
3079 5526 3186 5626 Qui
3237 5526 3474 5616 dum‘se
3516 5526 3770 5632 cornelii.“

2205 5644 2488 5726 languore
2518 5663 2635 5705 non
2666 5646 2978 5723 sublevari,
3005 5649 3106 5709 sed
3137 5649 3422 5709 crescente
3447 5619 3662 5708 corporis
3677 5619 3764 5668 ωο·
