4034 6170
388 314 504 376 7'15

1507 310 1569 371 S.
1618 308 1892 370 MAIOLI
1935 306 2264 369 ABBATIS
2309 306 2666 369 CLUNIAC.

3679 301 3808 362 Ἱτὸ

390 443 1024 519 profectum,quoniam
1049 442 1198 516 justi
1229 443 1558 515 deprecatio
1587 442 1744 514 quod
1777 439 2032 497 multum
2061 442 2116 508 Α
2147 446 2284 496 runt
2329 441 2388 494 in
2428 439 2678 512 gurgite,
2712 453 2860 509 quos
2891 436 3051 496 unda
3079 433 3340 491 difﬁcilis
3369 435 3658 492 contorsit
3683 434 3804 492 sub

386 534 604 592 valeret
648 533 790 589 dum
837 531 1269 597 intellexerunt,
1315 530 1388 586 ad
1441 529 1723 586 orationis
1771 529 2034 586 studium

392 623 600 696 majori
631 638 766 680 cum
798 619 1098 678 devotione
1120 620 1346 692 seipsos
1372 617 1676 675 dederunt.

459 755 630 812 XVII.
661 755 720 810 S.
755 755 1011 826 Dionysii
1041 753 1180 809 liber
1207 753 1275 808 ab
1307 755 1432 824 igne
1460 753 1693 809 illatus.
1718 783 1786 792 -—
1816 751 2039 807 Hierar-

389 845 553 902 chias
583 859 815 916 quoque
843 842 997 898 beati
1029 841 1289 914 Dionysii
1309 842 1384 911 (8)
1401 841 1759 914 Areopagitae
1781 840 2036 912 quodam

388 939 652 1006 tempore
683 949 818 988 cum
846 931 1146 1002 legeret,ct
1171 945 1328 985 more
1350 929 1519 984 solito
1541 947 1666 1002 quae
1689 930 1782 984 die
1795 929 2036 999 legerat,

389 1022 483 1078 sui
497 1019 1123 1094 pectorisbibliothecaa
1137 1021 1423 1073 nocturna
1443 1017 1820 1072 meditatione
1833 1017 2037 1070 eadem

390 1111 726 1182 deponeret,
760 1109 1111 1178 subrepente
1143 1123 1373 1174 somno,
1405 1105 1653 1176 contigit
1683 1109 1751 1160 ut
1797 1103 2041 1160 candela

391 1215 520 1271 quae
551 1197 749 1252 lumen
779 1195 1134 1267 suggerebat
1164 1194 1588 1266 legenti.supra
1619 1193 1893 1266 paginam
1916 1209 2042 1248 rue-

392 1290 482 1344 ret
510 1301 688 1359 quam
721 1283 968 1356 legebat.
1002 1283 1113 1338 Sed
1147 1283 1289 1354 quid
1320 1282 1590 1338 Christus
1624 1298 1738 1336 non
1771 1284 2043 1353 operetur

392 1375 456 1432 in
485 1374 737 1432 sanctis?
749 1373 906 1430 Edax
937 1371 1177 1428 ﬂamma
1205 1371 1509 1428 candelam
1543 1369 2040 1443 consumpsit,sed

393 1463 596 1522 folium
629 1479 806 1535 super
837 1461 992 1534 quod
1023 1459 1510 1527 ardebat,torrida
1539 1460 1757 1515 damna
1777 1475 1894 1516 non
1917 1475 2044 1514 sen-

393 1553 472 1612 sit
502 1569 516 1608 :
551 1551 822 1608 virtutem
857 1550 1097 1606 ﬂamma
1127 1549 1337 1604 habuit
1366 1549 1438 1604 ad
1471 1547 1777 1604 candelam
1799 1548 2040 1604 combu-

395 1641 657 1708 rendam,
705 1655 882 1712 quam
933 1639 1006 1694 ad
1063 1636 1336 1710 paginam
1388 1637 1640 1710 perdidit
1693 1636 2040 1692 lmdendam.

396 1729 668 1788 Protinus
697 1743 941 1784 excusso
973 1742 1179 1784 somno
1222 1726 1310 1782 vir
1351 1726 1452 1782 Dei
1501 1729 1909 1783 consternatus
1955 1728 2046 1780 est

396 1819 614 1885 animo,
646 1816 801 1888 quod
829 1815 1044 1871 librum
1074 1813 1175 1886 qui
1204 1813 1298 1870 vix
1328 1813 1544 1870 alicubi
1576 1813 1818 1887 reperiri
1835 1812 2042 1884 possit,
2073 1815 2123 1880 Β

397 1910 820 1978 consumptum
858 1921 988 1962 esse
1019 1904 1292 1959 incendio
1323 1903 1549 1974 putavit
1582 1919 1596 1956 :
1650 1903 1749 1959 sed
1801 1917 2048 1956 excussa

399 1995 597 2050 favilla
625 2010 760 2048 cum
793 1993 850 2047 in
882 1991 1192 2064 superficie
1225 1989 1446 2046 nullius
1465 1989 1721 2046 laesionis
1741 1993 2048 2061 appareret

400 2081 984 2147 macula,immensas
1013 2079 1062 2135 ei
1097 2079 1318 2151 gratias
1347 2078 1568 2146 retulit,
1584 2079 1754 2150 cujus
1785 2077 2047 2149 potentia

399 2189 519 2228 sua:
550 2174 774 2226 natu-ras
801 2169 919 2224 vim
949 2167 1103 2240 ignis
1125 2166 1491 2232 amisit,dum
1509 2167 1674 2222 arida
1689 2167 2048 2222 nutrimenta

399 2277 528 2333 quas
558 2275 738 2330 super
765 2255 1069 2314 candelam
1101 2254 1492 2328 consumpsit,
1523 2255 1582 2310 in
1631 2253 1794 2312 nullo
1840 2255 2047 2310 laedere

401 2348 612 2422 potuit.
1182 2363 1192 2372 ·

469 2479 665 2536 XVIII.
705 2477 1037 2536 Willelmum
1062 2478 1367 2551 provincir
1411 2477 1602 2534 ducem
1645 2477 1781 2533 adit.
1812 2477 2046 2548 Naufra-

401 2577 586 2642 gantes
628 2569 842 2625 liberat.
887 2599 957 2610 --
1003 2567 1148 2624 Cum
1201 2567 1536 2623 Willelmus
1595 2564 2043 2621 Provincialium

401 2659 672 2733 princeps
698 2655 1043 2731 praegravari
1077 2673 1138 2712 se
1159 2655 1372 2712 ultima
1391 2655 1636 2713 sentiret
1667 2653 2044 2723 sorte,Maioli

400 2765 464 2804 se
494 2747 720 2803 meritis
748 2746 958 2804 salvari
989 2763 1160 2820 posse
1189 2745 1263 2802 ab
1295 2746 1504 2800 animae
1543 2744 1790 2800 credidit
1834 2747 2042 2799 morte.

401 2837 509 2904 Qui
541 2835 652 2892 sibi
685 2835 757 2892 ad
789 2837 1159 2892 Avennorum
1191 2835 1482 2907 (Avignon)
1517 2833 1837 2890 accersitus
1879 2831 2044 2904 oppi-

399 2926 563 2992 dum;
598 2929 663 2981 ut
691 2923 1093 2980 multitudinis
1123 2923 1334 2980 vitaret
1363 2927 1734 2990 conventum,
1759 2921 1819 2976 in
1849 2919 2046 2976 insula

398 3027 528 3088 quae
561 3013 910 3070 Rhodanum
943 3013 1051 3068 sub
1069 3013 1308 3085 praefato
1330 3016 1518 3068 castro
1543 3010 1760 3067 scindit
1777 3010 2042 3078 ﬂuvium,

399 3103 514 3160 sibi
561 3119 776 3174 ponere
817 3101 1002 3174 jussit
1045 3100 1384 3156 tentorium.
1425 3099 1537 3155 Sed
1583 3100 1712 3170 ejus
1761 3099 2046 3154 adventus

2143 527 2386 585 ﬂumine
2413 543 2426 584 :
2465 527 2756 583 undarum
2786 525 2952 600 pueri
2983 523 3396 580 deferebantur
3424 523 3804 590 summitate,

2143 616 2418 674 mulieres
2471 615 2532 671 in
2573 615 2818 671 ﬂumine
2866 613 3082 670 diﬂ‘usa
3139 612 3488 669 rotabantur
3524 617 3716 680 veste,
3746 617 3807 670 et

2141 707 2250 763 viri
2297 706 2486 780 ripam
2530 708 2737 760 natatu
2777 703 3144 760 conabantur
3189 707 3481 774 appetere.
3513 701 3599 757 Ad
3649 718 3806 774 quos

2145 795 2311 868 periti
2345 798 2536 850 nauta:
2567 797 2870 852 currentes
2899 807 3034 849 cum
3065 791 3313 858 carabis,
3349 808 3554 848 omnes
3603 798 3806 847 traxe-

2146 890 2286 940 runt
2318 901 2387 940 ex
2415 883 2690 957 voragine
2721 881 3006 938 ﬂuminis.
3035 881 3144 950 Sed
3177 884 3236 936 et
3264 879 3412 936 illud
3441 881 3806 937 videturmi-

2148 973 2513 1046 rabile,quod
2545 973 2617 1028 ad
2647 972 2838 1026 virum
2872 970 2971 1026 Dei
3007 987 3107 1026 sex
3136 986 3319 1042 panes
3350 987 3385 1025 a
3412 969 3626 1026 comite
3653 970 3807 1025 dum

2148 1081 2294 1119 suus
2317 1062 2566 1118 deferret
2597 1059 2877 1126 famulus,
2896 1059 3098 1114 eodem
3129 1058 3262 1114 licet
3293 1075 3426 1114 cum
3459 1059 3690 1115 caeteris
3714 1076 3808 1114 ca-

2148 1157 2286 1223 ptus
2318 1149 2640 1222 naufragio,
2667 1149 2752 1204 sic
2781 1151 2977 1204 tamen
3009 1147 3214 1202 directi
3246 1147 3510 1203 muneris
3539 1164 3682 1203 eum
3710 1148 3810 1204 de-

2150 1240 2332 1296 fendit
2358 1239 2591 1308 delatio,
2627 1243 2692 1294 ut
2722 1237 2848 1310 ipse
2881 1254 2998 1293 non
3028 1237 3202 1292 modo
3233 1234 3452 1292 illaesus
3479 1237 3690 1304 exiret,
3712 1253 3806 1292 vc-

2149 1346 2280 1386 rum
2313 1345 2380 1384 ex
2405 1327 2658 1401 panibus
2687 1333 2806 1383 tres
2839 1327 3087 1382 intactos
3117 1341 3270 1398 aqua
3297 1325 3692 1382 abstraheret.

2220 1418 2361 1474 XIX.
2419 1418 2648 1474 Maiolus
2703 1424 2875 1474 morte
2928 1417 3162 1472 instante
3208 1415 3506 1486 ferventior
3558 1414 3616 1471 S.
3678 1415 3805 1472 Dio-

2148 1509 2301 1580 nysii
2357 1507 2747 1564 monasterium
2777 1548 2795 1576 ,
2854 1521 2978 1576 rege
3029 1504 3238 1561 volente
3271 1547 3286 1571 ,
3345 1505 3648 1575 reformare
3702 1521 3804 1576 ag-

2149 1596 2504 1669 greditur.—
2549 1595 2842 1652 δίζυἱηίαεὶ
2889 1593 3018 1650 obit.
3064 1623 3134 1634 —-
3181 1591 3367 1666 Igitur
3421 1591 3674 1650 Maiolus
3718 1610 3806 1650 se-

2153 1684 2406 1742 nectutis
2435 1689 2716 1758 tempore,
2750 1699 2866 1756 quo
2899 1681 3090 1739 solent
3129 1682 3318 1739 centeri
3351 1683 3662 1740 remissius
3711 1683 3804 1737 vi-

2151 1790 2302 1845 vere,
2336 1774 2453 1830 acri
2499 1789 2560 1830 se
2593 1773 2790 1829 labore
2823 1773 2882 1827 in
2931 1769 3162 1827 Domini
3195 1771 3423 1826 studuit
3454 1771 3802 1828 servitutem

2153 1863 2448 1936 redigere;
2509 1867 2568 1918 et
2632 1861 2800 1934 quasi
2877 1865 3019 1916 tunc
3076 1875 3262 1916 novus
3333 1861 3668 1928 accederet,
3733 1877 3802 1916 ac

2146 1951 2426 2022 juvenilis
2457 1949 2619 2023 vigor
2650 1951 2709 2007 in
2742 1955 2863 2006 toto
2893 1964 3131 2022 corpore
3181 1948 3444 2017 ferveret,
3481 1949 3564 2004 ita
3611 1950 3798 2005 incre-

2155 2039 2318 2096 dibili
2352 2039 2565 2096 mentis
2595 2040 2812 2096 fervore
2843 2038 3038 2094 divino
3071 2035 3439 2094 famulamini
3463 2039 3796 2094 insistebat.

2153 2130 2374 2200 Corpus
2428 2143 2684 2212 namque
2733 2127 3119 2199 defatigatum
3180 2126 3343 2182 senio
3402 2126 3566 2182 nullo
3626 2127 3797 2184 modo

2154 2217 2454 2290 quiescere
2485 2217 2714 2274 sinebat
2737 2215 2810 2272 ab
2840 2232 3013 2288 opere
3063 2219 3364 2272 consueto.
3401 2214 3646 2272 Biennio
3690 2215 3795 2270 ita-

2154 2323 2266 2379 que
2314 2306 2660 2378 priusquam
2703 2305 2910 2374 obiret,
2943 2321 3158 2377 corpus
3187 2303 3322 2377 plus
3369 2303 3544 2360 solito
3577 2305 3796 2361 viribus

2153 2387 2326 2468 coepit
2355 2395 2678 2463 destitui,et
2706 2409 2774 2450 ex
2802 2393 2912 2450 hoc
2937 2393 3258 2452 vocationis
3287 2410 3405 2450 sua:
3423 2398 3664 2466 tempus
3694 2411 3796 2466 ap-

2153 2481 2544 2558 propinquare
2575 2480 3233 2554 deprehendit.ldeoque
3263 2482 3336 2537 ad
3358 2481 3662 2555 publicum
3674 2483 3797 2553 jam

2153 2573 2463 2645 procedere
2493 2570 2728 2628 nolebat
2759 2588 2774 2626 :
2829 2571 2929 2628 sed
2981 2575 3083 2626 aut
3113 2570 3174 2625 in
3205 2571 3582 2639 monasterio,
3616 2575 3720 2628 aut
3742 2571 3797 2626 in

2153 2661 2407 2734 quadam
2431 2677 2671 2718 suarum
2687 2657 2898 2716 cellula
2913 2676 3016 2732 pro
3031 2660 3278 2716 fratrum
3309 2658 3566 2716 utilitate
3584 2659 3796 2716 immo-

2154 2749 2269 2806 rari
2300 2748 2573 2823 cupiebat
2607 2766 2619 2804 :
2650 2752 2714 2806 ut
2743 2749 2820 2805 ibi
2849 2753 2905 2804 et
2937 2748 3146 2805 fratres
3175 2747 3374 2806 solerti
3403 2747 3602 2804 studio
3622 2747 3796 2804 corri-

2153 2844 2314 2913 geret
2343 2843 2402 2894 et
2431 2838 2503 2894 ad
2536 2837 2778 2895 meliora
2806 2842 3052 2910 paterna
3071 2837 3470 2892 admonitione
3517 2836 3798 2909 provehe—

2154 2932 2372 2997 ret,aut
2401 2925 2616 3000 saepius
2649 2925 2889 2982 remotis
2916 2925 3194 2982 omnibus
3225 2923 3387 2980 solus
3418 2923 3527 2982 soli
3559 2924 3680 2981 Deo
3708 2925 3794 2978 in-

2153 3015 2415 3085 haereret,
2445 3019 2620 3088 atque
2649 3013 2930 3072 attentius
2966 3013 3253 3086 frequenti
3287 3013 3796 3081 alternatione,aut

2153 3103 2426 3172 orationi,
2456 3109 2555 3160 aut
2586 3102 2822 3160 lectioni
2877 3106 3127 3169 vacaret,
3159 3101 3316 3175 quod
3357 3101 3407 3161 ei
3453 3117 3796 3176 quanquam

402 3207 634 3246 PumOI‘O
664 3189 1044 3246 CircumCircﬁ
1071 3189 1306 3257 ἀίσυεθ,
1339 3188 1598 3260 undique
1629 3189 1700 3244 ad
1731 3203 1866 3244 eum
1909 3203 2044 3242 con-
2074 3179 2118 3246 C
2157 3194 2318 3250 omni
2346 3193 2465 3250 vita
2495 3210 2605 3250 sua
2633 3191 2884 3266 speciale
2931 3191 3108 3248 fuerit
3155 3191 3440 3260 studium,
3474 3191 3797 3264 praesrtim

401 3295 632 3336 currere
645 3277 816 3352 coepit
831 3277 1280 3334 innumerabilis
1294 3276 1892 3348 multitudo.Quisque
1904 3279 2045 3330 tunc

401 3367 548 3424 alios
559 3367 902 3440 praecedere,
927 3371 983 3422 et
998 3365 1155 3438 prior
1176 3365 1426 3438 quisque
1441 3365 1502 3420 in
1520 3365 1748 3437 navigio
1764 3364 1836 3420 ad
1853 3365 2044 3420 virum

402 3455 504 3512 Dei
529 3455 788 3512 certabat
807 3455 1076 3514 transire.
1099 3454 1301 3510 Adfuit
1330 3460 1470 3512 tunc
1496 3453 1658 3510 navis
1689 3453 1832 3509 adeo
1857 3456 2044 3508 vetus-

401 3551 480 3616 ta,
516 3562 642 3620 quae
677 3543 842 3600 rimis
874 3544 1209 3616 patentibus
1243 3542 1540 3617 submergi
1593 3541 1760 3599 facile
1803 3541 2045 3598 irruenti

403 3638 603 3709 posset
649 3632 900 3692 sentina.
932 3632 1091 3690 Hanc
1141 3632 1449 3706 utriusque
1499 3635 1699 3688 sextus
1747 3635 2045 3688 oneratam

401 3722 786 3780 multitudine
811 3727 877 3778 ut
909 3722 980 3778 ad
1011 3721 1200 3777 virum
1234 3721 1333 3778 Dei
1380 3719 1691 3794 navigandi
1721 3721 1887 3795 gnari
1918 3725 2046 3776 ten-

397 3817 526 3868 tant
556 3810 1502 3886 dirigere,inundansdecurrentis
1515 3809 1774 3868 ﬂuminis
1792 3811 2046 3882 impetus

399 3902 668 3958 eamdem
717 3900 1038 3957 submersit
1087 3901 1147 3956 in
1197 3899 1409 3956 mediis
1441 3899 1740 3956 ﬂuctibus.
1775 3899 1888 3955 Res
1916 3899 2046 3954 visu

399 3989 711 4058 mirabilis,
745 3989 901 4062 quod
950 3987 1012 4045 hi
1060 3989 1546 4062 periclitabantur
1585 3988 1910 4061 naufragio,
1945 3987 2045 4060 qui

399 4078 594 4134 Maioli
627 4094 689 4134 sc
715 4078 896 4134 tutari
927 4078 1203 4150 petebant
1232 4077 1566 4134 orationum
1596 4076 2046 4151 praesidio,viros

400 4183 536 4222 cum
568 4165 938 4237 mulieribus,
967 4171 1026 4222 et
1075 4165 1352 4222 mulieres
1399 4183 1534 4222 cum
1586 4165 1866 4239 parvulis,
1899 4181 2049 4237 quos

399 4253 592 4312 adhuc
623 4253 857 4312 alebant
887 4254 1252 4324 uberibus,in
1277 4255 1633 4328 profundum
1649 4256 1777 4328 jam
1799 4253 2049 4310 involve-

399 4344 500 4402 bat
530 4341 901 4410 ﬂuvius,cum
934 4343 1006 4398 ad
1036 4341 1141 4398 viri
1174 4342 1273 4398 Dei
1295 4361 1466 4400 aures
1484 4343 1596 4400 tale
1615 4344 1876 4416 pervenit
1908 4343 2045 4399 faci-

399 4449 532 4489 nus.
567 4431 678 4489 Sed
711 4431 1000 4499 Christus,
1032 4431 1131 4504 qui
1181 4431 1504 4488 clamantes
1551 4433 1624 4489 ad
1676 4449 1738 4488 se
1787 4431 2046 4504 exaudit,

399 4521 510 4615 sibi
543 4521 820 4578 dilectum
853 4519 1685 4615 Maiolum-magnificarc‘non
1711 4521 1962 4615 distulit.
1982 4522 2046 4615 In
2077 4548 2128 4615 Β

398 4611 586 4684 ipsius
634 4609 954 4684 przsscripti
1006 4610 1270 4666 Rhodani
1324 4611 1450 4684 ripa
1501 4611 1574 4668 ab
1604 4611 1864 4684 antiquis
1893 4612 2048 4668 beati

399 4699 632 4756 Martini
665 4704 1002 4755 constructa
1031 4699 1221 4755 fuerat
1250 4699 1612 4756 ecclesia.Ad
1636 4717 1765 4756 eam
1790 4717 2044 4774 namque

395 4788 484 4844 vir
513 4787 924 4860 Domini,aqua
953 4789 1294 4845 submersos
1325 4793 1716 4862 tegentc,cum
1749 4789 2044 4846 neminem

395 4895 600 4934 eorum
632 4879 1012 4950 conspiceret,
1033 4878 1234 4934 oculos
1265 4895 1398 4934 cum
1429 4877 1704 4952 lacrymis
1735 4879 1868 4951 pius
1898 4879 2048 4934 leva-

394 4968 562 5036 vit,et
591 4967 821 5024 tristem
853 4967 924 5021 ad
947 4971 1160 5023 terram
1177 4967 1400 5022 vultum
1421 4967 1696 5038 deinceps
1718 4966 2044 5024 inclinavit.

399 5057 512 5112 Sed
543 5056 678 5113 licet
708 5055 1040 5112 astantibus
1070 5060 1210 5112 tunc
1242 5057 1506 5130 ignotum
1541 5056 1750 5112 fuisset
1766 5057 1920 5129 quod
1953 5056 2048 5114 ille

399 5144 697 5220 paulisper
715 5145 930 5203 tacitus
947 5145 1566 5214 oravissct,efﬁcaciter
1585 5151 1780 5202 tamen
1798 5145 2044 5219 adipisci

399 5235 613 5290 meruit
643 5235 796 5308 quod
832 5236 1025 5291 mente
1055 5233 1152 5306 pia
1181 5234 1469 5308 quaesivit.
1499 5234 1702 5292 Crucis
1734 5234 1890 5291 enim
1922 5235 2045 5310 sig-

398 5341 541 5382 num
573 5330 639 5380 ut
655 5324 920 5393 edidit,et
937 5341 1150 5380 cernuo
1171 5323 1334 5380 vultu
1355 5323 2046 5398 paulisper(utdiximus)

399 5412 841 5485 oravit;diversi
872 5430 1048 5469 sexus
1073 5417 1132 5468 et
1165 5414 1351 5470 aetatis
1383 5429 1516 5470 mox
1539 5418 1746 5470 nantes
1769 5429 2048 5486 apparue-

471 5524 547 5595 (8)
581 5522 640 5579 S.
674 5520 844 5595 Odilo
890 5520 948 5576 id
1006 5520 1290 5576 accidisse
1341 5521 1564 5595 scribit,
1613 5538 1748 5577 cum
1799 5520 2048 5578 Maiolus

399 5591 540 5652 esset
580 5591 877 5670 aliquando
921 5595 982 5650 in
1028 5595 1362 5652 monasterio
1394 5591 1744 5651 sanctissimi
1771 5595 2044 5671 Dionysii.

2151 3287 2348 3338 tamen
2381 3281 2452 3338 ad
2485 3281 2593 3338 hoc
2622 3279 2932 3336 desudavit
2977 3278 3337 3353 praecipuum
3387 3279 3547 3336 circa
3594 3278 3800 3336 mortis

2153 3371 2496 3426 confinium.
2529 3369 2754 3443 Saepius
2776 3367 3015 3442 lugebat
3045 3369 3186 3425 dum
3218 3367 3515 3442 spiritales
3545 3369 3703 3424 viros
3731 3368 3800 3424 ad

2155 3459 2498 3516 memoriam
2525 3458 2860 3525 reducebat,
2891 3473 3038 3530 quos
3067 3455 3356 3533 indivina
3386 3456 3674 3530 religione
3701 3457 3798 3512 ﬂo-

2157 3565 2302 3616 rere,
2353 3565 2419 3604 ac
2468 3564 2571 3621 pro
2621 3547 2958 3603 defensione
3003 3545 3272 3602 Ecclesia:
3319 3549 3535 3602 sancta:
3581 3546 3803 3602 viderat

2153 3635 2397 3692 viriliter
2411 3635 2948 3693 decertare.Eorum
2970 3635 3210 3708 quidem
3233 3635 3636 3693 recordatisne
3648 3633 3800 3692 omni

2157 3743 2219 3783 se
2248 3725 2306 3781 in
2332 3724 2440 3782 hoc
2474 3725 2694 3781 mundo
2726 3724 3078 3797 destitutum
3110 3723 3234 3781 fore
3264 3723 3515 3782 deﬂebat
3545 3723 3754 3780 solatio
3787 3739 3799 3777 :

2157 3820 2214 3870 et
2243 3815 2372 3870 ideo
2404 3813 2666 3870 solamen
2717 3812 2828 3868 sibi
2879 3811 3005 3868 sola
3033 3811 3230 3868 divina
3280 3811 3582 3885 praebebat
3612 3812 3798 3869 lectio.

2158 3903 2411 3976 Ideoque
2456 3901 2646 3958 modis
2691 3901 2966 3957 omnibus
3015 3899 3252 3958 dissolvi
3305 3906 3361 3958 et
3409 3918 3539 3959 esse
3571 3902 3800 3977 Optabat

2157 4009 2292 4048 cum
2309 3991 2647 4048 Christo.Ea
2663 3990 2955 4062 siquidem
2980 3993 3325 4063 tempestate
3342 3990 3535 4064 reegis
3560 3991 3796 4047 Franco-

2158 4097 2289 4136 rum
2308 4078 2918 4153 impellabaturnimia
2935 4079 3794 4152 importunitatemtsecundum

2159 4169 2313 4224 beati
2347 4167 2534 4240 patris
2564 4167 2862 4224 Benedicti
2895 4166 3304 4241 magisterium
3343 4165 3497 4224 beati
3553 4163 3794 4240 Dionysii

2157 4257 2495 4330 disponeret
2527 4255 2970 4312 monasterium.
3004 4255 3112 4323 Qui
3158 4273 3308 4330 opus
3351 4257 3576 4313 bonum
3626 4260 3691 4312 ut
3733 4253 3796 4310 ad

2157 4347 2286 4402 vita:
2320 4345 2494 4402 finem
2527 4361 2714 4418 usque
2753 4343 3116 4418 perduceret,
3167 4345 3302 4402 licet
3348 4345 3525 4402 finem
3579 4345 3796 4402 dierum

2159 4452 2400 4492 suorum
2425 4435 2794 4508 jamjamque
2824 4435 3022 4491 adfore
3053 4451 3168 4492 non
3201 4429 3799 4508 ignoraret,proficisci

2157 4529 2356 4582 tamen
2389 4524 2462 4580 ob
2494 4524 2828 4579 istiusmodi
2862 4539 3103 4580 causam
3120 4523 3364 4578 minime
3395 4521 3797 4591 recusavit;bo—

2160 4631 2296 4670 nam
2329 4613 2480 4669 hanc
2510 4613 2796 4668 virtutum
2827 4628 3068 4668 suarum
3101 4611 3675 4668 consummationem
3692 4609 3798 4666 cxi-

2155 4703 2430 4770 stimans,
2465 4703 2514 4757 si
2546 4701 2770 4757 ordinis
2802 4699 3112 4756 monastici
3144 4700 3505 4774 professores
3545 4699 3607 4754 in
3627 4699 3800 4772 justi-

2154 4791 2297 4846 tiam
2331 4794 2389 4846 et
2419 4791 2792 4846 sanctitatem
2826 4787 2936 4844 sibi
2969 4788 3223 4855 socians,
3255 4787 3567 4844 charitatis
3619 4787 3802 4842 unitos

2155 4879 2386 4935 vinculo
2417 4878 2756 4934 dimitteret.
2788 4878 3029 4949 Arrepto
3063 4877 3272 4932 itinere
3314 4875 3678 4932 territorium
3706 4877 3801 4929 Ar-

2155 4984 2439 5024 vernense
2472 4965 2935 5040 expetiit,ibiquc
2967 4965 3023 5020 in
3049 4965 3303 5038 quadam
3335 4982 3445 5020 sua
3473 4961 3807 5033 cella,Silvi-

2159 5059 2324 5113 niaco
2347 5055 2756 5123 scilicet,nunc
2768 5053 2894 5110 loco
2907 5053 3310 5121 celeberrimo,
3331 5052 3543 5108 ultima
3557 5051 3803 5109 exerceri

2153 5145 2496 5220 azgritudinc
2521 5143 2714 5216 coepit.
2740 5141 2936 5200 Sensit
2963 5141 3124 5198 illico
3153 5140 3656 5214 prudentissimus
3672 5139 3806 5196 viro-

2156 5253 2288 5292 rum
2319 5251 2436 5291 sus:
2471 5231 2847 5288 resolutionis
2872 5236 3106 5302 tempus
3127 5231 3655 5303 supremum.Tum
3679 5245 3804 5286 vero

2155 5341 2368 5380 mceror
2415 5327 2472 5378 et
2514 5321 2709 5377 luctus
2758 5320 3046 5388 omnium,
3076 5336 3183 5375 vox
3214 5336 3333 5374 una
3375 5317 3802 5394 plangentium.

2156 5415 2418 5485 Cumque
2443 5428 2475 5466 a
2498 5408 2780 5466 fratribus
2809 5408 3019 5464 fuisset
3034 5411 3679 5481 percontatus,gregem
3697 5402 3802 5461 sibi

2157 5517 2454 5592 Nalﬁgodus
2483 5515 2666 5582 addit,
2711 5513 3004 5592 distributa
3054 5512 3454 5592 in_1_nonachos
3507 5511 3801 5570 substantia

2157 5584 2306 5647 vcrb‘i
2333 5592 2454 5659 Dei,
2487 5595 2538 5646 et
2561 5602 2815 5645 sermone
2843 5585 2914 5644 ad
2943 5601 3030 5643 eos
3059 5584 3263 5643 habito.
