4028 6172
148 304 365 398 ‘m

1380 334 1482 395 DE
1527 333 1965 396 ELECTIONE
2010 336 2073 395 S.
2122 335 2510 396 ODILONIS.

3532 326 3652 397 778

254 469 629 526 commissum
660 467 753 523 cui
787 468 860 539 (9}
891 466 1300 535 committeret,
1336 466 1531 523 taliter
1559 484 1657 521 eos
1709 467 1889 521 fuisse
1916 466 1975 534 Α
2006 469 2377 534 trabis.Quos
2410 472 2474 522 ut
2504 467 2834 535 absolvit,et
2864 467 3256 525 sanctissimis
3287 469 3653 524 orationibus

256 559 463 615 dicitur
494 557 706 613 atl'atus
739 574 751 612 :
794 582 813 605 α
849 558 1053 614 Jesum
1086 573 1386 613 summum
1416 560 1709 629 pastorem
1743 556 1900 612 hunc

258 646 541 703 habebitis
571 650 978 717 protectorem.
1013 668 1042 695 »
1078 644 1566 718 Peregrinationis
1596 661 1732 717 ergo
1763 643 1902 717 quia

255 735 552 792 deserebat
582 733 872 804 exsilium,
906 739 962 790 et
991 736 1064 790 ad
1096 734 1396 807 proprium
1430 732 1598 789 laetus
1623 734 1900 805 pergebat

254 824 632 891 domicilium;
659 823 786 879 ideo
816 825 1080 896 gaudens
1100 824 1208 878 hoc
1234 823 1636 894 frequentabat
1651 820 1898 876 versicu-

254 914 336 969 los
368 931 379 967 :
414 915 657 980 Domine,
702 913 879 967 ditari
925 913 1166 968 decorem
1208 912 1397 967 domus
1454 919 1561 966 tua?
1614 918 1667 966 et
1723 911 1898 965 locum

251 1003 596 1058 habitationis
626 1002 823 1072 gloria:
867 1009 997 1067 tuae,
1031 1004 1140 1054 etc.
1194 1000 1365 1068 Quam
1404 999 1600 1054 dilecta
1644 999 1894 1054 taberna-

249 1093 369 1147 cula
426 1098 542 1155 tua,
596 1091 828 1145 Domine
880 1092 1164 1155 virtutum,
1226 1090 1559 1159 concupiscit
1611 1097 1663 1143 et
1718 1088 1898 1159 deﬁcit

248 1183 434 1237 anima
457 1196 579 1235 mea
612 1180 672 1233 in
701 1181 849 1234 atria
877 1180 1120 1247 Domini,
1152 1182 1262 1233 etc.
1304 1178 1455 1248 Elegi
1500 1178 1735 1249 abjectus
1780 1193 1894 1232 esse

251 1273 306 1325 in
329 1269 484 1325 domo
515 1269 614 1324 Dei
636 1269 747 1324 mei
774 1269 949 1338 magis
978 1284 1142 1339 quam
1170 1266 1415 1323 habitare
1431 1269 1487 1321 in
1520 1265 1892 1321 tabemaculis

242 1365 598 1432 peccatorum.
636 1359 724 1413 Ita
754 1357 870 1413 Deo
903 1360 1256 1430 protegente,
1291 1355 1565 1410 omnibus
1618 1356 1709 1409 sui
1760 1371 1889 1411 cor-

248 1447 402 1520 poris
452 1445 733 1502 membris
780 1445 1025 1519 integris
1074 1450 1249 1516 atque
1296 1442 1559 1511 illibatis,
1615 1443 1888 1516 prmclaro

246 1535 466 1591 scilicet
494 1535 623 1590 visu
644 1550 909 1607 puroque
939 1533 1165 1600 auditu,
1202 1550 1348 1589 sana
1397 1532 1702 1598 memoria,
1737 1533 1890 1588 sicut

242 1624 428 1679 fuerat
458 1624 685 1696 integer
714 1640 749 1678 a
777 1623 1149 1694 corruptione
1181 1621 1673 1689 carnis,nesciens
1696 1621 1885 1676 labem

239 1713 381 1769 nivei
413 1712 677 1785 pudoris,
711 1711 971 1784 pervenit
998 1712 1069 1766 ad
1101 1712 1340 1777 exitum,
1376 1709 1706 1766 immortale
1745 1712 1885 1765 ade-

236 1806 445 1873 pturus
476 1801 965 1873 compendium.A
998 1801 1277 1856 fratribus
1308 1817 1380 1855 an
1412 1798 1631 1870 aliquid
1663 1799 1884 1854 doleret

237 1891 650 1964 interrogatus,
687 1889 989 1961 respondit
1022 1888 1167 1943 nihil
1200 1904 1261 1943 se
1310 1888 1524 1942 habere
1574 1887 1876 1955 molestiae,

231 1982 326 2037 sed
357 1980 563 2036 omnia
595 1979 793 2051 quieta
821 1983 876 2033 et
899 1975 1219 2049 tranquilla
1249 1976 1660 2048 perspicere,et
1688 1976 1880 2032 videre

231 2070 379 2125 bona
413 2068 648 2124 Domini
672 2067 732 2122 in
766 2073 921 2122 terra
949 2065 1289 2120 viventium.
1322 2066 1485 2120 Tune
1517 2071 1649 2120 ante
1682 2065 1876 2136 ipsum

229 2158 284 2213 in
318 2163 539 2213 terram
572 2156 870 2229 prostrati,
904 2171 1038 2210 eum
1084 2154 1277 2209 taliter
1325 2159 1625 2226 cmperunt
1674 2155 1879 2227 depre-

226 2246 359 2301 cari.
394 2246 519 2301 Nos
548 2245 651 2300 tibi
682 2243 1052 2311 commissos,
1077 2248 1243 2315 pater
1271 2242 1878 2315 beatissime,paterno

228 2351 381 2390 more
410 2333 677 2402 absolve,
708 2332 1102 2389 sanctissimis
1133 2333 1252 2387 tuis
1281 2332 1647 2388 orationibus
1686 2336 1877 2387 tuere.

228 2424 390 2478 Fides
419 2422 583 2478 enim
613 2426 717 2476 tua
745 2426 803 2478 et
832 2436 1010 2494 opera
1038 2425 1095 2476 te
1128 2420 1360 2476 Christo
1392 2420 1722 2476 sociant:et
1750 2421 1877 2476 ideo

226 2511 517 2584 quidquid
550 2511 623 2567 ab
654 2526 722 2565 eo
751 2509 1102 2583 postulabis,
1136 2526 1390 2581 prmsens
1422 2507 1651 2564 facilius
1698 2509 1879 2582 impc-

294 2638 366 2709 (9)
400 2638 479 2691 Et
510 2640 703 2692 tamen
738 2636 866 2707 jam
913 2628 1069 2709 ante
1102 2633 1444 2709 trienn_i_um_
1482 2633 1647 2709 Odilo
1696 2634 1878 2691 abbas

227 2704 423 2779 design
441 2712 574 2764 atus
622 2704 813 2763 fuerat
858 2723 927 2762 ex
975 2705 1258 2779 dictis_in
1287 2704 1506 2779 Elegia.
1541 2705 1622 2779 De
1652 2710 1876 2779 protec-

225 2775 579 2851 tore‘itaque
609 2795 675 2834 ac
707 2784 951 2851 patrono
980 2775 1525 2833 intellibendushic
1565 2775 1748 2832 locus.
1783 2776 1877 2833 Sic

2011 556 2395 624 conﬁrmavit,
2448 573 2482 611 a
2529 556 2828 612 communi
2870 555 3160 612 locutione
3209 557 3477 613 cessavit.
3518 556 3651 613 Jam

2009 643 2271 699 humana
2299 644 2662 717 despiciebat
2691 649 2749 700 et
2778 661 3015 701 sursum
3068 645 3268 701 oculos
3315 644 3386 700 ad
3438 642 3651 702 cmlum

2008 732 2285 805 erigebat,
2320 734 2673 807 eosdemque
2700 733 3019 790 versiculos
3049 750 3237 806 usque
3276 734 3348 790 ad
3393 733 3650 807 exspira-

2007 822 2224 877 tionem
2258 823 2466 877 animae
2498 823 2887 894 repetebat,ut
2908 840 2978 878 au
2988 840 3047 878 re
3064 822 3334 895 apposita
3353 821 3447 876 vix
3458 820 3650 878 audiri

2006 916 2205 982 posset
2251 912 2407 982 quod
2456 912 2705 966 dicebat.
2740 912 2988 982 Signum
3036 902 3169 967 vero
3200 915 3416 967 sancta:
3457 911 3649 966 crucis

2006 1000 2219 1071 saepius
2249 1001 2452 1054 dextra
2481 1006 2683 1054 sancta
2711 999 2821 1055 sibi
2857 1000 3227 1072 depingebat.

2075 1134 2189 1188 Nec
2221 1133 2444 1205 patitur
2470 1133 2738 1189 Christus
2768 1134 3013 1189 charum
3045 1152 3147 1205 per
3177 1134 3347 1191 saecla
3372 1134 3646 1191 clientem

2073 1221 2174 1278 Vel
2205 1227 2475 1294 torquere
2507 1222 2628 1291 diu,
2664 1226 2898 1295 partove
2926 1223 3211 1279 absistere
3240 1240 3418 1296 regno
3451 1241 3463 1279 :

2074 1309 2417 1384 Martyrium
2450 1310 2543 1366 cui
2575 1311 2695 1366 vita
2724 1311 2857 1381 fuit,
2892 1311 3034 1384 quin
3069 1311 3221 1367 mole
3248 1311 3519 1368 laborum

2072 1399 2378 1456 Defessum
2408 1399 2614 1456 invitat
2646 1395 2890 1472 superas
2921 1402 3254 1456 moderator
3284 1399 3342 1456 in
3373 1417 3556 1458 arces.

2071 1488 2324 1561 Spiritus
2356 1488 2592 1545 arctatis
2620 1489 2832 1545 ardens
2863 1505 3157 1563 emergere
3188 1489 3397 1548 vinclis

2070 1578 2313 1644 Emicat,
2347 1581 2404 1633 et
2434 1576 2689 1651 liquidas
2718 1576 2868 1633 liber
2897 1578 3250 1634 transfertur
3282 1580 3341 1636 in
3374 1598 3568 1650 auras,

2068 1666 2448 1738 IIymnizanto
2482 1665 2613 1739 polo
2648 1666 2963 1739 laetumque
2996 1666 3285 1741 alalagma
3313 1658 3575 1727 canente.

2068 1756 2404 1827 Saepserunt
2435 1756 2676 1811 comites
2708 1756 2857 1811 miro
2888 1756 3195 1829 splendore
3223 1759 3483 1833 superni,

2062 1842 2470 1915 Victoremque
2497 1843 2692 1899 ferunt
2724 1848 2887 1900 trans
2920 1844 3091 1917 ignea
3122 1846 3316 1902 sidera
3345 1845 3569 1914 laetum,

2063 1932 2131 1985 Et
2161 1932 2380 1987 sistunt
2411 1931 2555 1987 solio
2588 1932 2806 1987 summi
2841 1950 2944 2005 per
2972 1932 3184 1989 saecula
3214 1935 3406 2007 Regis.

2061 2064 2345 2119 Dormivit
2375 2081 2507 2120 vero
2539 2081 2672 2120 cum
2704 2064 2970 2136 patribus
3001 2065 3125 2120 suis
3157 2083 3193 2121 v
3223 2065 3435 2121 Iduum
3467 2066 3669 2125 Maia--

1990 2171 2120 2209 rum
2148 2173 2161 2221 ;
2196 2153 2581 2226 sepultusque
2612 2159 2702 2209 est
2730 2154 2788 2209 in
2820 2153 3065 2210 basilica
3097 2155 3157 2210 Β.
3193 2155 3478 2226 Petri,ubi
3510 2157 3640 2228 ejus

1989 2242 2383 2299 sanctissimis
2413 2242 2638 2297 meritis
2670 2242 2857 2298 multa
2868 2248 3222 2315 praestantur
3241 2245 3639 2314 beneficia,re-

1987 2337 2205 2405 gnante
2234 2332 2294 2386 in
2316 2335 2666 2403 perpetuum
2697 2332 2946 2389 Domino
2980 2337 3180 2390 nostro
3210 2333 3352 2390 Jesu
3380 2334 3635 2404 Christo,

1990 2421 2084 2475 cui
2115 2424 2205 2475 est
2234 2437 2371 2476 cum
2402 2420 2569 2476 Patre
2597 2426 2656 2477 ct
2705 2421 2928 2494 Spiritu
2969 2427 3171 2479 sancto
3210 2422 3420 2493 honor,
3448 2425 3640 2481 virtus

1989 2514 2046 2563 et
2077 2507 2265 2581 gloria
2296 2526 2399 2581 per
2427 2509 2783 2566 immortalia
2811 2511 3159 2568 saeculorum
3191 2512 3636 2571 smcula.Amen.

1984 2634 2452 2718 Archambaldus
2487 2633 2700 2689 dicitur
2731 2635 2802 2690 ab
2826 2634 3068 2691 Odilone
3097 2636 3515 2693 Silviniacensis
3536 2638 3642 2694 loci

1982 2722 2250 2778 provisor.

1295 3093 1799 3183 ELECTIO
1861 3095 1954 3181 s.
2015 3092 2568 3203 0011.0le

1225 3273 1456 3334 Viventc
1501 3283 1699 3335 sancto
1749 3271 1975 3335 Maiolo
2023 3271 2231 3334 abbate
2282 3270 2664 3334 Cluniacensi

1751 3438 1938 3504 (Anno
1967 3435 2117 3507 988.)

295 3696 515 3751 Ordine
551 3695 753 3751 divina:
788 3695 1244 3768 dispensationis
1260 3710 1392 3749 cum
1418 3695 1673 3766 primum
1697 3695 1879 3751 sacris
1911 3699 1953 3765 (ζ
1993 3710 2169 3749 neum
2201 3694 2580 3765 persentisco,
2612 3693 2764 3746 beati
2817 3693 3108 3749 Benedicti
3151 3695 3516 3765 capitulatim
3566 3699 3637 3767 de

226 3782 453 3856 legibus
488 3801 526 3837 a
557 3783 907 3855 patriarchis
929 3790 985 3839 et
1016 3783 1473 3856 prophetis,tum
1487 3782 1881 3839 etiamhuma-

227 3872 317 3926 nis
348 3871 699 3929 consulibus
719 3877 775 3928 et
800 3872 1038 3945 regibus
1060 3876 1254 3927 motus
1268 3871 1617 3943 populorum
1638 3873 1885 3944 compri-

227 3967 653 4035 meretur,post
683 3966 943 4035 tempore
974 3962 1261 4017 incarnati
1294 3960 1465 4017 Verbi
1497 3962 1668 4033 ignea
1696 3962 1884 4017 rhom-

228 4050 467 4122 phazaiu
492 4050 643 4106 ostio
665 4049 921 4122 paradisi
945 4050 1099 4105 fonte
1122 4048 1321 4105 lateris
1343 4049 1555 4104 Christi
1577 4050 1882 4119 exstincta,

227 4144 287 4194 ut
308 4156 567 4212 regnum
591 4138 691 4194 Dei
712 4138 1027 4194 violentius
1053 4144 1369 4211 raperetur,
1386 4138 1557 4212 cmpit
1579 4144 1769 4195 status
1791 4140 1890 4194 Ec-

227 4227 549 4283 clesiarum
582 4228 652 4283 ab
676 4226 1013 4300 apostolicis
1035 4227 1175 4282 viris
1192 4225 1304 4300 piis
1337 4228 1601 4283 moribus
1620 4228 1892 4305 informa-

227 4316 357 4385 ri,et
372 4318 622 4372 demum
641 4333 674 4371 a
691 4317 874 4372 sacris
892 4316 1031 4372 viris
1049 4320 1103 4371 et
1124 4316 1437 4371 abbatibus
1451 4316 1508 4371 in
1522 4318 1889 4372 subditorum

227 4405 533 4460 mentibus
558 4404 843 4477 regularis
866 4405 1004 4461 ordo
1034 4405 1288 4475 disponi,
1310 4410 1373 4459 ut
1390 4423 1493 4477 per
1509 4422 1643 4460 eum
1665 4422 1897 4460 curren-

227 4494 387 4550 tibus
413 4494 605 4551 facilis
628 4494 879 4550 cmlestis
910 4494 1109 4566 patria:
1130 4494 1424 4550 videretur
1449 4512 1746 4550 ascensus.
1773 4496 1894 4550 Sic-

230 4599 342 4653 que
365 4584 459 4648 fit,
481 4586 548 4638 ut
570 4587 789 4655 quanto
813 4583 946 4655 quis
974 4600 1077 4655 per
1107 4583 1369 4655 exempla
1394 4584 1626 4655 pietatis
1658 4588 1897 4654 paterno

230 4671 393 4727 cultu
417 4689 482 4727 se
506 4673 581 4728 ad
604 4671 833 4727 excelsa
848 4672 1078 4744 erigens
1096 4672 1462 4744 processerit,
1487 4673 1810 4728 etsuhditis
1826 4674 1898 4728 ad

231 4759 495 4815 cmlestia
521 4761 800 4832 sequendi
827 4762 1106 4816 ducatum
1131 4762 1632 4832 prmbucrit,tanto
1663 4779 1696 4815 a
1717 4779 1904 4816 remu-

1991 3781 2397 3840 constituendo
2423 3780 2630 3835 abbate
2663 3779 3052 3836 sollicitudine
3083 3783 3635 3853 prmmonitus,cum

1993 3871 2266 3928 omnibus
2308 3869 2587 3924 fratribus
2633 3868 2801 3937 meis,
2839 3868 2993 3939 flliis,
3029 3874 3086 3925 et
3131 3872 3445 3939 conservis,
3480 3873 3635 3928 beati

1995 3962 2232 4034 quidem
2266 3959 2416 4014 Petri
2448 3957 2676 4030 pridem
2689 3957 2963 4014 clericum
2983 3960 3219 4015 fratrem
3236 3963 3294 4032 et
3313 3959 3501 4016 filium
3520 3978 3640 4018 mo-

1999 4050 2204 4105 nachis
2234 4047 2541 4103 Odiloncm
2575 4045 2914 4119 religiosum
2944 4047 3250 4121 elegimus,
3283 4052 3341 4104 et
3372 4049 3644 4121 abbatem

1999 4155 2128 4195 esse
2158 4136 2551 4205 decernimus,
2589 4152 2660 4190 ne
2695 4135 3010 4192 insolentia
3041 4142 3252 4193 nostra)
3282 4135 3647 4197 infirmitatis

2002 4228 2141 4283 ordo
2173 4226 2580 4295 deterescat,et
2612 4225 2906 4297 repulsam
2940 4225 2999 4280 in
3031 4224 3229 4299 aliquo
3250 4227 3513 4300 patiatur
3532 4229 3653 4287 Deo

2003 4315 2254 4389 propitio
2285 4332 2517 4388 semper
2546 4315 2618 4369 ad
2652 4313 2893 4370 meliora
2923 4315 3349 4387 provehendus.

2076 4406 2145 4459 Et
2174 4421 2245 4459 ne
2278 4402 2549 4459 technam
2591 4403 2841 4475 alicujus
2889 4405 3285 4461 excusationis
3332 4407 3652 4478 praetendat

2007 4495 2165 4567 (nam
2197 4494 2349 4548 sicut
2377 4492 2512 4564 quis
2542 4492 2779 4565 indigne
2810 4492 2882 4547 ad
2916 4492 3176 4565 regimen
3204 4493 3476 4549 incautus
3492 4495 3654 4567 aspi-

2008 4583 2206 4650 rat,ita
2235 4582 2284 4636 si
2307 4581 2438 4653 quis
2455 4582 2670 4653 dignus
2688 4581 3138 4654 refugit,merito
3164 4582 3654 4655 constringendos

2010 4671 2578 4727 habeturconsilium
2593 4671 3001 4743 episcoporum
3019 4675 3073 4726 et
3092 4672 3370 4726 abbatum
3393 4672 3654 4728 adhibui-

2012 4779 2159 4816 mus.
2173 4760 2803 4816 EtsicutCluniacense
2816 4760 3384 4823 monasterium.Deo
3399 4765 3654 4829 auctore,

233 4853 507 4903 neratore
554 4849 800 4904 Domino
836 4849 1150 4925 multiplex
1189 4850 1471 4905 mercedis
1520 4856 1575 4904 et
1607 4850 1905 4906 tiliationis
2013 4868 2047 4906 a
2076 4849 2385 4906 Guillelmo
2413 4851 2560 4905 duce
2590 4850 2923 4913 fundatum,
2956 4849 3193 4904 nomine
3224 4847 3656 4923 principisapo-

235 4940 409 4992 fenus
463 4938 766 5010 percipiet.
818 4939 887 4993 Et
928 4939 1204 5010 quoniam
1250 4940 1320 4992 ad
1362 4938 1631 5010 prmlatos
1670 4941 1907 5012 respicit
2015 4940 2301 4995 stclorum
2334 4943 2650 5005 sacratum,
2686 4937 3002 5010 privilegiis
3034 4938 3307 4993 Romana:
3338 4939 3493 4994 sedis
3522 4938 3661 4995 insi-

242 5026 545 5097 quidquid
580 5043 613 5079 a
646 5027 903 5081 subditis
936 5026 1313 5098 delinquitur,
1348 5026 1677 5098 exemplum
1720 5046 1906 5100 pravae
1939 5073 1982 5101 η
2016 5028 2272 5101 gnitum,
2306 5027 2601 5099 regalibus
2630 5026 2933 5098 praeceptis
2954 5027 3388 5096 confirmatum,
3422 5045 3457 5083 a
3496 5020 3687 5084 ravo?

245 5073 545 5097 ‘l“"'"l“'“
581 5073 613 5079 "
646 5073 902 5081 "“'"‘“""’
938 5073 1313 5098 “‘"""l"‘"“"’
1350 5073 1677 5098 ““"”l”“""
1720 5073 1904 5100 I"“'""
2016 5073 2272 5101 O“"'“'"’
2306 5073 2599 5099 “"O"""“’"
2630 5073 2932 5098 l"“""l""’
2956 5073 3388 5096 """"’""“""""
3423 5073 3457 5083 "
3497 5073 3625 5084 ‘V'V

235 5115 367 5168 vita:
396 5120 458 5168 et
492 5114 912 5187 negligentiam
956 5116 1349 5182 subditorum,
1394 5116 1686 5170 sententia
1729 5117 1907 5171 divini
1938 5073 1983 5136 Ι)
2019 5117 2217 5172 rendis
2263 5132 2495 5186 quoque
2548 5104 2859 5170 abbatibus
2908 5116 3124 5171 domno
3174 5116 3435 5173 Bernone
3485 5122 3661 5190 atque

236 5202 721 5275 exanxinisﬁgnis
754 5202 1037 5274 gehennae
1070 5203 1456 5258 inexhaustus
1472 5203 1903 5271 vindieat.Qua-
2014 5205 2230 5271 Odone,
2265 5220 2487 5259 necnon
2521 5204 2847 5275 Haymardo
2891 5204 3228 5261 ordinatum
3278 5211 3545 5275 constat;
3580 5207 3663 5262 ita
3738 5238 3743 5239 ν

241 5298 489 5365 propter
521 5310 626 5365 ego
659 5292 914 5349 Maiolus
949 5294 1009 5349 S.
1045 5293 1193 5348 Petri
1228 5292 1632 5348 Cluniacensis
1661 5292 1908 5348 coenobii
2018 5309 2151 5347 cum
2183 5292 2457 5347 omnibus
2489 5292 2910 5357 abbatiis,locis
2938 5298 2995 5349 et
3020 5293 3182 5349 cellis
3207 5293 3307 5350 ubi
3328 5295 3428 5351 ubi
3459 5281 3662 5351 eorum

242 5380 429 5435 abbas
453 5379 738 5453 indignus
752 5380 1139 5452 praesentibus
1165 5385 1339 5452 atque
1364 5380 1574 5435 futuris
1586 5381 1909 5453 generatim
2019 5379 2107 5436 vel
2128 5383 2328 5434 nostro
2351 5384 2612 5452 tempore
2642 5382 2968 5453 acquisitis,
2995 5383 3270 5453 praedicto
3309 5383 3471 5439 fratri
3504 5382 3664 5439 ordi-

244 5472 456 5523 notum
491 5485 620 5524 esse
650 5469 804 5534 volo,
839 5469 980 5540 quia
1020 5468 1140 5523 hinc
1173 5474 1228 5524 et
1261 5468 1669 5540 hujuscemodi
1721 5472 1914 5525 mente
2024 5468 2925 5540 nandumtradimus,atquetam
2940 5472 3012 5527 ad
3029 5472 3294 5529 ordinem
3314 5472 3666 5529 servandum

248 5558 626 5627 pertractans
661 5563 829 5613 actate
850 5557 1443 5630 defatigatus,olf1ciis
1468 5576 1700 5631 quoque
1723 5576 1917 5630 corpo-
2028 5559 2350 5615 secundum
2382 5558 2619 5613 beatum
2648 5559 3024 5615 Benedictum
3057 5566 3112 5617 et
3132 5560 3404 5617 instituta
3431 5565 3667 5633 patrum

251 5643 339 5705 ris
372 5644 756 5717 imminutus,
791 5648 933 5703 dum
965 5647 1165 5703 minus
1196 5664 1289 5703 me
1311 5648 1588 5722 pastorali
1620 5665 1761 5706 cura
1788 5648 1919 5708 ido-
2038 5654 2375 5707 nostrorum
2408 5662 2585 5722 quam
2605 5647 2677 5706 ad
2710 5666 2803 5707 res
2818 5649 3212 5727 disponendae
3228 5652 3339 5709 sub
3355 5649 3697 5712 omniintev

585 5775 856 5844 PATROL.
903 5775 1249 5843 CXXXVII.
3271 5780 3358 5869 βξ
