4028 6172
284 302 405 379 785

1586 311 1688 371 DE
1730 312 1913 371 VITA
1958 310 2024 373 S.
2069 311 2396 373 JULIANI.

3579 313 3711 378 786’

285 437 573 495 indicibili
602 436 911 496 morticine
947 457 1157 511 genere
1201 441 1934 512 debacchatus,Eeclesiam
1965 449 2019 515 Α
2052 445 2195 518 perli
2246 446 2445 513 subiit,
2493 451 2551 503 et
2608 446 2810 503 mundi
2860 445 3046 519 gloria
3092 444 3206 504 sibi
3245 445 3566 516 substrata,
3597 464 3696 505 eos

287 527 505 584 Christi
536 545 870 601 expugnare
901 529 1066 586 nisus
1097 536 1204 586 est.
1235 533 1346 587 Sed
1379 550 1495 604 quo
1524 533 1653 605 ejus
1684 533 1940 606 amplius

287 616 559 674 efferbuit
604 617 969 685 immanitas,
1012 636 1078 674 eo
1126 623 1467 676 sanctorum
1530 620 1943 694 insuperabilis

287 706 654 771 constantiae,
689 705 843 761 unde
877 706 1144 763 atrociori
1172 708 1406 780 pulsata
1436 715 1524 765 est
1551 709 1783 781 invidia,
1811 710 1944 767 inde

286 794 591 866 amplioris
623 793 854 849 virtutis
886 796 1127 852 emicuit
1156 797 1359 869 gloria.

357 884 707 939 7.Neronem
728 882 907 955 igitur
926 885 1180 956 primum
1205 890 1407 941 contra
1424 887 1700 959 pietatem
1720 888 1943 944 habens

287 972 608 1045 impietatis
630 970 1003 1039 ministrum;
1037 973 1247 1029 dehinc
1271 992 1372 1046 per
1389 976 1769 1031 succedentes
1800 976 1939 1032 sibi-

285 1066 410 1117 met
451 1060 742 1132 principes
791 1060 1026 1116 malitia:
1077 1078 1194 1117 sua:
1242 1079 1465 1135 augens
1514 1064 1941 1120 incrementum

286 1167 392 1225 per
414 1152 703 1204 trecentos
724 1154 781 1204 et
803 1166 872 1205 eo
894 1149 1150 1222 amplius
1174 1152 1704 1219 annos,Ecclesiam
1727 1153 1940 1209 Christi

285 1237 607 1306 concussit,
638 1238 739 1294 sed
768 1237 1106 1294 nullatenus
1136 1245 1389 1296 evertere
1409 1241 1763 1297 valuit.Cum
1784 1242 1941 1298 enim

286 1326 644 1399 complacuit
674 1326 853 1399 ei,qui
886 1326 1085 1383 ﬁdeles
1116 1345 1252 1384 suos
1285 1329 1416 1401 igne
1447 1332 1786 1386 tentationis
1807 1347 1941 1403 per-

287 1416 455 1472 misit
484 1415 747 1487 excoqui,
796 1422 861 1471 ut
910 1434 1150 1473 serenus
1200 1417 1323 1474 dies
1370 1423 1500 1490 post
1540 1425 1623 1475 tot
1676 1419 1941 1475 turbines

288 1503 526 1561 familia:
557 1522 675 1561 sua:
705 1504 1089 1573 illuceseeret,
1124 1506 1225 1564 lux
1250 1508 1513 1583 veritatis
1558 1508 1789 1565 culmen
1831 1510 1939 1564 im-

2054 535 2228 606 cmpit
2258 536 2471 591 habere
2502 536 2837 591 defensores
2884 542 3061 608 atque
3106 540 3349 601 tutores,
3401 552 3548 607 quos
3598 553 3701 608 per

2055 623 2332 679 invidiam
2365 624 2553 681 hostis
2583 623 2811 697 antiqui
2842 629 3083 679 eatenus
3115 624 3366 696 perﬁdos
3417 623 3705 680 habuerat

2055 711 2515 785 impugnatores.
2545 714 2709 768 Tunc
2748 729 2885 786 ergo
2931 712 3087 768 velut
3146 717 3279 784 post
3324 713 3700 785 asperitatem

2054 799 2335 856 nimbosa:
2365 801 2598 858 hiemis.

2124 889 2270 944 Cum
2322 888 2583 961 placidas
2614 889 2774 944 verni
2825 889 3136 945 clementia
3176 892 3462 961 temperat
3507 906 3704 957 auras,

2054 976 2380 1033 redolentes
2409 979 2650 1034 arbusta
2678 984 3070 1050 prorumpunt
3100 978 3160 1034 in
3191 979 3454 1045 flores,et
3484 978 3704 1034 nudata

2053 1067 2276 1122 dudum
2310 1073 2503 1124 roseta
2532 1067 2802 1123 redivivis
2836 1068 3197 1123 adornantur
3218 1068 3704 1134 rosis,mirantes-

2053 1171 2165 1226 que
2196 1154 2395 1210 oculos
2426 1155 2865 1226 erumpentium
2916 1156 3135 1210 candor
3183 1156 3510 1210 reverberat
3556 1154 3703 1210 lilio-

2052 1258 2216 1311 rum;
2267 1243 2349 1298 sic
2399 1260 2539 1316 pace
2568 1243 2836 1299 Ecclesiae
2871 1242 3343 1310 reddita,diversi
3387 1260 3489 1315 per
3526 1259 3698 1299 mun-

2052 1332 2194 1387 dum
2225 1331 2492 1388 effulsere
2512 1332 2749 1404 viri,qui
2780 1334 3051 1387 virtutem
3085 1331 3215 1388 luce
3247 1331 3698 1401 mirabiles,ful-

2051 1436 2187 1494 gore
2218 1420 2350 1477 ﬁdei
2381 1422 2661 1494 insignes,
2712 1422 2783 1476 ad
2835 1423 3132 1494 sequenda
3179 1412 3396 1477 Christi
3451 1421 3698 1493 vestigia

2052 1509 2379 1567 mansuetis
2410 1511 2581 1567 corde
2614 1512 2894 1583 parentur
2922 1508 3259 1567 imitabiles.

1598 1821 2044 1937 INCIPIT
2115 1822 2400 1939 VITA

824 2028 1056 2084 CAPUT
1091 2028 1403 2085 PRIMUM.

629 2117 925 2173 Cenomani
952 2135 985 2172 a
1013 2117 1069 2171 S.
1102 2118 1325 2174 Iuliano
1354 2120 1614 2174 conversi.

362 2206 416 2261 9.
449 2206 534 2261 Ad
567 2204 970 2262 collocandum
1031 2207 1210 2279 igitur
1249 2206 1309 2261 in
1357 2206 1575 2276 Galliis.
1610 2224 1766 2262 novre
1808 2207 1943 2262 ﬁdei

293 2295 764 2363 fundamentum,
784 2296 855 2351 ad
889 2295 1233 2368 erigendum
1266 2295 1428 2351 rudis
1459 2295 1650 2351 adhuc
1678 2295 1945 2352 Ecclesia:

293 2383 732 2456 statum,pietas
765 2402 1017 2455 superna
1042 2384 1387 2457 magniﬁcos
1416 2388 1593 2455 atque
1622 2383 1944 2440 industrios

292 2472 448 2528 viros
477 2470 808 2541 destinavit,
842 2472 1337 2546 Lugdunensibus
1360 2473 1439 2541 (3)
1465 2470 1943 2539 Photinum,Are-

294 2561 623 2619 latensibus
653 2560 1059 2632 Trophimum,
1083 2561 1366 2617 Narbona:
1400 2560 1669 2628 Paulum,
1700 2560 1942 2627 Tolosae,

294 2650 703 2715 Saturninum,
733 2649 1004 2706 Arvernis
1033 2649 1533 2717 Austremonium,
1560 2649 1945 2705 Lemovicinis

295 2737 648 2806 Martialem,
682 2737 988 2793 Turonicis
1022 2737 1358 2804 Gatianum,
1392 2738 1701 2794 Parisiacis
1733 2737 1943 2809 Diony-

296 2828 474 2894 sium,
508 2825 932 2892 Cenomanicis,
966 2825 1289 2882 Julianum.
1880 2896 1884 2902 _

364 2917 422 2971 9.
457 2916 559 2971 Hic
591 2915 787 2987 itaque
817 2915 1088 2971 Julianus
1122 2915 1384 2971 Romana
1411 2916 1798 2987 generositate
1825 2915 1945 2971 cla-

301 3005 602 3071 rissimus,
634 3003 836 3076 lingua
863 3005 1173 3075 facundus,
1198 3004 1432 3075 justitia
1462 3004 1945 3076 insignis,merito

297 3094 431 3150 ﬁdei
484 3091 852 3165 percelebris,
906 3092 1131 3164 primus
1192 3092 1490 3164 apostolus
1547 3092 1945 3148 Cenomauicae

298 3180 430 3236 urbi
463 3198 497 3235 a
526 3179 642 3236 Deo
675 3179 1038 3236 destinatur:
1074 3179 1173 3252 qui
1201 3181 1309 3235 etsi
1335 3179 1465 3235 aliis
1496 3179 1798 3252 apostolus
1830 3198 1945 3237 non

297 3274 407 3339 est,
440 3269 978 3324 Cenomanensibus
1009 3274 1205 3325 tamen
1234 3273 1341 3325 est.
1371 3269 1514 3324 Nam
1548 3269 1718 3335 sicut,
1765 3269 1835 3324 de
1885 3287 1948 3325 se

299 3374 534 3430 quoque
563 3358 770 3457 beatus
801 3356 1032 3462 clama:
1038 3355 1369 3456 Apostolus,
1396 3357 1631 3430 signum
1663 3356 1948 3429 apostola-
1976 3394 2019 3462 Ο

299 3452 398 3502 tus
427 3447 556 3518 ejus
587 3444 699 3519 ipsi
731 3449 870 3501 sunt
901 3446 958 3500 in
991 3445 1257 3502 Domino.

370 3536 521 3590 10.ls
543 3549 679 3607 ergo
710 3535 798 3589 vir
827 3533 1060 3590 Domini
1092 3535 1205 3590 ﬁde
1234 3535 1522 3602 munitus,
1555 3534 1750 3606 gladio
1772 3534 1948 3607 Spiri-

292 3628 392 3680 tus
424 3622 611 3679 sancti
643 3624 963 3691 accinctus,
1016 3623 1086 3678 ad
1139 3623 1527 3679 destruendos
1576 3639 1819 3686 errores,
1873 3623 1945 3678 ad

291 3710 725 3769 conculcandas
755 3712 1088 3767 daemonum
1108 3710 1495 3778 vanitates,ad
1520 3711 1724 3766 urbem
1747 3728 1948 3783 supra-

292 3801 514 3857 dictam
543 3800 794 3856 accessit
824 3799 1294 3872 intrepidus.Sed
1315 3800 1458 3854 dum
1491 3797 1714 3853 novitas
1734 3802 1947 3854 sancta:

292 3888 725 3962 prazdieationis
758 3886 1112 3960 quibusdam
1135 3886 1455 3943 incredulis
1488 3887 1545 3941 in
1579 3886 1944 3953 scandalum,

294 3975 598 4034 nonnullis
629 3980 952 4032 verteretur
981 3976 1039 4029 in
1073 3974 1355 4043 derisum,
1390 3974 1810 4030 miraculorum
1844 3991 1949 4047 po-

294 4066 478 4122 tentia
508 4065 786 4121 reddebat
816 4062 1115 4131 attonitos,
1141 4080 1288 4136 quos
1323 4065 1394 4119 ad
1429 4064 1781 4120 audiendam
1801 4063 1948 4119 veri-

293 4155 436 4212 tatis
467 4153 618 4209 viam
650 4158 923 4210 veternus
961 4157 1018 4209 et
1055 4153 1296 4208 innatus
1323 4169 1483 4208 error
1502 4153 1769 4209 effecerat
1790 4150 1949 4207 fasti-

297 4244 516 4299 diosos.
542 4242 647 4298 Per
676 4259 887 4297 manus
918 4241 1072 4297 enim
1107 4241 1402 4297 reverendi
1436 4240 1730 4313 pontificis
1755 4244 1950 4296 tantas

299 4332 569 4388 Christus
613 4331 965 4403 operabatur
1010 4331 1278 4398 virtutes,
1327 4334 1391 4385 ut
1436 4330 1609 4385 verbo
1658 4330 1981 4385 daemones

298 4419 819 4494 fugaret,leprosos
834 4418 1517 4491 mundaret,cunctisque
1536 4417 1952 4491 languentibus

298 4526 470 4582 opem
502 4509 692 4565 crucis
723 4508 1115 4565 medicamine
1160 4507 1488 4580 largiretur.
1525 4507 1786 4578 Denique
1817 4523 1949 4563 cum

232 4670 245 4675 _
300 4599 374 4654 ad
406 4614 541 4655 eum
574 4596 810 4670 plurimi
845 4601 1257 4653 concurrerent
1301 4613 1403 4668 pro
1453 4595 1831 4666 adipiscenda
1861 4612 1951 4651 sa-

300 4688 424 4743 lute
449 4704 781 4759 corporum,
815 4685 1129 4742 illuminati
1178 4684 1352 4741 verbo
1403 4683 1555 4754 ﬁdei,
1590 4701 1722 4739 cum
1764 4684 1953 4740 salute

301 4775 574 4833 redibant
605 4775 960 4830 animarum.

379 4863 653 4919 ll.Porro
686 4862 839 4919 idem
870 4863 1216 4920 venerabilis
1245 4863 1333 4917 vir
1362 4866 1521 4917 extra
1553 4862 1755 4918 urbem
1780 4880 1955 4936 parvo

302 4955 495 5009 tectus
543 4951 794 5024 hospitio
828 4951 928 5008 diu
974 4955 1265 5024 noctuque
1314 4952 1371 5005 in
1411 4954 1612 5007 sancto
1662 4951 1957 5023 perstabat

302 5039 622 5116 proposito,
647 5041 741 5096 vix
772 5039 954 5097 ullam
987 5040 1079 5096 sui
1101 5056 1303 5096 curam
1336 5039 1558 5094 habens
1589 5038 1957 5110 corporis,to—

303 5136 434 5188 tum
466 5147 529 5186 se
553 5147 755 5186 eorum
788 5131 1133 5204 impendens
1191 5127 1389 5195 saluti,
1442 5143 1589 5198 quos
1637 5127 1955 5182 daemonico

305 5220 605 5276 nitebatur
633 5219 959 5275 subducere
989 5219 1191 5275 errori.

385 5310 473 5363 12.
526 5308 676 5364 Sane
704 5325 838 5363 cum
863 5309 989 5381 jam
1022 5305 1441 5363 miraculorum
1475 5301 1783 5359 dulcedine
1814 5301 1956 5358 deli-

379 5451 455 5532 (3)
483 5449 768 5532 Coluptiir
804 5450 863 5504 hi
897 5451 1100 5532 .saneti
1135 5468 1165 5532 ἐ
1220 5447 1500 5532 Photipus
1530 5450 1564 5500 2
1583 5446 1776 5532 (.‘Iu-nii,
1806 5446 1957 5525 .Tro-

350 5519 549 5576 himus
583 5522 651 5577 19
681 5522 976 5590 Decemb.,
1013 5522 1228 5577 Paulus
1259 5522 1325 5575 12
1357 5520 1551 5583 Mart.,
1583 5519 1958 5590 Saturnimus

342 5593 379 5647 9
406 5593 709 5660 Novemb,
748 5587 1201 5650 Austremonius
1253 5594 1274 5647 1
1328 5590 1628 5660 Novemb.,
1675 5587 1958 5644 Martialis

1966 2030 2015 2096 B
2046 2029 2175 2096 niti,
2209 2032 2267 2085 et
2294 2029 2422 2086 luce
2454 2030 2554 2086 Dei
2588 2030 2818 2098 radiati,
2851 2032 2979 2102 ejus
3029 2036 3229 2087 sancto
3281 2031 3694 2088 conturbernio

2052 2116 2422 2185 inhaererent,
2443 2123 2715 2191 essetque
2750 2120 2820 2175 de
2843 2119 3225 2176 convehenda:
3254 2136 3419 2192 aqua}
3458 2121 3705 2192 penuria

2054 2222 2166 2261 non
2202 2206 2433 2262 modica
2462 2207 2863 2279 quaerimonia,
2894 2207 2983 2263 vir
3033 2208 3135 2265 Dei
3172 2209 3244 2265 ad
3279 2208 3494 2277 locum,
3527 2208 3703 2282 quem

2052 2299 2257 2367 aptum
2289 2294 2554 2363 credidit,
2579 2296 2882 2364 accedens,
2926 2297 3230 2370 cuspidem
3278 2297 3492 2366 baculi,
3525 2313 3702 2370 quem

2053 2400 2233 2438 manu
2265 2383 2730 2456 gestabat,humi
2762 2385 3045 2458 deﬁgens,
3068 2386 3295 2442 cunctis
3326 2385 3702 2443 audientibus

2053 2469 2201 2527 dixit
2235 2489 2247 2526 :
2283 2470 2530 2528 Domine
2560 2471 2715 2527 Deus
2744 2478 2962 2541 noster,
2983 2473 3083 2545 qui
3110 2473 3329 2530 sitienti
3359 2474 3574 2547 populo
3598 2478 3700 2532 tuo

2053 2559 2113 2614 in
2146 2575 2339 2615 eremo
2371 2560 2442 2615 de
2472 2560 2621 2615 dura
2652 2560 2816 2616 silice
2846 2565 3049 2633 potum
3081 2561 3359 2630 tribuisti,
3392 2563 3595 2619 adesto
3632 2567 3702 2619 .et

2054 2646 2223 2704 nobis
2255 2647 2494 2703 famulis
2523 2648 2725 2715 tuis,et
2751 2649 2907 2721 aperi
2939 2649 3285 2706 thesaurum
3306 2654 3418 2706 tuae
3439 2649 3697 2723 pietatis,

2054 2742 2113 2793 et
2134 2737 2280 2808 jube
2312 2736 2480 2792 nobis
2510 2737 2583 2792 de
2613 2737 2833 2793 duritia
2879 2738 3058 2809 hujus
3103 2737 3328 2794 telluris
3375 2737 3699 2795 ministrari

2054 2825 2272 2881 fontem
2321 2842 2483 2898 aqua:
2532 2826 2801 2897 viventis,
2853 2830 2918 2881 ut
2971 2830 3326 2898 cognoscant
3364 2828 3697 2898 praesentes,

2056 2914 2194 2987 quia
2220 2918 2281 2969 tu
2312 2930 2373 2970 es
2403 2930 2574 2971 verus
2605 2914 2781 2983 Deus,
2815 2914 2913 2987 qui
2944 2915 3002 2969 in
3034 2914 3150 2970 ﬁne
3189 2912 3536 2970 saeculorum
3587 2914 3699 2970 mi-

2056 3004 2183 3059 sisti
2216 3002 2425 3060 Filium
2455 3008 2624 3059 tuum
2650 3003 2709 3058 in
2743 3003 3126 3070 mundum,ut
3145 3001 3446 3059 credentes
3468 3002 3527 3058 in
3550 3006 3606 3058 te
3625 3003 3699 3059 ad

2053 3109 2248 3150 veram
2280 3093 2674 3150 introduceret
2702 3091 3175 3165 repromissionis
3195 3091 3700 3163 terram.Cumque

2056 3181 2256 3237 ﬁdeles
2288 3181 2745 3254 respondissent,
2777 3184 2982 3249 Amen,
3002 3180 3197 3236 subito
3230 3179 3424 3253 erupit
3452 3180 3583 3236 fons
3611 3178 3701 3235 vi-

2054 3270 2424 3337 vacissimus,
2461 3270 2561 3341 qui
2591 3275 2651 3326 et
2690 3271 3013 3344 potentiam
3062 3268 3386 3325 divinitatis
3433 3267 3700 3324 ostende-

2059 3363 2227 3428 ret,et
2256 3359 2528 3415 meritum
2560 3360 2712 3415 beati
2735 3359 2840 3414 viri
2862 3358 3086 3431 liquido
3117 3356 3345 3414 cunctis
3374 3355 3702 3414 astantibus

2058 3448 2504 3503 demonstraret.

2131 3538 2217 3593 13.
2240 3537 2405 3592 Tunc
2436 3535 2533 3607 qui
2557 3538 2682 3606 jam
2716 3536 3172 3604 crediderant,in
3203 3536 3317 3591 ﬁde
3346 3539 3488 3591 sunt
3516 3550 3703 3591 corro-

2056 3625 2265 3691 borati,
2297 3629 2355 3679 et
2384 3625 2484 3695 qui
2520 3624 2711 3679 adhuc
2742 3624 3086 3695 gentilitatis
3121 3639 3315 3679 errore
3357 3622 3700 3679 detineban—

2057 3713 2252 3781 tur,ad
2284 3712 2460 3783 pedes
2491 3712 2677 3767 sancti
2713 3712 3367 3783 procumbunt,orantes
3394 3726 3457 3767 se
3485 3713 3701 3766 sancte

2059 3799 2193 3856 ﬁdei
2226 3800 2609 3855 sacramentis
2640 3799 2876 3854 initiari.
2911 3799 3076 3855 Hunc
3105 3814 3242 3871 ergo
3270 3800 3490 3854 fontem
3521 3796 3704 3871 [al.10-

2058 3888 2216 3961 cum]
2244 3886 2464 3960 placuit
2491 3887 2937 3943 Centonomium
2986 3886 3247 3953 vocitari,
3294 3884 3433 3958 quia
3478 3884 3703 3941 exhibi-

2058 3975 2235 4033 tionis
2267 3977 2395 4047 ejus
2426 3974 2658 4048 gaudio,
2684 3974 3072 4046 multiplicato
3102 3973 3235 4029 ﬁdei
3268 3974 3483 4029 fanore
3504 3987 3706 4029 nume-

2061 4082 2163 4121 rus
2192 4063 2556 4121 credentium
2588 4062 2760 4135 coepit
2790 4060 3188 4134 multiplicari.
3222 4060 3389 4117 Multi
3435 4061 3594 4117 enim
3643 4060 3704 4116 in

2061 4170 2127 4210 eo
2159 4170 2261 4226 per
2305 4151 2676 4225 baptismatis
2726 4155 3157 4207 sacramentum
3215 4154 3467 4206 veterem
3516 4149 3706 4205 homi-

2061 4259 2195 4299 nem
2238 4245 2542 4306 exuerunt,
2592 4244 2648 4295 et
2695 4255 2930 4307 novum,
2983 4239 3083 4311 qui
3147 4239 3472 4295 secundum
3520 4238 3706 4294 Deum

2062 4334 2293 4386 creatus
2323 4333 2432 4396 est,
2467 4328 2524 4383 in
2548 4327 2787 4399 justitia
2817 4332 2875 4385 et
2906 4326 3215 4383 sanctltate
3245 4325 3705 4393 veritatis,vesti-

2062 4418 2103 4473 ti
2133 4422 2289 4474 sunt.

2140 4507 2224 4561 14.
2250 4506 2447 4577 Itaque
2480 4521 2592 4559 non
2625 4504 2842 4575 quique
2871 4502 3202 4575 populares,
3218 4501 3320 4557 sed
3342 4505 3399 4556 et
3420 4498 3707 4555 nobilissi-

2065 4612 2295 4651 morum
2319 4593 2557 4666 plurimi
2582 4591 2816 4663 cingula
2835 4592 3189 4664 deponentes
3222 4585 3708 4656 militim,tumida

2062 4684 2201 4740 olim
2233 4682 2379 4739 colla
2410 4699 2516 4737 sua
2537 4682 2684 4753 jugo
2707 4680 2919 4736 Christi
2942 4679 3566 4751 suppenentes,sancto
3585 4674 3707 4732 viro

1983 4761 2030 4827 D
2062 4772 2354 4829 adhtesere
2386 4776 2441 4827 et
2469 4770 2652 4827 sacris
2683 4770 2812 4841 ejus
2840 4768 3173 4842 gaudebant
3201 4764 3502 4821 informari
3525 4777 3711 4819 exem-

2065 4860 2199 4934 plis.
2234 4860 2498 4932 Cumque
2531 4859 2722 4931 fulgor
2750 4862 2922 4914 tanta
2956 4854 3259 4922 claritatis,
3280 4852 3449 4925 quasi
3484 4850 3712 4908 Lucifer

2065 4948 2392 5006 matutinus
2406 4946 2837 5019 solemjustitize
2853 4943 3340 5012 nuntians,totam
3352 4939 3712 5014 provinciam

2057 5039 2183 5109 jam
2237 5036 2671 5108 perlustrasset,
2718 5035 2990 5108 princeps
3039 5031 3291 5088 civitatis
3321 5031 3401 5101 (3)
3438 5028 3717 5085 Defensor

2067 5127 2322 5192 nomine,
2356 5125 2443 5181 vir
2470 5124 2782 5197 gloriosus,
2817 5128 2874 5179 et
2903 5122 3229 5179 secundum
3261 5119 3511 5176 caducos
3539 5116 3717 5188 hujus

2069 5213 2276 5271 mundi
2320 5213 2571 5269 honores
2619 5211 3090 5284 potentissimus,
3152 5214 3241 5265 tot
3298 5206 3719 5265 miraculorum

2068 5302 2323 5357 novitate
2358 5300 2682 5372 perculsus,
2708 5302 2823 5357 Deo
2855 5299 3100 5373 dignum
3132 5297 3467 5371 pontiﬁcem
3498 5312 3601 5367 per
3629 5295 3719 5350 in-

2066 5445 2138 5499 30
2163 5444 2323 5508 Jun.,
2360 5442 2643 5497 Gatianus
2677 5444 2742 5495 l8
2774 5442 3068 5506 Decemb.,
3104 5439 3416 5510 Dionysius
3446 5436 3481 5489 9
3510 5435 3712 5510 Octob.

2139 5517 2213 5583 (4)
2244 5516 2329 5567 An
2355 5512 2447 5568 hic
2477 5518 2566 5569 est
2595 5514 2653 5568 S.
2689 5514 2967 5568 Defensor
2998 5513 3224 5583 primus
3253 5508 3562 5581 episcopus
3599 5508 3716 5562 An-

2069 5584 2451 5659 degavensis?
