4028 6172
288 344 408 407 789

1584 348 1688 410 DE
1734 348 1918 409 VlTA
1963 343 2026 407 S.
2073 346 2399 409 JULIANI.

3580 345 3700 414 790

291 477 592 553 suscipiet.
614 482 687 536 At
708 497 839 537 vero
855 478 943 537 vir
977 481 1091 537 Deo
1120 479 1614 555 plenus,genibus
1638 482 1697 536 in
1721 485 1937 552 terram
1963 479 2019 547 Α
2049 483 2167 535 tate
2200 482 2546 554 supradicfae
2600 482 2988 556 possessionis
3034 481 3376 541 beatissimo
3417 483 3697 558 magistro

290 568 565 636 curvatis,
599 569 783 625 oculis
832 586 897 625 ac
939 571 1213 626 manibus
1260 571 1321 626 in
1375 571 1586 626 coelum
1636 570 1940 642 porrectis,

287 658 517 714 cunctis
539 658 919 715 audientibus
944 659 1088 714 dixit
1112 677 1124 715 :
1151 660 1395 715 Domine
1425 660 1564 715 Jesu
1588 658 1942 730 Christe,qui

284 747 509 819 ubique
529 764 782 820 praesens
806 749 997 820 es,qui
1019 766 1120 821 pro
1140 751 1340 804 nostra
1357 748 1752 820 redemptione
1769 747 1943 802 homo

288 837 414 891 fieri
448 837 705 903 voluisti,
737 840 793 891 et
826 838 980 892 inter
1008 838 1276 893 homines
1306 854 1594 909 apparens
1633 854 1735 908 per
1764 835 1944 891 vexil-

285 924 410 980 lum
445 925 635 980 crucis
666 928 777 979 tua:
810 926 882 980 ab
914 926 1173 980 humano
1217 942 1428 997 genere
1469 929 1713 979 mortem
1749 924 1943 979 exclu-

287 1015 602 1085 sisti,jube
636 1018 698 1069 ut
728 1019 995 1085 resurgat
1019 1014 1358 1070 adolescens
1382 1015 1509 1081 iste,
1540 1019 1605 1068 ut
1628 1015 1773 1068 tanti
1811 1014 1941 1067 facti

286 1103 567 1174 potentia,
599 1107 658 1157 et
699 1103 843 1158 fides
891 1103 1254 1158 credentium
1308 1105 1364 1157 in
1425 1107 1478 1158 te
1532 1103 1859 1171 roborctur,
1891 1106 1948 1157 ct

286 1191 791 1259 nonocredentium
810 1193 984 1247 corda
1006 1193 1354 1259 subdantur,
1379 1210 1482 1264 per
1501 1196 1552 1247 te
1575 1192 1945 1263 unigenitum

285 1279 389 1334 Dei
420 1280 745 1352 vivi,quem
774 1298 907 1336 cum
935 1281 1101 1335 Patre
1136 1286 1193 1336 et
1215 1280 1435 1353 Spiritu
1469 1285 1671 1336 sancto
1706 1298 1951 1353 regnan-

283 1372 403 1423 tem
429 1373 486 1423 et
524 1369 927 1424 dominantem
968 1370 1320 1424 conﬁtemur
1355 1370 1414 1424 in
1453 1369 1666 1425 saecula
1706 1368 1945 1425 sreeulo-

284 1474 441 1512 rum.
470 1458 982 1529 Respondentibus
1004 1458 1299 1529 fidelibus,
1323 1458 1423 1530 qui
1451 1458 1716 1527 aderant,
1740 1461 1945 1528 Amen,

283 1546 456 1618 quasi
490 1564 525 1602 a
552 1564 760 1602 somno
793 1546 1131 1602 adolescens
1165 1547 1354 1619 surgit
1384 1564 1417 1602 a
1449 1547 1679 1615 feretro,
1706 1553 1763 1602 et
1792 1547 1949 1603 elara

278 1651 444 1703 voce,
466 1635 694 1691 cunctis
718 1635 986 1691 miraculi
1012 1636 1269 1691 novitate
1293 1635 1599 1708 perculsis,
1626 1637 1805 1709 cccpit
1828 1636 1947 1693 cla-

281 1740 446 1780 mare
467 1742 479 1778 2
497 1724 641 1780 Vere
667 1741 917 1796 magnus
940 1724 1093 1779 Deus
1113 1724 1783 1797 Christianorum'quem
1808 1742 1949 1798 prae-

2053 571 2426 626 contradunt.

2122 660 2211 712 20.
2245 659 2487 715 Excitati
2522 661 2678 717 fama
2728 661 2885 731 facti,
2918 667 3233 717 accurrunt
3275 662 3473 732 vicini,
3506 665 3563 717 et
3590 660 3701 733 falii

2053 748 2291 818 quidem
2319 754 2774 822 prosequuntur,
2798 749 2897 806 alii
2930 750 3222 818 cellulam,
3249 751 3305 805 in
3339 768 3454 823 qua
3481 750 3569 805 vir
3597 750 3702 807 Dei

2045 838 2310 907 jacuerat
2341 840 2696 910 irrumpunt,
2720 839 3029 911 locumque
3071 838 3170 894 ubi
3205 840 3388 895 sancti
3422 843 3705 896 steterant

2054 926 2250 997 pedes,
2277 927 2495 981 crebris
2536 928 2972 999 amplectuntur
3004 927 3239 995 osculis,
3264 933 3322 983 et
3368 932 3433 983 ut
3464 928 3702 983 benedi-

2055 1014 2266 1069 ctionis
2292 1017 2419 1085 ejus
2443 1022 2741 1089 compotes
2774 1018 3007 1082 tierunt,
3034 1017 3298 1071 certatim
3324 1017 3705 1089 prazcedentis

2052 1103 2299 1175 vestigia
2317 1104 2540 1175 legunt.
2558 1106 2731 1160 Porro
2751 1105 3128 1160 beatissimus
3151 1106 3220 1159 ad
3241 1121 3441 1175 preces
3463 1121 3706 1177 sequen-

2054 1192 2202 1246 tium
2227 1193 2797 1261 conversus,elcvaia
2828 1211 3003 1249 manu
3040 1197 3280 1248 cunctos
3310 1193 3623 1262 benedixit,
3648 1198 3705 1249 et

2056 1297 2278 1351 omnes,
2307 1284 2404 1354 qui
2431 1283 2581 1338 inter
2602 1301 2701 1339 eos
2724 1282 2917 1356 aliquo
2936 1283 3281 1338 laborabant
3313 1283 3702 1350 incommodo,

2057 1371 2278 1442 absque
2310 1371 2563 1444 alicujus
2596 1390 2769 1428 morte
2811 1372 3252 1437 interventione,
3287 1370 3544 1443 pristina:
3585 1388 3703 1428 res-

2056 1457 2215 1514 tituit
2247 1460 2540 1515 sanctitati
2577 1463 2694 1531 (aL,
2731 1462 3008 1533 sanitati).

2705 1550 2936 1606 CAPUT
2977 1550 3052 1606 III

2376 1640 2500 1695 Alia
2532 1640 2837 1707 miracula,-
2877 1640 3104 1696 adversa
3135 1640 3379 1696 tolerata.

2128 1728 2190 1781 2t
2206 1768 2218 1780 .
2240 1727 2563 1783 Procedens
2587 1728 2722 1783 inde
2743 1728 3144 1797 beatissimus,
3161 1729 3435 1798 cumjam
3466 1728 3702 1800 propin-

282 1813 442 1869 dicat
472 1829 676 1869 servus
708 1814 837 1884 ejus
866 1812 1160 1868 Julianus.
1186 1813 1270 1868 Ad
1294 1818 1520 1886 patrem
1545 1830 1777 1886 quoque
1810 1814 1893 1869 ait
1928 1833 1940 1868 ε
1974 1850 2021 1914 Β
2058 1819 2261 1886 quaret
2288 1816 2433 1883 vico,
2469 1817 2567 1887 qui
2600 1821 2841 1872 vocatur
2872 1816 3195 1883 Ruiliacus,
3229 1816 3325 1888 qui
3360 1817 3586 1888 positus
3616 1819 3705 1872 est

280 1902 429 1959 Vere
468 1920 625 1958 nunc
659 1919 846 1975 usque
878 1920 913 1957 a
943 1903 1057 1957 Deo
1089 1918 1222 1958 vero
1275 1903 1623 1967 erravimus.
1670 1921 1806 1959 nam
1860 1905 1937 1960 dii

283 2009 435 2065 quos
456 1990 729 2058 colimus,
759 2009 861 2063 pro
892 1995 1047 2047 certo
1080 1991 1374 2046 daemones
1422 1996 1581 2047 sunt.
1616 1992 1748 2047 Vidi
1782 1994 1937 2049 enim

284 2098 386 2137 eos
406 2082 465 2135 in
487 2080 733 2147 inferno,
751 2086 807 2135 et
828 2080 945 2135 vidi
969 2081 1105 2152 quia
1129 2097 1242 2135 non
1266 2085 1391 2136 erat
1417 2080 1499 2136 eis
1525 2082 1757 2153 requies
1776 2099 1808 2137 a
1830 2086 1941 2137 tor-

284 2170 524 2225 mentis.
555 2171 626 2225 At
655 2187 786 2225 vero
829 2175 1171 2225 cunctorum
1222 2169 1479 2226 clamore
1510 2171 1568 2225 in
1600 2170 1808 2227 ccelum
1841 2189 1937 2227 su-

284 2259 465 2328 blato,
500 2258 768 2315 Christus
801 2260 870 2314 ab
904 2258 1176 2314 emnibus
1208 2259 1646 2331 magnificatur,
1668 2259 1939 2314 Christus

283 2365 457 2403 verus
487 2346 643 2404 Deus
675 2347 1043 2420 praedicatur,
1078 2354 1134 2403 et
1179 2346 1436 2403 famulus
1481 2349 1608 2419 ejus
1639 2347 1934 2414 Julianus,

286 2437 545 2493 renitens
576 2436 949 2509 multumque
982 2436 1299 2503 reluctans,
1323 2436 1393 2492 ab
1417 2435 1692 2491 omnibus
1734 2437 1936 2491 adora-

286 2532 404 2582 tur.
427 2527 499 2583 Et
519 2526 579 2582 hi
604 2526 783 2598 igitur
803 2543 906 2598 per
930 2526 1401 2597 praedicationem
1426 2526 1541 2581 Deo
1563 2526 1722 2597 digni
1747 2526 1905 2598 ponti
1922 2556 1937 2563 ς

287 2616 415 2673 ficis
437 2615 674 2688 copiosa
696 2615 1009 2671 multitudo
1042 2614 1479 2670 rationabilium
1521 2614 1770 2686 piscium
1803 2613 1935 2668 fidei

289 2722 508 2778 sagena
539 2702 799 2771 collecta,
825 2708 883 2759 et
914 2705 984 2758 ad
1017 2720 1161 2759 verae
1184 2702 1543 2759 credulitatis
1575 2702 1828 2758 solidum
1851 2702 1939 2757 lit-

288 2799 385 2849 tus
417 2810 450 2848 a
481 2792 788 2865 profundis
819 2808 1081 2847 errorum
1114 2792 1369 2847 tenebris
1394 2792 1604 2848 educta
1632 2796 1738 2847 est.

366 2882 596 2938 19.Jam
618 2885 757 2937 tunc
792 2897 927 2952 ergo
947 2880 1107 2936 velut
1128 2881 1305 2936 divini
1349 2880 1635 2937 exercitus
1675 2881 1935 2953 signifer,

289 2970 422 3027 aliis
470 2971 953 3043 praecedentibus,
984 2968 1116 3025 aliis
1156 2970 1536 3041 sequentibus
1567 2969 1761 3024 vitalia
1804 2970 1938 3025 fidei

289 3077 492 3116 serens
541 3059 786 3125 semina,
841 3060 910 3113 ad
966 3059 1270 3130 praedium,
1304 3059 1395 3113 cui
1428 3059 1775 3113 vocabulum
1827 3063 1935 3126 est,

290 3149 612 3205 Proiliacus
638 3148 924 3214 (Bellovac.
952 3147 1319 3218 Perilianus),
1341 3146 1593 3202 divertit.
1622 3147 1941 3219 Ingruenti-

291 3239 403 3294 bus
436 3242 632 3293 autem
668 3237 856 3292 noctis
890 3237 1165 3303 tenebris,
1191 3236 1511 3308 hospitium
1548 3237 1656 3291 sibi
1685 3237 1939 3308 perquiri
1972 3219 2014 3284 (ἶ

282 3328 475 3399 jubet.
501 3328 572 3381 At
600 3342 732 3381 vero
766 3326 823 3380 in
868 3326 993 3397 ipso
1028 3326 1313 3380 adventus
1346 3326 1472 3396 ejus
1506 3324 1770 3391 articulo,
1797 3342 1941 3397 puer

291 3414 573 3489 parvulus
605 3415 961 3486 possessoris
990 3414 1311 3486 supradicti
1346 3414 1508 3469 fundi
1543 3413 1716 3481 filius,
1756 3416 1942 3485 ingra-

289 3508 577 3571 vescente,
614 3521 727 3575 qua
770 3503 1102 3568 vexabatur,
1148 3502 1437 3566 molestia.
1470 3504 1784 3559 defunctus
1830 3507 1937 3559 est.

291 3594 455 3661 Quod
479 3609 614 3648 cum
635 3592 752 3647 viro
769 3591 867 3646 Dei
896 3592 1232 3647 nuntiatum
1251 3592 1479 3659 fuisset,
1500 3592 1636 3647 alibi
1660 3593 1942 3646 divertere

293 3681 501 3749 noluit,
526 3681 628 3736 sed
650 3681 974 3736 secundum
998 3681 1152 3752 quod
1177 3680 1449 3736 Salomon
1474 3681 1552 3734 ait
1579 3698 1590 3733 :
1619 3679 1827 3735 Melius
1854 3686 1942 3735 est

293 3770 377 3826 ire
406 3771 477 3825 ad
513 3770 752 3824 domum
794 3767 1013 3836 luctus,
1046 3785 1222 3841 quam
1274 3769 1345 3823 ad
1401 3769 1642 3823 domum
1674 3768 1939 3834 convivii,

292 3859 598 3928 (Eccli.vn,
621 3858 673 3928 3)
693 3858 972 3930 gaudium
1005 3857 1213 3913 salutis
1236 3857 1463 3913 laturus
1484 3856 1843 3930 lugentibus,
1871 3857 1942 3912 ad

294 3948 563 4015 domum,
589 3947 648 4001 in
689 3964 806 4018 qua
845 3946 1171 4011 infantulus
1202 3947 1458 4018 jacebat,
1492 3947 1755 4012 accessit,
1790 3950 1848 4001 et
1884 3945 1943 4000 in

295 4036 552 4109 quadam
583 4036 714 4106 ejus
744 4039 965 4090 secreta
986 4040 1152 4106 parte
1177 4036 1544 4091 mansionem
1578 4036 1822 4106 accepit.
1849 4035 1948 4090 Ju-

295 4126 395 4180 bet
416 4140 553 4197 ergo
584 4128 719 4180 ante
752 4141 812 4179 se
841 4123 1041 4178 inferri
1076 4124 1416 4179 defunctum
1440 4140 1672 4195 corpus,
1697 4129 1753 4178 et
1784 4127 1945 4195 patre

295 4218 354 4270 et
372 4218 558 4268 matre
571 4213 916 4285 cunctisque
934 4212 1171 4268 remotis
1187 4212 1653 4285 arbitris,paucis
1666 4213 1948 4267 duntaxat

297 4301 630 4358 sanctitatis
653 4319 769 4358 suae
787 4301 1100 4356 comitibus
1124 4300 1339 4356 ibidem
1366 4300 1805 4355 remanentibus
1827 4317 1948 4355 ora-

299 4396 470 4445 turus
502 4406 563 4445 se
595 4390 652 4444 in
677 4390 1077 4462 pavimentum
1102 4390 1438 4462 prosternit,
1459 4392 1804 4460 noctemque
1828 4405 1950 4461 per-

297 4478 534 4552 vigilem
556 4478 796 4545 ducens,
811 4481 977 4534 tanta
993 4478 1274 4533 instantia
1289 4494 1530 4549 precum
1551 4476 1676 4531 caeli
1699 4476 1951 4549 pulsavit

2050 1920 2228 1974 super
2256 1904 2497 1959 fluvium
2532 1905 2746 1960 Ledam
2770 1905 2847 1976 (5)
2872 1904 3073 1959 obvios
3095 1904 3301 1959 habuit
3333 1905 3570 1959 nuntios
3593 1904 3703 1975 pri-

2051 1992 2221 2047 marii
2239 1993 2503 2063 ejusdem
2522 1994 2734 2060 vici,ut
2757 1992 3109 2064 quantocius
3124 1993 3319 2048 venire
3343 1993 3700 2064 dignaretur,

2050 2081 2188 2153 quia
2221 2081 2395 2137 unica
2425 2081 2546 2137 filia
2569 2080 2652 2135 illi
2676 2086 2818 2149 erat,
2847 2098 3023 2154 quam
3058 2079 3701 2135 immundusinvadens

2050 2170 2292 2242 spiritus
2321 2171 2592 2225 atrociter
2622 2170 2886 2226 vexabat.
2910 2170 3055 2225 Cum
3109 2169 3467 2241 pervenisset
3513 2169 3586 2224 ad
3618 2167 3700 2222 vi-

2049 2275 2205 2326 cum,
2238 2259 2623 2315 exhibuerunt
2665 2260 2717 2313 ei
2767 2259 3055 2314 furentem
3100 2257 3378 2330 puellam,
3413 2261 3470 2313 et
3518 2257 3700 2313 sacris

2048 2350 2174 2419 ejus
2190 2347 2452 2420 vestigiis
2473 2347 2780 2420 provoluti,
2797 2348 3187 2420 precabantur
3210 2346 3697 2403 misericordiam.

2048 2436 2300 2509 Spiritus
2330 2441 2526 2492 autem
2576 2453 2828 2508 nequam
2861 2437 3046 2492 sancti
3078 2436 3184 2490 viri
3234 2453 3348 2490 non
3400 2434 3700 2492 sustinens

2047 2526 2436 2597 praisentiam,
2471 2526 2542 2581 ad
2577 2525 2835 2597 primum
2881 2526 3009 2595 ejus
3043 2524 3380 2596 imperium,
3413 2541 3515 2579 vas
3543 2524 3697 2595 quod

2046 2613 2265 2685 injuste
2292 2614 2428 2685 jure
2457 2614 2799 2681 vindicaret,
2824 2613 3162 2684 relinquens
3194 2612 3416 2684 effugit,
3442 2617 3500 2668 et
3530 2610 3695 2683 puel-

2048 2702 2162 2758 lam
2198 2704 2257 2757 in
2281 2703 2471 2758 medio
2496 2701 2879 2774 stupentium,
2904 2705 2961 2756 et
2981 2700 3197 2756 Christi
3221 2699 3543 2777 potentiam
3568 2699 3697 2755 lau-

2047 2792 2339 2859 dantium,
2361 2791 2597 2862 reliquit
2628 2790 3081 2861 sanam.Sicque
3114 2789 3331 2844 factum
3363 2792 3471 2853 est,
3500 2792 3564 2841 ut
3595 2804 3699 2859 per

2048 2881 2226 2936 unius
2258 2880 2464 2953 puella:
2506 2879 2754 2936 salutem
2800 2894 3135 2950 corpoream
3166 2876 3359 2932 cuncti
3392 2874 3502 2931 vici
3535 2874 3692 2930 illius

2047 2969 2406 3025 habitatores
2424 2970 2494 3024 ad
2508 2984 2702 3023 veram
2722 2968 3053 3023 animarum
3072 2982 3311 3022 suarum
3332 2963 3700 3037 pervenirent

2048 3058 2357 3113 medelam.
2384 3059 2529 3114 Nam
2560 3074 2762 3112 omnes
2792 3055 3079 3111 idolorum
3101 3054 3263 3110 vanis
3286 3052 3701 3109 abrenuntian-

2049 3152 2136 3202 tes
2164 3147 2481 3221 figmentis,
2508 3150 2562 3202 et
2589 3146 2769 3201 renati
2802 3145 2958 3200 fonte
2989 3142 3384 3216 baptismatis,
3404 3140 3537 3196 facti
3560 3145 3699 3196 sunt

2048 3235 2360 3309 participes
2392 3234 2733 3290 Christiane
2767 3232 3117 3305 adoptionis.
3142 3231 3428 3286 Eumdem
3452 3246 3587 3302 ergo
3608 3229 3695 3284 vi-

2049 3343 2182 3385 cum
2216 3344 2349 3381 cum
2382 3323 2606 3379 cunctis
2638 3324 2712 3395 (6)
2747 3322 2817 3377 ad
2860 3339 2994 3377 eum
3033 3319 3347 3393 przedictus
3392 3333 3697 3392 possessor

2049 3423 2251 3476 sancto
2284 3414 2543 3487 pontifici
2577 3411 2879 3467 humiliter
2917 3410 3184 3482 largitur,
3220 3413 3277 3463 et
3308 3412 3373 3462 ut
3405 3406 3481 3462 ibi
3516 3404 3698 3462 eccle-

2050 3509 2199 3564 siam
2235 3508 2569 3560 construere
2612 3501 2863 3566 deberet,
2907 3497 3279 3553 devotissime
3328 3497 3696 3568 deprecatur.

2052 3596 2212 3663 Quod
2236 3592 2445 3666 praesul
2471 3590 2758 3662 benignus
2781 3587 3218 3661 gratantissime
3240 3583 3571 3656 complevit,
3594 3582 3699 3637 ibi-

2053 3702 2163 3758 que
2212 3681 2462 3737 multum
2509 3678 2789 3751 populum
2849 3693 2952 3749 per
3000 3679 3214 3731 sancta:
3264 3670 3693 3744 praedicationis

2054 3770 2445 3828 ministerium
2478 3767 2724 3822 Domino
2755 3764 3142 3836 consignavit.

2122 3864 2212 3916 22.
2237 3859 2349 3915 Nec
2385 3862 2580 3912 tamen
2607 3853 2962 3910 credendum
2986 3856 3096 3917 est,
3118 3854 3349 3905 tantum
3375 3864 3700 3919 praeconem

2055 3951 2276 4022 absque
2319 3946 2535 4002 laboris
2574 3942 2889 3999 certamine
2922 3946 2979 3995 et
3017 3935 3443 4011 impugnatoris
3474 3934 3701 4007 antiqui

2054 4039 2307 4103 insidiis,
2333 4041 2417 4092 tot
2437 4039 2493 4090 et
2514 4033 2656 4090 talia
2677 4032 2951 4104 perficere
2983 4029 3264 4101 potuisse,
3289 4042 3421 4081 cum
3455 4023 3699 4079 manife-

2057 4128 2314 4186 stissime
2337 4125 2548 4181 clamet
2567 4119 2879 4194 Apostolus
2898 4136 2911 4173 :
2929 4118 3143 4173 Omnes
3169 4116 3266 4188 qui
3292 4115 3384 4186 pie
3404 4113 3607 4170 volunt
3626 4113 3704 4167 vi-

2054 4235 2184 4274 vere
2208 4217 2265 4271 in
2288 4215 2515 4271 Christo
2539 4210 3001 4284 persecutionem
3028 4206 3334 4278 patiuntur
3355 4203 3427 4270 (Il
3457 4204 3591 4258 Tim.
3616 4219 3700 4268 III,

2062 4307 2167 4374 12).
2194 4302 2469 4370 Quamvis
2512 4300 2667 4355 enim
2710 4295 3055 4368 magnitudo
3084 4294 3392 4358 virtutum,
3425 4307 3572 4361 quas
3603 4307 3706 4362 per

2059 4410 2192 4449 eum
2225 4390 2491 4447 Christus
2522 4388 2889 4460 operabatur,
2917 4385 2965 4439 si
2994 4382 3134 4455 quid
3164 4380 3391 4437 adversi
3423 4398 3451 4433 e
3483 4378 3703 4434 mundo

2059 4481 2413 4553 emergebat,
2448 4478 2803 4539 retunderet,
2829 4474 2879 4528 is
2911 4478 3104 4528 tamen
3138 4470 3236 4542 qui
3270 4469 3341 4524 ad
3376 4467 3570 4540 ipsum
3594 4465 3707 4521 Me-

301 4572 615 4634 secretum,
644 4571 710 4623 ut
737 4568 952 4639 pariter
983 4571 1309 4638 surgerent,
1335 4571 1390 4621 et
1420 4566 1677 4637 pontifex
1699 4584 1732 4621 a
1752 4565 1947 4638 pulve-
1980 4588 2025 4652 Ι)
2060 4575 2344 4629 diutorem
2376 4569 2478 4624 Dei
2520 4571 2576 4622 οι
2610 4565 2916 4620 hominum
2959 4561 3256 4617 hominem
3285 4559 3487 4652 Jcsum
3510 4554 3705 4611 Chris-

302 4674 385 4725 re,
405 4661 462 4711 ct
493 4657 684 4711 infans
715 4674 749 4711 a
779 4661 984 4712 morte.
1008 4656 1151 4711 Cum
1174 4672 1311 4727 ergo
1334 4656 1459 4726 jam
1484 4672 1692 4710 aurora
1714 4655 1948 4727 fugaces

301 4763 336 4801 a
367 4744 510 4800 coelo
540 4743 779 4816 pelleret
823 4745 1020 4813 taedas,
1057 4745 1237 4801 intrat
1284 4751 1449 4817 pater
1495 4761 1629 4799 cum
1681 4748 1863 4799 matre
1895 4747 1951 4798 et

301 4833 491 4889 multa
503 4832 822 4889 vicinorum
843 4834 1188 4905 frequentia,
1206 4834 1625 4905 inveniuntque
1644 4832 1947 4905 sospitem,

301 4938 480 4995 quem
503 4922 845 4978 defunctum
872 4922 1207 4992 intulerant,
1224 4929 1281 4979 et
1302 4928 1465 4978 tanta
1487 4924 1679 4995 operis
1699 4924 1949 4977 novitate

301 5009 580 5083 perculsi,
614 5010 822 5067 cmlum
871 5010 1124 5067 clamore
1155 5012 1447 5084 quatiunt,
1481 5016 1539 5066 et
1588 5011 1771 5067 versis
1799 5011 1951 5066 votis

303 5099 704 5172 (al.,vocibus)
728 5101 940 5156 iterum
969 5117 1070 5172 per
1098 5100 1312 5173 gaudia
1334 5100 1638 5172 plangunt.
1664 5098 1951 5154 Continuo

303 5204 443 5261 ergo
477 5187 607 5242 fidei
632 5188 976 5245 Christianae
1000 5188 1148 5245 colla
1177 5193 1614 5261 supponunt,et
1643 5187 1951 5255 infantem,

304 5294 483 5350 quem
516 5276 804 5333 heredem
858 5282 1223 5334 terrenorum
1271 5278 1558 5332 bonorum
1591 5279 1949 5347 optaverant,

306 5365 644 5422 coelestibus
666 5366 994 5439 disciplinis
1013 5367 1397 5423 imbuendum
1421 5382 1553 5421 cum
1578 5368 1696 5419 tota
1718 5362 1953 5417 haeredi-

377 5528 455 5597 (5)
478 5526 627 5583 Alibi
660 5527 751 5582 hic
784 5529 977 5584 amnis
1008 5528 1178 5584 Ledus
1208 5528 1440 5593 dicitur,
1466 5531 1521 5581 et
1546 5542 1577 5581 a
1600 5524 1952 5597 quibusdam

311 5615 496 5671 Lidus.

2060 4660 2379 4733 tum,quasi
2422 4656 2643 4729 aliquid
2678 4669 2917 4709 suorum
2952 4654 3309 4723 reperturus,
3336 4646 3530 4701 venire
3560 4660 3704 4717 pra:-

2061 4752 2624 4824 sumpserat,contra
2643 4745 2799 4799 hunc
2817 4739 3173 4813 quoque,qui
3198 4736 3356 4791 illius
3379 4733 3594 4790 summi
3618 4747 3707 4824 ca-

2060 4820 2550 4916 pitis—membrum
2575 4838 2717 4898 erat,
2734 4830 3037 4886 machinas
3056 4827 3419 4882 diversarum
3441 4820 3707 4879 tentatio-

2062 4910 2204 4988 num
2227 4928 2395 5001 quasi
2428 4926 2706 4980 adversus
2725 4918 3156 4975 validissimum
3192 4930 3428 4970 murum
3456 4910 3704 4967 callidus

2061 5022 2436 5093 impugnator
2458 5014 2762 5070 admovere
2786 5025 2900 5063 non
2923 5002 3326 5062 desinebat.Ut
3343 5001 3499 5093 enim
3524 5016 3705 5055 novus

2063 5091 2317 5183 agricola
2338 5119 2579 5177 opacam
2605 5098 2823 5172 sylvam
2850 5097 3171 5169 ingressus,
3188 5109 3343 5147 nunc
3366 5091 3535 5157 ferro,
3552 5104 3706 5144 nunc

2062 5179 2196 5273 igne
2218 5198 2554 5265 utitur,quo
2578 5186 2868 5262 jaciendis
2899 5182 3223 5273 seminibus
3254 5179 3443 5273 tellus
3466 5182 3706 5234 eatenus

2063 5267 2277 5344 sterilis
2308 5284 2691 5354 prmparetur;
2726 5275 2809 5331 sic
2838 5272 3110 5329 Julianus
3131 5267 3584 5325 Cenomanicum
3608 5282 3706 5354 pes

2062 5353 2531 5434 netranssolum,
2546 5370 2766 5420 veteres
2785 5378 3033 5433 quercus
3056 5373 3425 5428 annosasque
3444 5356 3629 5427 fagos,
3649 5353 3706 5408 id

2134 5536 2210 5605 (ὓ)
2242 5534 2414 5589 Deest
2441 5522 2855 5599 pertinentibus,
2887 5519 2974 5575 vel
3006 5519 3145 5591 quid
3180 5516 3391 5573 simile.
