4034 6170
331 303 446 368 ’191

1385 301 1719 364 LETALDI
1763 297 2260 386 MICIACENSIS
2305 298 2680 360 MONACHI.

3626 302 3751 370 792

329 443 440 507 est,
461 440 702 494 vetustae
731 434 1074 510 gentilitatis
1121 434 1343 492 sterilia
1387 450 1650 506 venaque
1698 433 1978 507 ﬁgmenta
2007 431 2062 499 Α
2089 431 2289 488 vincia
2303 449 2648 505 percurrens
2661 431 3748 507 populos,itapristinierroriscunctas

333 531 588 585 evertere
619 526 816 596 nisus;
857 529 916 582 et
945 526 1096 581 ferro
1136 524 1512 580 correctionis
1550 540 1696 578 usus
1727 526 1836 590 est,
1871 538 1984 594 quo

336 621 576 692 peccata
599 615 1071 688 delinquentium
1113 614 1331 682 feriret,
1365 617 1424 668 et
1460 613 1592 686 igne
1633 612 1982 677 adustionis,

337 701 452 780 q'uo
474 707 601 778 jam
634 705 1020 760 emundatum
1055 703 1248 759 solum
1279 703 1349 759 ad
1389 703 1774 776 promerenda
1805 701 1982 756 divini

337 794 554 853 amoris
585 793 812 849 semina
838 797 1041 866 aptum
1073 793 1390 848 exhiberet.

405 885 496 940 23.
527 883 638 940 Sed
661 881 920 954 reliquiae
948 898 1332 954 paganorum,
1354 898 1482 952 qua:
1504 881 1672 952 quasi
1697 879 1986 952 fragmina

336 971 675 1030 tabularum
700 972 771 1026 de
795 971 1098 1042 naufragio
1121 987 1385 1026 errorum
1408 972 1730 1036 evaserant,
1750 968 1989 1040 indigne

339 1063 588 1119 ferentes
617 1059 852 1116 laudem
876 1059 1135 1115 nominis
1159 1059 1370 1114 Christi
1397 1057 1648 1125 dilatari,
1673 1062 1731 1112 et
1751 1055 1990 1111 simula-

339 1141 574 1208 crorum
607 1165 849 1206 suorum
877 1148 1162 1220 portenda
1199 1145 1598 1220 pessumdari;
1634 1145 1992 1201 unanimiter

339 1240 657 1313 insurgunt
685 1241 887 1294 contra
928 1239 1222 1304 sanctum,
1258 1233 1612 1291 maleﬁcium
1645 1234 1986 1299 clamantes,

341 1328 441 1402 qui
473 1327 583 1384 sub
614 1325 852 1382 nomine
897 1325 1132 1398 pietatis
1161 1324 1325 1380 vanis
1372 1323 1684 1397 praestigiis
1713 1326 1993 1379 everteret

340 1419 518 1474 corda
557 1413 930 1490 populorum,
965 1414 1242 1486 ipsosque
1271 1413 1593 1469 videntium
1639 1411 1839 1468 oculos
1865 1411 1990 1468 fru-

343 1508 646 1574 straretur,
681 1502 830 1560 falsa
874 1519 979 1576 pro
1007 1502 1162 1558 veris
1191 1507 1496 1569 assereret,
1529 1502 1829 1558 hominem
1862 1519 1990 1556 cru-

342 1596 578 1652 ciﬁxum
637 1593 823 1649 Deum
872 1592 1214 1661 afﬁrmaret,
1251 1592 1496 1648 deorum
1545 1589 1990 1657 immortalium,

342 1700 492 1758 quos
521 1683 820 1739 Romanus
843 1680 1001 1740 orbis
1024 1697 1058 1736 a
1088 1679 1300 1736 saeculo
1333 1679 1489 1750 colit,
1515 1679 1806 1736 culturam
1837 1695 1992 1735 erro-

2094 525 2316 579 abrasit
2337 522 2674 590 nebulas,ut
2688 522 2780 577 vix
2798 521 3014 594 aliquis
3030 522 3518 595 inveniretur,qui
3539 524 3748 580 Jesum

2095 613 2392 668 Christum
2411 613 2596 667 Deum
2615 617 2667 666 el
2689 611 3002 666 Dominum
3022 630 3138 666 non
3157 613 3756 684 conﬁteretur.Hujus

2096 703 2278 775 igitur
2299 707 2417 757 tam
2443 701 2688 756 celebris
2713 701 2847 756 facti
2873 701 3100 769 nuntio,
3124 701 3520 770 Defensor,vir
3538 701 3756 775 glorio-

2097 811 2218 858 sus,
2243 793 2414 863 cujus
2443 808 2624 863 supra
2647 791 2992 846 memoriam
3027 791 3294 862 fecimus,
3321 793 3394 847 ad
3419 809 3481 848 se
3509 791 3753 864 perlato,

2098 881 2314 953 ingenti
2351 881 2594 934 aﬁ‘ectus
2624 880 2840 950 gaudio
2873 879 3168 936 benedixit
3193 881 3399 948 Deum,
3423 887 3479 937 et
3505 882 3758 937 festinus

2099 971 2380 1024 accedens
2404 970 2476 1024 ad
2498 969 2731 1024 beatum
2752 968 2940 1024 virum
2966 969 3308 1042 suppliciter
3327 971 3582 1042 petebat,
3599 976 3663 1024 ut
3682 971 3759 1026 ad

2101 1059 2339 1114 domum
2363 1059 2492 1129 ejus
2514 1057 2789 1114 accedere
2809 1059 3168 1130 dignaretur,
3193 1065 3258 1115 ut
3277 1077 3381 1132 pro
3403 1059 3757 1132 triumphati

2100 1147 2286 1203 hostis
2317 1147 2560 1202 victoria
2589 1146 2853 1219 largitori
2891 1147 3157 1204 omnium
3200 1148 3487 1204 bonorum
3522 1148 3759 1204 Christo

2101 1236 2494 1292 communiter
2509 1235 2729 1309 gratias
2750 1235 3084 1303 referentes,
3101 1242 3260 1292 casto
3283 1236 3462 1292 simul
3475 1241 3536 1292 et
3553 1241 3759 1292 saneto

2101 1325 2593 1398 participarentur
2631 1323 2912 1381 convivio.
2947 1326 3128 1397 Cujus
3163 1326 3504 1398 petitionem
3550 1327 3760 1382 beatus

2101 1415 2188 1468 vir
2210 1431 2325 1470 non
2350 1429 2603 1468 renuens
2619 1413 2856 1486 (quippe
2877 1430 3052 1485 quem
3075 1414 3282 1470 merito
3309 1413 3610 1488 religionis
3623 1432 3760 1470 vera

2103 1503 2216 1559 sibi
2241 1507 2518 1558 nexuerat
2544 1502 2824 1571 charitas)
2845 1507 2911 1558 ut
2929 1503 3059 1575 ejus
3080 1504 3368 1560 desiderio
3382 1504 3762 1560 satisfaceret

2103 1592 2469 1664 properabat.
2499 1592 2606 1647 Sed
2631 1608 2767 1646 cum
2799 1591 2910 1648 iter
2938 1596 3263 1664 carperent,
3287 1592 3346 1647 in
3379 1596 3545 1665 parte
3576 1609 3760 1648 nova-

2101 1679 2176 1736 lis
2207 1697 2452 1752 pucrum
2489 1681 2804 1752 quemdam
2849 1681 3197 1736 invenerunt
3248 1681 3320 1736 ab
3371 1681 3607 1753 ingente
3636 1697 3762 1737 ser-

343 1789 490 1830 neus
521 1774 857 1838 evacuaret;
891 1769 1086 1826 vivum
1127 1769 1287 1824 exuri
1327 1769 1557 1836 debere,
1591 1773 1657 1824 ut
1687 1769 1814 1840 ejus
1847 1768 1991 1822 inte-
2024 1803 2072 1870 B
2103 1773 2276 1840 pente
2299 1769 2478 1840 pedes
2503 1774 2560 1824 et
2590 1767 2832 1824 brachia
2854 1785 3184 1841 corpusque
3205 1774 3393 1825 totum
3416 1767 3595 1842 spiris
3613 1771 3766 1842 vipe-

343 1861 492 1917 ritus
516 1857 779 1932 exemplo
806 1856 1018 1930 aliquis
1041 1857 1326 1928 impostor
1350 1861 1408 1912 et
1427 1857 1774 1913 temerarius
1805 1860 1991 1912 terre-

343 1953 524 2016 retur,
557 1965 629 2004 ne
658 1950 862 2004 contra
887 1945 1311 2018 rempublicam
1342 1945 1858 2018 timendorumque
1891 1963 1992 2000 nu-

344 2038 572 2094 minum
605 2033 1240 2107 reverentiam,quibus
1269 2033 1429 2090 orbis
1459 2039 1706 2103 constat,
1731 2039 1789 2090 et
1817 2033 1995 2090 alitur

344 2122 754 2200 quoquomodo
787 2121 1036 2181 ulterius
1067 2121 1355 2179 oblatrare
1387 2123 1690 2179 niteretur.

412 2213 506 2271 24.
539 2211 642 2270 His
669 2211 942 2270 Julianus
972 2225 1090 2268 non
1121 2210 1292 2268 modo
1341 2227 1457 2268 non
1507 2210 1767 2280 territus,
1791 2229 1994 2268 verum

345 2304 418 2360 ad
449 2316 710 2376 pugnam
733 2303 937 2356 contra
959 2298 1260 2357 diabolum
1293 2298 1547 2356 alacrius
1577 2300 1898 2366 accinctus,
1923 2301 1994 2356 ad

344 2390 539 2448 locum
570 2389 682 2447 iter
701 2387 1002 2456 accelerat,
1022 2404 1139 2462 quo
1161 2389 1571 2462 caputLerroris
1601 2406 1800 2446 eorum
1823 2387 1998 2446 male-

347 2479 534 2538 suada
582 2477 783 2553 religio
815 2477 1164 2534 destinebat.
1191 2476 1337 2534 Nam
1370 2478 1430 2535 in
1461 2479 1585 2536 vico
1629 2477 1722 2534 cui
1762 2478 1998 2535 Artinas

345 2567 698 2627 vocabulum
721 2571 830 2638 est,
857 2566 1144 2640 templum
1163 2570 1309 2637 erat,
1327 2571 1386 2624 et
1407 2566 1554 2624 in‘co
1575 2568 1734 2624 Jovis
1761 2568 2002 2624 simula-

348 2658 516 2716 c'rum
547 2656 948 2730 falsorumque
969 2656 1280 2713 innumera
1300 2659 1573 2730 portenta
1589 2657 1854 2726 deorum,
1870 2675 1998 2730 quae

343 2747 501 2804 vario
547 2763 741 2804 errore
785 2743 991 2801 delusa
1037 2743 1335 2818 gentilitas
1383 2745 1594 2819 priscis
1637 2747 2002 2818 temporibus

347 2837 607 2894 erexerat
635 2835 708 2892 ad
739 2851 908 2891 suam
939 2839 997 2891 et
1025 2835 1400 2908 sequentium
1429 2835 1552 2906 (aL,
1573 2831 2002 2908 frequentium)

348 2924 669 3000 perniciem
701 2923 1074 2997 populorum.
1097 2925 1184 2980 Ad
1206 2941 1332 2997 quae
1365 2925 1720 2980 destruenda
1741 2941 1876 2979 cum
1906 2924 2006 2980 Ju-

344 3013 541 3070 lianus
573 3013 708 3069 ﬁdei
740 3011 922 3068 lorica
951 3012 1216 3080 indutus,
1251 3012 1416 3086 galea
1447 3012 1654 3069 salutis
1681 3017 2001 3084 protectus,

341 3103 574 3176 gladius
595 3101 851 3173 Spiritus
873 3101 1058 3156 sancti
1083 3101 1428 3172 praecinctus
1455 3107 1831 3174 praeparatur,
1854 3119 1884 3157 e
1906 3100 1988 3157 di-

2105 1859 2220 1914 reis
2253 1857 2617 1930 colligatum.
2643 1854 2972 1914 Perterritis
2993 1862 3188 1914 autem
3212 1859 3492 1914 omnibus
3511 1859 3613 1930 qui
3635 1859 3764 1916 ade-

2101 1951 2253 2014 rant,
2288 1947 2374 2001 vir
2404 1945 2504 2002 Dei
2553 1947 2797 2019 prepius
2847 1947 3150 2015 accedens,
3183 1946 3284 2014 ait,
3319 1947 3568 2004 Domine
3619 1948 3758 2004 Jesu

2103 2036 2352 2102 Christe,
2375 2035 2475 2108 qui
2507 2035 2838 2090 humanum
2869 2052 3056 2108 genus
3078 2053 3110 2090 a
3133 2035 3390 2107 paradisi
3423 2035 3632 2108 gloria,
3659 2053 3760 2109 per

2105 2129 2434 2196 serpentem
2465 2125 2902 2196 dejectum,per
2920 2124 3113 2180 crucis
3144 2128 3256 2180 tua:
3281 2125 3566 2196 reparasti
3585 2123 3758 2180 vexil-

2105 2212 2250 2282 lum,
2267 2218 2330 2269 tu
2353 2213 2538 2268 libera
2553 2212 2704 2269 hanc
2716 2218 3045 2268 creaturam
3064 2217 3229 2268 tuam
3249 2213 3322 2268 ab
3345 2212 3455 2270 hoc
3471 2230 3587 2286 quo
3607 2218 3758 2270 tene-

2105 2306 2202 2358 tur
2231 2317 2440 2374 angue,
2466 2307 2610 2358 utet
2639 2315 2881 2374 serpens
2912 2301 3180 2371 intereat,
3204 2306 3260 2357 et
3281 2319 3386 2374 per
3415 2305 3472 2357 te
3494 2319 3640 2374 puer
3671 2303 3754 2358 iu-

2107 2391 2356 2448 columis
2387 2391 2636 2447 evadens
2669 2407 3018 2464 cognoscere
3051 2394 3374 2464 praesentes
3403 2389 3596 2459 faciat,
3621 2393 3756 2464 quia

2108 2485 2172 2536 tu
2199 2495 2261 2536 es
2291 2480 2570 2536 liberator
2597 2483 2655 2536 et
2681 2484 2974 2552 protector
3003 2479 3272 2536 omnium
3303 2479 3666 2552 sperantium
3698 2481 3751 2536 in

2108 2573 2183 2624 te.
2210 2569 2474 2641 Cumque
2505 2567 2648 2624 talia
2677 2573 3006 2642 perorasset
3033 2568 3122 2624 vir
3161 2569 3278 2624 Deo
3308 2568 3540 2641 plenus,
3572 2573 3630 2625 et
3659 2569 3752 2642 qui

2110 2657 2372 2725 aderant,
2398 2657 2683 2714 dixissent
2720 2659 2924 2726 Amen,
2957 2673 3200 2730 serpens
3240 2657 3466 2730 crepuit
3505 2658 3750 2726 medius,

2111 2751 2168 2802 et
2197 2747 2422 2802 cunctis
2453 2746 2638 2802 Deum
2671 2746 3071 2816 laudantibus,
3107 2762 3252 2818 puer
3281 2746 3464 2802 evasit
3493 2764 3694 2802 sanus.

2181 2838 2272 2890 27.
2299 2835 2523 2891 Interea
2549 2852 2683 2891 cum
2706 2836 2778 2891 ad
2801 2836 3041 2891 domum
3063 2835 3350 2908 principis
3376 2836 3749 2908 pervenisset,

2115 2941 2347 2980 summo
2365 2924 2653 2996 excipitur
2670 2923 2906 2998 gaudio,
2923 2925 2988 2979 ﬁt
3005 2941 3330 2980 concursus
3357 2923 3553 2980 omnis
3571 2925 3751 2981 mtati‘s

2115 3015 2422 3086 omnisque
2455 3031 2626 3069 sexus
2658 3014 2728 3069 ad
2751 3013 3068 3069 videndum
3100 3017 3330 3069 tantum
3349 3013 3568 3082 virum,
3589 3013 3750 3085 cujus

2116 3120 2328 3158 nomen
2363 3103 2631 3174 famaque
2662 3103 2945 3158 virtutum
2975 3106 3136 3158 tanto
3163 3103 3374 3174 jubere
3403 3109 3748 3171 coruscaret,

340 3207 508 3246 verso
537 3191 840 3246 rusticana
873 3193 932 3244 et
974 3188 1252 3261 ignobilis
1281 3206 1494 3246 manus
1525 3207 1628 3262 pro
1658 3190 1994 3246 defensione
2025 3169 2067 3237 (ἶ
2105 3195 2170 3247 ut
2201 3191 2376 3247 etiam
2409 3208 2674 3264 quosque
2719 3191 3148 3248 remotissimos
3178 3208 3316 3247 eum
3338 3191 3570 3248 videndi
3603 3192 3749 3248 desi-

342 3280 609 3346 deorum,
643 3277 742 3352 qui
775 3277 889 3333 sibi
921 3276 1120 3332 auxilii
1152 3295 1320 3350 opem
1355 3280 1504 3335 ferre
1534 3280 1873 3352 nequibant,
1900 3281 1995 3336 ob-

343 3367 729 3426 stinatissime
782 3355 1060 3422 resistens
1103 3371 1385 3422 armatur.
1421 3368 1532 3424 Sed
1579 3367 1853 3425 Julianus
1883 3371 1992 3426 im-

343 3456 686 3530 perterritus
716 3455 870 3512 inter
898 3453 1212 3511 frementes
1245 3460 1302 3512 et
1333 3457 1664 3529 'garrientes
1695 3458 1991 3516 insanien-

341 3540 493 3620 tium
520 3562 690 3602 voces
731 3544 1018 3617 templum
1073 3543 1396 3617 ingressus,
1430 3546 1694 3603 invocato
1727 3549 1842 3604 veri
1889 3550 1988 3606 Dei

340 3635 483 3692 Jesu
514 3631 728 3690 Christi
759 3634 1020 3701 nomine,
1051 3632 1434 3689 simulacrum
1477 3651 1714 3690 enorme
1744 3635 1987 3710 ipsoque

339 3722 470 3781 visu
500 3722 760 3780 terribile
797 3723 858 3777 in
896 3721 1150 3778 cinerem
1181 3721 1438 3793 resolvit,
1471 3723 1593 3780 sola
1623 3729 1836 3781 sanctae
1854 3728 1983 3799 jus-

333 3813 519 3870 sionis
550 3811 914 3869 auctoritate.

397 3903 490 3960 25.
518 3901 592 3960 Ut
619 3919 750 3959 vero
780 3902 972 3957 insani
1007 3901 1206 3974 populi
1237 3908 1674 3974 cognoscerent,
1701 3905 1792 3958 cui
1825 3910 1979 3962 eate-

327 4011 440 4050 nus
470 3991 763 4050 culturam
785 3993 1020 4047 deitatis
1042 3991 1461 4060 exhibuissent,
1487 4010 1556 4048 ex
1575 4009 1771 4049 everso
1793 3995 1976 4050 simu-

324 4081 481 4136 lacro
512 4079 986 4137 immanissimus
1012 4079 1203 4151 erupit
1223 4080 1416 4146 draco,
1443 4081 1541 4152 qui
1569 4079 1720 4136 facto
1753 4081 1976 4154 impetu

323 4171 530 4222 contra
559 4166 814 4221 cultores
845 4167 1132 4239 proprios,
1156 4167 1296 4222 ﬂatu
1327 4167 1644 4240 sulphureo
1673 4174 1730 4224 et
1759 4172 1972 4228 atrocis

321 4255 558 4312 verbere
581 4253 800 4322 caudae,
816 4253 1153 4310 devotorum
1173 4255 1282 4310 sibi
1301 4256 1620 4331 phalanges
1641 4258 1700 4313 in
1724 4265 1970 4316 mortem

321 4335 495 4418 erepit
545 4345 815 4401 ardenter
853 4360 1080 4416 urgere.
1113 4347 1184 4400 At
1230 4343 1314 4400 illi
1364 4347 1492 4417 ejus
1540 4353 1744 4404 contra
1787 4353 1970 4406 Deum

321 4451 498 4492 suum
530 4438 739 4508 petunt
785 4431 1096 4498 auxilium,
1129 4451 1302 4506 quem
1352 4435 1525 4506 paulo
1573 4441 1708 4493 ante
1754 4439 1969 4496 vocife-

2105 3282 2264 3337 derio
2307 3281 2660 3336 succendere
2689 3284 2908 3353 posset.
2943 3281 3398 3353 Subsequuntur
3439 3299 3470 3337 e
3508 3281 3748 3354 vestigio

2103 3374 2374 3427 sanctum
2404 3370 2745 3442 episcOpum
2779 3368 3158 3442 energumeni
3182 3371 3299 3426 duo
3331 3369 3542 3426 salutis
3574 3387 3748 3426 reme-

2102 3461 2266 3515 dium
2300 3459 2629 3532 flagitantes
2659 3459 2730 3514 ab
2762 3475 2850 3514 eo.
2881 3459 2954 3514 At
2984 3457 3083 3514 ille
3111 3459 3376 3516 invocato
3408 3457 3624 3514 Christi
3657 3475 3749 3514 no-

2099 3550 2276 3615 mine,
2301 3552 2360 3604 et
2389 3548 2697 3603 inimicum
2718 3546 2960 3620 fugavit,
2985 3553 3043 3604 et
3073 3565 3171 3604 eos
3193 3549 3367 3604 verbo
3396 3547 3747 3620 praedicatio-

2098 3639 2190 3694 nis
2213 3637 2578 3693 illu'ninatos
2602 3635 2834 3708 proprio
2861 3636 3120 3692 restituit
3134 3623 3411 3692 Creatori.
3428 3635 3594 3692 Diem
3612 3653 3745 3710 erga
3773 3654 3779 3664 ·

2095 3726 2257 3782 illam
2313 3726 2467 3782 felici
2526 3729 2874 3781 exornantes
2932 3723 3156 3794 laetitia,
3187 3724 3340 3781 inter
3393 3727 3525 3797 ipsa
3571 3743 3743 3781 sacra;

2093 3833 2308 3872 mensa:
2359 3813 2620 3870 convivia
2679 3818 2836 3870 totus
2871 3831 3061 3870 sermo
3095 3813 3210 3869 illis
3239 3819 3366 3870 erat
3413 3813 3483 3870 de
3531 3813 3743 3870 Christi

2089 3905 2295 3979 gloria,
2322 3905 2392 3961 de
2427 3905 2670 3959 interitu
2699 3903 3036 3972 Satanze,de
3068 3903 3162 3960 bis
3191 3921 3427 3976 quoque
3455 3920 3584 3975 qua:
3619 3921 3742 3976 per-

2089 3996 2278 4050 tinent
2293 3995 2365 4050 ad
2385 4010 2578 4048 veram
2603 3993 2786 4048 Deum
2811 3990 3148 4048 timentium
3168 3993 3502 4048 animarum
3517 4009 3738 4048 curam.

2088 4084 2222 4139 Post
2251 4081 2542 4156 gloriosus
2572 4080 2668 4136 ille
2699 4081 2787 4136 vir
2817 4081 2976 4137 omni
3008 4080 3388 4154 supellectilis
3420 4099 3539 4137 sua:
3565 4082 3732 4153 copia

2084 4177 2284 4229 sancto
2315 4171 2435 4226 viro
2467 4169 2724 4226 exhibita
2754 4169 3002 4242 supplex
3039 4175 3258 4238 exorat,
3292 4175 3358 4224 ut
3389 4174 3604 4224 cuncta
3635 4171 3733 4225 be-

2083 4261 2258 4334 nigne
2315 4259 2666 4330 suscipiens,
2701 4259 2774 4314 ad
2807 4275 3190 4330 quoscunque
3242 4275 3387 4314 usus
3448 4257 3730 4329 placuerit

2081 4351 2384 4424 profutura
2411 4352 2680 4404 retentet.
2706 4348 2819 4403 Sed
2841 4346 2928 4402 vir
2949 4347 3328 4404 beatissimus
3353 4345 3500 4402 nihil
3525 4347 3728 4402 horum

2079 4439 2428 4512 suscipiens,
2463 4436 2871 4493 benedictione
2901 4454 3079 4510 super
3109 4453 3244 4492 cum
3277 4435 3516 4503 tradita,
3553 4435 3730 4492 omni-

321 4529 516 4581 rantes
539 4522 893 4590 maleﬁcum,
915 4521 1054 4578 totis
1076 4521 1306 4579 nisibus
1331 4523 1726 4594 elaborabunt,
1747 4533 1814 4582 ut
1833 4544 1965 4584 eum
1996 4541 2045 4606 D
2078 4547 2190 4602 que
2220 4529 2393 4584 domo
2425 4527 2554 4598 ejus
2587 4526 2644 4580 in
2677 4526 2791 4581 ﬁde
2823 4525 3038 4582 Christi
3083 4525 3457 4582 corroborata
3492 4524 3719 4580 festina-

321 4614 701 4670 incenderent
729 4613 945 4668 vivum.
973 4611 1150 4668 Porra
1179 4611 1452 4669 Julianus
1473 4614 1573 4670 Dei
1596 4615 1836 4682 athleta,
1860 4617 1970 4674 ele-

319 4707 452 4760 vata
481 4715 616 4760 cum
646 4703 815 4776 signo
845 4701 1038 4758 crucis
1067 4701 1126 4756 in
1157 4701 1410 4757 sublime
1438 4703 1694 4773 dextera,
1724 4706 1962 4762 draconi

318 4793 587 4866 imperat,
605 4795 671 4848 ut
691 4790 920 4848 nullum
939 4789 1194 4864 amplius
1212 4789 1728 4859 lzedens,concitus
1751 4794 1958 4867 fugiat,

317 4885 376 4938 et
405 4879 532 4936 loca
559 4880 822 4936 humana
849 4877 1082 4936 cultura
1119 4897 1360 4952 prorsus
1391 4881 1649 4937 carentia
1680 4886 1962 4954 petat.Ad

317 4970 488 5041 cujus
520 4969 832 5042 imperium
855 4969 1028 5025 draco
1059 4969 1416 5025 saevissimus
1441 4971 1646 5042 eﬂ‘ugit
1675 4971 1964 5027 vivacissi-

317 5077 472 5129 mus,
487 5063 546 5116 et
571 5059 629 5114 in
647 5076 714 5114 eo
735 5059 864 5130 ejus
884 5057 1156 5130 (al.,vim)
1174 5059 1377 5115 amisit
1398 5059 1641 5115 lmdcndi
1663 5061 1720 5115 in
1745 5063 1960 5134 quibus

317 5147 564 5204 ulterius
594 5148 860 5203 fraudem
890 5163 1153 5202 exercere
1185 5148 1509 5218 permissus
1530 5167 1642 5204 non
1675 5155 1766 5206 est
1795 5152 1958 5208 sedu-

313 5236 502 5294 cendi.
525 5237 690 5292 Tunc
723 5235 974 5294 universi
1009 5252 1142 5290 cum
1165 5235 1381 5307 gaudio
1403 5237 1529 5305 jam
1554 5238 1704 5293 ﬁunt
1733 5239 1872 5294 socii
1901 5240 1957 5294 in

310 5325 618 5382 avertendo
658 5323 934 5381 falsitatis
974 5325 1126 5390 fano,
1161 5341 1227 5379 ac
1259 5325 1494 5380 demum
1539 5332 1740 5382 sancto
1773 5330 1957 5384 renati

311 5413 537 5470 lavacro
571 5431 670 5487 per
699 5430 912 5469 manus
956 5412 1141 5468 sancti
1193 5413 1484 5484 pontiﬁcis
1517 5415 1788 5487 dogmate
1823 5417 1956 5472 bea-

309 5501 610 5558 tiﬁcantur
639 5501 994 5559 Christiano;

380 5592 470 5648 26.
497 5591 678 5663 Cujus
709 5590 846 5647 facti
875 5591 1032 5646 fama
1060 5588 1226 5646 velox
1254 5607 1357 5662 per
1387 5608 1588 5648 omnes
1623 5593 1801 5650 totius
1833 5611 1956 5666 pro-

2078 4619 2179 4675 bat
2210 4617 2282 4674 ad
2315 4616 2569 4690 propria.

2141 4709 2230 4762 28.
2265 4707 2529 4777 Cumque
2549 4705 2678 4775 jam
2710 4707 2938 4776 portam
2962 4721 2996 4760 a
3015 4703 3130 4760 Deo
3159 4702 3270 4760 sibi
3301 4702 3716 4759 commendata:

2073 4796 2236 4852 urbis
2255 4794 2496 4861 subiret,
2513 4793 2573 4848 bi
2591 4791 2692 4865 qui
2713 4792 3058 4848 incarcerati
3075 4791 3342 4848 custodia
3360 4791 3717 4862 nexibusque

2071 4883 2235 4940 duris
2265 4881 2578 4954 mancipati
2619 4886 2806 4950 erant,
2857 4881 3078 4954 ingenti
3139 4879 3396 4937 clamore
3450 4884 3716 4935 sanctum

2069 4972 2353 5039 virum,ut
2375 4970 2466 5026 sui
2489 4969 3152 5038 misereretur,exorant.
3176 4971 3249 5024 At
3282 4969 3380 5024 ille
3421 4967 3716 5041 benignis-

2069 5062 2278 5124 simus,
2307 5059 2405 5132 qui
2427 5058 2564 5114 totis
2583 5075 2815 5130 semper
2843 5058 2902 5113 in
2933 5058 3181 5124 Domino
3197 5057 3523 5113 visceribus
3541 5057 3716 5129 pieta-

2069 5151 2146 5206 tis
2177 5149 2474 5216 afiluebat,
2508 5148 2580 5202 ad
2616 5165 2736 5215 eos,
2763 5147 2979 5220 quibus
3010 5149 3067 5202 id
3103 5146 3279 5203 ofﬁcii
3331 5147 3715 5202 commissum

2069 5243 2211 5310 erat,
2235 5237 2480 5310 supplex
2501 5237 2768 5304 accessit,
2792 5240 3177 5310 precaturque
3197 5234 3523 5302 humiliter,
3542 5239 3606 5289 ut
3623 5250 3718 5290 eos

2068 5345 2214 5402 quos
2231 5326 2512 5398 iniquitas
2529 5325 2765 5396 propria
2789 5324 3000 5380 fecerat
3021 5324 3465 5392 reos,adventus
3482 5323 3573 5378 sui
3598 5338 3718 5396 gra-

2067 5419 2148 5473 tia
2167 5417 2426 5472 redderet
2446 5413 2887 5470 absolutos.Sed
2901 5413 3175 5470 vecordes
3195 5430 3382 5484 neque
3400 5411 3716 5468 reverentia

2067 5505 2361 5580 pontiﬁcis
2378 5501 2700 5575 praesentis,
2716 5518 2904 5574 neque
2921 5502 3289 5574 prmdicabile
3307 5501 3456 5556 tanti
3477 5501 3582 5555 viri
3605 5517 3717 5554 me-

2063 5595 2242 5652 ritum
2267 5591 2567 5666 permovit,
2595 5596 2658 5645 ut
2688 5591 2945 5646 facerent
2967 5608 3092 5663 quae
3115 5595 3354 5648 sanctus
3385 5606 3502 5645 non
3533 5587 3702 5644 modo
