4028 6172
165 331 271 393 793

1444 328 1544 389 DE
1590 326 1771 387 VITA
1821 322 1885 385 S.
1933 322 2254 386 JULIANI.

3432 328 3550 391 ’794

164 464 553 535 imperaverat,
584 477 785 518 verum
817 461 993 518 etiam
1017 478 1151 518 voce
1176 461 1423 535 supplici
1449 461 1792 534 postularat.
1827 451 1882 525 Α
1911 457 2319 514 beatissimum
2349 460 2651 517 Julianum
2685 461 3027 518 sacerdotali
3049 458 3235 517 infula
3254 467 3553 535 comptum

159 552 322 608 Porro
352 550 446 605 ille
468 554 701 622 spretus
719 568 750 604 a
768 550 1343 621 perfidis,ecclesiam
1361 550 1797 621 intravit,atque

155 639 604 714 gratiasChristo
627 656 728 710 pro
742 638 1044 711 acquisitis
1058 639 1170 694 sibi
1188 638 1500 695 animabus
1524 638 1794 706 reddidit;

156 730 352 785 deinde
383 728 626 800 propria:
649 727 862 781 domus
880 727 1131 800 bospitio
1150 744 1277 783 sese
1296 726 1801 799 recepit.Cumquc

155 821 202 874 ei
232 818 532 889 appositus
564 822 721 872 esset
750 817 942 888 panis,
979 817 1348 872 discumbere
1381 816 1690 882 noluit,srd
1714 822 1798 870 ta-

156 908 299 963 citus
328 910 385 960 et
414 921 656 976 gemens
688 906 1152 961 misericordiam
1180 906 1410 961 Domini
1436 906 1798 977 apperiri(sic)

157 995 341 1066 cwpit.
376 995 539 1049 Tune
568 1011 726 1064 vero,
757 996 1082 1050 secundum
1118 994 1264 1050 servi
1305 993 1403 1049 Dei
1454 1000 1651 1049 votum
1697 1011 1799 1049 an-

160 1082 331 1157 gelico
390 1083 716 1138 ministerio
776 1082 926 1139 ostia
993 1083 1243 1141 carceris
1299 1088 1498 1155 aperta
1554 1088 1693 1139 sunt
1748 1087 1804 1138 ct

162 1178 499 1228 cunctorum
529 1176 745 1227 catenae
778 1172 1085 1227 confracta:
1118 1176 1275 1239 sunt,
1300 1176 1356 1228 et
1376 1172 1436 1227 hi
1470 1174 1568 1245 qui
1601 1172 1659 1226 in
1685 1189 1805 1227 ear-

161 1260 440 1318 ceralibus
486 1261 843 1332 privatisque
890 1261 1146 1317 tenebris
1193 1263 1546 1330 residebant,
1582 1263 1803 1333 absque

160 1351 412 1407 humano
444 1349 657 1405 auxilio
689 1351 761 1405 ad
794 1367 1169 1406 communem
1203 1351 1315 1407 diei
1359 1351 1549 1406 lucem
1584 1352 1801 1423 egressi

163 1444 310 1496 sunt.
364 1438 470 1494 Per
517 1439 779 1494 medium
832 1456 967 1511 ergo
1012 1439 1287 1507 civitatis,
1329 1441 1562 1495 nemine
1609 1439 1804 1512 prohi-

162 1529 341 1595 bente,
375 1527 599 1599 absque
638 1527 1005 1583 vinculorum
1054 1545 1228 1584 onere
1279 1530 1464 1585 sancti
1510 1529 1617 1583 viri
1668 1545 1803 1584 con-

161 1616 448 1689 spectibus
487 1633 616 1672 sese
647 1615 929 1672 obtulere.
961 1619 1034 1671 At
1065 1617 1160 1673 ille
1209 1619 1473 1689 gaudens
1519 1619 1578 1673 in
1611 1617 1806 1672 Domi-

160 1724 227 1761 no
248 1708 374 1777 jam
408 1705 575 1762 laetus
607 1706 805 1761 cibum
851 1706 1095 1778 accepit,
1130 1713 1186 1763 et
1234 1724 1380 1778 quos
1431 1707 1637 1762 merito
1687 1706 1806 1762 sol-

1908 565 2041 604 eum
2076 550 2265 606 tribus
2297 551 2643 606 diaeonibus
2673 552 2798 607 suis
2829 556 2885 607 et
2906 553 3093 607 tribus
3114 553 3298 608 cereis
3326 552 3556 608 venien-

1907 643 2024 694 tem
2059 640 2130 694 ad
2163 657 2242 703 se,
2277 641 2376 711 qui
2422 658 2638 705 cereos,
2672 658 2820 713 quos
2870 643 3200 713 portabant,
3236 645 3558 714 posuerunt
3602 636 3609 643 ’

1908 745 2085 799 super
2116 746 2378 783 mensam
2429 734 2562 784 ante
2612 747 2768 797 eum,
2801 736 2857 784 et
2896 730 3184 786 abierunt.
3220 731 3374 785 Dixit
3421 748 3557 804 ergo

1912 818 2223 888 praedictus
2247 818 2525 873 Defensor
2545 819 2616 873 ad
2640 820 3021 873 consedentes
3045 837 3057 873 :
3084 819 3290 873 videtis
3311 820 3557 890 gloriam

1911 923 2085 977 quam
2119 924 2223 977 ego
2254 907 2417 961 video
2435 908 2462 961 ?
2492 908 2595 972 Qui
2634 906 2778 962 nihil
2803 924 2865 961 se
2886 906 3077 962 videre
3102 909 3297 962 testati
3323 910 3560 963 sunt.At

1912 994 2007 1049 ille
2038 995 2212 1049 dixit:
2231 996 2527 1066 Numquid
2549 1014 2665 1050 non
2682 996 2776 1049 hic
2794 996 3025 1050 vidistis
3044 1001 3268 1067 patrem
3292 1000 3559 1052 nostrum

1910 1083 2236 1150 Julianum,
2259 1083 2359 1155 qui
2384 1088 2467 1139 tot
2490 1084 2642 1139 bona
2666 1085 2833 1138 nobis
2856 1084 3133 1150 ostendit,
3151 1088 3237 1139 tot
3260 1085 3561 1141 miraculis

1911 1172 2262 1227 laetificavit?
2294 1174 2436 1227 Ecce
2470 1173 2624 1227 enim
2660 1191 2815 1228 nunc
2848 1190 2980 1227 cum
3004 1174 3194 1229 tribus
3217 1174 3563 1229 diaconibus

1913 1260 2037 1315 suis
2062 1265 2120 1316 et
2152 1261 2342 1316 tribus
2368 1261 2549 1317 cereis
2581 1263 2694 1316 huc
2726 1266 2858 1317 ante
2880 1279 2971 1317 me
2993 1264 3243 1330 venit,et
3264 1262 3563 1319 laetissimo

1912 1349 2078 1404 vultu
2130 1350 2443 1405 subridens
2489 1351 2785 1405 benedixit
2836 1369 2961 1417 nos,
2998 1351 3334 1424 relictisque
3381 1353 3564 1409 cereis

1915 1438 2219 1494 abscessit.
2255 1439 2418 1494 Unde
2449 1456 2551 1511 pro
2583 1445 2739 1496 certo
2772 1441 2913 1507 scio,
2948 1442 3086 1513 quia
3112 1440 3383 1513 migravit
3412 1460 3445 1499 a
3466 1460 3565 1498 saa-

1916 1526 2067 1582 culo.
2096 1529 2165 1582 Et
2198 1527 2386 1595 nobis,
2412 1545 2559 1599 quos
2581 1529 2865 1600 corporali
2895 1531 3204 1601 praesentia
3227 1530 3559 1604 dereliquit,

1916 1617 2198 1673 beneficia
2229 1616 2463 1689 pietatis
2494 1635 2613 1673 suae
2644 1618 2842 1673 vivens
2874 1619 2932 1673 in
2966 1619 3196 1675 Christo
3229 1620 3566 1694 impendere
3644 1650 3647 1651 ν

1918 1721 2223 1777 nunquam
2256 1706 2529 1762 cessabit.
2564 1708 2888 1779 Surgamus
2919 1724 3075 1781 ergo,
3106 1712 3162 1764 et
3182 1710 3254 1764 ad
3288 1709 3566 1781 sepelien-

157 1798 327 1862 verat,
365 1793 553 1850 sancti
593 1793 769 1849 etiam
820 1794 1064 1849 convivii
1116 1794 1558 1866 participatione
1607 1795 1804 1849 donat.
1840 1829 1887 1893 Β
1919 1794 2060 1850 dum
2076 1794 2410 1867 piissimum
2426 1796 3568 1871 magistrumnostrumquantociuspro—

162 1883 267 1938 Nec
297 1883 413 1938 fuit
442 1883 542 1955 qui
570 1882 872 1938 absolutos
894 1888 1199 1955 repeteret,
1234 1900 1368 1938 cum
1402 1883 1811 1939 manifestissi-

161 1988 246 2027 me
289 1971 404 2027 hoc
450 1971 656 2026 divina:
713 1972 949 2027 virtutis
1010 1972 1289 2044 potentia,
1322 1989 1438 2028 non
1481 1972 1808 2028 humanum

161 2059 436 2116 auxilium
469 2065 670 2116 sancto
704 2059 904 2116 antisti
935 2059 1299 2117 contulisset.

803 2202 1030 2258 CAPUT
1070 2201 1162 2258 IV.

566 2300 621 2356 S.
652 2301 870 2357 Juliani
896 2317 1062 2368 mors,
1096 2302 1398 2373 sepultura.

225 2416 308 2471 29.
340 2415 614 2472 Plantata
678 2417 860 2489 igitur
924 2418 983 2472 in
1050 2434 1200 2489 pago
1268 2416 1653 2473 Cenomanico
1722 2418 1808 2473 di-

163 2505 270 2559 vini
316 2504 519 2560 cultus
567 2505 758 2574 vinea,
791 2505 1136 2577 abrasisque
1165 2506 1236 2560 de
1266 2522 1335 2561 ea
1385 2506 1671 2562 idolorum
1722 2524 1809 2562 er-

163 2609 475 2666 rorumque
532 2593 799 2648 omnium
860 2593 1115 2661 tribulis,
1174 2600 1409 2666 tempus
1466 2595 1812 2652 imminebat

163 2699 266 2755 quo
322 2683 537 2738 beatus
590 2681 687 2737 ille
747 2682 1002 2754 agricola
1060 2682 1319 2738 fructum
1378 2683 1457 2755 pii
1517 2684 1735 2740 laboris
1779 2701 1813 2739 a

166 2770 409 2827 Domino
440 2787 545 2826 suo
586 2774 988 2843 percepturus,
1021 2770 1093 2825 ab
1145 2771 1277 2827 istis
1326 2773 1629 2844 praesentis
1680 2773 1810 2827 vita:

164 2859 405 2932 laqueis,
435 2859 508 2915 ad
539 2863 754 2914 aeterna
782 2858 919 2914 felix
940 2858 1178 2914 deberet
1200 2860 1586 2916 conscendere
1607 2877 1806 2931 regna.

160 2948 345 3021 Itaque
375 2947 818 3021 propinquante
850 2948 1170 3003 vocationis
1202 2964 1320 3003 suae
1352 2947 1469 3015 die,
1492 2947 1711 3004 secedit
1736 2948 1809 3002 ad

159 3036 360 3105 vicum,
390 3037 464 3091 'in
494 3053 609 3108 quo
642 3052 797 3091 nunc
829 3036 890 3091 Β.
925 3036 1209 3092 Martialis
1259 3034 1506 3092 ecclesia
1555 3037 1667 3093 sita
1697 3043 1806 3094 est.

162 3125 219 3180 ln
234 3144 343 3199 quo
359 3143 504 3183 cum
527 3125 798 3198 pluribus
815 3127 1051 3198 degeret
1071 3126 1299 3194 diebus,
1316 3130 1373 3180 et
1389 3124 1680 3182 instanter
1695 3143 1807 3182 cce-

166 3213 315 3272 lestis
343 3216 476 3272 vita:
509 3216 856 3270 ducedinem
889 3215 1012 3271 suis
1045 3214 1383 3287 propinaret
1413 3215 1804 3291 auditoribus,
1838 3192 1882 3259 (ἶ

167 3303 263 3359 levi
279 3310 475 3361 tactus
493 3304 884 3370 incommodo,
902 3303 1070 3359 laetus
1086 3307 1141 3358 et
1156 3302 1348 3358 alacer
1363 3304 1810 3375 praestolabatur

168 3391 356 3449 horam
375 3409 500 3466 qua
514 3392 784 3448 laborum
802 3390 1309 3463 certaminumque
1328 3396 1571 3447 suorum
1597 3393 1811 3465 reposi-

169 3488 279 3537 tam
304 3500 336 3537 a
358 3485 529 3554 justo
552 3480 744 3552 jucice
775 3480 1059 3552 reciperet
1087 3481 1460 3536 coronam.Et
1484 3481 1623 3553 quia
1646 3482 1810 3538 navis

168 3576 367 3627 sancta:
404 3570 680 3627 Ecclesia:
713 3570 935 3640 absque
980 3569 1374 3641 gubernatore
1418 3586 1520 3640 per
1568 3568 1810 3643 pelagus

167 3659 333 3732 hujus
363 3658 577 3716 mundi
609 3676 724 3714 non
756 3663 983 3731 poterat
1023 3657 1351 3729 enavigare,
1386 3658 1584 3712 sedem
1634 3658 1745 3713 sibi
1778 3676 1812 3714 a

168 3749 273 3805 Deo
301 3749 800 3815 commendatam,
834 3764 967 3802 cum
1000 3745 1303 3801 communi
1334 3746 1473 3801 cleri
1506 3745 1811 3822 plebisque

166 3839 417 3908 consilio,
450 3842 656 3895 sancto
688 3835 972 3909 delegavit
1001 3834 1262 3901 Turibio,
1286 3852 1458 3907 quem
1482 3836 1810 3907 adjutorem

165 3931 217 3981 et
242 3928 463 3983 socium
488 3927 547 3981 in
572 3930 785 3982 sanctae
810 3923 1238 3997 praedicationis
1260 3928 1503 3979 eatenus
1527 3923 1813 3981 habuerat

165 4016 359 4072 (fficio.
398 4016 566 4071 Idem
597 4014 754 4070 enim
785 4012 1063 4069 Turibius
1091 4011 1438 4084 presbyterii
1470 4012 1660 4068 officio
1682 4012 1811 4085 glo-

168 4104 344 4160 riosus
373 4121 514 4160 cum
538 4105 598 4160 S.
625 4103 857 4159 Pavatio
879 4102 1121 4157 diacono
1144 4102 1216 4157 ad
1239 4100 1609 4156 revelandam
1640 4102 1815 4157 Ceno-

169 4194 545 4249 manensibus
574 4190 791 4248 Christi
823 4191 1094 4262 gratiam,
1130 4195 1194 4244 ut
1226 4189 1299 4245 ab
1331 4189 1593 4261 antiquis
1623 4206 1816 4247 susce-

171 4280 372 4351 pimus,
395 4298 599 4339 comes
628 4286 686 4336 et
715 4280 950 4350 adjutor
971 4279 1030 4335 S.
1056 4277 1338 4334 Julianoa
1354 4277 1626 4334 Romanae
1650 4279 1814 4335 urbis

172 4370 419 4427 antistite
448 4370 785 4426 destinatus
814 4372 921 4423 est.

236 4459 320 4513 30.
336 4456 811 4516 Gloriosissimus
828 4456 1007 4529 igitur
1022 4459 1220 4527 pastor
1238 4456 1535 4510 communi
1550 4456 1813 4511 omnium

1920 1900 2213 1956 peremus,
2249 1889 2315 1939 ut
2344 1901 2479 1938 eum
2511 1900 2843 1939 mereamur
2876 1885 3205 1955 abjutorem
3251 1886 3467 1943 habere
3505 1887 3566 1942 in

1919 1971 2080 2027 cwlis
2112 1989 2285 2045 quem
2318 1971 2528 2028 salutis
2560 1973 2854 2027 doctorem
2898 1972 3215 2029 habuimus
3266 1974 3326 2029 in
3374 1975 3564 2032 terris.

1921 2061 2051 2116 Haec
2082 2077 2147 2117 eo
2180 2061 2428 2130 dicente,
2456 2078 2660 2117 omnes
2701 2061 2975 2116 admirati
3027 2068 3199 2131 sunt;
3232 2064 3568 2136 pariterque

1920 2155 2227 2223 surgentes
2248 2151 2319 2205 ad
2342 2150 2648 2221 exsequias
2666 2150 2854 2206 sancti
2873 2150 3218 2207 festinanter
3231 2157 3565 2209 accurrunt.

1919 2239 2050 2295 Jam
2079 2255 2237 2305 vero,
2270 2242 2336 2294 ut
2359 2239 2429 2294 de
2480 2238 2729 2295 Martino
2780 2238 2882 2294 illo
2933 2241 3280 2312 pontificum
3332 2242 3568 2313 speculo

1920 2327 2154 2400 legitur,
2217 2326 2579 2399 impossibile
2635 2326 2793 2382 dictu
2845 2333 2933 2383 est
2990 2334 3211 2400 quanta
3262 2330 3568 2387 hominum

1922 2416 2239 2471 multitudo
2271 2417 2622 2483 convenerit,
2655 2416 2849 2471 cuncti
2882 2432 2948 2472 ex
2978 2418 3135 2489 agris
3164 2422 3221 2474 et
3248 2419 3413 2486 vicis,
3428 2438 3572 2476 non-

1921 2504 2068 2560 nulli
2100 2503 2277 2560 etiam
2309 2520 2376 2559 ex
2405 2503 2611 2559 vicinis
2643 2504 2879 2559 adfuere
2910 2506 3185 2562 castellis.
3221 2507 3364 2563 Hinc
3412 2508 3568 2581 psal-
3640 2566 3644 2571 ,

1922 2593 2167 2648 micines
2200 2591 2544 2647 clericorum
2578 2591 2919 2664 phalanges.
2944 2592 3105 2649 illinc
3135 2611 3434 2651 sacrarum
3457 2597 3569 2652 vir-

1920 2681 2126 2755 ginum
2160 2698 2275 2753 prae
2308 2680 2669 2752 parcimonia
2697 2685 2905 2736 turma)
2928 2680 3383 2753 pallentes,hinc
3404 2685 3571 2756 plebs

1924 2771 2149 2825 urbana
2175 2768 2472 2824 nobilibus
2495 2773 2765 2825 conserta
2783 2769 3122 2838 viris,illinc
3149 2789 3362 2829 manus
3382 2790 3572 2846 agres-
3630 2808 3633 2809 ν

1919 2860 1997 2915 tis
2029 2858 2248 2914 sanctis
2280 2859 2434 2914 beati
2461 2859 2569 2913 viri
2603 2858 2966 2914 famulantur
2996 2860 3307 2932 exsequiis.

1991 2950 2079 3003 31.
2115 2948 2225 3003 Sed
2257 2964 2329 3002 ne
2358 2947 2493 3019 quis
2543 2948 2689 3003 forte
2742 2952 3060 3016 moveatur,
3094 2949 3250 3021 quod
3299 2950 3572 3008 Julianus

1921 3036 2173 3091 Martino
2231 3036 2734 3108 mquiparaverim,
2767 3037 2867 3108 qui
2928 3036 3037 3092 hoc
3093 3037 3262 3107 dicis,
3308 3038 3357 3095 si
3417 3046 3572 3097 recte

1920 3141 2267 3198 percenseas
2298 3141 2444 3197 pene
2476 3123 2696 3180 similia
2736 3126 2810 3180 ab
2862 3129 3111 3197 utroque
3159 3132 3325 3199 potes
3376 3128 3571 3186 videre

1922 3231 2046 3270 com
2057 3212 2227 3285 pleta.
2245 3214 2535 3268 Martinus
2549 3213 2741 3268 adhuc
2758 3213 3257 3271 cathechumenus
3279 3216 3570 3290 algentem

1918 3318 2235 3374 pauperem
2283 3302 2471 3357 divisa
2517 3300 2810 3357 chlamida
2858 3302 3121 3370 vestivit;
3156 3303 3429 3361 Julianus
3459 3306 3572 3363 fide

1918 3391 2196 3446 robustus
2226 3394 2312 3445 tot
2342 3389 2528 3444 millia
2558 3394 2805 3446 veterem
2857 3390 3157 3448 hominem
3207 3399 3402 3462 exuta,
3437 3395 3571 3451 fidei

1918 3483 2076 3535 veste
2108 3480 2384 3534 contexit.
2420 3477 2711 3534 Martinus
2750 3480 2940 3550 primo
2990 3479 3315 3537 solitariam
3360 3481 3574 3556 delegit

1918 3568 2124 3635 vitam,
2158 3573 2224 3622 ut
2252 3567 2469 3622 Christi
2501 3565 2811 3622 dulcedine
2842 3568 3221 3640 singulariter
3259 3571 3570 3628 frueretur.

1920 3655 2193 3712 Julianus
2232 3661 2497 3727 apertam
2546 3655 2786 3726 expetiit
2837 3671 3117 3727 pugnam,
3153 3661 3219 3711 ut
3250 3658 3570 3716 multorum

1923 3744 2153 3800 animas
2184 3743 2531 3798 lucraretur.
2560 3744 2848 3799 Martinus
2880 3744 2952 3798 ad
2984 3744 3386 3816 episcopatum
3409 3764 3444 3802 a
3463 3749 3574 3803 Tu-

1923 3832 2272 3888 ronensibus
2304 3836 2509 3903 raptus
2532 3835 2654 3898 est;
2687 3829 2958 3886 Julianus
2979 3831 3517 3890 Cenomanensibus
3538 3854 3573 3892 a
3606 3872 3613 3879 ε

1922 3922 2039 3977 Deo
2072 3920 2349 3992 pontifex,
2384 3919 2649 3991 quinimo
2680 3924 2738 3974 et
2767 3919 3087 3990 apostolus,
3114 3919 3441 3977 destinatus
3462 3929 3571 3980 est.

1925 4010 2213 4064 Martinus
2225 4009 2437 4063 virtute
2450 4008 2758 4063 Trinitatis
2772 4007 2998 4063 Deiﬁcze
3012 4008 3189 4063 trium
3204 4013 3571 4068 mortuorum

1924 4101 2012 4153 est
2043 4098 2395 4169 magnificus
2426 4098 2777 4153 suscitator:
2801 4095 3075 4153 Julianus
3118 4097 3360 4155 totidem
3387 4100 3459 4155 ad
3491 4102 3572 4156 vi-

1924 4190 2044 4241 tam
2068 4202 2344 4241 revocans
2376 4190 2660 4253 mortuos,
2695 4184 2864 4240 toties
2897 4185 3106 4240 mortis
3122 4186 3347 4242 exstitit
3364 4187 3568 4244 victor.

1926 4275 2158 4330 Martini
2194 4292 2405 4347 corpus
2435 4274 2474 4329 ii
2497 4274 2593 4346 qui
2617 4273 2799 4328 ductu
2822 4274 2942 4344 (aL,
2969 4273 3235 4346 inductu)
3258 4275 3385 4346 ejus
3410 4295 3575 4332 mun-

1925 4365 2065 4419 dum
2098 4362 2355 4418 vicerant
2386 4368 2822 4434 prosequuntur
2854 4378 2865 4415 :
2900 4362 3120 4417 Juliani
3166 4364 3458 4435 exsequiis
3490 4364 3570 4433 hi,

1926 4452 2027 4523 qui
2068 4470 2133 4507 eo
2184 4452 2331 4506 duce
2374 4448 2632 4505 cmlestia
2670 4449 2797 4520 jam
2857 4449 3153 4517 tenebant,
3188 4449 3569 4506 famulantur.

176 4544 405 4603 allectus
425 4544 1380 4617 (al.,evectus)consensu,fratres
1400 4543 1662 4616 ﬁliosque
1676 4562 1813 4600 suos
1843 4557 1890 4622 ι)
1926 4541 2071 4608 Quid
2106 4539 2315 4613 plura?
2348 4539 2456 4594 Uni
2489 4538 2627 4609 Regi
2662 4537 3011 4605 militarunt,
3049 4537 3150 4592 uni
3181 4537 3426 4595 Domino
3447 4556 3574 4595 ser-

175 4640 380 4705 evocat,
404 4641 462 4692 et
494 4635 839 4708 consignato
866 4625 1428 4703 successore,oculis
1449 4650 1514 4687 ac
1537 4633 1811 4688 manibus

175 4720 227 4777 in
256 4723 465 4780 caelum
500 4723 758 4791 elevatis,
791 4721 1126 4778 diutissime
1156 4721 1377 4793 gratias
1408 4726 1671 4794 agens,et
1697 4721 1813 4778 col-

176 4809 412 4869 laudans
440 4812 783 4878 Dominum,
807 4827 1078 4883 ovesque,
1104 4827 1253 4883 quas
1282 4810 1510 4867 Christo
1537 4812 1817 4884 acquisie-

177 4903 274 4967 rat,
305 4900 498 4957 eidem
542 4916 777 4956 summo
825 4898 1043 4972 pastori
1089 4899 1529 4966 commendans,
1563 4900 1731 4956 laetus
1762 4905 1819 4956 et

177 4986 557 5046 alacerbeatis
573 4989 801 5046 meritis
818 4990 1070 5044 ditatum
1089 4987 1231 5043 ccelo
1248 4988 1503 5043 reddidit
1519 4989 1814 5059 spiritum.

177 5076 287 5140 Quo
316 5077 579 5133 emlestia
599 5094 778 5149 regna
809 5080 1058 5149 petente,
1087 5075 1184 5131 ille
1213 5076 1342 5146 ejus
1374 5074 1581 5130 merito
1609 5076 1743 5131 ﬁdei
1761 5081 1820 5131 et

178 5162 453 5221 bonorum
486 5159 723 5222 actuum
775 5166 1197 5221 dilectissimus
1248 5164 1547 5229 Defensor,
1577 5165 1666 5218 vir
1693 5164 1814 5236 glo-

180 5252 379 5323 riosus,
398 5273 654 5328 prmscns
672 5275 787 5312 non
805 5260 947 5321 erat,
965 5256 1066 5310 sed
1084 5256 1214 5326 ejus
1236 5252 1593 5308 sanctissimi
1618 5253 1815 5309 obitus

178 5341 270 5396 tali
298 5345 487 5399 ordini
520 5345 785 5417 cognovit
817 5344 993 5399 diem.
1030 5344 1279 5398 Sedente
1311 5357 1376 5396 eo
1409 5342 1479 5396 ad
1522 5357 1810 5409 mensam,

181 5431 351 5500 aperti
380 5436 522 5487 sunt
552 5431 972 5489 intellectuales
1004 5431 1153 5486 oculi
1200 5431 1347 5501 ejus,
1383 5435 1440 5484 et
1494 5446 1623 5484 ecce
1672 5430 1817 5485 vidit

242 5539 313 5609 (7)
343 5538 500 5594 δαν-ια
521 5540 874 5610 purissimus
892 5537 1084 5610 amnis
1099 5534 1815 5610 Alanconium,ipsamque

180 5605 567 5665 Cenomanoru
576 5628 631 5666 m
644 5609 1032 5683 episcopalem
1046 5609 1249 5663 urbem
1268 5606 1466 5676 alluit;
1488 5605 1551 5662 ac
1566 5605 1815 5673 deinCuti

1921 4630 2174 4695 vierunt,
2205 4644 2320 4683 uno
2354 4626 2573 4698 Spiritu
2595 4625 2942 4681 sanctificati
2964 4630 3125 4690 sunt,
3148 4642 3327 4697 supra
3348 4630 3571 4699 petram

1926 4719 2103 4774 unius
2136 4718 2271 4773 ﬁdei
2302 4715 2533 4772 fundati
2564 4720 2724 4771 sunt.
2758 4715 2959 4769 Restat
2983 4730 3118 4786 ergo
3151 4719 3218 4769 ut
3246 4732 3353 4786 par
3383 4715 3460 4770 sit
3489 4716 3574 4772 eis

1926 4809 2112 4864 honor
2142 4811 2198 4862 et
2218 4806 2402 4879 gloria
2430 4822 2578 4877 quos
2608 4804 2844 4859 virtutis
2874 4803 3023 4858 actio
3066 4819 3235 4874 pares
3266 4802 3325 4858 in
3356 4803 3574 4860 Christi

1927 4896 2231 4953 constituit
2261 4894 2405 4950 disci
2414 4892 2594 4966 plina.

1998 4988 2087 5040 3‘2.
2121 4986 2238 5040 Hoc
2271 4984 2453 5055 igitur
2483 4980 2636 5037 beati
2664 4980 2771 5037 viri
2802 4997 3012 5053 corpus
3061 4998 3194 5037 cum
3245 4982 3316 5037 ad
3367 4983 3573 5037 urbem

1930 5075 2224 5146 propriam
2255 5073 2682 5142 deportaretur,
2713 5074 2951 5125 ventum
3002 5075 3090 5126 est
3135 5071 3206 5125 ad
3258 5072 3571 5127 transitum

1926 5163 2106 5228 fluvii,
2139 5161 2231 5215 cui
2260 5163 2435 5214 Sartm
2466 5158 2542 5229 (7)
2563 5157 2910 5213 vocabulum
2937 5159 3572 5215 est.Addeclarandum

1926 5268 2062 5324 ergo
2093 5249 2293 5322 quanti
2330 5246 2519 5302 meriti
2552 5251 2708 5301 esset
2736 5248 2906 5317 cujus
2938 5246 3195 5318 reliquiae
3242 5249 3575 5304 ferebantur

1925 5338 2193 5411 equi,qui
2228 5335 2491 5389 lecticam
2518 5339 2853 5390 sanctarum
2876 5336 3185 5407 gestabant
3206 5337 3571 5391 exuviarum-

1926 5427 2148 5484 czeteris
2176 5424 2270 5478 vix
2299 5421 2693 5491 enatantibus,
2720 5422 2871 5477 inter
2903 5424 3090 5479 undas
3120 5422 3340 5479 validas
3361 5428 3419 5479 et
3440 5442 3570 5496 pro~

1925 5541 1981 5592 et
2008 5533 2195 5597 Ledus,
2230 5530 2531 5604 Meditanae
2567 5528 2863 5604 miscetur,
2899 5531 2999 5601 qui
3035 5532 3090 5585 in
3125 5528 3376 5602 Ligerim
3420 5528 3571 5604 infra,

1922 5607 2365 5678 Andegavorum
2398 5600 2601 5656 urbem
2633 5600 2843 5668 influit,
