4034 6170
1935 205 1946 228 κ

407 322 524 386 795

1465 325 1798 386 LETALDI
1847 320 2337 385 MICIACENSIS
2382 318 2758 382 MONACHI.

3707 317 3832 381 796

407 457 600 515 fundae
633 456 910 515 czecitatis
941 457 1229 532 gurgites,
1266 475 1368 513 nec
1410 458 1656 531 genibus
1695 475 1847 530 aqua
1886 457 2055 514 tactis
2086 457 2138 523 Α
2168 456 2403 511 tandem
2457 457 2759 512 recordata
2804 456 3063 530 pignoris
3122 455 3213 512 sui
3276 454 3486 528 pavida
3543 455 3829 520 accurrit,

409 545 580 602 littus
612 545 884 612 alterum,
920 546 1148 602 eunetis
1179 547 1533 604 mirantibus
1564 546 1891 604 subierunt.

478 636 567 691 33.
598 635 744 690 Cum
775 653 907 691 vero
952 639 1074 690 tota
1118 637 1258 690 urbs
1305 637 1607 690 festinaret
1647 636 1703 689 in
1745 653 2054 690 occursum

409 725 498 779 sui
535 725 805 797 pastoris,
839 725 1104 796 quautam
1143 725 1355 780 mulier
1385 723 1694 796 parvulum
1729 723 1914 779 tilium
1947 723 2058 778 eal-

405 813 579 868 daria:
598 813 977 885 imposuerat,
996 813 1418 885 suppositoque
1443 813 1573 883 igne
1593 813 1852 867 membra
1873 813 2057 867 iut’an-

403 902 508 957 tuli
543 919 697 974 aqua
741 907 972 974 tepente
1017 902 1290 956 lavabat:
1331 920 1456 972 qua)
1507 919 1642 956 voce
1674 901 2051 972 psallentium

403 992 652 1046 attonita
674 991 932 1046 ofﬁcium
959 995 1212 1062 emptum
1233 991 1468 1056 deserit,
1486 990 1782 1061 oblitaque
1804 989 2055 1043 int‘antu-

401 1079 464 1146 li,
502 1097 636 1134 eum
670 1079 892 1133 cieteris
915 1079 1143 1134 obviam
1173 1084 1376 1132 saneto
1411 1079 1680 1132 accurrit.
1711 1079 1890 1149 Igitur
1912 1079 2050 1132 dum

404 1183 473 1222 ea
503 1166 1002 1222 venerantissimis
1037 1171 1298 1221 moratur
1328 1167 1640 1238 exsequiis,
1669 1167 1820 1237 ignis
1845 1166 2051 1221 infanti

405 1254 726 1326 suppositis
758 1255 1074 1320 calescens,
1109 1273 1210 1310 vas
1242 1256 1514 1322 ferreum,
1539 1256 1596 1308 in
1631 1273 1744 1326 quo
1778 1255 2052 1326 parvulus

403 1341 632 1412 positus
663 1345 804 1407 erat,
841 1342 1122 1408 obambit,
1161 1342 1596 1412 immensosque
1627 1343 1846 1397 calores
1875 1343 2054 1398 efﬁcit

403 1433 461 1484 ct
490 1430 830 1486 etl‘erventes
854 1431 914 1484 in
938 1430 1198 1501 seipsum
1227 1430 1486 1484 refundit
1505 1447 1766 1501 vapores.
1791 1431 1930 1496 Quis
1953 1449 2054 1503 pu-

403 1521 554 1573 taret
591 1517 649 1573 in
701 1517 800 1573 tali
860 1519 1198 1574 discrimine
1249 1519 1436 1574 vivere
1495 1518 1828 1590 potuisset?
1878 1521 2050 1576 Porro

400 1606 570 1662 beata
599 1611 787 1662 mater
817 1625 949 1663 cum
995 1610 1119 1680 jam
1163 1612 1377 1664 sancta:
1410 1606 1667 1680 rebquia:
1721 1608 1876 1663 domi
1929 1627 2046 1664 suae

399 1696 1397 1770 propinquassent,domesticosque
1432 1696 1582 1754 lares
1618 1697 2048 1771 recognovisset

2167 545 2463 600 mstimans
2509 545 2658 600 inter
2702 562 2942 618 vapores
2992 545 3271 618 igniferos
3321 544 3737 617 liquefactum,
3771 551 3831 598 et

2165 637 2365 689 tenera
2397 633 2560 706 pueri
2593 633 2946 689 distabuisse
2967 635 3252 690 membra.
3279 634 3392 689 Sed
3421 633 3634 688 ardore
3665 632 3823 700 ﬁdei,

2167 740 2292 794 quae
2327 723 2486 777 illam
2533 728 2733 778 sancto
2774 722 2998 794 corpori
3029 723 3183 778 exire
3226 722 3460 776 obviam
3511 721 3826 792 compulit,

2165 812 2442 866 restincta
2476 815 2562 866 cst
2592 811 2851 867 ardentis
2883 811 3153 866 ﬂammas
3183 810 3421 865 camini.
3457 809 3671 864 Subito
3702 813 3825 864 ter-

2118 971 2124 975 _
2165 916 2292 954 rore
2337 899 2605 970 perculsa
2649 899 2832 954 tilium
2884 917 2998 954 non
3051 901 3341 962 admovet,
3373 899 3560 952 donec
3611 899 3826 969 grandi

2165 989 2416 1042 clamore.
2451 988 2666 1042 multos
2699 987 3090 1060 compelleret.
3127 986 3393 1042 adunari.

2233 1079 2321 1130 34.
2358 1078 2512 1133 Beati
2559 1094 2730 1149 porro
2762 1077 2868 1140 viui
2900 1095 3112 1148 corpus
3157 1076 3428 1130 humanae
3460 1075 3822 1131 conditionis

2162 1165 2285 1238 lege
2315 1166 2632 1238 sepultum,
2656 1183 2785 1221 vere
2817 1167 2873 1220 in
2899 1165 3128 1222 Christo
3160 1183 3219 1221 se
3240 1165 3428 1220 vivere
3449 1165 3824 1220 demonstrat

2162 1255 2636 1327 frequentissima
2657 1254 3053 1310 consolatione
3068 1254 3411 1308 viventium.
3433 1253 3582 1308 Nam
3609 1253 3689 1308 ibi
3724 1269 3824 1306 re-

2161 1343 2301 1415 cipit
2333 1345 2561 1398 caccitas
2591 1343 2804 1409 visum,
2839 1343 3110 1399 debilitas
3153 1359 3446 1416 gressum,
3479 1341 3824 1414 eti'ugantur

2161 1433 2466 1498 daemonia,
2501 1433 2796 1487 donantur
2837 1448 2973 1487 cum
3016 1432 3130 1486 ﬁde
3175 1430 3510 1504 petentibus
3554 1447 3820 1503 congrua

2157 1526 2309 1589 vota,
2337 1511 2649 1592 praestante
2670 1521 2916 1576 Domino
2942 1525 3142 1576 nostro
3169 1519 3307 1576 Jesu
3336 1519 3568 1574 Christo
3601 1517 3694 1573 cui
3727 1525 3823 1574 est

2158 1626 2290 1664 eum
2317 1610 2482 1664 Patre
2504 1615 2556 1664 et
2589 1607 2806 1680 Spiritu
2833 1613 3032 1664 sancto
3055 1608 3242 1664 honor
3263 1611 3322 1664 et
3343 1607 3550 1680 gloria,
3578 1611 3637 1662 et;
3660 1623 3818 1662 nunc

2158 1703 2216 1754 et
2245 1714 2349 1772 per
2378 1702 2594 1754 aeterna
2625 1697 2856 1754 saecula.
2889 1700 3092 1753 Amen.

1005 2007 1364 2124 LIBER.
1444 2007 2342 2125 MIRACULORUM
2419 2011 2510 2123 s.
2598 1963 3210 2124 MAXIMINI

1707 2217 2010 2298 ABBATlS
2051 2216 2105 2274 M
2115 2215 2506 2273 ICIACENSIS

1495 2373 1754 2432 Auctore
1787 2369 2026 2432 Letaldo
2059 2369 2340 2432 monacho
2374 2370 2724 2432 Mia'acensi

1660 2531 1848 2605 (Apud
1881 2529 2126 2599 Mabill.,
2163 2531 2293 2586 Acta
2326 2531 2368 2598 Ι,
2401 2529 2549 2594 598.)

1462 2817 2096 2906 PROLOGUS
2164 2816 2740 2904 AUC'l'OltlS

477 3024 527 3077 1.
552 3022 617 3077 In
647 3020 943 3076 ﬂammam
976 3020 1166 3076 sciens
1199 3027 1255 3076 et
1285 3023 1541 3094 prudens
1574 3023 1742 3078 mitto
1784 3037 2048 3088 manum,
2081 3023 2128 3088 Β
2229 3024 2281 3076 2.
2317 3023 2441 3088 Qua
2469 3021 2538 3076 de
2569 3037 2630 3075 re
2678 3019 2972 3075 temerarii
3005 3019 3242 3090 quidem
3295 3035 3476 3074 ausus
3525 3033 3796 3090 praesum-

407 3111 508 3183 qui
531 3109 1005 3182 prmsumpserim
1030 3109 1182 3164 inter
1204 3114 1287 3164 tot
1308 3110 1924 3182 eloquentissimorum
1949 3110 2050 3165 ﬁu-

405 3197 568 3254 mina
589 3196 902 3253 homuncio
925 3197 1142 3252 arentis
1165 3198 1378 3270 ingenii
1404 3215 1526 3254 rem
1560 3199 1844 3254 hactenus
1865 3199 2049 3254 intac-

307 3353 315 3360 ‘
403 3291 523 3342 tam
543 3289 990 3353 attentare,cum
1017 3303 1130 3340 non
1155 3287 1634 3358 praesumpserint
1653 3287 1752 3358 qui
1772 3287 1976 3343 idonee
1997 3292 2054 3343 et

405 3378 801 3446 competenter
829 3374 900 3428 ad
936 3373 994 3428 id
1025 3374 1398 3430 efﬁciendum
1437 3375 1923 3431 sufﬁeientissimi
1967 3377 2053 3432 fo-

404 3467 551 3529 rent,
571 3465 628 3518 et
651 3477 805 3516 nunc-
829 3461 1052 3516 at'fatim
1071 3451 1597 3534 'ﬂoreant,quorum
1623 3465 1810 3536 arguti
1835 3464 2052 3519 exami-

405 3551 498 3607 nis
519 3550 686 3606 lance
715 3554 774 3606 et
807 3548 1142 3622 praejudicio
1165 3551 1540 3606 condemnari
1571 3568 1788 3608 verear.
1805 3553 1919 3608 Hoc
1949 3569 2051 3608 au-

405 3645 524 3696 tem
541 3644 629 3696 est
645 3639 800 3712 quod
818 3657 852 3694 a
872 3631 1238 3712 temporibus
1262 3640 1536 3713 piissimae
1557 3641 1848 3698 memoria:
1872 3642 2054 3714 patris

405 3727 704 3784 Maximini
731 3744 918 3800 usque
935 3729 1006 3782 ad
1029 3727 1150 3784 haec
1167 3729 1381 3800 quibus
1404 3747 1510 3785 nos
1529 3729 1770 3786 consilio
1785 3730 2057 3802 Omnipo-

404 3817 582 3872 tentis
607 3817 706 3888 qui
729 3820 894 3872 vocat
918 3833 986 3871 ea
1006 3833 1132 3889 quae
1155 3835 1272 3873 non
1295 3823 1433 3873 sunt
1463 3822 1763 3892 tamquam
1786 3837 1913 3891 qua}
1937 3819 2056 3876 sint

391 3907 531 3962 'esse
555 3905 791 3978 placuit,
817 3923 951 3961 cum
976 3905 1203 3962 diverso
1231 3908 1403 3962 modo
1430 3905 1592 3963 locus
1616 3907 1712 3962 ille
1735 3925 1908 3980 quem
1933 3907 2056 3979 ipse

403 3994 492 4049 vir
522 3993 754 4049 Domini
797 3999 1199 4050 construxerat
1241 3995 1605 4050 Miciacensis
1643 3995 1860 4051 scilicet
1900 4013 2053 4052 nunc

407 4082 690 4147 ﬂoruerit,
735 4099 893 4136 nunc
943 4082 1160 4138 ultima:
1213 4083 1523 4154 abjectioni
1573 4084 1847 4156 patuerit,
1883 4085 2054 4140 modo

408 4184 640 4238 quoque
662 4185 965 4241 resurgere
990 4171 1228 4225 tentarit
1253 4186 1264 4224 :
1289 4169 1441 4226 inter
1469 4188 1613 4243 quas
1645 4189 1846 4228 omnes
1865 4173 2054 4228 varie-

411 4259 557 4311 tates
580 4254 889 4312 clementia
911 4257 1306 4314 misericordis
1329 4259 1429 4314 Dei
1449 4277 1751 4332 nunquam
1776 4261 2056 4329 abfuit,,et

409 4343 824 4400 miraculorum
859 4347 1026 4418 copia
1047 4347 1273 4401 meritis
1295 4349 1558 4420 ejusdem
1590 4349 1776 4405 Patris
1797 4349 2055 4406 exhibita

406 4432 747 4489 vacillantes
769 4438 826 4489 et
846 4437 930 4489 tre
939 4434 1106 4506 pidos
1131 4438 1342 4508 smptus
1359 4437 1658 4493 consolata
1673 4443 1790 4506 est;
1812 4438 2054 4494 inveniri

408 4539 580 4578 nemo
628 4523 818 4594 potuit
849 4522 950 4594 qui
998 4523 1107 4579 hoc
1157 4524 1372 4596 scripto
1402 4527 1618 4594 ederet,
1647 4534 1934 4599 quatenus
1984 4529 2055 4583 ad

408 4610 675 4667 notitiam
707 4611 1066 4684 posteritatis
1087 4613 1290 4668 ordine
1325 4613 1617 4686 pervenire
1639 4615 1874 4672 valeret.
1892 4617 2055 4682 Quod

409 4699 606 4772 magni
649 4700 900 4754 arbitror
945 4701 1300 4770 detrimenti,
1337 4719 1471 4767 cum
1523 4709 1580 4759 et
1628 4703 1727 4760 Dei
1775 4705 2057 4760 beneﬁcia

406 4787 626 4860 ignavae
653 4787 929 4844 oblivioni
954 4789 1074 4845 sint
1095 4791 1310 4846 tradita
1332 4795 1388 4846 et
1413 4791 1575 4846 locus
1597 4793 1876 4864 abjectior
1895 4793 2056 4850 habi-

408 4880 789 4948 tus,quantus
805 4879 893 4933 vel
919 4879 1109 4951 qualis
1125 4879 1264 4935 olim
1291 4879 1464 4936 fuerit
1481 4881 1859 4938 monimentis
1879 4882 2055 4938 silen-

409 4964 566 5020 tibus
591 4983 736 5038 pene
761 4967 989 5024 cunctis
1010 4969 1374 5042 incognitum
1398 4970 1495 5024 sit.
1514 4969 1660 5025 Nam
1684 4971 1836 5042 quod
1861 4972 1928 5027 ad
1954 4971 2053 5028 ali-

408 5055 578 5126 cujus
596 5056 862 5112 notitiam
888 5058 1186 5128 pervenire
1208 5058 1578 5130 potuit,quod
1598 5059 1708 5114 sub
1725 5059 1910 5117 oculis
1929 5063 2056 5132 ejus

409 5142 503 5198 cui
534 5142 849 5199 innotescit
887 5149 1182 5216 patratum
1225 5164 1340 5201 non
1382 5152 1502 5216 est;
1539 5147 1596 5202 id
1636 5149 1836 5220 procul
1877 5151 2054 5206 dubio

408 5236 512 5287 aut
541 5230 752 5288 litteris
782 5237 885 5289 aut
915 5233 1227 5290 traditione
1260 5234 1396 5289 vivae
1437 5236 1592 5292 vocis
1625 5235 1914 5308 perlatum
1945 5245 2053 5294 est.

409 5319 570 5386 Quod
595 5325 792 5377 autem
815 5327 1022 5378 neutro
1043 5323 1274 5390 horum,
1301 5323 1358 5378 id
1391 5325 1795 5395 proculdubio
1826 5345 1900 5382 an
1933 5329 2054 5384 fue-

409 5408 507 5473 rit,
529 5408 618 5462 vel
650 5427 763 5464 non
797 5411 992 5480 fuerit,
1017 5428 1245 5466 mecum
1279 5412 1496 5484 pariter
1527 5431 1726 5469 emncs
1759 5417 2052 5473 tacebunt.

411 5495 572 5552 Tolle
603 5497 964 5554 monimenta
996 5501 1065 5554 de
1097 5500 1293 5568 rebus,
1319 5518 1554 5557 necesse
1584 5506 1671 5556 est
1703 5509 1766 5558 ut
1798 5512 2052 5576 pereant,

412 5589 472 5642 et
500 5588 690 5642 status
717 5587 946 5642 vivendi
987 5587 1190 5643 ordine
1223 5589 1462 5644 confuso
1502 5590 1716 5646 titubet
1747 5598 1801 5648 et
1831 5593 2056 5651 vacillet

2160 3111 2375 3181 ptione,
2405 3116 2659 3165 attamen
2693 3108 2854 3164 utilis
2886 3107 3178 3180 profectus
3211 3105 3702 3178 contemplatione
3731 3105 3795 3160 ad

2159 3199 2269 3254 hoc
2304 3198 2606 3254 annimum
2642 3197 2862 3270 appuli,
2899 3201 2962 3252 ut
2993 3213 3118 3268 quae
3148 3195 3236 3250 vel
3268 3195 3393 3267 ipse
3421 3195 3694 3258 viderim,
3718 3191 3798 3248 vel

2161 3290 2538 3361 probatorum
2569 3288 2825 3343 veridica
2870 3285 3143 3342 relatiene
3192 3283 3585 3358 cognoverim,
3617 3283 3686 3338 de
3715 3281 3801 3337 bis

2161 3375 2427 3431 videlicet
2445 3392 2571 3447 quae
2606 3373 2916 3430 intentioni
2939 3377 3078 3428 sunt
3097 3372 3408 3428 scribenda
3430 3376 3722 3444 putarem.
3746 3370 3799 3426 ln

2163 3481 2276 3536 quo
2308 3465 2499 3536 operis
2531 3467 2801 3520 contextu
2824 3461 2906 3517 nil
2937 3462 3153 3516 mirum
3173 3460 3356 3516 videri
3372 3460 3562 3525 debet,
3590 3460 3640 3514 si
3663 3475 3807 3531 quae-

2162 3555 2296 3609 dam
2331 3553 2675 3608 interseram
2708 3569 2833 3624 quae
2866 3551 2938 3606 ad
2969 3551 3026 3606 id
3059 3549 3358 3623 negotium
3391 3550 3680 3621 pertinere
3711 3548 3807 3602 mi-

2163 3645 2320 3699 nime
2349 3643 2675 3707 videantur,
2700 3657 2831 3696 cum
2867 3640 2923 3695 id
2947 3645 3006 3696 et
3029 3656 3158 3695 raro
3181 3637 3536 3708 faciam,etsi
3563 3638 3806 3694 intuitus

2164 3738 2317 3788 recte
2359 3730 2698 3803 speculandi
2751 3728 2906 3785 adsit
2953 3746 3068 3784 non
3111 3727 3236 3784 sine
3281 3744 3491 3784 causa-
3513 3727 3660 3782 Nam
3693 3730 3750 3781 et
3777 3741 3808 3780 a

2163 3821 2488 3877 Chlodoveo
2519 3819 2804 3890 incipiens
2823 3823 2879 3874 et
2899 3818 2968 3873 de
2990 3819 3118 3888 ejus
3139 3815 3336 3872 solerti
3365 3814 3599 3888 ingenio
3631 3830 3808 3886 pauca

2165 3909 2481 3967 admodum
2514 3906 2826 3980 praelibans
2854 3923 2921 3962 ea
2943 3907 3014 3961 de
3035 3922 3095 3962 re
3122 3905 3176 3961 id
3199 3903 3376 3971 volui,
3402 3907 3466 3959 ut
3485 3920 3552 3959 eo
3577 3907 3806 3959 auctore

2163 4001 2335 4070 cujus
2355 3995 2754 4052 muniﬁcentia
2774 3995 2936 4051 locus
2960 3995 3029 4049 de
3052 4011 3166 4066 quo
3196 3993 3353 4065 loqui
3376 3993 3669 4065 gestimus
3696 4007 3807 4046 eo:-

2164 4088 2249 4160 pit
2270 4084 2592 4151 exordium,
2608 4089 2820 4140 nostra:
2837 4100 3068 4154 quoque
3093 4082 3445 4138 narrationis
3466 4080 3809 4136 fundaretur

2163 4174 2541 4249 principium.
2577 4173 2721 4228 ltcm
2755 4189 2888 4229 cum
2923 4171 3073 4228 ﬁlios
3104 4172 3234 4243 ejus
3276 4171 3511 4236 induco,
3546 4169 3605 4224 id
3639 4185 3809 4224 causa

2165 4263 2317 4319 beati
2338 4262 2486 4316 Aviti
2521 4260 2667 4316 facio
2689 4265 2746 4316 et
2775 4260 3187 4332 antiquitatem
3210 4265 3268 4314 et
3289 4259 3552 4314 studium
3583 4257 3807 4330 pietatis

2165 4354 2292 4424 ejus
2325 4351 2735 4406 commendare
2763 4350 2981 4406 volens.
3017 4351 3244 4404 Rursus
3275 4364 3408 4404 cum
3440 4363 3646 4419 regum
3676 4350 3811 4402 tem-

2167 4457 2307 4515 pora
2339 4455 2440 4512 per
2465 4455 2754 4494 annorum
2788 4437 3261 4510 supputationem
3289 4451 3474 4508 usque
3495 4436 3570 4490 ad
3591 4435 3809 4491 Childeo

2167 4531 2397 4586 bertum
2442 4527 2728 4599 Sigeberti
2783 4526 2970 4581 ﬁlium
3019 4526 3338 4597 distinguo,
3372 4525 3429 4579 id
3463 4524 3697 4579 duabus
3744 4540 3808 4577 ex

2165 4618 2361 4674 causis
2391 4615 2603 4684 efﬁcio,
2627 4619 2692 4670 ut
2720 4616 3092 4687 comprobem
3115 4615 3178 4670 B.
3205 4615 3642 4669 Launomarum
3665 4611 3808 4684 patri

2166 4703 2480 4762 Maximino
2503 4703 2900 4776 synchronum
2930 4703 3132 4769 fuisse,
3157 4703 3438 4758 duntaxat
3461 4700 3544 4756 sic
3569 4705 3636 4756 ut
3657 4703 3808 4772 patre

2167 4792 2481 4850 Maximino
2511 4791 2698 4848 aetatis
2731 4792 2994 4863 perfectae
3019 4790 3112 4846 hic
3143 4789 3520 4846 adolesceret.
3544 4789 3662 4844 Nec
3683 4792 3807 4844 ante

2165 4882 2434 4938 eumdem
2469 4884 2693 4953 patrem
2719 4879 3104 4935 Maximinum
3137 4879 3196 4934 in
3226 4879 3334 4934 hac
3357 4883 3564 4934 nostra
3581 4877 3810 4951 regione

2166 4985 2523 5044 quemquam
2555 4973 2789 5041 patrum
2816 4969 2943 5040 ejus
2967 4968 3334 5023 auctoritatis
3356 4967 3647 5039 scriptum
3668 4965 3814 5022 inve-

2167 5059 2300 5126 niri,
2324 5059 2422 5130 qui
2458 5062 2542 5112 tot
2572 5062 2806 5113 sanctos
2839 5061 2897 5113 et
2929 5057 3190 5112 illustres
3217 5055 3375 5113 viros
3403 5053 3669 5127 exemplo
3698 5071 3812 5111 sua:

2167 5145 2554 5204 institutionis
2586 5145 2936 5213 informarit,
2973 5150 3147 5218 atque
3196 5144 3326 5201 ideo
3371 5161 3486 5199 non
3520 5143 3812 5198 immerito

2166 5235 2597 5308 conjiciendum
2623 5234 2816 5306 ipsum
2847 5238 3117 5290 sanctum
3141 5237 3198 5289 et
3216 5232 3611 5288 venerabilem
3625 5231 3812 5287 virum

2169 5327 2602 5382 Launomarum
2628 5323 2696 5379 de
2728 5323 2836 5379 hac
2863 5323 2992 5395 ipsa
3021 5323 3149 5394 ejus
3179 5321 3535 5394 processisse
3557 5319 3813 5392 discipli-

2167 5431 2273 5470 na:
2300 5429 2435 5469 cum
2453 5415 2510 5466 et
2531 5416 2794 5483 tempora
2811 5412 3181 5479 concordent,
3196 5415 3253 5466 et
3275 5409 3647 5467 familiaritas
3669 5411 3812 5464 inter

2168 5503 2546 5559 Miciacenses
2572 5505 2629 5555 et
2649 5500 3070 5557 Corbioncnses
3092 5499 3368 5568 (Corbion)
3386 5515 3575 5571 usque
3597 5499 3670 5554 ad
3696 5497 3809 5554 huic

2167 5609 2314 5666 pene
2344 5595 2608 5662 tempora
2640 5589 2980 5646 inconvulsa
3006 5589 3407 5662 perseverarit.
3432 5587 3692 5661 Denique
3713 5587 3810 5644 He-
