4028 6172
210 336 323 401 797

1211 341 1438 401 LIBER
1488 341 1587 401 DE
1633 338 2054 401 MIRACALIS
2104 339 2167 399 S.
2219 341 2616 403 MAXIMINI.

3502 348 3620 409 798

205 469 438 537 riricus,
474 475 535 526 ut
558 476 691 543 post
713 472 922 528 dicturi
956 491 1185 539 sumus,
1213 475 1353 529 dum
1388 476 1458 529 ad
1509 473 1616 529 hoc
1648 472 1858 528 moles-
1890 469 1945 537 Α
1975 469 2138 539 dium
2169 472 2458 546 hodieque
2480 474 2678 531 claret.
2715 477 2859 531 Nam
2894 478 3044 533 inter
3074 483 3311 535 czeteros
3332 480 3621 536 bonorum

204 562 364 615 tatus
410 560 747 615 recessisset
804 560 951 627 loco,
987 563 1058 617 ad
1123 562 1514 618 Corbionense
1568 564 1861 616 monaste-

203 648 359 701 rium
393 664 455 703 se
477 648 744 704 contulit.
779 654 837 705 et
866 652 1019 722 quod
1055 651 1194 705 Vita:
1233 655 1555 724 supererat,
1591 650 1669 705 ibi
1704 666 1860 704 com-

204 734 401 806 plevit.

274 826 329 877 3.
366 824 539 879 Porro
564 829 759 879 autem
782 844 883 881 nec
918 829 1114 883 omnia
1137 846 1262 899 qua:
1287 827 1653 897 cognoverim
1676 826 1731 880 in
1756 826 1861 880 hoc

203 912 372 984 posui
422 912 636 979 libello,
673 932 799 984 qua:
846 916 901 969 in
957 916 1063 970 hoc
1097 916 1180 971 vel
1234 917 1304 971 de
1334 916 1442 970 hoc
1492 915 1691 969 habita
1721 915 1858 981 sint,

202 1007 510 1055 revocatus
546 1002 748 1073 utique
782 1009 1112 1075 temporum
1146 1003 1484 1059 confusione
1518 1021 1530 1057 :
1567 1021 1693 1075 qua:
1727 1004 1864 1075 quia

202 1090 536 1144 discernere
562 1090 813 1161 nequivi,
835 1093 1124 1147 conticere
1155 1093 1360 1146 exinde
1397 1092 1607 1147 melius
1642 1091 1860 1163 putavi.

202 1178 495 1242 Quoniam
531 1178 754 1233 nobiles
773 1185 828 1234 et
858 1180 1177 1235 industrios
1208 1181 1406 1236 Patres
1439 1181 1495 1233 in
1532 1181 1634 1235 hoc
1661 1180 1863 1235 eodem

203 1266 473 1321 ﬂoruisse
502 1266 626 1320 loco
669 1269 931 1337 cognovi,
967 1270 1322 1340 Haymonem
1358 1268 1643 1335 videlicet,
1670 1270 1867 1323 Steno-

200 1355 485 1427 gaudium
508 1361 563 1410 et
588 1357 1408 1425 Dructesindum,Bertoldum
1428 1375 1657 1429 quoque
1676 1357 1865 1412 virum

200 1443 676 1499 eruditissimum
710 1444 809 1515 qui
842 1445 1036 1501 Vitam
1068 1454 1321 1501 veterem
1356 1448 1537 1517 patris
1562 1446 1865 1501 Maximini

208 1531 432 1586 dicitur
461 1531 734 1599 edidisse,
754 1533 987 1589 Petrum
1006 1535 1182 1593 etiam
1208 1537 1376 1607 cujus
1399 1534 1649 1591 eruditio
1672 1540 1723 1591 et
1744 1540 1864 1589 stu-

1151 1848 1849 1953 lNClPlCNT‘

742 2066 973 2123 CAPUT
1016 2062 1322 2124 PRIMUM.

202 2171 463 2246 Clodoeei
489 2173 757 2246 elagz’unt.
780 2172 836 2227 S.
870 2174 1117 2243 Euspz‘rii
1148 2176 1272 2231 vim:
1292 2175 1701 2246 compendium,-
1736 2177 1862 2229 item

276 2246 333 2300 S.
368 2244 676 2317 ilhwirntni.
692 2244 1007 2317 Aitlaxz‘mrini
1022 2247 1272 2317 ,insignes
1292 2244 1570 2317 discipuli.
1586 2247 1861 2301 Sententia

276 2318 514 2371 auctoris
544 2316 609 2371 de
633 2315 865 2371 adventu
894 2316 951 2370 S.
986 2316 1163 2370 Mauri
1195 2318 1253 2371 in
1278 2315 1496 2372 Gallias.

282 2427 329 2479 1.
356 2423 464 2479 Diu
502 2441 594 2478 me
638 2428 1032 2494 pertractante
1079 2424 1221 2494 quid
1269 2425 1462 2496 potius
1506 2424 1859 2480 assumendo

196 2513 564 2569 narrationis
597 2512 819 2567 ordirer
840 2512 1195 2584 principium
1225 2512 1528 2569 locuturus
1552 2515 1621 2568 de
1638 2512 1861 2568 virtuti-

194 2604 318 2658 bus
336 2602 532 2672 magni
558 2606 613 2655 et
634 2599 1155 2671 praecellentissimi
1185 2601 1368 2657 Patris
1394 2602 1860 2674 Maximini,rege

197 2688 534 2746 Chlodoveo
557 2689 704 2744 nihil
737 2688 951 2745 clarius
973 2689 1413 2763 inventum,qui
1438 2692 1619 2747 totius
1648 2695 1858 2746 nostra:

190 2779 663 2852 superponenda:
701 2777 957 2833 historia:
1018 2780 1182 2850 quasi
1243 2780 1714 2849 fundamentum,
1750 2779 1861 2851 pri-

190 2885 491 2940 mumque
509 2868 960 2922 fundamentum
976 2885 1087 2922 non
1110 2867 1400 2924 immerito
1414 2868 1858 2924 collocetur.Hic

188 2957 417 3014 etenim
443 2975 540 3013 rex
561 2974 694 3011 cum
718 2957 907 3029 primo
929 2974 1120 3012 errore
1142 2956 1487 3029 gentilitatis
1503 2962 1655 3013 esset
1678 2958 1860 3012 irreti-

188 3054 321 3113 tus,
348 3046 754 3118 praedicatione
786 3047 846 3100 Β.
866 3045 1111 3116 Remigii
1141 3046 1495 3101 lthemorum
1520 3045 1859 3118 episcopi,et

186 3135 507 3193 exhortata
558 3133 945 3189 nihilominus
975 3134 1333 3189 Chrothildis
1362 3136 1573 3207 regina:
1620 3152 1737 3190 sure
1784 3136 1856 3190 ad

187 3224 382 3280 ﬁdem
414 3223 626 3278 Christi
661 3240 995 3287 conversus,
1030 3228 1149 3278 tam
1202 3225 1402 3279 devote
1450 3224 1679 3279 Christo
1719 3224 1859 3278 vixit

188 3313 509 3383 subjectus
539 3329 713 3383 quam
749 3311 807 3365 in
834 3310 1013 3367 armis
1045 3328 1172 3366 esse
1205 3313 1433 3367 studuit
1453 3330 1683 3385 semper
1713 3312 1855 3367 invi-

187 3407 355 3458 ctus.
408 3400 551 3455 Cum
603 3401 759 3455 enim
809 3399 1096 3455 catholica
1145 3401 1331 3472 pietas
1371 3402 1612 3473 vigeret,
1639 3402 1856 3457 Gothos
1886 3437 1929 3502 C

184 3488 975 3563 quiArianisimpietatibus
1006 3488 1378 3561 squallebant
1426 3491 1497 3545 ab
1540 3490 1857 3563 Aquitania

180 3577 439 3650 expulit,
475 3583 531 3632 et
562 3578 753 3633 occiso
786 3595 986 3633 eorum
1040 3596 1171 3649 rege
1219 3578 1443 3633 Alarico
1494 3578 1681 3633 ﬁlium
1727 3579 1854 3649 ejus

178 3666 554 3723 Amalricum
586 3668 644 3722 in
675 3666 985 3739 Hispanias
1018 3669 1217 3738 fugere
1249 3668 1456 3739 coegit,
1484 3684 1746 3739 peneque
1774 3673 1854 3723 to~

175 3763 314 3813 tam
366 3755 615 3811 Galliam
666 3756 777 3811 sibi
830 3755 1011 3810 armis
1061 3756 1391 3823 vindicans,
1425 3757 1570 3811 fines
1622 3757 1851 3828 imperii

178 3845 490 3912 Rhenum,
522 3844 717 3916 Alpes,
751 3845 1140 3901 Meridianum
1173 3862 1352 3909 mare,
1406 3851 1633 3901 montes
1684 3847 1851 3920 Pyre-

174 3952 347 3990 naos
360 3939 417 3989 et
439 3934 733 3989 Oceanum
754 3934 960 3989 habuit
978 3934 1524 4006 Septentrionalem.
1543 3935 1602 3989 In
1621 3939 1850 3990 tantum

173 4020 443 4093 denique
465 4020 718 4076 nominis
742 4022 872 4091 ejus
898 4027 1081 4076 terror
1103 4026 1347 4077 cunctas
1371 4022 1481 4077 sibi
1506 4024 1851 4095 continguas

174 4116 521 4183 pervaserat
556 4109 843 4176 nationes,
868 4114 931 4163 ut
960 4109 1137 4165 etiam
1166 4109 1529 4178 Anastasius,
1552 4110 1651 4181 qui
1674 4110 1852 4182 impe—

174 4202 270 4255 rio
307 4199 551 4254 Romani
586 4199 843 4254 nominis
876 4204 1141 4270 praeerat,
1168 4200 1457 4254 amicitias
1489 4200 1619 4271 ejus
1660 4201 1846 4255 ambi-

174 4293 294 4352 ret,
322 4293 382 4343 et
412 4287 710 4343 consulem
743 4306 877 4342 eum
909 4305 975 4342 ac
1008 4288 1320 4359 patricium
1357 4289 1631 4344 Romana:
1664 4290 1848 4361 reipu-

175 4378 354 4434 blica:
379 4377 531 4443 datis
555 4376 839 4433 codicillis
862 4376 1322 4448 muneribusque
1347 4378 1576 4449 magnis
1600 4380 1849 4433 conscri-

174 4468 370 4523 beret.
406 4467 709 4521 Fuitenim
733 4466 819 4520 vir
852 4483 955 4538 per
971 4465 1169 4521 omnia
1192 4470 1488 4529 strenuus,
1511 4466 1609 4537 qui
1647 4466 1845 4539 gloria:

173 4553 505 4624 aliquando
529 4552 674 4607 nihil
712 4551 1083 4620 minuerit,et
1109 4553 1368 4608 secunda
1400 4554 1651 4620 fortuna,
1670 4556 1847 4610 maxi-

176 4658 399 4713 meque
448 4640 700 4697 imbellis
753 4658 984 4712 semper
1028 4658 1172 4697 usus
1206 4641 1306 4709 sit,
1339 4641 1606 4698 infensus
1646 4646 1843 4698 tamen

176 4732 528 4804 parentibus
550 4748 695 4802 quos
716 4749 858 4803 pene
873 4747 1078 4785 omnes
1102 4731 1343 4787 diversis
1361 4731 1603 4804 peremit
1626 4732 1842 4788 causis.

1971 577 2237 629 suorum,
2270 561 2629 619 diversarum
2664 564 3044 621 historiarum
3094 567 3273 623 libros
3322 567 3458 623 huic
3496 567 3622 624 loco

1970 648 2237 715 contulit,
2271 654 2328 706 et
2362 653 2594 723 proprio
2647 653 2843 708 labore
2891 660 3180 710 correctos
3229 660 3285 711 et
3310 656 3623 713 distinctos

1970 737 2063 791 die
2088 738 2271 792 Coena:
2296 740 2619 806 Domini,et
2644 747 2705 795 ut
2727 741 2835 813 ipsi
2870 741 3001 796 libri
3024 747 3334 809 testantur,
3352 761 3527 815 super
3548 744 3626 799 al-

1974 830 2090 879 tare
2125 827 2182 880 S.
2219 828 2496 897 Stephani
2523 830 2964 901 protomartyris
2996 830 3210 901 posuit.
3247 832 3326 886 De
3357 831 3448 886 his
3487 849 3624 904 ergo

1972 915 2109 985 quia
2140 915 2413 969 discretio
2448 920 2774 988 temporum
2811 936 2921 972 non
2965 918 3153 972 elucet
3198 920 3343 973 satis
3377 919 3620 974 dictum.

1973 1004 2137 1058 Nunc
2163 1005 2233 1057 ad
2259 1004 2467 1058 seriem
2490 1005 2841 1061 narrationis
2866 1007 3625 1063 reversurioramusCliristi

1974 1092 2250 1147 bonitatis
2277 1093 2755 1161 immensitatcm,
2774 1098 2836 1147 ut
2859 1093 3074 1164 potenti
3099 1095 3332 1149 dextera
3354 1095 3624 1150 sutl‘ultos

1974 1181 2044 1236 ad
2076 1181 2255 1251 optati
2289 1180 2502 1235 littoris
2536 1183 2815 1253 perducat
2847 1200 2952 1237 nos
2986 1183 3361 1237 metationem
3399 1201 3411 1237 ε
3448 1183 3625 1238 simul

1973 1270 2148 1324 etiam
2186 1270 2516 1340 flagitantes
2536 1271 2581 1325 si
2608 1270 2773 1325 oculo
2803 1271 3142 1325 intentionis
3173 1276 3381 1326 nostra:
3407 1272 3626 1327 festuca

1975 1358 2441 1423 inhazserit,cum
2477 1359 2786 1421 dilectione
2818 1359 3016 1415 evulsa
3048 1377 3158 1415 non
3187 1359 3423 1415 livorem
3448 1362 3625 1433 perfe-

1977 1452 2084 1513 rat,
2120 1448 2219 1502 scd
2256 1447 2620 1503 charitatem.

1970 1849 2674 1955 MIRACULA

1892 2070 1939 2134 Β
1970 2066 2349 2123 dilectissimo
2383 2068 2599 2125 indolis
2621 2070 2936 2126 Maximino
2961 2072 3274 2128 adveniens
3297 2073 3621 2131 honoratus

1969 2155 2027 2210 in
2052 2161 2280 2213 tantum
2304 2175 2337 2213 a
2355 2175 2487 2233 rege
2510 2163 2691 2225 est,ut
2712 2158 2886 2214 etiam
2912 2161 3109 2216 sedem
3126 2178 3293 2216 suam
3315 2162 3625 2219 Miciacum

1971 2263 2083 2318 quo
2108 2252 2344 2319 prepter
2373 2247 2612 2303 delicias
2643 2248 2894 2319 piscium
2927 2248 3013 2304 vel
3045 2254 3362 2306 venatuum
3410 2251 3626 2309 immo-

1970 2335 2083 2389 rari
2118 2342 2518 2403 eonsueverat,
2553 2337 2604 2391 ei
2641 2338 2776 2407 jure
2826 2336 3192 2393 hmrcdilario
3224 2340 3579 2395 condonaret
3609 2358 3622 2396 :

1970 2423 2148 2479 simul
2168 2425 2343 2479 etiam
2357 2424 2735 2479 Cambiacum
2755 2430 2809 2480 et
2833 2425 3203 2481 Litimiacum
3226 2427 3628 2498 possessiones

1971 2513 2068 2569 illo
2099 2518 2358 2584 tempore
2391 2513 2637 2585 inclytas
2670 2531 2803 2569 cum
2846 2515 3121 2570 omnibus
3152 2532 3278 2587 quae
3330 2517 3422 2573 his
3459 2519 3629 2590 perti-

1970 2606 2194 2671 nerent,
2256 2607 2726 2674 praeceptumque
2781 2602 2949 2675 regia:
3009 2603 3370 2660 auctoritatis
3418 2622 3487 2660 ex
3534 2606 3627 2662 his

1969 2691 2092 2745 ﬁeri
2116 2692 2371 2761 juberet.

2038 2781 2091 2834 3.
2120 2780 2181 2835 In
2213 2779 2322 2834 hoc
2369 2780 2568 2850 itaque
2620 2779 2746 2852 ipso
2780 2781 2980 2847 fundo,
3016 2780 3343 2837 Miciacensi
3380 2782 3622 2852 scilicet,

1968 2854 2264 2923 exstructa
2328 2867 2569 2923 basilica
2628 2868 2876 2940 aliisque
2934 2870 3279 2925 necessariis
3338 2869 3620 2937 aedificiis,

1970 2957 2030 3011 B.
2058 2957 2366 3027 Euspicius
2398 2974 2531 3011 cum
2566 2956 2717 3012 felici
2756 2961 2965 3029 nepote
3013 2957 3328 3014 Maximino
3360 2959 3621 3030 quandiu

1969 3045 2143 3099 rebus
2176 3045 2452 3100 humanis
2484 3046 2768 3113 interfuit,
2800 3045 3176 3101 laudabiliter
3205 3046 3364 3102 vixit.
3388 3049 3460 3102 At
3491 3066 3623 3104 vero

1967 3151 2032 3188 eo
2056 3134 2369 3189 decedente
2401 3139 2459 3189 et
2483 3136 2651 3205 juxta
2699 3133 2853 3189 latus
2903 3135 3053 3190 beati
3103 3135 3369 3207 prmsulis
3414 3136 3621 3191 Aniani

1968 3222 2195 3294 sepulto
2217 3222 2302 3276 vir
2331 3223 2560 3278 Domini
2596 3223 2953 3279 Maximinus
2982 3225 3253 3279 eumdem
3286 3223 3478 3279 locum
3511 3224 3624 3279 sibi

1967 3309 2320 3364 attributum
2353 3309 2768 3365 honestissime
2812 3328 3040 3383 regens,
3075 3310 3132 3365 in
3168 3315 3397 3366 tantum
3429 3311 3626 3367 lauda-

1968 3397 2102 3453 bilis
2125 3398 2236 3452 fuit
2256 3398 2679 3470 disciplixizn,ut
2707 3398 2882 3453 etiam
2915 3398 3272 3455 sanctissimi
3293 3401 3398 3455 viri
3419 3402 3622 3457 Avitus

1967 3492 2023 3541 et
2052 3487 2333 3541 Carilefus
2366 3505 2500 3542 eum
2534 3504 2794 3542 cremum
2828 3489 3127 3543 communi
3176 3489 3419 3546 consilio
3463 3496 3621 3562 pete-

1964 3580 2092 3629 rent
2123 3580 2177 3630 et
2207 3593 2337 3630 oras
2370 3575 2589 3647 Ligeris
2622 3576 2883 3631 fluminis
2916 3575 3269 3649 attingentes
3293 3578 3419 3648 ejus
3453 3579 3618 3634 famae

1963 3664 2198 3718 odorem
2231 3664 2592 3733 hausissent,
2624 3664 2823 3718 relicto
2854 3664 3032 3736 priori
3065 3666 3383 3737 proposito,
3404 3668 3615 3722 arden-

1963 3750 2191 3807 tissimo
2221 3753 2291 3807 ad
2325 3770 2459 3807 eum
2493 3751 2833 3807 festinarent
2854 3769 3101 3808 occursu
3127 3770 3138 3807 ε
3164 3770 3312 3824 quos
3343 3753 3441 3809 ille
3464 3755 3617 3810 beni-

1962 3840 2246 3912 gnissime
2276 3840 2625 3911 suscipiens,
2660 3840 3154 3912 cohabitandique
3207 3842 3344 3897 data
3382 3842 3616 3899 licentia

1963 3947 2060 3984 eos
2093 3929 2205 3984 sibi
2236 3929 2523 4000 spirituali
2558 3928 2814 3984 devinxit
2844 3933 3134 3996 amore,et
3153 3929 3339 3985 sancti
3363 3930 3613 4003 Carileﬁ,

1962 4034 2106 4089 pone
2138 4017 2376 4072 assidua
2408 4019 2709 4072 fruebatur
2740 4017 3142 4073 collocatione.
3178 4019 3390 4075 Sancto
3416 4025 3613 4076 autem

1958 4107 2122 4161 Avito
2152 4123 2354 4161 curam
2387 4105 2671 4177 delegavit
2705 4107 2971 4161 fraternae
2990 4108 3483 4177 substanti&,sub
3513 4128 3613 4166 cu-

1950 4196 2054 4266 jus
2085 4194 2272 4250 officio
2309 4194 2405 4249 illa
2436 4196 2853 4267 omnipotentis
2891 4195 3122 4250 Domini
3161 4197 3367 4269 gratia,
3402 4197 3613 4255 libera-

1958 4282 2368 4355 litas,largitas
2404 4284 2553 4338 Patri
2588 4283 2902 4339 Maximino
2935 4284 3164 4341 indulta
3193 4303 3410 4358 pagum
3441 4289 3615 4344 Aure-

1958 4371 2280 4427 lianensem
2314 4388 2457 4442 pene
2490 4376 2674 4426 totum
2710 4390 2742 4426 a
2773 4371 2943 4427 famis
2964 4372 3221 4444 periculo
3253 4374 3535 4430 liberavit.

2028 4462 2074 4515 4.
2115 4458 2397 4514 Mirabilis
2433 4460 2597 4515 Pater
2628 4478 2729 4532 per
2758 4461 3088 4527 omnia,cui
3114 4463 3390 4517 collatum
3414 4463 3608 4520 divino

1956 4548 2033 4604 sit
2059 4565 2298 4602 munere
2329 4547 2472 4602 tales
2504 4548 2716 4603 habere
2746 4549 3089 4621 discipulos,
3116 4550 3377 4622 talesque
3404 4551 3609 4608 minis-

1955 4639 2254 4693 tros.Nam
2278 4640 2403 4708 ejus
2440 4644 2653 4693 sancta:
2691 4638 2971 4694 clientela:
3006 4657 3119 4694 non
3152 4639 3343 4695 solum
3378 4641 3436 4695 hi
3468 4642 3605 4710 duo,

1954 4728 2049 4781 sed
2080 4731 2136 4782 et
2157 4726 2251 4781 alii
2284 4725 2453 4781 multi
2477 4727 2663 4781 sancti
2686 4727 3059 4783 adhzerebant
3080 4728 3185 4782 viri
3222 4729 3443 4783 mundo
3466 4728 3604 4785 olim

252 4824 309 4874 ‘2.
342 4819 526 4891 Igitur
582 4818 1042 4873 Virdunensium
1112 4817 1458 4874 rebelliones
1516 4820 1841 4876 vicinorum
1873 4804 1918 4869 D
1950 4815 2388 4888 exspectabiles,
2412 4816 2511 4869 sed
2547 4833 2699 4870 nunc
2725 4815 2932 4871 merito
2955 4816 3185 4871 virtutis
3219 4818 3447 4872 cunctis
3479 4816 3607 4871 imi-

176 4909 611 4965 Germanorum
636 4925 736 4979 spe
761 4906 1051 4979 provocati
1076 4924 1108 4961 a
1130 4923 1261 4978 rege
1283 4907 1841 4979 deﬁciunt,quorum

173 4996 479 5051 civitatem
513 4994 668 5051 illico
699 4996 950 5061 obsedit,
1001 4995 1524 5066 subvertissetque,
1556 4996 1666 5050 nisi
1718 5014 1842 5051 ora-

171 5085 339 5141 tione
375 5084 805 5156 praeclarissimi
837 5084 941 5139 viri
964 5083 1219 5155 Euspicii
1253 5083 1351 5155 qui
1385 5084 1442 5137 in
1468 5085 1668 5139 eadem
1701 5087 1844 5142 urbe

176 5174 528 5247 presbyterii
564 5174 782 5229 honore
802 5174 1061 5253 florebat,
1077 5172 1362 5244 impetum
1382 5173 1846 5241 revocavisset,et

173 5261 599 5336 impunitatem
630 5262 899 5334 quamvis
936 5261 1369 5316 nocentissimis
1399 5261 1843 5316 condonandam

176 5351 526 5424 putavisset.
563 5352 727 5406 Hunc
761 5353 955 5423 itaque
997 5351 1186 5404 virum
1220 5349 1358 5421 quia
1383 5349 1548 5404 locus
1578 5352 1841 5416 vacabat,

177 5440 325 5495 dum
362 5456 558 5494 creare
579 5438 918 5511 episcopum
943 5438 1277 5509 optavisset,
1300 5456 1402 5493 nec
1427 5438 1483 5492 id
1514 5438 1584 5492 ab
1605 5455 1669 5492 co
1693 5439 1840 5492 obti-

179 5545 319 5585 nere
349 5526 656 5599 quivisset,
678 5528 900 5599 rogavit
923 5527 1032 5582 sibi
1060 5526 1331 5582 comitem
1356 5527 1478 5583 fieri
1502 5527 1840 5582 Aureliano-

177 5633 315 5672 rum
348 5615 568 5671 finibus
601 5616 917 5683 accedenti,
954 5632 1068 5688 quo
1100 5616 1304 5671 beatus
1337 5615 1433 5673 ille
1467 5632 1600 5672 cum
1632 5621 1839 5688 nepote

1953 4905 2178 4960 tabiles.
2202 4906 2281 4959 Ex
2310 4905 2436 4975 ejus
2467 4919 2718 4975 namque
2740 4903 3051 4976 disciplina
3082 4904 3140 4959 hi
3171 4904 3454 4960 virtutum
3487 4905 3604 4960 cul-

1954 4993 2110 5049 mine
2141 4992 2343 5060 erecti;
2381 4992 2617 5064 plurimi
2648 5008 2847 5046 eorum
2880 4992 3344 5049 anachoreticam
3362 4993 3607 5065 expetie-

1954 5087 2091 5137 runt
2118 5082 2316 5149 vitam,
2341 5086 2397 5136 et
2427 5080 2483 5134 in
2516 5098 2583 5135 ea
2614 5085 2949 5137 constanter
2995 5082 3394 5154 philosophati
3429 5088 3600 5151 sunt;

1955 5175 2019 5226 ut
2041 5190 2153 5225 non
2167 5171 2358 5226 solum
2377 5186 2718 5224 communes
2734 5170 3001 5225 humana:
3015 5171 3394 5227 habitationis
3412 5174 3600 5239 sedes,

1953 5260 2051 5315 sed
2076 5261 2301 5314 deserta
2330 5258 2556 5312 etinvia
2586 5263 2642 5311 et
2664 5258 2950 5330 inaquosa
2986 5259 3124 5314 rivis
3144 5277 3261 5315 suae
3285 5259 3602 5315 beatitudi—

1954 5346 2293 5415 nis,Christi
2330 5346 2454 5400 fulti
2491 5347 2873 5416 adjutorio,et
2917 5348 3245 5403 colerentet
3270 5348 3599 5421 irrigarent.

1952 5440 2226 5493 Testatur
2256 5434 2361 5488 hoc
2398 5434 2653 5489 Porticus
2680 5435 2752 5503 (le
2785 5436 3228 5504 Perchc},beatis
3259 5437 3399 5491 viris
3438 5435 3600 5489 Avito

1951 5531 2007 5582 et
2028 5524 2271 5580 Cat-ilefo
2295 5522 2522 5593 magnis
2555 5523 2783 5577 duobus
2804 5524 3026 5579 radiata
3044 5524 3390 5579 luminibus.
3408 5525 3602 5578 Testa-

1950 5622 2045 5671 tur
2074 5611 2373 5669 Secalonia
2405 5611 2480 5678 (la
2504 5612 2772 5682 Sologne),
2791 5612 3011 5667 bonum
3032 5612 3327 5670 Viatorem
3360 5628 3599 5669 servans
