4066 6172
465 312 582 376 799

1545 309 1882 371 LETALDI
1934 303 2425 369 MICIACENSIS
2471 306 2850 374 MONACHI.

3764 315 3864 378 800

461 443 525 502 in
555 441 835 510 Viatoria,
868 447 921 500 et
954 441 1320 500 Dulchardus
1361 441 1586 499 vicinus
1621 438 2110 506 Bituricensibus;
2141 437 2198 506 Α
2229 437 2428 512 Itaque
2477 447 2606 513 post
2663 441 2984 516 gloriosum
3036 444 3286 520 piissimi
3339 446 3534 504 Patris
3586 447 3862 506 Maximini

465 534 610 592 silva
637 535 815 590 etiam
845 549 970 606 quze
1017 532 1358 605 Longinqua
1389 531 1618 596 dicitur,
1655 545 1831 602 quam
1878 529 1936 584 Β.
1973 529 2115 582 Leo-

465 620 685 680 nardiis
715 620 1124 696 spiritualibus
1155 621 1278 676 suis
1311 619 1600 675 exercitiis
1631 623 1689 675 et
1719 617 1976 689 corporis
2009 615 2118 670 ho-

467 714 642 786 spitio
672 716 728 768 et
759 709 1043 766 celebrem
1081 709 1334 764 reddidit
1370 713 1426 764 et
1457 707 2027 780 propinquam.l\'am
2053 706 2112 760 B.

467 803 899 858 Launomarum
923 803 979 854 et
995 800 1053 854 S.
1082 798 1382 853 Lifardum
1405 815 1472 853 ex
1500 799 1606 852 bac
1641 797 1826 868 ipsius
1851 794 2119 850 ﬂoruisse

464 889 775 962 disciplina
805 887 948 943 nulli
981 887 1400 957 ambigendum
1436 892 1543 940 est.

531 981 586 1036 5.
621 979 924 1052 Siquidem
973 981 1106 1032 ante
1158 976 1383 1031 Patrem
1432 975 1810 1030 Maximinum
1875 973 2116 1043 ejiisque

465 1067 819 1126 avunculum
852 1065 1190 1137 Euspicium
1229 1081 1396 1119 nemo
1429 1069 1660 1136 patrum
1693 1065 1822 1134 ejus
1867 1061 2117 1116 auctori-

464 1158 610 1214 tutis
641 1157 699 1210 in
729 1155 837 1210 hac
863 1153 1158 1226 provincia
1189 1152 1403 1225 legitur
1434 1153 1749 1214 habitasse,
1779 1151 1877 1223 qui
1915 1153 1998 1205 tot
2029 1149 2115 1204 in-

467 1247 665 1318 signes
695 1244 1002 1300 sanctitate
1033 1241 1186 1296 viros
1235 1239 1516 1312 exemplis
1565 1258 1684 1294 sua»
1735 1237 2118 1294 institutionis

465 1333 815 1390 informarit.
851 1331 1009 1398 Quod
1044 1331 1200 1386 enim
1232 1329 1611 1384 beatissimus
1637 1329 1803 1382 Pater
1841 1326 2115 1381 Benedic-

463 1427 560 1480 tus
590 1419 1039 1478 dilectissimum
1064 1435 1235 1474 suum
1261 1416 1610 1489 discipulum
1639 1417 1690 1471 M
1717 1431 1887 1470 urum
1913 1419 2114 1486 rogatu

464 1508 878 1568 Berthecranni
912 1506 1370 1564 Cenomanensis
1401 1505 1656 1578 episcopi
1680 1505 1786 1559 has
1821 1505 1878 1558 in
1922 1508 2115 1576 partes

464 1599 693 1668 direxit,
715 1597 1094 1669 subsequenti
1127 1599 1387 1667 tempore
1409 1595 1626 1652 factum
1651 1597 1756 1650 est.
1774 1595 1896 1661 Quo
1919 1595 2114 1648 autem

460 1692 720 1761 tempore
741 1686 1209 1761 gloriosissimus
1240 1683 1407 1740 Pater
1438 1681 1795 1740 Maximinus
1831 1680 2112 1748 ﬂoruerit,

461 1777 626 1850 satis,
661 1782 727 1833 ut
753 1793 904 1844 reor,
921 1773 1260 1830 intimatum
1293 1777 1401 1830 est.
1423 1773 1596 1829 Porro
1614 1773 1821 1828 beatus
1850 1770 2110 1836 Maurus,

462 1864 890 1923 Brunnechilde
921 1879 1054 1917 cum
1079 1861 1387 1934 nepotibus
1417 1861 1818 1918 Theodeberto
1852 1863 1908 1914 et
1937 1859 2116 1915 Theo-

463 1953 678 2021 dorico,
711 1952 850 2008 ﬁliis
899 1950 1235 2019 Hildeberti,
1298 1949 1815 2022 Burgundionibus
1871 1948 2114 2020 imperi-

462 2047 643 2110 tante,
669 2025 894 2097 Gallias
925 2039 1228 2112 ingressus
1259 2038 1487 2094 est.Hie
1520 2043 1715 2094 autem
1750 2036 2116 2092 Hildebertus

463 2129 620 2188 filius
649 2129 762 2186 fuit
789 2126 1202 2201 Sigiherti,qui
1235 2129 1305 2183 de
1334 2127 1632 2200 Hispaniis
1663 2129 1956 2182 evocatam
1983 2126 2115 2180 Bru-

462 2218 790 2276 nechildem
820 2215 986 2272 duxit
1017 2232 1277 2284 uxorem,
1311 2221 1368 2272 et
1397 2217 1655 2287 suscepit
1703 2233 1770 2271 ex
1811 2233 1877 2270 ea
1929 2213 2115 2270 tilium

462 2307 864 2364 Hildebertum
895 2306 1211 2379 sedemque
1261 2303 1432 2361 Motis
1464 2305 1692 2372 habuit,
1727 2321 1854 2376 quae
1901 2302 2117 2358 Medio-

461 2394 776 2452 matrieum
807 2393 1009 2450 civitas
1055 2398 1165 2450 est.
1200 2393 1372 2450 Porro
1422 2393 1752 2466 Sigibertus
1801 2391 1959 2448 filius
2009 2390 2119 2446 fuit

460 2482 802 2552 Chlotharii,
865 2483 964 2557 qui
1025 2481 1400 2539 Chlotharius
1468 2481 1588 2554 regi
1655 2481 1981 2537 Chlodoveo
2047 2481 2120 2536 de

461 2571 798 2631 Chrothilde
853 2571 1012 2628 filius
1061 2575 1235 2627 natus
1284 2573 1394 2626 est.
1419 2570 1603 2643 Igitur
1652 2575 1812 2626 tanto
1859 2575 2120 2642 tempore

466 2661 739 2736 priscedit
769 2675 1020 2733 magnus
1044 2661 1212 2716 Pater
1242 2657 1595 2715 Maximinus
1628 2660 1940 2714 adventum
1965 2647 2122 2714 beati

464 2750 652 2807 Mauri
683 2749 742 2804 in
777 2747 1002 2814 Galliis,
1023 2752 1242 2821 quanto
1275 2764 1519 2821 regnum
1542 2747 1848 2802 Chlodovei
1873 2745 2120 2802 senioris

465 2838 741 2913 praecedit
762 2854 1006 2910 regnum
1033 2843 1418 2910 pronepotum
1441 2853 1682 2892 suorum
1705 2835 2050 2892 Theoderici
2065 2841 2122 2898 et

463 2925 872 2984 Theodeberti.
905 2927 1050 2982 Nam
1102 2927 1173 2982 ab
1223 2925 1432 2980 ultimo
1474 2942 1625 2980 anno
1657 2923 1986 2990 Chlodovei,
2020 2914 2121 2996 qui

459 3015 686 3089 primus
713 3019 803 3070 est
832 3013 1131 3082 Chlotarii,
1149 3031 1334 3087 usque
1357 3014 1427 3069 ad
1454 3012 1713 3086 primum
1745 3030 1986 3069 annum.
2008 3012 2122 3068 Hil-

464 3103 688 3160 deberti
721 3101 908 3157 Patris
933 3101 1181 3157 istorum
1205 3101 1563 3175 colliguntur
1583 3102 1720 3157 anni
1747 3102 2121 3175 septuaginta

463 3190 726 3264 quinque
755 3190 832 3261 (8)
869 3205 880 3243 :
915 3189 1015 3261 qui
1051 3188 1421 3245 Hildebertus
1453 3190 1511 3244 in
1544 3191 1831 3262 superiori
1874 3189 2117 3246 Francia
2145 3175 2190 3242 C

2231 530 2545 586 transitum
2580 532 2642 586 B.
2676 532 2879 589 Avitus
2910 534 2980 589 ab
3013 535 3192 590 eremi
3244 536 3446 609 quiete
3496 536 3802 606 divellitur,
3821 547 3865 595 et

2229 619 2287 672 in
2313 619 2441 690 ejus
2465 617 2588 675 loco
2619 638 2652 675 a
2675 621 2954 677 fratribus
2973 623 3356 697 subrogatur;
3383 625 3482 697 qui
3516 628 3575 680 et
3609 626 3730 698 ipse
3763 628 3866 683 reli-

2227 705 2397 779 gione
2429 707 2741 777 mirabilis,
2772 710 2852 781 pii
2881 711 3064 766 Patris
3095 712 3344 784 vestigia
3392 712 3866 770 indeclinabiliter

2229 802 2571 868 prosccutus
2601 803 2710 852 est.

2295 887 2350 939 7.
2383 886 2459 940 Eo
2480 890 2678 939 autem
2699 890 2956 958 tempore
2979 887 3353 944 Chlotharius
3377 894 3434 944 et
3455 889 3864 956 Clilodomirus,

2228 973 2330 1027 filii
2366 973 2694 1041 Chlodovei,
2729 975 3126 1047 Burgundiam
3168 983 3398 1050 petunt,
3435 979 3781 1034 Gotmarum
3823 987 3866 1035 c‘.

2229 1063 2677 1134 Sigismundum
2713 1081 2875 1134 reges
2911 1064 3058 1120 filios
3079 1065 3472 1121 Gundebaudi
3497 1069 3672 1122 caesis
3691 1085 3864 1124 eorum

2226 1151 2576 1206 exercitibus
2611 1151 2665 1206 in
2703 1153 2899 1224 fugam
2921 1158 3170 1208 vertunt.
3204 1154 3636 1226 Sigismundus
3677 1174 3770 1212 rex
3809 1158 3865 1212 ad

2227 1244 2462 1294 sanctos
2485 1245 2771 1311 martyres
2788 1243 3162 1312 Agaunenses
3183 1243 3652 1316 confugiens,ibi
3676 1262 3710 1299 a
3732 1245 3868 1301 Chlo-

2228 1328 2453 1383 domiro
2485 1346 2617 1383 cum
2653 1346 2829 1386 uxore
2861 1336 2916 1384 et
2948 1329 3084 1384 filiis
3116 1337 3544 1404 captus,atque
3589 1334 3666 1388 ad
3697 1334 3865 1389 civita-

2226 1422 2342 1472 tem
2376 1417 2853 1473 Aurelianensem
2888 1418 3201 1491 perductus
3229 1425 3340 1475 est.
3376 1422 3546 1487 Quod
3603 1421 3666 1476 B.
3693 1423 3864 1476 Avitus

2226 1507 2490 1571 audiens,
2526 1507 2596 1560 de
2619 1507 2974 1564 monasterio
3025 1510 3094 1564 ad
3147 1508 3352 1564 urbem
3384 1511 3551 1566 venit
3582 1517 3865 1582 rogaturus

2224 1613 2328 1668 pro
2361 1594 2741 1668 Sigismundo
2769 1612 2920 1669 rege,
2953 1597 3125 1669 cujus
3157 1613 3359 1670 preces
3393 1599 3697 1655 frustrata:
3732 1605 3862 1668 sunt,

2225 1683 2364 1758 quia
2385 1683 2737 1740 Chlothildis
2762 1683 2961 1758 regina
2977 1685 3332 1743 Chlodomiri
3355 1693 3554 1745 mater
3573 1688 3866 1763 Sigismun-

2224 1773 2364 1830 dum
2396 1773 2615 1842 oderat,
2650 1774 2806 1846 quod
2841 1773 3010 1830 Pater
3056 1776 3184 1848 ejus
3230 1782 3289 1832 et
3340 1781 3540 1832 mater
3591 1795 3628 1834 a
3657 1777 3865 1835 Gunde-

2225 1861 2418 1918 bando
2450 1860 2812 1934 Sigismundi
2847 1866 3010 1934 patre
3043 1863 3378 1936 interempti
3415 1865 3633 1922 forent.
3669 1866 3777 1922 Hac
3810 1868 3865 1922 de

2225 1969 2404 2008 causa
2436 1951 2855 2024 Sigismundus
2896 1969 2992 2008 rex
3037 1957 3092 2008 et
3141 1958 3370 2026 martyr
3419 1959 3673 2012 necatus
3699 1958 3794 2022 est,
3822 1961 3864 2011 et

2226 2058 2359 2096 cum
2394 2058 2570 2096 uxore
2595 2046 2652 2096 et
2685 2040 2820 2097 filiis
2853 2041 2909 2096 in
2945 2047 3184 2113 puteum
3229 2043 3486 2098 obrutus
3538 2048 3650 2100 est.
3683 2043 3862 2098 Verum

2225 2129 2636 2184 Chlodomirus
2669 2145 2780 2184 non
2808 2146 2992 2201 usque
3023 2129 3163 2185 adeo
3203 2128 3440 2186 laetatus
3470 2136 3587 2186 est.
3613 2132 3752 2186 Nam
3781 2131 3864 2186 ite-

2227 2235 2359 2273 rum
2391 2234 2523 2274 cum
2560 2218 2839 2273 fratribus
2860 2224 2916 2274 et
2945 2219 3176 2291 copioso
3197 2221 3460 2275 exercitu
3488 2221 3859 2294 Burgundiam

2228 2307 2553 2379 ingressus,
2585 2306 2678 2360 die
2720 2323 2927 2380 pugna:
2975 2307 3126 2362 inter
3171 2308 3653 2365 confertissimos
3699 2309 3862 2365 hostes

2227 2394 2596 2450 vivacissimo
2628 2395 2904 2452 devectus
2937 2409 3083 2468 equo
3111 2394 3336 2451 inultus
3377 2397 3684 2454 occubuit.
3714 2398 3860 2470 Cujus

2230 2482 2333 2538 filii
2366 2481 2506 2537 dum
2539 2498 2640 2554 spe
2671 2479 2898 2554 paterni
2921 2481 3083 2555 regni
3113 2482 3182 2538 ab
3216 2483 3346 2539 avia
3393 2483 3758 2550 nutriuntur,
3785 2499 3862 2538 eos

2231 2571 2438 2626 fratres
2472 2570 2732 2626 defuncti
2765 2571 2838 2626 ab
2889 2569 3016 2626 avia
3065 2570 3263 2627 fraude
3317 2571 3633 2628 adducunt
3677 2577 3730 2629 et
3763 2573 3862 2628 sine

2231 2676 2395 2714 mora
2425 2658 2824 2730 exstinguunt.

2301 2749 2353 2802 8.
2389 2747 2598 2802 Beatus
2631 2763 2800 2819 porro
2831 2747 3032 2803 Avitus
3066 2765 3197 2804 cum
3241 2765 3430 2821 pauco
3465 2755 3728 2822 tempore
3763 2764 3861 2804 mo-

2230 2835 2541 2892 nasteriale
2575 2835 2831 2908 regimen
2885 2837 3188 2904 tenuisset,
3222 2836 3294 2892 ad
3341 2836 3718 2894 dulcedinem
3745 2853 3861 2892 ana-

2231 2923 2534 2981 choretica:
2584 2923 2730 2993 vitae,
2767 2941 2944 2997 quam
2974 2925 3100 2997 jam
3148 2924 3591 2996 degustaverat,
3641 2940 3859 2982 remeare

2230 3012 2508 3085 disponit.
2537 3013 2748 3068 Beatus
2781 3011 3164 3068 nihilominus
3195 3013 3486 3069 Carilefus
3539 3015 3734 3070 eodem
3778 3013 3857 3068 ﬂa-

2231 3119 2408 3176 grans
2439 3101 2643 3157 ardore
2674 3101 3063 3157 Cenomanica
3093 3101 3322 3158 deserta
3353 3103 3552 3175 petiit,
3584 3108 3748 3176 atque
3789 3102 3856 3155 in-

2231 3192 2317 3246 fra
2349 3191 2520 3246 breve
2549 3190 3024 3262 tempus,multis
3057 3191 3126 3246 ad
3159 3208 3292 3247 eum
3325 3192 3757 3249 confluentibus
3782 3207 3859 3246 no-

461 3295 733 3352 regnans,
767 3277 826 3332 in
856 3294 1031 3350 regno
1063 3278 1433 3334 Gunthranni
1469 3277 1656 3350 patrui
1691 3277 1922 3350 sui,qui
1961 3279 2111 3333 Bur-
2219 3279 2335 3336 bile
2365 3278 2698 3334 camobium
2730 3278 2787 3334 in
2821 3279 2945 3336 loco
2986 3281 3085 3352 qui
3116 3279 3406 3336 Aninsula
3434 3281 3649 3352 (Anille
3671 3279 3748 3352 ﬂ.)
3775 3295 3852 3333 no-

459 3366 860 3440 gundionibus
883 3366 1223 3439 imperarat,
1238 3372 1486 3423 matrem
1511 3365 1954 3422 Bruncchildem
1975 3383 2110 3422 cum

459 3455 771 3528 nepotibus
792 3453 917 3511 suis
937 3453 1202 3510 videlicet
1224 3455 1361 3512 filiis
1385 3455 1904 3527 supranominatis,
1925 3455 2110 3512 Theo-

459 3544 695 3600 deberto
729 3542 952 3600 scilicet
977 3549 1032 3600 et
1069 3543 1445 3612 Theoderico,
1467 3548 1841 3618 regnaturum
1883 3543 2110 3600 direxit.

458 3633 562 3690 Bis
593 3633 792 3706 itaque
819 3633 1294 3706 imperitantibus
1328 3635 1388 3689 Β.
1426 3634 1666 3690 Maurus
1698 3649 1830 3688 cum
1863 3637 2118 3706 quatuor

459 3721 738 3777 fratribus
771 3725 828 3777 et
865 3723 1160 3778 Ardcrado
1191 3726 1247 3778 et
1280 3721 1612 3778 Flodecario
1644 3721 1852 3795 legatis
1899 3721 2116 3779 Gallias

455 3809 804 3885 ingreditur.
839 3811 950 3868 Sed
984 3811 1055 3868 de
1087 3811 1180 3867 his
1212 3811 1516 3868 hactenus.

1117 3899 1352 3957 CAPUT
1391 3902 1460 3958 II.

659 3992 733 4047 De
763 3991 826 4046 Β.
859 3991 1012 4047 Avito
1043 3998 1095 4047 et
1123 3993 1362 4046 transitu
1392 3994 1569 4047 sancti
1599 3991 1908 4046 Maximini.

526 4080 583 4132 6.
617 4079 802 4150 Igitur
833 4079 894 4134 Β.
913 4079 1115 4134 Avitus
1136 4079 1361 4134 vivente
1387 4079 1579 4135 adhuc
1601 4079 1914 4152 patrezejus
1945 4079 2116 4151 spiri-

457 4165 834 4230 tuali,sancto
845 4165 1112 4226 videlicet
1125 4167 1439 4224 Maximino
1454 4168 1663 4240 primo,
1679 4168 1738 4222 in
1762 4168 2116 4224 monasterio

459 4253 754 4310 interdum
779 4259 1042 4310 semotus
1073 4257 1312 4323 mansit,
1335 4273 1398 4311 ac
1423 4257 1633 4312 deinde
1657 4263 1908 4329 quatuor
1939 4258 2054 4313 fere
2085 4275 2119 4314 a

459 4341 814 4398 monasterio
843 4340 1105 4398 millibus
1129 4341 1336 4398 inloco
1373 4345 1472 4416 qui
1506 4346 1766 4402 Maceriae
1789 4347 2116 4417 (Maiu’éres)

459 4429 974 4499 dicitur,ccllulam
999 4431 1108 4487 sibi
1131 4432 1560 4501 constituit,ubi
1588 4451 1774 4506 usque
1797 4435 1967 4491 hodie
1987 4452 2113 4491 ora-

2223 3370 2486 3424 minatur
2517 3368 3034 3424 mdiﬁcavit.Porro
3069 3369 3130 3424 B.
3155 3367 3355 3424 Avitus
3389 3369 3449 3424 in
3487 3369 3636 3426 locis
3655 3369 3849 3425 Duncn-

2222 3457 2378 3514 sium
2424 3458 2496 3529 (le
2542 3457 2768 3524 Dunois)
2792 3459 2848 3511 et
2890 3455 3015 3529 ipse
3074 3455 3526 3512 multitudinem
3569 3470 3851 3530 aggregans

2225 3546 2648 3602 monachorum
2684 3544 2886 3601 multis
2917 3545 3134 3602 clarius
3156 3545 3475 3600 virtutibus
3499 3551 3562 3602 et
3592 3541 3848 3601 miraculis

2223 3635 2394 3706 longe
2427 3633 2657 3705 lateque
2688 3631 2938 3688 refulsit.

2294 3724 2344 3779 9.
2385 3724 2446 3779 In
2480 3722 2604 3778 loco
2627 3722 2802 3778 etiam
2837 3721 3165 3778 Miciasensi
3217 3721 3462 3793 quidam
3519 3722 3696 3777 frater
3732 3723 3845 3781 erat,

2225 3827 2399 3883 quem
2433 3811 2492 3866 S.
2522 3810 2724 3865 Avitus
2773 3809 3010 3882 speciali
3061 3808 3342 3882 diligebat
3390 3827 3598 3866 amore
3627 3829 3641 3865 :
3667 3809 3754 3882 qui
3793 3804 3848 3860 ad

2223 3905 2550 3958 extremum
2599 3899 2836 3955 veniens
2888 3915 3015 3954 sese
3061 3899 3368 3954 visitantes
3421 3900 3638 3954 fratres
3679 3896 3848 3954 obnixe

2225 3989 2451 4062 ﬂagitat
2505 4004 2576 4044 ne
2634 4004 2845 4061 corpus
2889 3989 3018 4060 ejus
3070 3987 3235 4060 prius
3285 3987 3611 4061 sepultura:
3652 3989 3849 4042 daretur

2226 4094 2403 4151 quam
2437 4079 2495 4134 S.
2527 4077 2730 4132 Avitus
2764 4077 3080 4134 adveniens
3139 4095 3248 4132 sua
3291 4077 3564 4134 oratione
3610 4093 3735 4134 eum
3759 4073 3846 4130 Do-

2226 4166 2386 4222 mino
2417 4167 2874 4222 commendaret.
2903 4167 3147 4222 Missum
3199 4167 3399 4238 itaque
3439 4171 3678 4240 repente
3705 4165 3846 4220 estet

2225 4256 2392 4312 beato
2421 4255 2543 4310 viro
2576 4255 2936 4321 nuntiatum,
2966 4256 3064 4328 qui
3097 4255 3348 4310 festinus
3399 4255 3726 4312 accelerans
3765 4251 3849 4306 iter

2225 4345 2582 4417 intempesta
2614 4344 2802 4400 noctis
2825 4343 2970 4399 hora
2989 4343 3417 4400 monasterium
3445 4343 3741 4418 ingressus
3759 4341 3844 4400 est.

2216 4433 2461 4504 jamque
2494 4430 2672 4486 frater
2703 4430 2800 4487 ille
2831 4432 3074 4500 obierat,
3094 4436 3150 4486 et
3180 4449 3394 4504 corpus
3427 4433 3560 4504 ejus
3591 4432 3647 4487 in
3695 4425 3848 4485 medio

457 4519 891 4592 toriuminejus
909 4520 1143 4576 nomine
1161 4527 1464 4592 permanet
1484 4525 2114 4596 consecratum.lnquo
2148 4543 2192 4609 ι)
2225 4520 2480 4593 positum
2531 4519 2687 4575 tristi
2739 4519 3104 4576 maerentium
3153 4519 3345 4577 ofﬁcio
3395 4521 3745 4578 servabatur.
3770 4513 3847 4568 Vir

458 4609 583 4665 loco
606 4609 750 4665 dum
773 4609 1006 4682 spiritui
1029 4607 1325 4665 reluctans
1348 4611 1642 4682 subigeret
1664 4629 1895 4684 corpus,
1913 4613 2117 4670 beatus
2148 4605 2181 4609 ⁷
2228 4613 2424 4665 autem
2447 4608 2680 4664 Domini
2697 4608 3004 4665 ecclesiam
3030 4610 3330 4682 ingressus
3353 4627 3562 4666 omnes
3585 4625 3721 4682 pene
3741 4605 3846 4660 dor-

460 4697 630 4754 Pater
685 4697 1040 4756 Maximinus
1096 4702 1229 4771 post
1277 4699 1618 4755 innumeras
1668 4718 1813 4772 quas
1858 4707 2118 4773 patrarat

460 4793 665 4845 contra
694 4787 993 4844 diabolum
1033 4787 1148 4845 Deo
1180 4787 1434 4844 donante
1468 4788 1986 4861 victorias,plenus
2004 4791 2117 4846 vir-

463 4876 694 4932 tutibus
719 4881 778 4933 et
799 4878 1111 4934 sanctitate
1131 4876 1242 4933 sibi
1265 4876 1490 4932 debitos
1521 4877 1792 4950 migravit
1821 4879 1892 4934 ad
1921 4878 2119 4936 cmlos.

464 4964 742 5038 Sepultus
780 4970 870 5023 est
912 4982 1044 5022 vero
1075 4984 1108 5022 a
1137 4965 1451 5022 venerabili
1486 4965 1736 5023 Eusebio
1767 4967 2036 5040 episcopo
2065 4974 2124 5026 et

463 5055 744 5111 fratribus
777 5055 836 5109 in
863 5057 1060 5110 monte
1090 5052 1526 5127 transligeriuo,
1545 5055 1601 5110 in
1625 5072 1740 5127 quo
1759 5054 1882 5126 ipse
1899 5073 2002 5128 per
2021 5057 2126 5112 Do-

467 5143 610 5198 mini
638 5143 907 5200 virtutem
932 5160 1148 5199 swvum
1180 5144 1534 5200 exstinxerat
1571 5144 1883 5200 draconem
1909 5162 1921 5200 :
1948 5162 2126 5217 super

463 5233 638 5305 cujus
667 5232 996 5288 venerabile
1028 5249 1240 5305 corpus
1289 5233 1532 5304 quidam
1583 5238 1908 5306 praepotens
1948 5233 2124 5290 homo

465 5321 700 5378 nomine
725 5321 929 5395 Agilis,
965 5322 1038 5376 ob
1072 5321 1386 5376 sanitatem
1420 5321 1530 5377 sibi
1565 5322 1856 5378 redditam
1880 5323 2126 5378 (adifica-

463 5411 548 5466 vit
567 5409 891 5479 basilicam,
909 5415 966 5465 et
998 5410 1373 5481 postmodum
1398 5409 1553 5466 idem
1568 5409 1752 5483 Agilis
1764 5410 1834 5464 ad
1858 5409 2126 5466 habitum

467 5499 803 5556 sanctitatis
835 5515 1149 5555 conversus
1181 5497 1352 5555 hodie
1381 5499 1558 5555 etiam
1590 5497 1891 5556 miraculis
1928 5499 2126 5557 claret.

533 5591 617 5658 (8)
649 5588 910 5646 Fallitur.

2229 4699 2477 4754 mientes
2507 4697 2811 4770 reperit,et
2840 4715 2902 4754 se
2933 4697 3265 4770 pavimento
3303 4703 3584 4755 oraturus
3624 4690 3829 4770 projecit

2228 4788 2384 4860 quod
2417 4786 2601 4842 multo
2632 4786 2818 4842 imbre
2849 4787 3237 4860 lacrymarum
3271 4787 3630 4858 perfundens
3663 4781 3847 4839 diutius

2230 4874 2479 4933 orationi
2507 4875 2796 4932 incubuit.
2831 4876 3049 4932 Dehinc
3081 4893 3328 4951 surgens
3374 4877 3695 4948 feretroque
3735 4885 3846 4926 oon-

2225 4967 2470 5038 junctus
2504 4964 2743 5021 fratrem
2785 4964 2954 5020 illum
3009 4983 3122 5022 non
3171 4967 3380 5039 grandi
3433 4979 3698 5022 sermone
3737 4971 3835 5012 νοῦ(

2232 5053 2476 5122 vocavit,
2511 5054 2609 5126 qui
2641 5055 2811 5125 quasi
2844 5053 3049 5110 leviter
3092 5054 3390 5111 dormiens
3437 5053 3594 5108 illico
3642 5063 3846 5121 respon-

2233 5143 2338 5209 dit,
2372 5147 2428 5198 et
2457 5142 2761 5215 surrigens
2792 5161 2852 5200 se
2883 5143 2942 5198 in
2985 5144 3194 5200 feretro
3234 5143 3471 5199 resedit.
3493 5143 3574 5196 Ex
3603 5136 3835 5195 confabu-

2232 5231 2481 5288 lantium
2530 5248 2832 5288 murmure
2887 5233 3097 5288 fratres
3153 5232 3385 5289 excitati
3444 5231 3640 5286 vident
3681 5227 3842 5282 vivum

2235 5338 2409 5393 quem
2440 5321 2750 5376 servabant
2778 5327 3101 5393 mortuum,
3118 5325 3174 5377 et
3205 5320 3389 5376 multo
3419 5319 3648 5376 attoniti
3669 5325 3843 5390 pavo“?

2238 5411 2308 5465 ad
2341 5409 2518 5482 pedes
2551 5410 2735 5466 sancti
2769 5409 2875 5466 viri
2905 5414 3203 5477 corruunt,
3237 5411 3592 5480 fratremque
3633 5399 3839 5462 vinculi:

2239 5499 2582 5554 funebribus
2611 5500 2942 5570 expeditum
2975 5516 3107 5554 cum
3131 5499 3347 5570 ingenti
3365 5497 3578 5570 gaudio
3604 5490 3841 5552 educunt.
