4066 6172
201 363 318 424 801

1117 359 1354 454 LIBER
1399 357 1504 418 DE
1550 355 1995 419 MIRACULIS
2042 359 2325 420 SANCTI
2375 361 2797 428 MAXIMINI.

3583 387 3700 451 802

202 497 306 570 qui
331 495 724 586 postmedum
759 497 931 586 tanta:
968 493 1069 586 rei
1124 492 1289 586 testis
1336 489 1622 586 plurimis
1678 490 1902 586 advixit
1932 493 1988 560 Α
2020 491 2329 586 ecclesiam
2363 497 2629 586 propriis
2661 499 3045 561 facultatibus
3068 506 3307 580 dotavit,
3329 520 3622 586 quatenus
3641 529 3700 578 et

201 585 398 643 annis.
423 586 642 644 Beatus
674 600 843 658 porro
880 581 1111 651 Avitus,
1146 583 1439 638 humanas
1493 580 1740 653 fugiens
1771 579 1901 634 lau-

200 675 332 745 des,
369 691 579 732 rursus
613 674 686 730 ad
719 672 885 729 sedes
918 674 1138 742 Optata:
1167 666 1410 725 secessit
1442 668 1697 739 quietis.

843 758 1090 816 CAPUT
1144 760 1237 816 III.

693 853 766 906 De
793 856 982 906 saucto
1030 849 1390 905 Thcodmniro.

284 943 374 999 10.
407 943 560 998 Sane
583 940 723 1012 quia
746 937 1352 993 fratrcsMiciacenses
1365 935 1492 990 sine
1509 936 1761 1004 pastore
1773 952 1904 990 esse

206 1049 331 1086 non
367 1035 658 1104 poterant,
687 1018 1153 1083 virum'Domini
1187 1022 1654 1080 Theodemirum
1705 1025 1901 1080 omnis

204 1119 586 1194 congregatio
618 1118 730 1173 sibi
763 1115 925 1188 eligit
968 1121 1388 1186 pastoremque
1435 1113 1758 1184 prx‘epouit.
1796 1113 1900 1169 llic

203 1214 412 1265 autem
443 1206 866 1262 Theodemirus
898 1203 1073 1257 bona:
1107 1201 1406 1276 gravitatis
1437 1206 1496 1258 et
1542 1199 1708 1257 inter
1757 1221 1897 1258 suos

206 1315 442 1372 magna:
489 1295 820 1353 reverentia:
869 1296 1019 1359 erat,
1069 1295 1248 1348 etiam
1300 1296 1620 1364 antequam
1675 1297 1894 1348 sancta:

205 1383 677 1444 conversationis
708 1381 1014 1438 schemate
1051 1385 1336 1438 uteretur.
1360 1381 1492 1437 Fuit
1512 1379 1676 1436 enim
1699 1381 1890 1453 primo

206 1479 434 1531 sancta!
467 1473 668 1528 Crucis
701 1469 1044 1538 canonicus,
1075 1474 1152 1538 et,
1187 1475 1253 1524 ut
1281 1469 1542 1543 plerique
1573 1475 1892 1526 autumant

207 1563 398 1618 etiam
428 1563 704 1618 decanus.
741 1560 815 1616 Ut
843 1563 1042 1614 autem
1079 1559 1404 1614 monachus
1435 1561 1598 1614 fieret
1619 1575 1687 1615 ea
1708 1576 1890 1616 causa

208 1651 542 1723 plurimum
574 1648 854 1723 prestitit,
882 1648 1023 1720 quia
1045 1647 1189 1702 dum
1213 1647 1451 1702 haberet
1475 1665 1733 1703 sororem
1757 1665 1886 1720 qua:

210 1740 613 1814 caligantibus
634 1737 820 1793 oculis
843 1735 972 1791 luce
997 1736 1354 1808 privabatur,
1373 1736 1490 1792 hare
1505 1741 1706 1792 sancto
1729 1742 1887 1792 etve-

213 1828 468 1886 nerabili
503 1827 656 1883 Patri
691 1825 1013 1882 Maximino
1045 1823 1242 1879 oblata
1274 1830 1330 1879 et
1362 1842 1463 1897 per
1490 1826 1720 1880 Domini
1752 1843 1882 1898 gra-

213 1917 367 1975 tiam
403 1917 528 1974 sine
561 1919 724 1971 mera
757 1913 1094 1968 illuminata
1123 1921 1231 1970 est.
1267 1917 1532 1979 Quantus
1563 1919 1758 1970 autem
1794 1915 1887 1971 hic

213 2007 312 2062 vir
341 2004 570 2062 Domini
602 2003 1031 2060 Theodemirus
1063 2003 1121 2058 in
1153 2009 1356 2059 sancta
1386 2003 1664 2076 religione
1689 2005 1883 2072 fuerit,

214 2095 361 2150 flnis
393 2095 610 2160 edocet,
646 2094 704 2148 in
739 2109 858 2165 quo
884 2093 1080 2149 omnis
1100 2091 1232 2147 laus
1253 2109 1457 2148 secure
1481 2093 1886 2148 canitur.Nam

215 2185 367 2239 dum
417 2182 476 2237 in
525 2182 803 2238 extremis
857 2185 1074 2253 ageret,
1110 2181 1316 2236 beatus
1367 2181 1658 2251 Lifardus,
1695 2182 1793 2254 qui
1829 2183 1886 2237 in

212 2273 348 2329 vico
379 2271 765 2346 Magdunensi
793 2269 1122 2328 solitariam
1157 2271 1398 2344 gerebat
1425 2272 1629 2336 vitam,
1655 2271 1715 2327 in
1740 2289 1892 2327 som-

215 2361 320 2418 nis
351 2364 439 2417 est
466 2361 806 2417 admonitus
839 2365 904 2415 ut
935 2359 1284 2432 quantocius
1314 2361 1558 2426 veniret,
1582 2366 1638 2416 et
1668 2361 1890 2416 exitum

216 2449 456 2507 abbatis
471 2449 842 2506 Theodemiri
869 2448 1118 2504 Domino
1145 2448 1891 2516 commendaret.Quiillico

219 2557 476 2614 surgens
506 2540 614 2596 iter
634 2539 905 2612 arripuit,
921 2539 1020 2594 sed
1041 2542 1356 2610 antequam
1375 2539 1445 2592 ad
1467 2539 1892 2598 monasterium

221 2629 574 2702 perveniret,
607 2627 848 2684 elevatis
881 2625 942 2680 in
975 2623 1186 2681 emlum
1206 2623 1395 2680 oculis
1412 2625 1558 2680 vidit
1576 2627 1632 2681 in
1653 2625 1895 2681 sublimi

225 2718 443 2774 choros
471 2717 816 2791 angelorum
850 2714 1111 2770 animam
1145 2712 1324 2786 hujus
1355 2715 1546 2770 sancti
1575 2715 1681 2770 viri
1705 2716 1763 2770 in
1788 2731 1897 2770 cce-

226 2807 325 2863 los
354 2806 713 2879 portantium
747 2810 926 2877 atque
955 2801 1275 2858 dicentium
1305 2819 1318 2856 :
1345 2803 1543 2859 Beatus
1565 2805 1896 2877 quemclegi-

228 2897 310 2952 sti
337 2903 389 2951 ct
417 2895 786 2968 assumpsisti,
821 2891 1156 2949 iuhabitabit
1191 2894 1248 2947 in
1279 2895 1440 2948 atriis
1473 2896 1602 2948 tuis.
1637 2893 1900 2948 Habebat

244 2990 448 3042 autem
479 2985 634 3039 idem
663 2981 1090 3040 Theodemirus
1121 2997 1189 3036 ex
1211 2998 1427 3050 sorore,
1445 2982 1516 3037 de
1538 2999 1655 3054 qua
1667 2983 1795 3054 jam
1819 2981 1903 3036 di-

237 3073 461 3143 ximus,
493 3077 764 3146 nepotem
797 3070 1036 3127 nomine
1068 3069 1472 3127 Maximinum.
1500 3070 1572 3127 Ut
1599 3075 1795 3127 autem
1819 3070 1902 3126 sic

238 3167 569 3231 vocaretur,
604 3178 846 3218 causam
896 3159 1304 3229 existimanus,
1338 3159 1426 3216 vel
1477 3161 1615 3233 quia
1663 3161 1752 3215 vir
1801 3158 1902 3216 Dei

2019 579 2262 638 clericos
2293 583 2404 654 qui
2451 585 2570 640 Deo
2619 589 2908 646 servirent
2957 592 3216 666 haberet,
3253 579 3311 656 et
3341 579 3590 662 lucernae
3641 591 3700 666 et

2018 668 2117 725 alii
2151 677 2548 745 congruentes
2580 682 2827 734 ornatus
2857 680 2909 735 ei
2943 699 3056 738 non
3090 686 3378 746 deessent.

2092 762 2179 814 12.
2213 763 2481 835 Cumque
2511 763 2632 819 hare
2666 767 2872 823 multis
2896 772 3255 832 mansissent
3275 783 3566 852 aetatibus,
3587 803 3696 844 ca:-

2018 847 2104 920 pit
2133 849 2363 906 devotio
2396 852 2769 912 Miciacensis
2799 860 3046 916 emnohii
3079 869 3136 918 et
3175 867 3438 925 studium
3489 847 3690 932 mona-

2017 937 2176 994 sticze
2198 939 2325 994 vita)
2359 941 2614 997 amolliri
2637 948 2694 999 et
2715 947 3316 1012 saeculidilectoribus
3348 960 3563 1030 partim
3596 981 3689 1020 eu-

2015 1026 2278 1122 piditate,
2315 1047 2444 1102 qua:
2479 1037 2670 1087 mater
2699 1039 2790 1090 est
2823 1038 3092 1096 omnium
3135 1026 3449 1115 malorum,
3473 1053 3688 1122 partim

2015 1115 2352 1174 incursione
2371 1119 2616 1190 hostica,
2634 1141 2763 1195 quae
2783 1142 2850 1178 ex
2872 1127 3228 1199 Aquitanica
3250 1115 3690 1210 impugnatione

2011 1205 2214 1300 crebro
2245 1207 2548 1300 obtingere
2579 1212 2826 1268 solebat.
2846 1215 2952 1270 Per
2980 1218 3138 1275 idem
3169 1205 3586 1300 enim‘tempus
3607 1231 3692 1286 in-

2009 1297 2096 1349 ter
2127 1294 2560 1390 Pippiniduces
2584 1305 2642 1355 et
2662 1301 3019 1390 Waii‘arium
3034 1294 3686 1390 Aquinatorum—regem

2005 1382 2200 1455 gravis
2234 1388 2294 1440 et
2328 1384 2608 1442 diuturna
2639 1389 2998 1449 conflictatio
3045 1399 3470 1470 rempublicam
3507 1382 3684 1462 Fran-

2005 1487 2208 1526 corum
2245 1489 2361 1528 non
2395 1475 2624 1531 modico
2671 1477 3003 1558 profligavit
3053 1485 3292 1558 damno,
3325 1492 3684 1568 tandemque

2003 1561 2159 1632 apud
2195 1561 2523 1618 Toarcense
2554 1565 2844 1633 (Thouars,
2879 1571 3038 1639 apud
3074 1571 3384 1648 Pictones),
3419 1561 3681 1640 castrum

2013 1653 2184 1721 capto
2206 1649 2492 1706 \Vaifario
2523 1670 2759 1709 summa
2786 1672 2982 1711 rerum
3014 1659 3089 1714 ad
3123 1660 3434 1736 Pippinum
3452 1685 3685 1730 conces-

2001 1737 2100 1792 sit.
2137 1737 2241 1792 His
2276 1739 2392 1794 fere
2425 1741 2810 1813 temporibus,
2845 1749 2907 1798 ut
2939 1748 3059 1801 orsi
3105 1766 3361 1823 eramus,
3393 1755 3557 1814 locus
3589 1779 3685 1818 su-

2008 1827 2314 1897 pradictus
2334 1829 2608 1898 praedicto
2629 1831 2803 1885 modo
2819 1832 3032 1889 nobilis
3053 1837 3196 1916 adeo
3215 1846 3301 1897 est
3313 1846 3680 1916 annullatus,

2002 1920 2068 1968 ut
2099 1931 2273 1970 nemo
2299 1917 2376 1970 ibi
2412 1923 2610 1988 posset
2643 1935 2879 1974 manere
2905 1915 3354 2002 monachorum,
3375 1935 3475 1989 sed
3507 1915 3680 1992 babi-

2002 2001 2200 2058 tacula
2231 2020 2436 2060 eorum
2467 2013 2568 2061 aut
2601 2013 2798 2064 essent
2836 2009 3159 2070 diversoria
3196 2021 3588 2093 saecularium,
3623 2031 3682 2082 et

2004 2091 2385 2162 feminarum,
2419 2099 2518 2150 aut
2553 2095 2788 2152 stabula
2819 2113 3108 2170 equorum
3158 2109 3214 2160 et
3259 2091 3684 2180 pastionesrca-

2005 2197 2169 2236 num.

2077 2270 2164 2324 13.
2199 2271 2594 2344 Temporibus
2623 2274 2806 2348 igitur
2826 2276 2970 2334 diva:
3014 2285 3310 2342 memoriae
3340 2287 3527 2346 Caroli
3555 2294 3680 2347 Au-

2003 2359 2160 2430 gusti
2178 2359 2592 2431 (cognomento
2606 2363 2826 2437 Magni)
2841 2365 3188 2440 disponente
3203 2391 3396 2432 rerum
3411 2381 3680 2436 omnium

2005 2447 2253 2536 Domino
2278 2451 2560 2506 eumdem
2584 2451 2778 2508 locum
2803 2455 3064 2526 pristinae
3089 2461 3330 2520 reddere
3355 2467 3678 2536 nobilitati;
3747 2456 3754 2460 ’

2005 2535 2370 2625 Theodulfus
2395 2540 2802 2598 nobilissimus
2823 2549 2880 2598 et
2902 2548 3168 2606 moribus
3191 2555 3247 2606 et
3269 2535 3679 2625 genere,acer-

2007 2624 2260 2717 rimique
2289 2627 2513 2700 ingenii
2562 2629 3004 2690 Aurelianensis
3053 2624 3322 2694 Ecclesiae
3365 2643 3678 2717 episcopus

2008 2713 2384 2785 subrogatur.
2404 2717 2507 2774 Hic
2531 2717 2730 2790 itaque
2752 2720 2940 2776 multa
2961 2723 3256 2781 industria
3280 2713 3512 2786 certans
3531 2713 3676 2803 qua-

2007 2805 2182 2859 tenus
2205 2804 2360 2860 idem
2384 2805 2550 2863 locus
2572 2807 2628 2862 in
2648 2808 2959 2881 antiquum
2980 2818 3348 2871 revocaretur
3367 2816 3672 2888 honorem,

2011 2892 2224 2948 dumin
2248 2894 2545 2968 contiguis
2564 2897 2902 2969 regionibus
2929 2900 3128 2958 minus
3147 2901 3389 2961 idoneos
3414 2906 3675 2964 invenis-

2013 2986 2100 3036 set
2131 2981 2282 3036 adid
2301 2983 2680 3040 efﬁciendum
2705 2987 3046 3057 monachos,
3061 3006 3130 3046 ex
3154 2991 3530 3064 Septimanize
3548 3011 3675 3066 paro

2012 3069 2171 3126 tibus
2202 3071 2312 3142 (10)
2347 3072 2804 3146 ascivit,quibus
2852 3080 2909 3132 et
2956 3076 3151 3134 locum
3183 3079 3362 3153 dedit,
3381 3085 3438 3138 et
3466 3099 3558 3138 res
3589 3081 3670 3137 illi

2012 3158 2138 3215 loco
2169 3159 2309 3216 olim
2335 3163 2652 3219 attributas
2686 3165 2757 3220 de
2789 3182 2896 3221 suo
2928 3165 3172 3240 insuper
3199 3169 3422 3226 addens
3451 3175 3673 3227 contra-

241 3249 602 3308 Maximinus
633 3267 768 3308 eum
791 3251 862 3306 de
879 3265 1045 3305 sacro
1067 3249 1224 3304 fonte
1245 3230 1588 3321 susceperit,
1611 3249 1698 3305 vel
1721 3247 1899 3304 etiam
1931 3230 1976 3298 C
2014 3247 2182 3305 didit.
2207 3249 2270 3304 In
2303 3267 2422 3322 qua
2451 3269 2510 3307 re
2543 3269 2656 3308 non
2691 3253 2964 3326 pmnituit
2985 3230 3121 3311 eum
3143 3257 3278 3314 facti
3300 3259 3393 3315 sui
3421 3275 3432 3315 :
3458 3261 3674 3332 quippe

240 3344 438 3398 mater
466 3341 594 3412 ejus
623 3356 822 3397 amore
853 3337 1039 3411 patris
1070 3337 1230 3394 illius
1261 3354 1296 3394 a
1326 3355 1440 3410 quo
1471 3337 1808 3394 illuminata
1827 3337 1906 3392 fo-

241 3433 358 3497 ret,
375 3427 562 3484 filium
580 3429 664 3484 sic
683 3428 993 3484 nominare
1014 3425 1307 3482 maluerit.
1324 3427 1489 3483 Hunc
1513 3427 1708 3499 itaque
1734 3427 1903 3482 beato

241 3516 537 3575 avunculo
569 3519 696 3590 ejus
729 3515 964 3590 sepulto
998 3517 1086 3571 vir
1117 3515 1350 3572 Domini
1385 3515 1655 3572 Lii'ardus
1685 3521 1742 3572 et
1775 3516 1906 3571 Fra-

239 3613 368 3663 tres
401 3606 670 3662 abbatem
703 3606 949 3679 eligunt,
984 3611 1042 3660 et
1074 3606 1132 3660 in
1165 3604 1288 3660 loco
1323 3605 1655 3660 decedentis
1686 3603 1903 3660 substi-

241 3701 428 3753 tuunt
457 3711 471 3750 :
506 3695 606 3768 qui
636 3697 778 3752 dum
802 3695 1038 3762 advixit,
1056 3711 1206 3749 cura:
1229 3693 1420 3766 gregis
1443 3693 1554 3748 sibi
1577 3693 1900 3759 commissi,

242 3790 455 3858 utpote
487 3785 858 3858 disciplinam
909 3785 1144 3840 Patrum
1199 3789 1454 3850 secutus,
1490 3787 1724 3837 strenue
1757 3781 1904 3837 invi-

242 3873 475 3949 gilavit.
881 3889 888 3893 ·

324 3965 414 4018 1ί.
447 3963 620 4019 Porro
651 3963 815 4018 locus
847 3979 960 4035 quo
993 3961 1320 4019 beatissimi
1369 3960 1552 4017 Patris
1604 3959 1905 4016 Maximini

244 4069 466 4125 corpus
495 4051 822 4108 habebatur
854 4051 1186 4118 humatum,
1221 4066 1356 4106 cum
1409 4048 1610 4105 multis
1661 4049 1906 4122 polleret

241 4142 535 4196 virtutum
565 4139 772 4213 signis,
797 4139 1071 4211 primaavo
1103 4155 1209 4195 suo
1242 4144 1500 4210 tempore
1523 4155 1735 4211 magno
1763 4136 1903 4194 cele-

245 4230 536 4286 brabatur
565 4228 804 4284 honore.
837 4227 1102 4300 Cumque
1136 4226 1310 4283 multi
1344 4227 1626 4284 beneﬁcia
1669 4227 1903 4298 petituri

247 4317 652 4384 convenirent,
686 4322 744 4372 et
769 4333 870 4389 pro
900 4323 1029 4372 voto
1063 4334 1156 4372 res
1199 4315 1466 4388 pluribus
1516 4317 1808 4384 cederent,
1843 4321 1906 4372 ut

249 4405 492 4472 assolet,
527 4405 750 4462 novitas
783 4405 1032 4461 nimium
1063 4409 1227 4478 grata
1277 4404 1691 4460 beneficiorum
1733 4406 1908 4478 erepit

245 4496 530 4553 vilescere
561 4494 913 4569 negligentia
936 4500 1325 4568 posterorum.
1352 4494 1461 4549 Sed
1485 4493 1544 4548 in
1567 4493 1902 4566 episcopatu

2014 3337 2184 3410 cujus
2209 3341 2575 3412 temporibus
2599 3341 2657 3396 in
2686 3346 2918 3399 tantum
2940 3345 3070 3416 ejus
3093 3343 3203 3400 loci
3232 3345 3420 3419 gloria
3439 3347 3670 3415 enituit;

2015 3431 2080 3483 ut
2095 3429 2306 3485 veteris
2325 3428 2660 3502 ignominiae
2677 3431 2931 3488 dedecus
2953 3433 3230 3491 honestas
3255 3436 3674 3509 superveniens

2015 3517 2390 3574 obumbraret
2402 3525 2459 3574 et
2479 3521 2906 3592 praeteritorum
2923 3521 3403 3595 dispendialucra
3425 3541 3672 3598 sequen-

2013 3605 2096 3663 tia
2125 3613 2588 3679 compensarent.
2606 3609 2971 3666 Theodulfus
2995 3611 3174 3683 igitur
3192 3613 3502 3686 episcopus
3525 3615 3676 3670 inter

2015 3700 2218 3751 caetera
2235 3713 2477 3750 suorum
2499 3713 2741 3768 operum
2767 3698 3040 3754 basilicas
3069 3699 3200 3755 miri
3239 3702 3452 3772 operis,
3487 3703 3674 3757 instar

2012 3783 2275 3840 videlicet
2293 3787 2422 3857 ejus
2443 3802 2570 3856 quae
2591 3787 2774 3858 Aquis
2795 3792 2884 3842 est
2919 3788 3257 3857 constituta,
3273 3789 3580 3844 aedificavit
3611 3791 3671 3846 in

2011 3871 2148 3928 villa
2170 3889 2296 3944 quae
2323 3873 2539 3928 dicitur
2559 3874 2965 3930 Gcrminiacus
2991 3875 3326 3948 (Gcrmigny,
3347 3893 3524 3948 prepe
3547 3895 3669 3932 mo-

2015 3961 2338 4017 nasterium
2371 3960 2775 4034 Floriacense),
2809 3979 2926 4034 quo
2953 3963 3131 4018 etiam
3165 3963 3257 4020 his
3283 3965 3548 4021 versibus
3577 3966 3670 4022 sui

2015 4052 2358 4107 memoriam
2393 4050 2688 4124 eleganter
2715 4051 3022 4124 expressit.

2140 4159 2261 4224 Hinc
2291 4159 2344 4208 in
2363 4158 2589 4224 honore
2611 4157 3052 4224 Dei_'l‘beodulfus
3082 4160 3282 4224 templa
3311 4163 3514 4212 sacravi

2187 4223 2314 4279 Quae
2345 4221 2472 4270 dum
2502 4221 2747 4285 quisquis
2771 4221 2902 4282 adis,
2935 4235 3030 4272 oro
3059 4221 3330 4274 memento
3359 4225 3463 4274 mei

2087 4319 2188 4374 Hic
2214 4319 2413 4392 itaque
2444 4319 2792 4374 venerabilis
2823 4321 3098 4376 sacerdos
3129 4319 3510 4377 insimulatus
3539 4338 3672 4378 con-

2007 4405 2328 4479 jurationis
2357 4407 2511 4480 apud
2545 4423 2739 4479 regem
2789 4407 2860 4462 de
2901 4407 3241 4480 episcopatu
3293 4408 3578 4481 dejectus,
3611 4415 3670 4466 et

2015 4494 2220 4549 multis
2251 4495 2457 4550 diebus
2481 4494 2758 4549 custodite
2782 4493 3152 4566 mancipatus
3173 4495 3664 4565 est,postmodum

249 4583 524 4644 Ecclesiae
551 4583 988 4640 Aurelianensis
1019 4583 1372 4656 subrogatus
1405 4583 1908 4656 Sigobertus(9),et
1941 4602 1985 4669 ο
2017 4583 2270 4639 mirabili
2295 4600 2489 4638 rerum
2509 4583 2883 4640 conversione
2907 4589 2965 4638 et
2986 4583 3205 4640 crimen
3228 4583 3669 4656 promptissime

251 4690 467 4749 genere
497 4679 552 4728 et
582 4673 846 4729 moribus
877 4672 1281 4728 nobilissimus
1310 4671 1514 4728 videns
1535 4671 1690 4728 hunc
1713 4672 1905 4730 locum

251 4763 402 4820 olim
443 4761 923 4816 ﬂorentissimum
954 4779 988 4816 a
1019 4760 1212 4833 prisca
1258 4761 1556 4817 nobilitate
1602 4763 1902 4831 defecisse,

253 4852 558 4924 aagerrime
590 4849 742 4906 tulit.
777 4850 1030 4906 Consilio
1063 4850 1256 4922 itaque
1287 4849 1423 4905 cleri
1465 4851 1551 4906 vel
1602 4852 1798 4924 populi
1833 4853 1904 4908 ab

253 4941 465 4998 eodem
497 4939 620 4995 loco
661 4957 794 4996 ossa
825 4938 1011 4994 sancti
1042 4940 1480 4994 transferuntur
1517 4941 1816 4996 Maximini
1847 4942 1904 4997 in
1958 4955 1966 4964 ‘

255 5028 568 5086 ecclesiam
597 5045 778 5100 quam
809 5029 962 5083 idem
995 5027 1305 5099 episcopus
1341 5027 1398 5082 in
1433 5045 1568 5100 agro
1609 5029 1766 5100 juris
1815 5030 1906 5086 sui

257 5121 690 5186 construxerat,
723 5135 850 5190 qua:
883 5117 1122 5189 quidem
1151 5122 1312 5171 extra
1342 5116 1546 5172 urbem
1587 5117 1688 5172 sed
1738 5135 1905 5173 muro

255 5212 350 5264 est
398 5207 610 5273 vicina,
645 5207 1038 5280 contiguaque
1087 5203 1342 5260 ecclesiae
1375 5205 1436 5259 B.
1468 5205 1676 5260 Aniani
1727 5223 1906 5278 quam

258 5295 500 5353 Miciaco
515 5293 1071 5350 dedit.Venerabilis
1093 5298 1288 5349 autem
1310 5294 1619 5367 episcopus
1639 5296 1906 5350 eamdem

329 5439 409 5510 (9)
441 5435 780 5510 Sigobertus
827 5437 981 5510 sedit
1025 5437 1178 5492 circa
1223 5455 1360 5493 ann.
1413 5438 1538 5492 670.
1571 5437 1805 5493 Ecclsize
1847 5440 1905 5493 in

256 5508 543 5568 honerem
580 5511 652 5582 iS.
687 5508 988 5582 Maximini
1017 5526 1050 5564 a
1082 5525 1143 5564 se
1191 5513 1536 5582 constructae
1587 5526 1772 5582 pauca
1823 5527 1909 5566 re-

259 5587 420 5657 stant
447 5580 692 5657 vestigia
722 5582 793 5637 ad
826 5580 1059 5656 plagam
1088 5579 1505 5638 occidentalem
1551 5579 1808 5638 ecclesiae
1841 5583 1905 5642 S.

256 5652 492 5740 Amani.

2016 4671 2285 4741 abluit,et
2305 4671 2455 4745 regis
2467 4673 2717 4744 gratiam
2731 4671 3440 4728 eonseeutus'cathedram
3462 4673 3666 4745 pristi-

2018 4782 2102 4820 na:
2135 4761 2437 4834 dignitatis
2469 4779 2581 4816 non
2613 4761 2713 4816 diu
2746 4762 3004 4816 victurus
3036 4759 3269 4833 recepit.
3287 4761 3490 4816 Fertur
3508 4762 3665 4817 enim

2015 4854 2067 4909 vi
2090 4852 2293 4908 veneni
2324 4853 2396 4907 ah
2420 4851 2512 4906 his
2537 4851 2862 4906 exstinctus
2883 4849 2982 4920 qui
3006 4849 3146 4904 dum
3170 4835 3482 4916 exsularet,
3499 4850 3668 4906 liber-

2016 4949 2133 5000 tate
2188 4943 2374 5015 potiti,
2408 4942 2560 4995 bona
2617 4940 2746 5011 ejus
2807 4938 3114 4994 invadendi
3161 4940 3287 5010 jam
3349 4939 3666 4996 hauserant

2016 5032 2416 5104 cupiditatem.

2089 5122 2175 5176 15.
2210 5119 2272 5174 Ei
2305 5118 2484 5172 Jonas
2514 5115 2834 5170 succedens
2857 5115 3213 5172 habitatores
3235 5116 3344 5172 loci
3369 5119 3498 5189 ejus
3521 5117 3663 5174 mire

2017 5209 2218 5275 coluit,
2243 5207 2436 5262 locum
2469 5204 2790 5272 adornavit,
2825 5203 3247 5278 ecclesiamque
3295 5206 3664 5280 amplificans

1993 5297 2296 5356 ‘fornicem
2329 5293 2670 5350 orientalem
2701 5292 2998 5349 laterculis
3028 5292 3324 5366 plumbeis
3359 5295 3666 5368 elegantis-

2088 5442 2196 5508 (10)
2229 5439 2545 5510 Nempeex
2581 5435 2932 5510 monasterio
2981 5436 3041 5492 S.
3069 5435 3384 5510 Salvatoris
3405 5437 3658 5507 Aniame,
3689 5435 3695 5440 ’

2017 5513 2110 5568 cui
2164 5513 2224 5566 Β.
2260 5507 2876 5578 Benedictus,ordinis
2925 5508 3232 5567 monastici
3282 5509 3658 5583 instaurator,
3716 5515 3722 5520 ’

2015 5590 2142 5640 tum
2172 5586 2436 5659 praeerat.
