4028 6172
377 321 498 381 803

1429 312 1768 374 LETALDI
1816 309 2308 374 MICIACENSIS
2352 308 2728 372 MONACIII.

3677 311 3804 371 804

377 453 525 509 sime
556 450 832 507 contexit.
867 447 1088 504 Floruit
1118 451 1311 502 autem
1345 445 1524 500 Jonas
1570 461 1685 498 non
1737 443 1926 498 solum
1971 445 2028 498 in
2060 447 2114 511 Α
2143 443 2303 498 mino
2334 445 2820 510 commendasset,
2849 445 3015 500 laetus
3047 445 3116 500 de
3148 461 3386 517 corpore
3406 445 3596 500 exivit.
3623 446 3802 511 Quod

376 530 654 597 humanis
675 539 848 594 sedet
870 537 924 591 in
943 535 1154 592 divinis
1179 535 1552 604 rebus,cujus
1577 532 1707 587 fidei
1728 531 2028 604 plenitudo

377 631 641 687 studium
673 632 728 682 et
759 624 1009 681 eruditio
1039 623 1264 696 liquido
1311 626 1504 694 potest
1549 620 1738 692 colligi
1781 636 1848 675 ex
1881 619 2028 675 libro

377 735 551 792 quem
584 721 786 772 eontra
816 713 1126 770 Claudium
1159 709 1578 767 Taurinensem
1603 710 1940 780 episcopum
1973 712 2030 763 et

376 823 587 864 novum
623 802 1069 859 hzeresiarcham
1097 797 1866 872 conscripsit,quiClaudius
1895 797 2031 868 dog—

375 895 688 951 matizabat
729 891 946 964 stigma
983 891 1163 945 beata:
1196 895 1254 944 et
1284 889 1521 942 vivificce
1567 885 1756 940 cruris
1788 886 2029 940 minime

375 987 638 1056 oportere
661 979 910 1038 adorari.
932 979 1460 1050 Si,inquiens,crux
1477 977 1772 1038 adoretur,
1793 975 2030 1029 adoren-

374 1079 472 1129 tur
491 1077 546 1128 et
567 1069 772 1143 puellae
794 1069 1070 1140 virgines,
1089 1067 1227 1138 quia
1256 1065 1416 1136 virgo
1441 1065 1664 1135 peperit
1697 1063 2025 1130 Christum;

376 1163 694 1217 adorentur
713 1165 770 1214 et
792 1155 1237 1231 pt'zescpia,quia
1251 1172 1383 1209 mox
1407 1159 1577 1208 natus
1597 1155 1652 1206 in
1677 1151 1914 1225 praisepi
1941 1169 2027 1206 re-

375 1251 655 1318 clinatur;
689 1249 1003 1303 adorentur
1041 1249 1097 1300 et
1141 1244 1312 1310 asini,
1357 1241 1495 1315 quia
1543 1241 1772 1297 asinum
1819 1241 2030 1296 sedens

375 1337 832 1410 Hierosolymam
846 1353 948 1390 ven
959 1335 1029 1403 it;
1055 1341 1112 1388 et
1136 1334 1305 1406 plura
1317 1332 1568 1386 nefanda
1579 1329 2027 1385 commentando

375 1426 737 1501 simplicitati
754 1423 1094 1480 Cbrislianm
1117 1422 1250 1476 ﬁdei
1274 1421 1606 1492 derogabat.
1623 1419 1834 1474 Contra
1857 1419 2027 1488 cujus

370 1532 617 1573 vesanus
635 1529 860 1570 errores
875 1512 1056 1568 Jonas
1077 1509 1443 1576 venerabilis,
1462 1509 1560 1580 qui
1589 1512 1802 1562 sancta:
1826 1507 2026 1562 Crucis

371 1609 495 1662 erat
514 1604 844 1676 episcopus,
881 1599 1169 1656 Ludovico
1200 1597 1550 1669 imperatore
1584 1596 1880 1668 flagitante
1912 1595 2026 1650 mi-

372 1692 615 1750 rabilem
639 1690 821 1747 edidit
851 1689 1066 1744 librum
1101 1703 1273 1759 quem
1309 1686 1378 1741 de
1425 1685 1669 1740 diversis
1719 1683 2026 1740 sententiis

2138 549 2243 606 ego
2273 534 2526 588 veridica
2557 533 2854 588 seniorum
2888 533 3167 588 relatione
3187 550 3546 607 cognoscens
3568 550 3801 606 nequa-

2139 639 2314 694 quam
2348 621 2579 677 silentio
2612 639 2822 694 passus
2856 639 2987 677 sum
3020 623 3334 689 abscondi;
3373 621 3573 694 procul
3605 623 3806 678 dubio

2137 713 2398 778 credens,
2433 711 2568 784 quia
2597 711 2703 767 etsi
2736 716 2876 766 sunt
2907 711 3018 767 rari
3053 729 3210 768 nunc
3241 711 3526 768 miracula
3572 711 3805 768 facien-

2137 805 2244 869 tes,
2278 800 2446 855 multi
2478 805 2674 854 tamen
2707 801 2765 854 in
2799 805 3004 855 sancta
3033 805 3172 855 sunt
3214 799 3494 865 Ecclesia,
3529 801 3628 872 qui
3667 802 3808 854 vitae

2139 890 2344 943 merito
2405 889 2810 961 operatoribus
2871 889 3286 944 miraculorum
3349 889 3614 960 dispares
3683 905 3806 942 non

2137 982 2294 1032 sunt.

2212 1068 2296 1120 17.
2328 1067 2616 1121 Ludovico
2649 1065 2916 1138 piissimo
2945 1068 3206 1138 Augusto
3241 1070 3328 1135 (ut
3356 1067 3680 1138 credimus)
3724 1085 3812 1123 re-

2137 1173 2254 1227 gna
2283 1156 2537 1211 cmlestia
2564 1160 2792 1228 petente
2839 1155 3151 1228 imperium
3204 1157 3558 1212 Francorum
3611 1157 3809 1212 armis

2138 1245 2236 1300 diu
2271 1245 2578 1316 qumsitum
2605 1243 3040 1316 atqueaCarolo
3057 1245 3186 1316 ejus
3205 1249 3366 1316 patre
3386 1244 3812 1317 multipliciter

2137 1339 2543 1406 propagatum,
2561 1350 2592 1388 a
2614 1331 2791 1388 nobili
2817 1331 2976 1388 illius
3001 1332 3258 1404 corporis
3281 1350 3563 1406 compage
3589 1333 3809 1390 multis

2137 1419 2474 1476 nationibus
2503 1423 2702 1476 coacta
2731 1420 3018 1476 trifariam
3051 1420 3350 1491 dividitur,
3382 1421 3808 1494 triarchesque

2138 1509 2240 1564 filii
2264 1510 2562 1564 constituti
2585 1509 2640 1563 id
2665 1509 2985 1582 regendum
3013 1509 3556 1582 sortiuntur.Major
3579 1511 3806 1567 borum

2137 1599 2448 1655 Lotbarius
2481 1599 2786 1654 Franciam
2821 1615 2955 1653 cum
3007 1597 3192 1666 Italia,
3229 1599 3559 1655 Ludovicus
3611 1601 3805 1656 Saxo-

2137 1687 2294 1743 niam
2329 1703 2680 1760 omnemque
2711 1687 3104 1756 Germaniam,
3139 1688 3379 1744 Carolus
3411 1689 3625 1744 Junior
3656 1691 3808 1745 Bur-

371 1783 610 1839 Patrum
639 1779 799 1836 velut
831 1777 1135 1872 flqscidum
1185 1775 1450 1848 depinxit
1501 1777 1723 1830 sertum
1753 1791 1764 1841 ;
1801 1778 1856 1829 et
1904 1779 2024 1828 tam
2057 1815 2104 1882 Β
2135 1777 2417 1850 gundiam
2449 1793 2584 1832 cum
2615 1776 2926 1849 Bquitania
2956 1777 3235 1850 possedit.
3269 1779 3392 1843 Quo
3433 1778 3639 1834 Carolo
3673 1796 3802 1835 non

368 1871 570 1928 validae
599 1868 865 1926 stultitia:
887 1859 1119 1922 Claudii
1153 1863 1422 1932 obviavit,
1451 1869 1516 1918 ut
1547 1863 1820 1934 deinceps
1854 1879 2024 1918 nemo

370 1962 639 2016 inventus
669 1959 746 2014 sit
778 1955 875 2028 qui
909 1956 1176 2010 eamdem
1200 1953 1497 2008 vesaniam
1527 1950 1908 2006 resuscitarit.
1932 1951 2023 2006 Li-

369 2048 558 2104 bellus
586 2051 780 2102 autem
800 2045 924 2116 ipse
945 2059 1120 2115 penes
1159 2058 1263 2096 nos
1286 2040 1555 2106 habetur,
1573 2040 1671 2110 qui
1695 2039 1750 2094 in
1770 2039 2022 2110 quadam

371 2138 543 2194 domo
563 2136 695 2208 igne
717 2149 956 2206 pervasa
971 2131 1203 2186 incaute
1225 2127 1556 2194 derelictus,
1581 2134 1637 2182 et
1667 2134 1797 2198 post
1830 2129 2022 2200 ignem

369 2229 596 2299 integer
625 2222 896 2280 inventus
929 2225 1035 2276 est.

445 2317 533 2370 15.
567 2315 718 2370 Jona
746 2311 928 2384 igitur
947 2309 1004 2364 in
1029 2309 1366 2380 episcopatu
1392 2307 1583 2380 posito
1610 2305 1778 2361 multi
1797 2305 2022 2362 nobiles

369 2408 426 2460 et
457 2393 668 2459 saeculo
689 2397 1107 2472 cxspectabiles
1139 2396 1247 2451 viri
1277 2395 1513 2468 cingula
1544 2395 1898 2467 deponcntes
1922 2394 2026 2449 mi-

369 2492 508 2548 litia:
543 2495 912 2560 veteremque
945 2502 1079 2542 cum
1113 2485 1238 2540 suis
1265 2485 1494 2540 actibus
1525 2483 1824 2539 hominem
1845 2481 2020 2550 exuti,

367 2580 427 2636 in
449 2580 651 2636 eodem
676 2576 803 2650 ipso
821 2575 944 2631 loco
971 2573 1218 2630 Domino
1236 2589 1298 2628 se
1320 2571 1638 2643 mancipari
1666 2572 2018 2644 gaudebant.

369 2671 627 2736 Quorum
659 2671 825 2739 pater
869 2664 998 2718 vitae
1047 2661 1398 2717 venerabilis
1442 2660 1736 2716 Heriricus
1788 2660 2023 2716 nomine

369 2759 592 2814 dudum
624 2771 826 2828 regum
850 2750 1272 2818 amicissimus,
1301 2767 1367 2806 eo
1391 2754 1585 2805 autem
1607 2753 1868 2821 tempore
1899 2766 2022 2804 mo-

368 2846 578 2904 nastici
611 2843 834 2900 ordinis
865 2846 988 2898 erat
1009 2839 1201 2896 cultor
1229 2838 1723 2906 ferventissimus;
1757 2837 1856 2910 qui
1888 2855 2022 2892 rum

368 2937 527 2992 omni
547 2934 762 3008 gaudio
783 2929 1075 3004 spirituali
1095 2945 1228 2984 cum
1253 2927 1678 3001 supplementis
1693 2927 1820 2982 vitae
1843 2926 1944 2998 buj
1957 2943 2024 2982 us

370 3021 715 3081 necessariis
737 3021 1086 3094 potirentur,
1111 3034 1294 3072 unum
1327 3021 1450 3072 erat
1482 3017 1636 3088 quod
1679 3016 2026 3077 mmstitudi-

369 3131 504 3170 nem
530 3127 731 3168 eorum
753 3109 1028 3165 cordibus
1051 3123 1164 3161 non
1189 3105 1479 3160 modicam
1503 3105 1810 3171 inferebat,
1825 3103 2024 3160 videli-

2135 1865 2440 1922 minimam
2472 1865 2631 1938 regni
2665 1870 2892 1938 partem
2923 1867 3368 1936 assccuto,dum
3397 1868 3635 1922 fortuna
3655 1885 3804 1924 cum

2133 1955 2450 2010 infortunio
2485 1955 2754 2020 alternat,
2779 1956 2940 2028 regni
2975 1957 3023 2027 ej
3035 1973 3103 2012 us
3125 1959 3315 2012 status
3336 1956 3528 2027 primo
3549 1957 3801 2029 quidem

2133 2044 2426 2100 intestinis
2451 2043 2736 2100 bellorum
2757 2044 3044 2112 cladibus,
3059 2046 3436 2117 postmodum
3455 2062 3592 2102 vero
3614 2052 3806 2102 exter-

2135 2133 2226 2188 nis
2259 2132 2611 2188 tumultibus
2634 2138 2910 2206 gravatus
2940 2133 3402 2207 proﬂigatusque
3452 2139 3562 2192 est.
3602 2135 3798 2192 Duces

2133 2223 2346 2278 etenim
2371 2221 2468 2294 qui
2493 2223 2638 2277 ﬁnes
2662 2222 2891 2294 imperii
2917 2224 3067 2277 tueri
3091 2223 3590 2290 debuerant,dum
3615 2225 3800 2280 rebus

2133 2310 2547 2366 communibus
2578 2309 2801 2383 privata
2843 2312 3044 2385 jurgia
3094 2316 3462 2384 prazponunt,
3492 2318 3672 2386 atque
3721 2314 3798 2369 ob

2133 2399 2191 2454 id
2225 2399 2514 2456 mortibus
2545 2404 2599 2454 et
2629 2400 2852 2471 rapinis
2884 2416 3012 2456 sese
3043 2399 3425 2469 insectantur,
3459 2401 3659 2458 locum
3689 2403 3795 2457 de-

2132 2489 2268 2544 dere
2281 2487 2566 2555 barbaris,
2582 2505 2696 2560 quo
2714 2487 3028 2559 imperium
3047 2490 3282 2562 regibus
3301 2489 3535 2562 inclytis
3551 2497 3794 2562 partum

2131 2581 2188 2633 et
2220 2564 2303 2632 tot
2335 2575 2563 2631 saeculis
2595 2575 3038 2632 formidolosum
3070 2577 3796 2650 rapinisetincendiisipsi

2133 2665 2766 2722 dehonestarent.lnter
2788 2667 3166 2722 Lambertum
3185 2665 3339 2721 enim
3358 2671 3410 2722 et
3432 2663 3794 2724 Rainoldum

2133 2754 2233 2827 qui
2263 2751 2545 2810 Neustrire
2577 2754 2722 2810 fines
2752 2771 2956 2810 versus
2987 2754 3280 2810 Oceanum
3305 2756 3794 2830 regebant,longa

2133 2841 2504 2907 concertatio,
2539 2846 2786 2916 utraque
2818 2843 3064 2915 perditio
3096 2843 3294 2915 patria:
3338 2842 3493 2899 latus
3547 2847 3793 2912 detexit,

2132 2949 2234 3005 per
2263 2931 2417 3004 quod
2461 2931 2655 2989 clades
2701 2948 2946 3004 regnum
2998 2933 3352 2988 Francorum
3401 2933 3792 3006 profligatum

2133 3021 2322 3093 primo
2351 3020 2563 3076 infecta
2583 3024 2692 3076 est.
2715 3023 2793 3076 Ac
2817 3023 3074 3092 primum
3097 3021 3184 3076 vis
3209 3022 3512 3077 Britonum
3536 3021 3791 3080 limitem

2129 3115 2518 3181 transgressa,
2535 3109 2838 3182 antiquam
2855 3109 3257 3166 Namneticam
3273 3111 3514 3182 (Nautes)
3532 3112 3793 3184 Audega-

369 3201 624 3274 cetquod
646 3213 886 3270 corpore
906 3195 1132 3270 patroni
1155 3193 1244 3248 sui
1270 3193 2019 3248 Maximinifraudarentur.
2051 3185 2094 3251 C
2132 3214 2486 3270 vensemque
2515 3198 2760 3271 (Angers)
2793 3198 3079 3270 regiones,
3115 3199 3793 3272 Meduanamﬂmymne)

371 3289 658 3348 Ludovico
675 3287 870 3359 itaque
893 3285 1214 3357 imperante
1241 3280 1534 3337 Heriricus
1555 3281 1738 3336 abbas
1759 3297 1892 3336 cum
1915 3281 2022 3336 fra-

367 3381 558 3437 tribus
591 3374 872 3451 palatium
904 3373 1048 3446 petit
1073 3387 1286 3442 corpus
1317 3369 1470 3426 beati
1507 3369 1698 3424 Patris
1721 3369 2019 3425 Maximini

351 3466 864 3543 expostulaturus,
888 3461 1206 3532 itidemque
1261 3458 1408 3514 alias
1454 3457 1738 3514 utilitates
1770 3457 1879 3514 loci
1909 3458 2021 3514 sibi

370 3556 668 3615 commissi
700 3570 815 3609 non
849 3550 1246 3624 neglecturus.
1283 3547 1602 3620 Imperator
1638 3563 1770 3602 vero
1825 3548 2023 3603 favens

370 3647 464 3702 his
495 3643 896 3718 petitionibus,
915 3641 1148 3694 evocato
1185 3638 1332 3693 Jona
1355 3636 1649 3708 epis00po,
1659 3635 1844 3708 jussit
1861 3635 2024 3692 reddi

370 3752 603 3809 corpus,
637 3731 792 3805 quod
825 3745 958 3785 cum
988 3743 1201 3798 magno
1233 3725 1446 3798 gaudio
1480 3743 1513 3780 a
1543 3725 1666 3781 loco
1688 3724 2021 3797 sepulcrali,

369 3828 431 3882 in
464 3841 579 3898 quo
607 3822 666 3877 id
687 3819 1029 3892 Sigobertus
1050 3816 1362 3889 episcopus
1385 3815 1608 3886 (utjam
1633 3814 1912 3884 diximus)
1935 3815 2028 3870 de-

369 3914 646 3989 posuerat
673 3908 984 3972 elevatum,
1019 3908 1189 3976 atque
1220 3904 1290 3959 ad
1328 3902 1679 3958 Micianense
1727 3907 2027 3958 monaste-

371 4005 524 4061 rium
556 4015 691 4056 cum
721 3995 956 4053 ossibus
977 3994 1228 4048 duorum
1253 3993 1382 4064 ejus
1403 3992 1827 4064 discipulorum
1847 3992 2030 4048 Theo-

373 4089 583 4148 demiri
615 4085 837 4142 scilicet
867 4088 1044 4154 atque
1097 4081 1419 4148 Maximini,
1453 4096 1706 4153 quorum
1757 4081 2027 4152 superius

377 4176 740 4235 mensionem
775 4171 1100 4245 posuimus,
1137 4169 1425 4242 perlatum
1453 4174 1560 4225 est.

447 4266 534 4322 16.
565 4264 646 4320 De
672 4261 947 4318 Heiririco
979 4265 1174 4315 autem
1201 4259 1410 4315 abbate
1441 4257 1778 4326 venerabili,
1805 4259 1902 4330 qui
1937 4259 2028 4313 his

375 4353 742 4428 temporibus
775 4355 862 4418 (ut
891 4350 1113 4422 praefati
1133 4351 1364 4416 sumus)
1385 4346 1510 4402 loco
1533 4344 1862 4402 Miciacensi
1887 4364 2030 4418 pree-

375 4442 674 4512 erat,illud
698 4442 882 4496 fertur
905 4436 1192 4505 mirabile,
1209 4435 1348 4508 quia
1370 4452 1503 4491 cum
1529 4439 1833 4508 aegrotaret
1871 4435 2027 4506 apud

2132 3287 2375 3343 fluvium
2407 3303 2594 3358 usque
2625 3303 2745 3342 suis
2778 3286 3037 3342 barbarae
3070 3287 3333 3344 subdidit
3363 3288 3598 3346 ditioni.

2205 3376 2270 3430 18
2327 3376 2366 3430 E
2397 3375 2638 3447 vestigio
2671 3391 2814 3448 gens
2841 3375 3233 3433 Normanniea
3253 3377 3463 3450 vagina
3485 3395 3607 3434 suae
3633 3379 3797 3436 habi-

2131 3462 2370 3519 tationis
2399 3481 2635 3537 egressa
2665 3481 2781 3519 non
2814 3481 2975 3521 more
2995 3465 3263 3537 piratico,
3278 3467 3378 3522 sed
3402 3466 3585 3523 libere
3606 3473 3794 3524 terras

2133 3553 2517 3624 pervavendo,
2551 3553 2690 3608 dum
2724 3570 2893 3608 nemo
2927 3555 3167 3623 resistit,
3201 3571 3437 3610 omnem
3472 3573 3640 3612 oram
3674 3575 3799 3612 ma-

2133 3641 2391 3696 ritimam
2451 3640 2754 3707 incendiis,
2809 3641 3049 3714 rapinis,
3085 3643 3362 3715 omnique
3423 3644 3794 3701 crudelitatis

2135 3747 2342 3802 genere
2391 3729 2806 3787 miserabiliter
2853 3731 3124 3809 confecit.
3158 3731 3420 3805 Denique
3453 3734 3550 3789 die
3583 3734 3791 3791 nativi-

2134 3820 2271 3874 tatis
2289 3821 2346 3874 S.
2367 3819 2609 3874 Joannis
2633 3818 2906 3891 Baptista:
2928 3821 3132 3876 urbem
3151 3820 3560 3877 Namneticam
3585 3823 3797 3878 adorsa

2135 3911 2486 3975 concremat,
2531 3912 2588 3962 et
2637 3907 3025 3964 Gunhardum
3077 3908 3154 3980 (S.
3189 3909 3424 3979 Gohard)
3479 3911 3793 3983 praesulem

2136 3996 2318 4052 sacris
2352 3995 2669 4051 missarum
2714 3995 3018 4052 solemniis
3065 3998 3355 4054 intentum
3405 4016 3588 4072 super
3636 4016 3795 4055 aram

2138 4085 2385 4141 Ferreoli
2443 4085 2720 4157 martyris
2751 4102 2877 4157 quae
2910 4089 2999 4140 est
3029 4086 3100 4140 ad
3134 4085 3335 4142 lzevam
3367 4088 3510 4144 tedis
3543 4089 3608 4144 Β.
3647 4089 3793 4144 Pet—ri

2139 4173 2385 4246 apostoli
2405 4174 2610 4228 matris
2625 4173 2882 4230 ecclesia:
2899 4175 3165 4244 ejusdem
3184 4176 3441 4232 civitatis
3457 4177 3791 4242 obtruncat,

2137 4262 2607 4333 bacchantesque
2639 4278 2740 4334 per
2770 4262 3052 4335 populum
3085 4262 3231 4319 nulli
3252 4265 3405 4320 aetati
3428 4266 3792 4337 parcendum

2139 4353 2367 4422 putant.
2403 4350 2535 4420 Ipsa
2565 4351 2708 4405 urbe
2742 4351 2979 4406 incensa
3009 4355 3177 4420 (anno
3197 4353 3326 4420 843)
3357 4370 3492 4408 cum
3517 4356 3683 4408 omni
3708 4371 3799 4409 su-

2139 4438 2411 4510 pellectili
2445 4438 2694 4494 civitatis
2717 4443 2772 4494 et
2793 4440 2998 4512 grandi
3023 4440 3381 4513 captivorum
3413 4441 3796 4498 multitudine

373 4533 764 4591 Corbionense
787 4524 1530 4604 (Corbion),monasterium
1551 4524 1889 4580 infirmitate
1915 4541 2030 4596 qua
2060 4542 2106 4606 ι)
2139 4526 2198 4582 in
2231 4525 2486 4582 insulam
2517 4527 2838 4598 quamdam
2888 4529 3150 4583 coenobio
3181 4529 3239 4584 S.
3277 4529 3554 4585 Florentii
3609 4531 3794 4586 conti-

374 4627 432 4680 et
459 4622 622 4690 obiit,
643 4621 877 4677 fratrem
913 4618 1023 4674 sibi
1056 4615 1404 4672 familiarius
1426 4614 1802 4670 inbmrentem
1834 4631 2030 4669 evoca-

372 4711 519 4767 verit
550 4709 804 4782 persicas
825 4707 934 4764 sibi
959 4704 1472 4779 perquirijubens.
1493 4703 1655 4768 Quod
1687 4720 1823 4757 cum
1855 4703 2032 4758 frater

375 4799 688 4854 miraretur
716 4813 850 4852 cum
875 4801 1107 4865 tempus
1131 4793 1183 4846 id
1209 4791 1538 4846 inveniendi
1562 4807 1674 4845 non
1701 4796 1874 4857 esset,
1891 4791 2032 4863 quia

377 4888 502 4944 dies
532 4885 986 4960 Epiphaniorum
1020 4887 1186 4936 erant
1219 4899 1230 4935 :
1267 4881 1442 4947 Vade,
1476 4879 1576 4949 ait,
1601 4884 1732 4950 post
1763 4886 2025 4952 cryptam

377 4974 738 5040 monasterii,
773 4976 830 5028 et
861 4971 1012 5043 quod
1063 4967 1353 5024 inveneris
1383 4968 1560 5022 defer.
1587 4968 1784 5022 Frater
1831 4972 2029 5023 autem

379 5063 476 5119 ille
497 5081 611 5118 non
643 5079 747 5134 spe
777 5058 1104 5114 inveniendi
1138 5058 1234 5112 sed
1280 5056 1723 5128 importunitate
1764 5056 2032 5126 jubentis

377 5151 748 5220 devictus,ad
777 5147 1067 5220 designati
1099 5146 1205 5202 loci
1240 5147 1506 5200 arborem
1539 5145 1802 5213 accessit,
1837 5144 1894 5200 in
1915 5163 2034 5218 qua

381 5247 503 5299 tres
535 5242 694 5296 mirae
719 5239 929 5311 speciei
965 5237 1222 5310 persicas
1254 5233 1495 5301 invenit,
1527 5251 1776 5307 quarum
1811 5234 2034 5290 similes

380 5349 486 5388 suo
508 5337 770 5402 tempore
802 5329 976 5384 arbor
1005 5326 1104 5381 illa
1127 5341 1428 5397 nunquam
1454 5324 1712 5379 ediderat
1737 5339 1749 5376 :
1777 5340 1924 5395 quas
1944 5340 2034 5379 ce-

380 5417 874 5476 leriterexhioitas
888 5420 1138 5489 aegrotus
1152 5413 1478 5485 suscipiens
1492 5412 1874 5485 omnipotenti
1897 5413 2032 5480 Deo,

382 5515 595 5566 sanctae
618 5507 882 5563 videlicet
903 5504 1176 5560 'l‘rinitati
1200 5504 1417 5576 gratias
1436 5501 1708 5569 reddidit,
1724 5507 1782 5556 et
1815 5502 1884 5558 de
1921 5503 2038 5557 fru-

381 5604 480 5659 ctu
513 5602 834 5657 memorato
856 5593 1219 5671 prmgustans
1243 5609 1377 5650 cum
1399 5592 1606 5650 fratres
1635 5590 1905 5669 ﬁliosque
1935 5592 2042 5652 Do-

2139 4631 2320 4688 gnum
2353 4619 2744 4680 revertuntur,
2779 4614 2978 4687 ibique
3011 4615 3458 4671 contubernium
3502 4622 3792 4684 statuunt,

2139 4703 2424 4776 quidquid
2483 4703 2695 4759 alicubi
2755 4704 3230 4776 deprmdarentur
3289 4721 3355 4760 eo
3405 4707 3791 4762 conferentes.

2141 4792 2398 4847 Primum
2433 4791 2670 4864 quidem
2692 4792 2985 4866 imperitia
3006 4794 3307 4866 equitandi
3332 4793 3627 4866 longiores
3649 4802 3798 4848 veta-

2139 4881 2240 4936 bat
2269 4897 2584 4947 excursus;
2619 4881 2690 4936 ad
2725 4886 3084 4953 postremum
3119 4901 3249 4939 vero
3281 4901 3347 4940 eo
3381 4896 3490 4939 usu
3524 4885 3796 4939 exercita-

2139 4969 2316 5025 tiores
2349 4986 2462 5024 non
2487 4968 2678 5024 solum
2703 4987 2950 5042 quisque
2973 4971 3226 5027 finitima
3261 4973 3362 5028 sed
3382 4972 3582 5045 procul
3609 4972 3800 5045 posita

2140 5061 2550 5131 pervagantur,
2585 5058 2843 5112 caedibus
2887 5059 3191 5132 opplenles
3218 5060 3416 5115 omnia
3447 5063 3617 5132 (anno
3647 5063 3796 5132 853).

2143 5147 2358 5202 Iterum
2409 5163 2546 5219 ergo
2595 5145 2842 5202 navibus
2892 5149 3230 5204 conscensis
3291 5150 3546 5204 Turonis
3595 5167 3799 5222 perva-

2144 5237 2312 5303 dunt,
2373 5252 2588 5307 perque
2647 5234 2874 5291 alveum
2948 5237 3168 5310 Ligeris
3228 5239 3298 5294 ad
3369 5239 3798 5296 monasterium

2146 5324 2332 5380 Patris
2391 5324 2694 5379 Maximini
2745 5324 3136 5397 perveniunt:
3173 5328 3327 5400 quod
3387 5344 3643 5384 vacuum
3692 5328 3799 5383 ho—

2145 5413 2406 5468 minibus
2437 5413 2810 5484 reperientes,
2829 5430 3076 5486 qumque
3099 5415 3466 5472 occurrentia
3486 5417 3796 5489 diripiunt,

2146 5507 2203 5559 et
2233 5503 2303 5558 ad
2337 5501 2613 5558 ultimum
2646 5503 2879 5558 admoto
2913 5502 3046 5576 igne
3076 5522 3110 5560 a
3139 5508 3302 5577 parte
3333 5504 3581 5561 australi
3612 5505 3800 5560 Eccle-

2151 5591 2298 5651 siam
2321 5592 2662 5650 comburere
2690 5597 3000 5652 conantur.
3025 5594 3134 5654 Sed
3166 5599 3434 5654 servante
3456 5610 3524 5652 eo
3547 5594 3652 5671 qui
3682 5611 3800 5652 non
