4066 6172
170 334 299 398 805

1203 329 1445 399 LIBER
1491 337 1598 400 DE
1644 333 2090 406 MInAC’ULis
2141 347 2204 408 s.
2241 347 2665 416 MAXIMINI.

3560 381 3677 448 806

169 470 394 528 dormit
416 485 610 571 1-,?un
635 466 939 571 ‘dormitat,
970 469 1074 542 qui
1105 470 1366 571 custodit
1390 464 1882 571 Israel,‘ncquid-
1910 475 1969 540 Α
1998 475 2156 532 rium
2180 494 2375 550 usque
2417 486 2717 557 conducit,
2753 497 2810 546 et
2839 493 2898 549 in
2929 497 3330 570 cxpulsionem
3364 510 3557 566 ovium
3590 470 3708 571 lu-~

169 576 358 633 quam
414 559 514 614 diu
574 557 931 622 laborantes,
967 565 1027 614 et
1057 559 1216 618 omni
1251 559 1462 614 elfectu
1499 559 1753 616 malitiae
1784 578 1878 616 ca-

164 653 370 706 rentes
430 647 776 703 confusione
837 646 1106 718 adoperti
1165 647 1502 702 discedunt.
1568 649 1880 704 Hactenus

163 755 348 811 porro
379 736 631 792 intueri:
664 737 853 803 datur,
875 742 1112 806 quanta
1141 735 1450 809 vigilantia
1485 736 1667 791 Pater
1701 737 1880 792 Maxi-

163 829 376 882 minus
407 827 566 882 hunc
602 823 914 880 servaverit
941 822 1168 894 locum,
1196 841 1371 898 quem
1395 823 1708 880 adie'suae
1739 843 1880 881 eon-

164 917 422 972 ditionis
443 915 621 970 etiam
651 921 908 987 tempore
938 913 1252 970 barbarico
1277 913 1518 985 ignibus
1553 931 1878 986 nunquam

167 1004 520 1079 permiserit
557 1003 781 1057 violari.
827 1001 981 1057 Nam
1017 1020 1088 1058 ca
1118 1005 1460 1074 tempestate
1494 999 1588 1055 vix
1621 1001 1875 1076 aliquod

97 1093 110 1099 ’
166 1093 511 1150 cmuobium
537 1091 715 1147 totius
736 1089 1050 1159 Neustrize,
1075 1096 1132 1146 et
1159 1108 1370 1163 magna
1392 1107 1459 1144 ex
1482 1093 1658 1161 parte
1692 1095 1872 1164 Aqui-

165 1183 355 1238 tania:
379 1199 591 1237 manus
615 1179 929 1252 impiorum
968 1180 1178 1247 cva’sit,
1213 1197 1346 1234 cum
1369 1183 1426 1234 et
1447 1181 1509 1235 S.
1536 1179 1781 1244 Martini
1815 1187 1872 1238 et

166 1271 341 1328 beati
362 1271 551 1327 Patris
575 1268 867 1325 Benedicti
898 1269 1268 1324 monasteria
1291 1269 1361 1324 ab
1385 1269 1469 1325 eis
1501 1259 1869 1343 conflagrata

169 1361 447 1418 sint.Sed
480 1376 651 1414 nemo
683 1359 950 1414 autumet
985 1374 1082 1414 me
1115 1357 1172 1413 in
1199 1360 1486 1432 cujusque
1517 1359 1709 1415 sancti
1733 1379 1868 1435 sug-

167 1449 548 1522 gillationem
567 1447 682 1505 ista
697 1445 973 1519 prosequi
993 1464 1006 1514 ;
1025 1464 1226 1503 verum
1243 1449 1310 1504 ad
1328 1449 1861 1506 demonstrandum

165 1539 260 1611 pii
293 1539 478 1612 hujus
507 1537 696 1592 Patris
728 1538 1028 1603 allectum,
1065 1537 1167 1606 qui
1199 1538 1565 1610 prospiciens
1627 1539 1860 1598 futuros

165 1645 360 1684 casus
391 1632 448 1684 et
480 1631 745 1697 tempora
777 1642 905 1696 quae
939 1642 1051 1681 sua
1096 1632 1236 1680 sunt
1295 1628 1684 1698 quaerentium
1741 1647 1857 1686 non

167 1717 474 1772 sustinuit
523 1713 829 1771 aediculam
891 1730 1062 1769 suam
1125 1715 1379 1785 amburi,
1415 1715 1724 1788 providens
1757 1725 1859 1774 aut

163 1808 275 1862 vix
308 1810 410 1861 aut
439 1804 778 1860 nullatenus
814 1819 945 1859 eam
971 1803 1030 1858 in
1064 1809 1290 1859 statum
1327 1805 1645 1876 pristinum
1685 1808 1857 1862 refor-

173 1899 420 1951 matum
449 1893 542 1948 iri.

256 1983 348 2038 19.
376 1982 558 2056 Igitur
575 1983 719 2056 Agio
741 1981 1038 2054 episcopo,
1075 1983 1183 2038 sub
1218 2000 1333 2055 quo
1365 1985 1569 2041 civitas
1597 1987 1856 2042 Aurelia-

174 2073 392 2130 nensis
441 2071 619 2128 semel
672 2071 962 2127 distracta
990 2072 1246 2127 secundo
1279 2073 1524 2130 incensa
1555 2080 1666 2142 est,
1699 2076 1856 2130 diem

173 2159 786 2228 obeunte,Walterius
807 2159 918 2231 (11)
943 2160 1230 2216 successit
1259 2163 1348 2216 vir
1377 2167 1752 2230 strenuus,et
1785 2165 1858 2218 ad

173 2265 434 2324 quisque
483 2249 826 2322 perferenda
851 2249 986 2304 forti
1021 2248 1217 2304 animo
1250 2257 1636 2322 praeparatus,
1671 2253 1772 2324 qui
1803 2257 1860 2308 et

171 2356 390 2397 muros
412 2338 573 2394 urbis
593 2337 906 2408 exstruxit,
923 2341 980 2393 et
1010 2337 1164 2394 cives
1197 2342 1283 2394 tot
1313 2339 1586 2397 cladibus
1612 2343 1858 2397 miseros

174 2429 260 2486 ad
302 2427 696 2484 resistendum
729 2425 999 2482 barbaris
1031 2427 1332 2482 animavit.
1367 2429 1472 2484 Cui
1505 2430 1860 2486 Trohannus

176 2517 483 2590 (Traum'n)
515 2515 838 2571 succedens
896 2513 1044 2569 nihil
1096 2514 1302 2570 efﬁcax
1344 2518 1622 2585 ostendit,
1657 2535 1858 2574 verum

179 2604 413 2662 crudeli
436 2605 592 2660 exitu
614 2603 866 2676 posteris
889 2603 981 2658 sui
1005 2603 1349 2659 memoriam
1373 2605 1858 2679 dereliquit.Nam

181 2693 430 2752 levitate
487 2693 668 2749 animi
728 2691 920 2748 multa
976 2695 1172 2761 utens,
1205 2691 1465 2764 plurima
1499 2695 1860 2754 temulentus

189 2785 338 2840 dare
365 2781 454 2839 vel
485 2781 828 2856 promittere
885 2778 1098 2836 solitus
1125 2784 1271 2849 crat,
1307 2799 1435 2854 quae
1469 2783 1603 2840 vino
1634 2786 1860 2858 digesto

185 2872 433 2946 penitus
455 2871 938 2944 ignoraret.Hanc
961 2870 1302 2942 auspicatus
1335 2871 1702 2929 occasionem
1728 2874 1860 2930 Frc-

184 2960 396 3017 dricus
425 2961 666 3033 quidam
715 2958 932 3015 nobilis
981 2957 1228 3015 clericus
1278 2962 1568 3031 quosdam
1601 2963 1859 3036 episcopi

183 3049 556 3108 necessarios
585 3049 698 3106 sibi
749 3048 958 3106 ascivit
1003 3052 1428 3119 cooperatores,
1458 3044 1861 3124 accedensquc

183 3145 330 3214 post
360 3155 586 3195 ccenam
618 3141 691 3196 ad
722 3139 1068 3212 episcopum
1105 3138 1461 3210 quibusdam
1498 3140 1774 3198 laudibus
1805 3145 1861 3198 et

1997 579 2140 672 pum
2175 567 2381 672 saevire
2415 573 2592 672 cogit.
2630 576 2836 672 Itaque
2865 567 3298 646 cum—Wimaro
3329 597 3548 668 quique
3577 567 3677 672 po-

1996 655 2174 749 tiores
2196 655 2867 749 expelluntur,quinque
2893 675 3120 730 tantum
3149 655 3500 749 personatus
3521 655 3680 746 vilio-
3729 674 3736 680 ’

1997 739 2079 797 ris
2101 743 2385 844 fratribus
2409 749 2951 844 derelic_tis.Sicque
2975 739 3284 822 Fredricus
3300 775 3429 825 voto
3449 739 3674 844 potitus

1996 845 2210 887 nomen
2233 835 2472 892 abbatis
2505 839 3054 911 obtinuit,oflicium
3078 854 3318 910 omnino
3345 835 3668 918 declinans.

1994 919 2106 976 Eos
2133 923 2351 979 etenim
2386 944 2534 999 quos
2584 927 2732 985 inibi
2794 933 3110 1007 reliquerat
3169 941 3388 999 ultima:
3447 947 3670 1006 habens

1993 1009 2307 1098 dejectioni
2335 1021 2400 1070 ut
2421 1017 2844 1095 stipendiarios
2866 1023 3040 1096 sigilo
3067 1026 3284 1098 alebat,
3319 1037 3542 1092 ueteris
3575 1039 3670 1094 bo-

1991 1097 2084 1154 nis
2114 1102 2354 1172 penitus
2389 1105 2639 1161 abrasis.
2677 1109 2784 1174 Qui
2839 1115 3068 1170 tantam
3121 1133 3259 1190 erga
3291 1137 3351 1176 se
3384 1123 3665 1182 duritiam

1988 1203 2102 1242 non
2137 1190 2393 1247 ferentes
2443 1195 2788 1269 episcopum
2849 1201 3093 1273 adeunt,
3129 1211 3186 1260 et
3218 1211 3513 1279 querelam
3545 1231 3666 1272 suae

1983 1276 2343 1336 calamitatis
2402 1299 2598 1339 coram
2632 1301 2698 1340 eo
2733 1287 3080 1361 deponunt;
3117 1276 3264 1366 quos
3296 1297 3392 1354 ille
3423 1303 3662 1361 omnino

1981 1367 2222 1460 sprevit,
2257 1373 2317 1422 et
2377 1387 2512 1426 cum
2574 1373 2797 1446 ingenti
2856 1377 3076 1449 injuria
3126 1400 3160 1438 a
3204 1395 3519 1460 conspectu
3551 1409 3660 1450 suo

1979 1453 2109 1552 ejicni
2153 1455 2362 1552 jussit.
2395 1459 2866 1552 ‘Quicontempti
2902 1453 3654 1552 monasterium-repetunt,

1975 1549 2032 1598 et
2068 1544 2128 1598 Β.
2164 1545 2486 1603 Maximino
2519 1549 2878 1622 importunis
2910 1560 3222 1626 questibus
3255 1544 3504 1622 miser-ias
3535 1544 3655 1627 suae

1975 1631 2352 1703 ingeminant
2398 1653 2625 1706 casum,
2663 1645 2721 1696 et
2753 1641 2935 1698 sacris
2970 1646 3270 1706 cineribus
3303 1652 3654 1715 inhaerentes

1946 1720 2090 1776 -diei
2122 1727 2357 1778 noctem
2393 1727 2762 1784 continuant.

2043 1811 2332 1906 29.1-‘locte
2359 1814 2558 1906 itaque
2585 1819 2841 1888 quadam
2866 1820 3196 1892 quiescenti
3219 1830 3494 1906 episcopo
3529 1837 3646 1894 duo

1969 1897 2266 1955 terribiles
2287 1902 2580 1959 assistunt
2599 1906 2725 1974 viri,
2763 1907 2969 1965 habitu
2991 1897 3278 1985 praeclari,
3312 1897 3525 1980 canitie
3559 1941 3648 1980 re-

1968 1989 2236 2042 verendi:
2259 2007 2414 2046 unus
2438 1993 2756 2066 episcopali
2777 1995 3257 2068 schemate,alter
3284 2007 3465 2065 abbas
3495 2013 3650 2068 vide-

1969 2076 2164 2143 batur,
2200 2079 2301 2149 qui
2325 2083 2496 2152 quasi
2533 2083 2820 2139 rationem
2855 2103 2991 2144 cum
3025 2107 3092 2148 eo
3123 2110 3336 2164 ponere
3365 2099 3644 2159 videban-

1970 2169 2088 2232 tur,
2123 2182 2230 2220 cur
2260 2168 2308 2222 is
2343 2171 2608 2243 neglecta
2653 2174 2989 2232 animarum
3025 2181 3214 2238 salute
3246 2188 3468 2254 sanctis
3499 2190 3646 2246 locis

1970 2253 2247 2324 indignas
2299 2265 2664 2331 praeponeret
2715 2278 3017 2335 personas,
3053 2270 3154 2341 qui
3186 2270 3430 2332 luxuriae
3459 2284 3517 2333 et
3545 2295 3644 2334 vo-

1970 2340 2181 2412 luptati
2207 2360 2448 2416 operam
2473 2350 2700 2418 darent,
2725 2353 2783 2405 et
2813 2367 2947 2409 oves
2981 2340 3317 2418 Dominicas
3343 2366 3643 2422 morsibus

1969 2427 2246 2501 luporum
2269 2431 2582 2493 laniandas
2615 2439 2928 2512 eﬂ‘ugando
2959 2449 3537 2510 contraderent.Cum
3567 2455 3642 2511 ad

1969 2515 2092 2571 haec
2122 2517 2436 2592 episc0pus
2478 2523 2730 2580 reticens
2791 2526 2938 2584 nihil
2994 2536 3348 2604 respondere
3403 2539 3639 2611 valeret,

1969 2607 2399 2679 aggrediuntur
2419 2628 2552 2666 eum
2581 2613 2800 2685 flagris,
2825 2620 2882 2670 et
2911 2619 3334 2680 obscenissime
3363 2607 3640 2684 derelicto

1971 2695 2430 2772 abscedunt.Cuj
2443 2718 2511 2755 us
2541 2701 2901 2761 clamoribus
2933 2707 3140 2763 famuli
3166 2713 3401 2768 excitati
3423 2715 3640 2771 clamo-

1970 2783 2051 2840 ris
2074 2801 2284 2842 causas
2325 2786 2657 2861 inquirunt,
2687 2791 2895 2864 vixque
2925 2794 2998 2849 ab
3029 2811 3096 2852 eo
3129 2797 3503 2871 aliquatenus
3534 2820 3636 2860 co-

1969 2888 2248 2944 gnoscere
2283 2880 2635 2947 potuerunt:
2671 2880 2771 2935 sed
2805 2885 3035 2938 tantum
3068 2883 3222 2941 inter
3251 2888 3546 2961 singultus
3576 2894 3636 2946 et

1970 2963 2125 3017 anxii
2152 2965 2425 3020 tremoris
2451 2967 2721 3024 nutantia
2754 2969 2931 3026 verba
2952 2971 3256 3030 Evurtium
3287 2981 3346 3032 et
3367 2977 3632 3034 Maximi-

1971 3068 2114 3106 num
2148 3050 2586 3123 inclamabat,ct
2609 3058 2928 3115 monachos
2947 3061 3175 3119 diutius
3205 3063 3630 3137 ingeminabat.

1973 3137 2059 3194 llli
2080 3137 2474 3211 intelligentes
2497 3145 2757 3201 ascensis
2777 3148 2956 3219 ‘equis
2977 3152 3402 3208 monasterium
3424 3155 3629 3210 eadem

183 3227 526 3285 urbanitate
543 3228 902 3301 eloquiiejus
918 3225 1183 3282 animum
1202 3226 1311 3281 sibi
1331 3228 1642 3285 conciliare
1659 3231 1856 3304 ccepit,
1885 3214 1929 3282 C
1971 3226 2114 3284 hora
2135 3227 2362 3285 concito
2387 3248 2562 3287 cursu
2586 3239 2864 3306 expetunt
2879 3254 2892 3304 ;
2907 3238 3010 3293 sed
3024 3243 3342 3311 antequam
3355 3243 3628 3298 monachi

183 3317 538 3391 perlatoque
569 3318 698 3373 vino
730 3317 885 3372 inter
900 3315 1222 3372 bibendum
1243 3316 1314 3371 de
1332 3317 1456 3374 loco
1474 3319 1533 3374 S.
1556 3319 1858 3374 Maximini

182 3411 392 3464 motus
408 3411 496 3462 est
512 3405 982 3472 sermo.Quidam
1003 3405 1162 3460 enim
1179 3404 1483 3464 Wimarus
1507 3408 1853 3478 monachus,

181 3497 294 3554 sed
313 3501 372 3552 et
392 3497 515 3568 ipse
537 3496 866 3552 secundum
892 3493 1091 3550 saeculi
1119 3493 1462 3566 dignitatem
1482 3495 1677 3553 clarus
1697 3515 1856 3554 eum-

179 3587 326 3642 dem
385 3583 580 3641 locum
643 3584 954 3651 ambierat,
989 3589 1045 3639 et
1075 3584 1148 3640 ad
1182 3583 1377 3655 ipsum
1423 3585 1761 3641 Fredricum
1795 3604 1856 3642 se

179 3675 498 3731 conferens
555 3673 824 3730 eﬂ'ectum
885 3671 1164 3728 desiderii
1224 3671 1689 3744 praestolabatur.
1741 3675 1852 3730 Sed

177 3761 440 3820 consilio
463 3761 770 3818 Ermentei’
791 3762 990 3817 fratris
1023 3763 1136 3822 sui.
1161 3761 1467 3817 Fredricus
1499 3761 1554 3816 id
1588 3763 1851 3818 studium

179 3869 374 3910 causa
399 3851 661 3908 videlicet
690 3851 948 3906 Wimari
969 3849 1475 3922 derelinquens,ut
1506 3849 1617 3905 sibi
1650 3867 1856 3906 consu-

177 3941 338 3998 leret
370 3956 684 4013 aggressus
714 3945 823 4010 est,
858 3939 1202 4012 habensque
1235 3939 1554 3996 familiares
1592 3940 1848 4012 episcopi

180 4029 454 4086 fautores
476 4045 608 4084 eum
631 4029 777 4084 hora
797 4029 1056 4100 quajam
1080 4029 1302 4084 dictum
1327 4033 1434 4096 est,
1469 4028 1635 4094 adiit,
1665 4034 1723 4084 ct
1756 4029 1850 4084 da-

179 4119 414 4176 tionem
469 4117 724 4189 przedicti
779 4115 889 4172 loci
937 4119 1107 4190 quasi
1143 4117 1551 4190 imaginariam
1583 4116 1693 4174 sibi
1727 4118 1848 4173 fieri

177 4207 457 4266 extorsit.
489 4206 569 4262 Ne
599 4207 743 4262 forte
788 4205 965 4263 etiam
1015 4209 1326 4280 cpiscopus
1377 4207 1717 4279 poenitentia
1749 4209 1849 4262 du-

177 4303 324 4353 ctus
379 4295 438 4350 id
491 4311 701 4368 negare
755 4301 1156 4368 praesumeret,
1193 4295 1466 4351 baculum
1513 4296 1640 4366 ejus
1694 4295 1846 4352 furto

176 4389 518 4458 asportant,
547 4390 604 4441 et
643 4385 976 4442 donationis
1035 4385 1288 4441 indicem
1319 4385 1377 4439 in
1410 4385 1733 4441 crastinum
1767 4403 1848 4441 re-

175 4479 446 4534 servant.
469 4473 660 4529 Altero
683 4479 880 4530 autem
903 4474 996 4530 die
1017 4473 1394 4545 consurgenti
1425 4473 1694 4545 episcopo
1717 4476 1843 4530 ofﬁ-

175 4562 560 4622 ciosissimus
591 4563 756 4618 adest
803 4563 1109 4618 Fredricus
1141 4580 1242 4635 pro
1274 4561 1499 4618 collatis
1530 4567 1723 4634 grates
1754 4580 1840 4619 re-
1874 4585 1923 4652 D

180 4653 482 4730 pendens,
517 4651 769 4724 denique
821 4656 1028 4708 testem
1081 4651 1356 4706 baculum
1399 4658 1841 4724 repraesentans.

175 4743 490 4801 Confusus
521 4741 851 4813 episcopus,
885 4745 942 4795 ct
995 4741 1133 4812 quid
1198 4741 1395 4796 fecerit
1452 4741 1710 4813 ignarus,
1741 4743 1841 4798 sed

175 4832 568 4890 factiosorum
640 4829 1028 4886 unanimitate
1060 4831 1378 4899 convictus,
1414 4831 1611 4886 volens
1642 4832 1844 4888 nolens

174 4931 388 4978 tamen
411 4919 724 4975 consentit.
757 4919 828 4974 Et
859 4919 999 4991 quia
1030 4921 1107 4976 rei
1141 4921 1447 4976 familiaris
1481 4937 1614 4974 eum
1647 4921 1844 4993 inopia

179 5011 549 5085 perurgeret,
583 5007 792 5080 dapsili
825 5009 1084 5065 convivio
1116 5011 1366 5064 donatus
1400 5010 1714 5079 lirmajanx
1748 5028 1844 5065 au-

177 5098 460 5156 ctoritate
518 5099 786 5154 Fredrico
835 5103 1032 5171 optata
1089 5097 1402 5153 consensit.
1436 5100 1558 5163 Quo
1609 5099 1680 5152 ad
1729 5099 1844 5154 Mo-

179 5183 516 5242 nasterium
567 5187 834 5240 veniente
895 5183 1189 5240 Wlmarus
1247 5201 1380 5238 cum
1439 5183 1681 5256 reliquis
1736 5187 1844 5240 l'ra-

176 5274 382 5330 tribus
449 5273 645 5328 aditus
722 5271 1057 5328 monasterii
1133 5269 1433 5338 claudunt,
1493 5277 1549 5327 et
1603 5273 1840 5329 venien-

181 5371 307 5421 tem
371 5362 587 5417 intrare
644 5377 760 5416 non
811 5361 1030 5416 sinunt.
1096 5360 1295 5432 Itaque
1371 5377 1504 5415 cum
1579 5361 1842 5434 indigna-

183 5454 350 5509 tione
407 5452 478 5506 ad
533 5450 870 5522 episcopum
929 5465 1212 5518 reversus,
1248 5466 1381 5504 eum
1433 5451 1503 5504 ad
1555 5456 1840 5506 monaste-

1969 3318 2433 3389 pcraccedercnt,
2468 3320 2778 3395 cpiscopus
2823 3341 2998 3381 carne
3031 3326 3260 3384 solutus
3285 3334 3394 3386 est.
3428 3331 3540 3387 Sed
3571 3337 3628 3389 et

1968 3406 2094 3478 ipse
2113 3407 2425 3478 Fredricus
2474 3427 2590 3465 non
2615 3411 2672 3466 in
2698 3411 2942 3486 longum
2972 3414 3204 3474 laetatus
3235 3421 3324 3474 est
3355 3435 3367 3473 :
3402 3436 3540 3476 nam
3569 3425 3628 3478 et

1966 3494 2093 3566 ipse
2121 3496 2484 3554 validissimo
2517 3505 2786 3572 arreptus
2818 3501 3213 3574 incommodo,
3230 3507 3302 3562 de
3331 3524 3398 3564 eo
3429 3507 3488 3563 in
3507 3526 3624 3581 quo

1967 3585 2366 3653 incumbebat,
2399 3587 2668 3644 exsilibat
2721 3595 2909 3646 strata
2969 3593 3027 3648 S.
3073 3593 3455 3650 Maximinum
3509 3615 3624 3654 non

1964 3675 2266 3729 sustinens
2283 3675 2749 3732 insistentem.ln
2773 3677 2866 3733 his
2887 3696 3024 3752 ergo
3043 3681 3400 3738 clamoribus
3421 3683 3626 3740 imma-
3687 3674 3705 3688 ’

1961 3765 2093 3816 tura
2124 3767 2456 3832 praeventus
2488 3769 2675 3819 morte
2708 3782 2842 3820 cum
2876 3767 3198 3824 multorum
3229 3769 3426 3826 dolore
3458 3772 3624 3844 spiri-

1960 3855 2087 3905 tum
2121 3849 2428 3906 exhalavit.

2601 3941 2833 3998 CAPUT
2875 3943 2966 3998 1V.

2188 4034 2262 4085 De
2292 4029 2508 4086 Letaldo
2537 4029 2727 4087 abbate
2754 4040 2806 4087 et
2831 4033 2948 4104 (jus
2973 4035 3388 4092 successoribus.

2027 4119 2436 4192 2l.liisitaque
2455 4119 2648 4174 taliter
2661 4118 3143 4192 multatis,defuit
3159 4124 3259 4196 qui
3273 4129 3614 4198 cotempore

1959 4211 2158 4263 contra
2161 4210 2264 4280 jus
2279 4210 2703 4264 monasterium
2718 4208 2911 4266 locum
2926 4211 3326 4284 supradictum
3343 4215 3612 4284 ambiret;

1957 4297 2058 4353 sed
2072 4297 2282 4352 reversi
2303 4298 2520 4370 quique
2535 4299 3084 4374 adispcrsione,qua
3094 4302 3344 4374 dispersi
3361 4303 3610 4371 fuerant,

1956 4385 2148 4441 locum
2181 4386 2489 4458 recipiunt,
2524 4389 2799 4460 profanos
2830 4394 2887 4446 et
2917 4391 3261 4447 temerarios
3311 4389 3612 4448 invasores

1955 4475 2156 4548 procul
2178 4475 2490 4546 expellunt,
2508 4482 2684 4548 atque
2704 4495 2735 4534 e
2757 4479 2881 4534 suis
2913 4494 3097 4534 unum
3128 4478 3353 4550 eligunt
3376 4480 3611 4536 nomine

1957 4562 2260 4619 Letaldum
2284 4565 2470 4620 virum
2499 4567 2838 4635 nobilem,et
2862 4567 3186 4623 secundum
3210 4567 3266 4620 id
3299 4572 3530 4639 tempus
3549 4569 3608 4624 in

1956 4651 2159 4708 multis
2185 4653 2874 4726 solertem,abbalcmque
2895 4654 3282 4710 constituunt.
3303 4656 3380 4711 Eo
3411 4661 3608 4712 autem

1953 4747 2214 4814 tempore
2264 4742 2354 4796 vix
2399 4742 2577 4814 aliqui
2613 4743 3032 4798 monachorum
3067 4743 3306 4798 inveniri
3342 4749 3609 4816 poterant

1953 4830 2053 4903 qui
2077 4831 2401 4886 secundum
2433 4830 2759 4903 regularem
2793 4831 3046 4886 viverent
3075 4831 3456 4887 sanctionem.
3479 4832 3606 4888 Flo-

1954 4920 2071 4974 ruit
2103 4925 2295 4974 autem
2342 4937 2408 4975 eo
2469 4926 2725 4992 tempore
2783 4921 2904 4975 Odo
2963 4919 3200 4976 omnino
3258 4921 3605 4978 venerabilis

1952 5010 2132 5064 abbas
2164 5027 2266 5081 per
2291 5026 2465 5079 quem
2497 5010 2636 5063 orrlo
2667 5009 3026 5063 monastieus
3073 5009 3328 5066 rediviva
3357 5011 3477 5066 vice
3510 5029 3603 5067 rc-

1951 5116 2189 5171 surgcre
2216 5103 2440 5167 cceptus
2465 5103 2571 5150 est.
2592 5097 2720 5151 Fuit
2745 5097 2898 5150 enini
2923 5097 3010 5152 vir
3042 5098 3304 5154 moribus
3335 5101 3602 5171 egregius

1951 5187 2181 5242 ctomni
2206 5185 2496 5254 sapientia
2527 5186 2866 5251 adornatus,
2887 5185 2987 5258 qui
3019 5191 3075 5241 et
3105 5187 3389 5258 plurimos
3419 5188 3603 5244 edidit

1951 5274 2216 5340 libros,in
2249 5273 2463 5344 quibus
2493 5273 2773 5328 studiosis
2799 5279 2856 5328 et
2885 5274 3020 5329 boni
3052 5275 3283 5348 cupidis
3312 5277 3600 5333 viventem

1949 5363 2039 5419 sui
2055 5361 2363 5432 dereliquit
2377 5361 2713 5434 imaginem;
2729 5363 2868 5434 quia
2880 5365 2966 5418 vir
2976 5369 3216 5420 sanctus
3229 5381 3599 5438 nequaquam

1950 5451 2118 5506 aliter
2149 5449 2336 5522 potuit
2367 5450 2572 5506 docere
2603 5467 2781 5522 quam
2812 5450 2973 5506 vixit.

261 5571 309 5637 (l
329 5567 376 5650 1‘).
407 5567 622 5650 Agium‘
651 5567 849 5650 sedere
881 5565 1128 5650 cmpisse
1158 5584 1311 5650 anno
1343 5567 1447 5622 843
1475 5573 1670 5624 censet
1703 5567 1944 5626 Carolus
1977 5568 2302 5650 Sausseyus
2334 5567 2393 5623 in
2425 5564 2526 5622 lib.
2558 5583 2615 5622 v1
2645 5566 2855 5625 Annal.
2886 5567 3220 5646 Aurel.,qui
3249 5570 3594 5631 Anselmum

189 5641 237 5718 1,
271 5637 516 5701 collocat
545 5638 695 5695 inter
721 5639 932 5716 Agium
963 5637 1017 5694 et
1045 5637 1392 5699 Walterum.
