4066 6172
409 247 528 308 807

1473 236 1811 301 LETALDI
1856 230 2352 296 MICIACENSIS
2399 229 2772 295 MONACHI.

3631 186 3637 190 ’
3733 233 3842 294 sua

482 383 573 436 22.
608 379 760 435 Sane
807 383 938 451 post
985 375 1365 432 Trohannum
1411 374 1594 428 Berno
1627 369 1929 440 successit,
1962 367 2064 439 qui
2091 367 2148 436 Α
2178 372 2296 422 tem
2329 369 2576 421 fratrum
2601 366 2700 438 qui
2723 367 2868 421 inibi
2901 370 3327 433 remanserant,
3363 381 3470 437 per
3497 366 3842 422 ministrum

415 470 675 527 moriens
733 466 1011 523 Anselmo
1061 466 1172 537 (12)
1221 463 1629 536 pontiﬁcatum
1670 458 1925 530 reliquit,
1958 471 2073 529 quo

414 559 728 616 decedente
750 553 1142 612 Theodericus
1167 553 1255 608 vir
1278 549 1610 606 industrius
1633 547 1937 613 successit,
1971 544 2071 617 qui

415 651 471 705 et
492 657 731 719 corpore
754 643 1212 702 venustissimus
1225 643 1473 714 juventa
1493 639 1704 704 alacer,
1716 639 1883 693 vivax
1903 637 2070 708 inge-

412 736 597 802 nio,et
629 735 898 791 moribus
929 734 1044 788 fuit
1075 729 1565 801 suavis.Contigit
1596 733 1788 783 autem
1822 725 2071 780 obeunte

411 823 652 880 Lctaldo
685 824 901 879 abbate
941 822 1137 877 locum
1169 820 1360 876 Patris
1390 816 1692 874 Maximini
1723 817 1781 870 in
1815 811 2070 885 episcopi

409 913 752 968 Theoderici
789 910 1116 967 dominium
1152 909 1442 964 devenire,
1477 909 1656 973 Quem
1714 903 1907 958 locum
1940 918 2066 973 spe-

411 1001 544 1058 ciali
575 1001 778 1056 dilexit
809 1004 1092 1065 amore,et
1123 998 1234 1052 nisi
1262 997 1375 1052 heu
1405 997 1416 1050 l
1453 994 1598 1068 proh
1629 993 1826 1048 dolor!
1861 993 2067 1046 imma-

412 1095 548 1147 tura
594 1094 781 1145 morte
842 1092 1172 1160 praeventus
1230 1088 1395 1152 foret,
1433 1082 1786 1140 omnimodis
1841 1097 1974 1135 eum
2007 1080 2067 1134 in

413 1182 634 1237 statum
667 1178 930 1250 pristinas
960 1174 1265 1248 dignitatis
1296 1173 1697 1230 revocavisset.
1713 1171 1822 1224 Vix
1851 1168 2066 1225 etenim

413 1273 666 1340 quatuor
687 1265 859 1324 annis
881 1265 1223 1337 pontiﬁcatu
1239 1262 1685 1336 potitus.sedem
1697 1259 2069 1330 episcopatus

410 1355 777 1416 Ermenthao
823 1353 1158 1425 dereliquit.
1195 1351 1668 1407 Procurationem
1699 1364 1832 1404 vero
1863 1345 2067 1402 Micia—

411 1443 738 1503 censisloci
773 1443 1016 1516 quidam
1053 1441 1386 1497 Rothardus
1417 1437 1889 1500 administrabat,
1919 1434 2070 1490 inter

411 1551 586 1610 quem
619 1539 677 1590 et
702 1531 1080 1588 Benedictum
1113 1529 1368 1602 episc0pi
1400 1524 1748 1584 Ermenthzei
1791 1523 2066 1598 praeposi-

411 1631 538 1682 tum
562 1625 632 1680 de
651 1621 778 1678 loco
800 1622 1001 1676 eodem
1023 1617 1320 1675 altercatio
1344 1615 1584 1690 grandis
1613 1621 1830 1682 exorta,
1851 1615 1963 1668 isto
1985 1611 2069 1667 in-

408 1715 617 1770 vadere
635 1711 925 1785 cupiente,
941 1709 1122 1764 altero
1147 1708 1472 1772 resistente,
1489 1705 1759 1760 eumdem
1776 1703 1969 1758 locum
1994 1701 2064 1756 ad
2097 1736 2145 1800 Β

407 1803 677 1859 ultimam
703 1815 893 1870 usque
925 1797 1313 1868 dejectionem
1338 1792 1822 1867 prostravit.Cum
1844 1791 2062 1846 etenim

407 1891 677 1948 homines
691 1889 798 1943 loci
814 1885 1172 1942 szeculariter
1189 1880 1854 1950 viverent,insimulandi
1871 1879 2060 1935 locum

407 1979 718 2036 Benedicto
751 1975 1058 2032 dederunt.
1079 1973 1294 2028 Verum
1328 1971 1732 2026 Ermenthaaus
1751 1969 2061 2040 episcopus

407 2065 762 2124 immodicus
783 2064 964 2119 animi
988 2068 1046 2118 ot
1068 2061 1317 2116 nimium
1340 2077 1406 2116 eo
1427 2065 1689 2132 tempore
1721 2057 1916 2114 saeculi
1942 2059 2064 2114 fau-

406 2162 520 2226 tor,
549 2153 1022 2211 insimulationes
1071 2155 1275 2206 contra
1312 2151 1520 2205 fratres
1551 2148 1786 2204 habitas
1817 2147 2065 2201 libenter

329 2305 344 2322 ε
408 2245 676 2312 audiens,
707 2259 910 2299 eorum
942 2240 1345 2298 contentiones
1375 2236 1853 2305 dissimulavit,et
1885 2240 2061 2290 certa-

410 2335 589 2390 minis
602 2348 804 2388 eorum
820 2329 1068 2386 callidus
1081 2327 1506 2400 contemplator
1525 2325 1773 2382 accessit
1795 2341 2058 2392 securus,

409 2421 548 2496 quia
577 2421 756 2493 hujus
785 2417 1190 2474 controversias
1222 2417 1335 2472 sibi
1377 2417 1772 2472 concresceret
1806 2412 2058 2468 lucrum.

409 2515 533 2579 Qua
559 2512 633 2566 de
664 2527 724 2564 re
739 2513 936 2563 actum
955 2511 1125 2562 estut
1143 2505 1477 2561 Rothardus
1507 2521 1622 2559 non
1646 2503 1944 2558 sustinens
1965 2502 2064 2558 Be-

409 2599 626 2656 nedicti
646 2595 975 2654 calumnias
995 2595 1309 2660 cederet,ct
1325 2593 1776 2666 quibuscunque
1793 2590 2062 2664 pretiosis

409 2690 584 2746 rebus
615 2685 832 2744 coactis
864 2684 936 2740 ad
969 2684 1241 2740 abbatem
1299 2683 1615 2755 quemdam
1673 2681 1804 2753 pagi
1847 2680 2059 2736 Bituri-

408 2777 606 2834 censis
632 2775 867 2831 nomine
917 2773 1316 2828 Baimundum
1348 2787 1410 2826 se
1439 2771 1745 2838 conferret,
1776 2770 2060 2824 damnum

408 2866 733 2924 maximum
783 2863 910 2919 loco
967 2862 1066 2918 isti
1127 2861 1302 2916 rebus
1341 2859 1552 2916 ablatis
1579 2859 1904 2926 conferens,
1934 2864 2060 2914 tum

408 2955 664 3012 maxime
695 2953 846 3025 quod
882 2954 1167 3023 praecepta
1197 2966 1401 3022 regum
1435 2949 1809 3020 antiquorum
1843 2964 1968 3020 qua:
1991 2948 2063 3004 de

409 3045 586 3101 rebus
616 3042 880 3114 ejusdem
913 3039 1022 3094 loci
1054 3039 1334 3094 muniﬁca
1365 3044 1423 3093 et
1444 3037 1871 3109 pretiosissima
1893 3036 2066 3093 habe-

409 3133 646 3198 bantur,
681 3145 881 3186 secum
915 3127 1258 3200 asportavit.

477 3221 570 3275 23.
605 3219 780 3274 Porro
813 3216 1165 3272 Benedictus
1196 3231 1262 3270 eo
1291 3215 1593 3270 recedente
1652 3215 1819 3286 quasi
1868 3215 1928 3270 in
1973 3215 2068 3270 de-

412 3308 665 3366 solatum
695 3306 890 3361 locum
916 3320 1043 3360 sese
1077 3303 1377 3371 infudit,et
1407 3303 1666 3358 habenas
1697 3320 1815 3358 suae
1846 3303 2066 3375 cupidi-

414 3399 553 3454 tatis
591 3396 764 3469 longe
811 3393 1043 3466 lateque
1099 3391 1375 3464 porrexit,
1402 3397 1458 3448 et
1489 3409 1624 3447 cum
1655 3393 1814 3447 omni
1847 3392 2068 3449 familia

412 3488 603 3544 eidem
637 3501 697 3541 se
718 3483 844 3540 loco
867 3483 1139 3556 ingerens
1158 3487 1362 3554 suapte
1386 3481 1573 3536 vivere
1603 3483 1794 3554 cmpit.
1828 3483 1973 3538 Nam
2005 3483 2065 3538 in

413 3574 691 3632 domibus
722 3573 967 3628 fratrum
1001 3569 1232 3627 stabula
1263 3569 1568 3625 constituit
1597 3585 1904 3642 equorum,
1929 3571 2066 3626 hinc

412 3665 581 3721 sedes
613 3661 980 3734 accipitrum,
1009 3660 1146 3715 hinc
1168 3659 1464 3731 pastiones
1496 3675 1731 3727 canum,
1763 3658 1898 3714 hinc
1929 3675 2064 3714 cum

411 3758 578 3811 scuto
613 3757 670 3808 et
698 3749 928 3823 virgula
958 3748 1239 3804 ludebant
1261 3749 1528 3818 juvenes,
1563 3747 1936 3822 hinc’arguto
1968 3764 2064 3820 pc-

411 3843 567 3900 ctine
588 3839 984 3914 personabant
1003 3835 1442 3904 textrices,hinc
1473 3841 1790 3892 conventus
1821 3837 2064 3892 smeula-

412 3931 590 4000 rium,
609 3929 747 3984 hinc
769 3927 1008 3982 domina
1028 3925 1243 3998 populo
1275 3925 1694 3998 disprocedens
1726 3925 1943 3997 stipata
1971 3941 2066 3980 cu-

413 4020 540 4075 neis
571 4016 1076 4089 pedissequarum.
1113 4013 1253 4080 Quis
1283 4013 1704 4069 monachorum
1762 4012 1918 4068 inter
1945 4013 2064 4068 haec

412 4104 674 4162 viveret?
697 4103 830 4176 quis
860 4103 969 4158 hoc
999 4102 1458 4176 ignominiosum
1491 4102 1745 4157 dedecus
1777 4103 2066 4159 sustinere

413 4191 676 4252 valeret?
705 4191 1056 4247 Benedictus
1086 4191 1304 4246 interea
1326 4207 1502 4263 super
1523 4190 1758 4264 Ligeriti
1779 4192 1852 4260 (le
1868 4193 2066 4261 Loirct)

415 4283 680 4340 ﬂuminis
711 4297 873 4337 oram
907 4281 1148 4336 domum
1183 4280 1506 4347 constituit,
1541 4297 1716 4352 quam
1746 4297 1940 4336 casam
1966 4282 2068 4337 Mi-

414 4373 657 4430 randem
699 4369 942 4437 vocavit,
976 4374 1042 4424 ut
1073 4385 1178 4423 nec
1207 4367 1318 4439 ipsi
1350 4369 1573 4424 reditus
1603 4369 1855 4441 piscium
1887 4369 2065 4427 libere

2181 454 2474 511 Benedicti
2496 453 2667 526 panis
2689 455 2938 510 dabatur
2958 453 3204 528 exiguus
3223 459 3282 510 et
3303 452 3576 527 pugillus
3599 453 3843 525 legumi-

2179 543 2430 611 nis,raro
2449 543 2674 612 vinum,
2700 549 2756 599 et
2777 544 3012 616 quando
3034 544 3092 599 id
3119 544 3380 600 dabatur
3399 558 3518 598 non
3541 541 3846 598 luxuriosa

2179 633 2434 688 dabatur
2461 649 2760 688 mensura.
2793 631 2948 688 Nihil
2979 631 3135 689 enim
3167 632 3504 689 ofﬁciorum
3537 631 3844 687 monachis

2179 723 2650 793 promittebatur,
2685 723 2785 778 sed
2819 739 3063 794 quaeque
3092 722 3322 795 agenda
3353 721 3548 779 forent
3581 721 3842 777 ministe-

2179 809 2356 865 riales
2387 809 2680 864 Benedicti
2716 809 2914 864 omnia
2946 809 3361 881 procurabant.

2249 901 2337 953 24.
2373 900 2449 953 Eo
2473 903 2670 953 autem
2696 902 2955 970 tempore
2985 899 3226 953 florebat
3256 896 3407 951 inibi
3439 897 3529 950 vir
3556 895 3843 950 venerabi-

2177 987 2249 1042 lis
2273 987 2679 1043 Gaudebertus
2713 988 2948 1042 neruine
2978 985 3324 1042 sacerdotali
3359 984 3608 1057 quidem
3629 985 3844 1056 pra-ful-

2175 1094 2321 1150 gens
2343 1076 2662 1145 schemate,
2685 1077 2879 1132 clarus
2901 1077 3236 1149 genere,sed
3268 1073 3491 1130 clarior
3523 1073 3843 1146 spirituali-

2177 1167 2291 1222 bus
2311 1169 2436 1221 erat
2456 1165 2664 1232 rebus;
2687 1163 3056 1238 habebatque
3087 1165 3330 1220 fratrem
3355 1162 3630 1236 junioris
3661 1163 3841 1218 adhuc

2175 1245 2364 1310 aetatis
2387 1254 2726 1310 Bernerium
2751 1253 3114 1326 nomine,qui
3131 1253 3332 1324 etipse
3349 1253 3748 1324 postmodum
3767 1252 3843 1306 vir

2177 1343 2454 1416 egregius
2477 1342 2668 1398 factus
2687 1345 2794 1409 est,
2819 1342 2921 1413 qui
2945 1340 3239 1398 communi
3261 1339 3515 1396 utilitati
3539 1339 3696 1395 nihil
3721 1358 3841 1412 pm

2177 1433 2520 1506 ponendum
2553 1429 2870 1503 aliquando
2902 1431 3242 1503 putavisset.
3277 1429 3350 1484 Hi
3384 1445 3525 1504 ergo
3561 1429 3702 1484 cum
3735 1428 3842 1502 qui-

2174 1521 2427 1578 busdam
2459 1520 2592 1576 aliis
2633 1519 2782 1576 hanc
2815 1520 3086 1575 miseram
3133 1519 3483 1574 servitutem
3534 1523 3831 1590 gementes

2175 1610 2320 1665 inibi
2345 1609 2697 1664 residebant.
2711 1607 2884 1664 Porro
2907 1624 2974 1664 ea
3002 1609 3352 1679 tempestate
3384 1607 3642 1678 quidam
3674 1622 3832 1660 vene-

2176 1699 2378 1756 rabilis
2400 1699 2710 1771 episcopus
2730 1699 2964 1754 nomine
2987 1697 3340 1752 Benedictus
3363 1713 3398 1751 a
3421 1695 3730 1752 Britannis
3749 1696 3833 1750 ad-

2172 1789 2432 1855 veniens,
2455 1787 2648 1842 locum
2680 1787 2834 1842 hunc
2865 1787 2936 1842 de
2965 1803 3080 1858 quo
3113 1785 3282 1842 nobis
3317 1802 3520 1842 sermo
3554 1791 3670 1851 est,
3693 1787 3832 1840 datis

2171 1876 2414 1950 triginta
2463 1875 2838 1932 denariorum
2888 1875 3052 1930 libris
3084 1876 3156 1931 ab
3186 1876 3468 1948 episcopo
3513 1878 3685 1932 emit.
3719 1877 3832 1932 Fuit

2171 1971 2370 2022 autem
2393 1965 2546 2021 idem
2570 1970 2811 2021 sanctus
2833 1966 3142 2038 episcopus
3173 1965 3340 2020 omni
3371 1966 3576 2038 gratia
3607 1967 3832 2021 adorna-

2172 2060 2270 2110 tus
2289 2071 2499 2128 genere
2537 2053 2966 2122 nobilissimus,
2999 2059 3226 2109 statura
3253 2071 3571 2126 procerus,
3609 2071 3830 2128 corpore

2171 2144 2346 2211 sicco,
2366 2143 2644 2200 omnibus
2666 2143 2908 2216 spiritus
2931 2143 3099 2199 bonis
3123 2143 3560 2213 intentus,tum
3596 2146 3828 2199 maxime

2170 2233 2418 2290 orationi
2461 2232 2763 2302 assiduus,
2783 2229 3049 2306 synaxim
3079 2232 3423 2290 Davidicam
3455 2239 3610 2306 quot
3641 2233 3826 2290 diebus

2171 2321 2528 2396 persolvens,
2570 2326 2698 2376 tum
2729 2321 2937 2377 deinde
2967 2323 3176 2378 stando
3205 2322 3604 2396 Evangelium
3635 2341 3823 2380 secun-

2169 2412 2311 2466 dum
2343 2411 2629 2469 Joannem
2661 2411 2864 2467 ordine
2911 2412 3251 2468 memoriter
3280 2413 3570 2470 recitans.
3610 2414 3710 2469 llic
3739 2413 3823 2468 ha-

2170 2500 2298 2556 buit
2320 2499 2676 2556 avunculum
2699 2500 2934 2557 nomine
2956 2501 3434 2570 Gradilonem,de
3457 2520 3584 2575 quo
3603 2503 3820 2575 dignam

2171 2587 2476 2645 historiam
2503 2589 2576 2646 ad
2603 2605 2710 2646 nos
2734 2605 2919 2662 usque
2952 2588 3233 2662 perlatam
3268 2607 3386 2646 non
3419 2592 3535 2648 abs
3566 2609 3629 2648 re
3657 2591 3823 2647 credi-

2171 2694 2305 2734 mus
2334 2693 2654 2751 parumper
2680 2693 2966 2750 suspenso
2996 2679 3289 2736 sermonis
3319 2681 3618 2752 propositi
3639 2680 3822 2738 ordine

2171 2766 2306 2822 huic
2337 2767 2499 2840 operi
2531 2767 2924 2824 inserendam.

2238 2857 2330 2910 25.
2351 2855 2499 2912 Cum
2531 2855 2688 2912 enim
2717 2855 2813 2912 hic
2844 2856 3295 2928 potentissimus
3327 2859 3646 2914 Britonum
3674 2859 3817 2925 foret,

2172 2945 2392 3002 relictis
2416 2945 2610 3002 saeculi
2632 2947 2864 3018 pompis
2886 2947 2956 3003 ad
2982 2952 3389 3005 monasterum
3425 2951 3526 3006 cui
3563 2950 3694 3006 Heri
3723 2949 3820 3020 (13)

2173 3033 2370 3090 insula
2389 3052 2600 3091 nomen
2624 3036 2928 3109 est,gratia
2958 3039 3420 3093 conversationis
3449 3039 3635 3095 venit.
3665 3038 3818 3094 Cum-

2175 3140 2288 3196 que
2311 3124 2511 3180 devote
2532 3129 2844 3197 susceptus
2865 3131 3038 3196 esset,
3055 3131 3112 3182 et
3131 3126 3259 3199 ipse
3290 3127 3676 3185 devotissime
3702 3143 3818 3182 con-

2173 3214 2602 3282 versaretur,ob
2625 3215 2882 3286 corporis
2904 3213 3374 3272 imbecillitatem
3387 3223 3622 3273 semote
3633 3218 3816 3289 jussus

2174 3309 2265 3359 est
2289 3303 2572 3358 habitare.
2607 3303 2781 3360 Porro
2841 3304 3014 3360 amici
3065 3305 3193 3376 ejus
3221 3306 3326 3377 qui
3360 3305 3502 3361 olim
3537 3307 3598 3361 in
3629 3303 3814 3362 saeculo

2175 3409 2309 3448 eum
2343 3391 2682 3460 dilexerant,
2720 3393 2908 3449 multa
2963 3409 3209 3449 munera
3250 3395 3302 3450 ei
3336 3395 3680 3463 mittebant,
3709 3410 3812 3466 qua:

2173 3481 2299 3556 ipse
2321 3482 2600 3538 fratribus
2621 3483 2678 3536 in
2706 3483 3062 3538 monasterio
3083 3483 3294 3556 positis
3329 3484 3584 3557 pulchre
3605 3487 3811 3558 dispen-

2174 3573 2361 3628 sanda
2381 3573 2644 3628 curabat.
2671 3572 2899 3628 Fratres
2920 3577 3116 3628 autem
3138 3578 3418 3645 putantes
3450 3591 3594 3630 eum
3625 3573 3811 3630 multas

2175 3660 2388 3716 habere
2419 3661 2724 3734 pecunias,
2757 3665 2822 3716 ut
2879 3660 3056 3716 citius
3111 3666 3322 3717 cuneta
3381 3663 3498 3718 sibi
3565 3663 3809 3720 relicturo

2173 3749 2379 3822 grandi
2442 3749 2728 3822 parebant
2785 3750 3087 3822 obsequio,
3122 3749 3264 3806 nihil
3315 3752 3689 3809 necessitatis
3714 3767 3806 3806 non

2175 3837 2578 3912 supplebatur,
2600 3838 2700 3894 sed
2732 3845 2944 3895 cuncta
2965 3840 3037 3894 ad
3069 3843 3268 3896 votum
3299 3847 3518 3913 praesto
3551 3845 3727 3898 erant.
3751 3842 3808 3893 At

2171 3944 2308 3984 vero
2355 3945 2421 3983 eo
2471 3927 2696 3983 diutius
2745 3933 2953 4000 praeter
2995 3944 3161 4001 spem
3191 3928 3444 3999 vivente,
3468 3936 3530 3986 et
3558 3929 3808 4004 missione

2175 4015 2562 4089 pecuniarum
2594 4015 2916 4082 deﬁciente,
2970 4033 3089 4072 una
3117 4033 3352 4089 quoque
3383 4019 3636 4075 deﬁcere
3663 4016 3807 4088 erepit

2174 4105 2422 4160 fratrum
2447 4104 2750 4170 sedulitas,
2775 4111 2831 4160 et
2853 4106 3159 4178 frigescere
3180 4107 3360 4178 cmpit
3389 4106 3492 4163 illa
3522 4105 3808 4180 pecuniosa

2175 4193 2452 4251 charitas.
2486 4193 2649 4260 Quod
2700 4193 2798 4250 ille
2846 4194 2943 4250 ubi
3003 4195 3442 4264 animadvertit,
3492 4191 3803 4268 bujusmodi

2174 4289 2506 4340 commento
2529 4284 2811 4340 adversus
2833 4283 3096 4339 crudeles
3117 4301 3262 4340 usus
3299 4289 3410 4340 est.
3447 4286 3690 4340 Evocato
3714 4280 3803 4337 sibi

2174 4373 2528 4430 familiarius
2551 4372 2868 4428 inhaerente
2901 4373 3076 4427 fratre
3101 4390 3114 4440 ;
3129 4373 3316 4445 jussit
3340 4390 3584 4430 arenam
3617 4375 3804 4428 secreto

414 4458 696 4518 fratribus
719 4457 1093 4514 deservirent.
1121 4459 1190 4512 Et
1209 4457 1348 4528 quia
1367 4457 1678 4530 episcopus
1699 4464 1908 4515 cuncta
1939 4461 2066 4532 ejus
2097 4471 2146 4537 Β
2177 4463 2288 4519 sibi
2312 4462 2520 4518 deferri
2535 4466 2592 4516 et
2602 4460 2859 4534 glareas:
2885 4461 3100 4534 quibus
3121 4461 3449 4518 allatisduo
3471 4463 3683 4518 scrinia
3700 4474 3802 4530 qua:

415 4550 658 4608 consilio
679 4547 1010 4621 peragebat,
1027 4547 1126 4602 dat
1155 4545 1204 4600 ei
1231 4545 1452 4602 invisus
1475 4547 1590 4602 Deo
1613 4547 2068 4621 consilium,quo

417 4639 632 4713 praedia
664 4653 871 4708 resque
903 4637 1070 4692 beato
1105 4635 1256 4690 Patri
1304 4635 1618 4690 Maximino
1647 4653 1682 4690 a
1711 4636 1948 4709 regibus
1976 4639 2064 4694 vel

415 4729 594 4785 etiam
625 4727 1076 4799 quibuscuuque
1107 4723 1379 4778 ﬁdelibus
1413 4741 1514 4794 pro
1549 4725 1803 4779 remedio
1835 4727 2064 4782 anima-

417 4835 549 4874 rum
581 4831 822 4871 suarum
855 4813 1067 4870 collata
1100 4811 1386 4868 militibus
1446 4813 1570 4867 suis
1620 4814 1934 4884 partiretur
1964 4832 2066 4887 pro

419 4905 604 4960 libito.
627 4903 792 4969 Quod
825 4906 883 4956 et
913 4904 1130 4956 factum
1155 4906 1265 4968 est,
1291 4901 1634 4972 primusque
1667 4900 1790 4972 ipse
1821 4919 2067 4974 quaeque

420 4994 643 5067 potiora
676 5007 1057 5064 praesumens,
1086 4988 1479 5056 Litimiacum,
1511 5007 1685 5060 quem
1710 5008 1807 5046 rex
1830 4991 2069 5047 Chlodo-

416 5101 560 5139 veus
579 5081 730 5138 Patri
764 5079 1079 5134 Maximino
1101 5078 1585 5147 indulserat,cum
1603 5078 1828 5134 cunctis
1846 5081 1914 5134 ad
1935 5097 2070 5136 eum

420 5169 870 5245 respicientibus
892 5168 1004 5224 sibi
1027 5167 1281 5222 vindicat
1299 5186 1310 5236 ;
1330 5167 1539 5224 dehinc
1571 5185 1672 5240 per
1693 5167 1948 5242 reliquos
1979 5188 2070 5227 sa-

419 5261 673 5318 tellitum
696 5257 1046 5332 praediorum
1070 5257 1221 5313 facta
1241 5257 1526 5314 divisione
1541 5259 1612 5313 de
1625 5257 1769 5329 ipsis
1783 5257 2068 5331 reliquiis,

421 5350 566 5406 nihil
599 5348 807 5421 reliqui
841 5345 1146 5402 monachis
1178 5346 1446 5402 relictum
1477 5351 1586 5403 est.
1622 5346 1945 5420 Unicuique
1976 5365 2074 5404 au-

493 5457 606 5528 (12)
635 5454 947 5530 Anselmus
1005 5453 1078 5510 ad
1139 5469 1360 5511 annum
1390 5455 1496 5510 930
1524 5453 1858 5530 pervenisse
1917 5455 2071 5530 apud

423 5525 777 5604 Sausseyum
808 5525 1038 5600 legitur.

2179 4551 2393 4608 lectulo
2416 4553 2545 4622 ejus
2567 4550 2925 4622 prtestabant
2945 4549 3272 4621 complevit,
3292 4555 3350 4604 et
3381 4552 3555 4622 quasi
3577 4550 3669 4624 qui
3696 4561 3800 4618 pre-

2175 4643 2326 4699 tiosa
2356 4640 2896 4706 condiderit-,ﬁrmis
2928 4638 3188 4694 clavibus
3217 4639 3535 4711 diligenter
3564 4634 3798 4694 munivit.

2177 4733 2312 4787 Post
2345 4729 2466 4784 haec
2487 4733 2720 4784 evocato
2744 4728 2954 4784 abbate
2977 4745 3084 4783 cur
3100 4733 3186 4782 tot
3208 4727 3418 4784 diebus
3434 4729 3529 4783 sui
3553 4723 3801 4782 visitatio-

2177 4836 2310 4876 nem
2368 4805 2702 4890 neglexerit,
2765 4818 3025 4874 modeste
3078 4817 3380 4889 perquirit.
3416 4821 3564 4873 Cum
3621 4815 3803 4870 abbate

2177 4909 2386 4963 fratres
2445 4907 2822 4972 intraverant,
2857 4906 2956 4977 qui
2987 4907 3190 4961 eadem
3218 4906 3438 4961 scrinia
3471 4911 3538 4960 ut
3565 4903 3804 4960 sederent

2178 4995 2436 5052 audituri
2488 5013 2615 5068 qua:
2649 4995 2984 5050 dicerentur
3013 5000 3210 5066 aptare
3245 4994 3573 5060 molientes,
3605 4994 3690 5047 vix
3718 4988 3804 5044 ali-

2181 5089 2473 5156 quatenus
2504 5099 2733 5140 movere
2766 5087 3100 5155 potuerunt.
3125 5083 3289 5139 Unde
3319 5083 3558 5139 solliciti
3585 5079 3730 5153 apud
3755 5091 3806 5129 se

2180 5173 2490 5230 redeuntes
2547 5171 2783 5244 culpare
2842 5171 3067 5243 seipsos
3112 5177 3432 5244 cmperunt,
3465 5189 3574 5228 cur
3602 5172 3805 5226 tantum

2177 5261 2370 5316 virum
2428 5260 2788 5334 neglexerint
2836 5261 2934 5332 qui
2985 5265 3071 5316 tot
3118 5261 3268 5316 bona
3317 5261 3474 5333 apud
3507 5276 3570 5316 se
3599 5255 3804 5314 condita

2181 5351 2301 5407 illis
2327 5352 2665 5406 reservaret.
2693 5348 2986 5404 Renovata
3017 5349 3215 5420 itaque
3245 5346 3640 5404 sollicitudine
3666 5337 3802 5398 omni

2253 5457 2572 5538 (t3)._l_l_eri_o.
2609 5453 2827 5538 lnspla,
2872 5454 3216 5538 vulgol’lsle
3241 5454 3307 5512 de
3333 5454 3686 5524 Nemontier,
3713 5461 3800 5503 seu

2182 5532 2242 5590 S.
2278 5527 2576 5587 Philiberti
2606 5527 2668 5585 in
2699 5527 2916 5586 ﬁnibus
2948 5527 3273 5588 Pictonum.
