4028 6172
239 350 242 354 ι
301 275 421 336 809

1318 275 1550 335 LIBER
1596 276 1697 334 DE
1741 274 2163 338 MIRAGULIS
2212 280 2273 339 S.
2326 281 2695 342 MAXIMINI

3589 279 3707 343 810

301 425 436 466 eum
469 407 664 464 studio
694 411 752 462 et
779 423 918 462 cura
957 406 1232 465 alendum
1283 412 1620 480 procurant,
1653 407 1752 479 qui
1800 407 1952 464 infra
1978 410 2034 479 Α
2064 414 2172 480 est,
2205 429 2346 468 suos
2375 413 2580 470 exinde
2611 431 2743 470 cum
2777 414 2950 471 rebus
2979 414 3174 471 emisit
3222 413 3343 470 solo
3384 415 3543 471 Isaac
3575 421 3707 488 post

299 499 471 555 breve
527 500 764 570 tempus
822 495 1096 553 collectus
1147 497 1219 553 ad
1270 497 1586 554 Dominum
1636 495 1784 553 felici
1839 496 1952 554 fine

299 587 537 658 quievit.

363 679 456 733 26.
491 677 626 732 Post
657 676 826 747 cujus
856 675 1084 731 obitum
1116 676 1333 749 quique
1371 677 1500 748 ejus
1550 673 1768 732 creduli
1822 674 1948 748 pel-

293 767 516 834 luntur,
550 764 759 821 cellula
788 764 1098 834 clauditur,
1131 766 1198 822 ab
1221 781 1366 837 sque
1388 765 1544 820 clave
1565 763 1782 820 scrinia
1803 780 1949 820 rese-

295 861 520 922 rantur,
573 855 853 909 reconditi
913 855 1171 911 thesauri
1226 855 1613 927 pcperiuntur,
1657 854 1948 908 immensa

291 946 514 1002 scilicet
536 943 718 998 moles
751 959 938 998 arenae
971 944 1116 998 bene
1149 943 1380 999 illorum
1415 959 1743 1014 congruens
1767 942 1948 997 avari-

291 1035 406 1103 tiae,
439 1033 537 1106 qui
572 1034 679 1088 rati
713 1034 784 1088 ab
817 1033 945 1103 ejus
977 1033 1248 1087 ministro
1296 1032 1560 1087 sublatos
1609 1032 1939 1099 thesauros,

288 1123 722 1196 apprehensum
755 1139 889 1178 eum
923 1121 1547 1195 diversisexeruciant
1592 1120 1804 1176 modis.
1837 1121 1940 1176 Cui

286 1213 572 1285 dejeranti
606 1229 740 1267 cum
773 1210 935 1266 nulla
964 1211 1342 1266 adhiberetur
1371 1211 1552 1266 fides:
1586 1209 1791 1266 Ducite
1822 1226 1936 1278 me,

286 1305 389 1369 ait,
425 1303 498 1360 ad
532 1301 754 1359 domini
786 1300 901 1358 mei
933 1301 1288 1374 sepulcrum,
1317 1305 1375 1356 et
1395 1300 1583 1372 ipsius
1608 1299 1941 1372 requiratur

284 1391 712 1450 testimonium.
728 1390 984 1458 Quicum
1011 1391 1386 1462 assentirent,
1401 1394 1685 1446 venerunt
1705 1388 1938 1460 utrique

283 1483 358 1539 ad
376 1485 846 1549 monumentum,
862 1479 1198 1552 elevataque
1211 1479 1481 1536 minister
1491 1479 1620 1550 ejus
1641 1494 1777 1534 voce
1799 1493 1934 1532 cum

282 1570 424 1626 fletu
457 1585 470 1624 :
505 1568 628 1634 Eia,
652 1567 1277 1640 inquit,domne,quos
1299 1567 1605 1624 thesauros
1629 1564 1936 1638 reliqueris

278 1659 514 1727 edieito,
549 1662 607 1714 et
637 1657 687 1713 si
711 1658 887 1729 justaa
910 1661 1049 1714 sunt
1071 1674 1251 1729 prima:
1273 1674 1419 1729 quas
1436 1657 1625 1728 patior
1641 1656 1930 1710 intimate.

277 1747 386 1803 Cui
417 1748 490 1804 de
520 1745 748 1803 tumulo
780 1750 1047 1802 mortuus
1088 1746 1388 1818 respondit
1420 1763 1432 1801 :
1469 1746 1842 1802 Innocentem
1875 1749 1930 1799 te

2063 501 2191 570 ejus
2222 501 2447 558 obitum
2479 507 2836 559 remanente.

2129 591 2217 646 28.
2254 592 2457 663 Itaque
2502 596 2636 664 post
2686 592 2912 649 obitum
2959 594 3136 649 Jaeob
3184 593 3461 666 episcOpi,
3494 592 3705 652 oblatis

2060 676 2250 733 denuo
2280 678 2484 752 viginti
2517 679 2682 735 libris
2699 680 2970 736 Albertus
2991 686 3049 736 et
3067 681 3379 737 Azenerius
3399 685 3701 738 Annonem

2057 767 2443 823 venerabilem
2463 769 2802 826 Gemmetici
2826 770 3131 842 (Jumie‘ges)
3157 771 3402 826 cmnobii
3427 772 3699 830 abbatem

2055 872 2231 910 suum
2263 857 2528 913 videlicet
2553 859 2789 914 fratrem
2810 865 3070 927 evocant,
3094 863 3150 914 et
3162 860 3406 930 jubente
3427 861 3698 933 episcopo

2054 945 2420 1002 Ermentham
2434 947 2587 1002 idem
2603 948 3269 1004 virveneranduslocum
3290 951 3696 1021 supradictum

2053 1034 2125 1088 ad
2159 1037 2478 1107 regendum
2511 1037 2755 1092 sortitus
2783 1041 2890 1093 est.
2924 1037 3105 1108 Cujus
3141 1039 3503 1109 temporibus
3525 1040 3695 1110 quasi

2051 1121 2291 1196 quidam
2325 1124 2613 1181 redivivus
2644 1142 2795 1198 aeger
2823 1144 2857 1181 a
2880 1125 3050 1198 longa
3089 1125 3433 1197 aegritudine
3481 1143 3698 1194 convag

2048 1210 2295 1280 lescens,
2328 1213 2484 1270 idem
2514 1214 2676 1270 locus
2707 1232 2742 1270 a
2769 1214 3112 1286 dejectionis
3130 1231 3247 1270 sua:
3267 1213 3487 1269 vilitate
3509 1232 3698 1271 resur-

2047 1316 2182 1373 gere
2207 1317 2521 1375 aggressus
2551 1307 2658 1358 est.
2693 1304 2798 1359 Per
2826 1303 2982 1359 hunc
3003 1303 3161 1359 enim
3181 1302 3570 1359 venerabilem
3594 1303 3695 1360 Pa-

2048 1393 2196 1446 trem
2227 1390 2513 1465 regularis
2545 1393 2684 1448 ordo
2716 1392 2934 1450 nostris
2963 1392 3171 1448 diebus
3192 1391 3329 1448 huic
3356 1391 3480 1448 loco
3501 1392 3691 1464 primo

2046 1477 2310 1535 invectus
2341 1479 2451 1536 sub
2483 1497 2548 1536 eo
2581 1479 3006 1537 ferventissime
3034 1479 3240 1552 viguit,
3271 1484 3328 1536 et
3359 1480 3407 1536 si
3433 1480 3492 1536 in
3516 1481 3690 1555 rebus

2044 1567 2275 1624 adesset
2302 1575 2638 1642 paupertas,
2661 1569 2846 1625 virtus
2875 1572 3072 1625 tamen
3101 1568 3404 1626 charitatis
3422 1574 3478 1625 et
3497 1569 3692 1643 hospi-

2041 1655 2284 1712 talitatis
2315 1673 2443 1714 eam
2471 1663 2786 1731 contegens
2828 1658 3070 1729 celabat,
3103 1663 3161 1715 et
3191 1657 3448 1716 liberalis
3477 1659 3686 1716 obum-

2042 1744 2250 1801 brabat
2281 1745 2575 1804 honestas.
2610 1748 2806 1804 Toties
2844 1748 2999 1804 enim
3046 1747 3304 1805 vidimus
3351 1747 3684 1820 hospitibus

277 1838 519 1910 quidem
550 1840 608 1892 et
638 1836 765 1892 sine
795 1852 973 1892 causa
1003 1807 1291 1908 affligunt,
1326 1836 1428 1892 sed
1449 1834 1595 1890 tales
1616 1834 1930 1906 eleemosy-
1962 1807 2011 1872 Β
2042 1833 2284 1907 largiter
2309 1837 2444 1891 vina
2466 1837 2782 1910 propinari,
2799 1837 2967 1893 nobis
2989 1836 3266 1893 omnibus
3282 1853 3434 1909 aqua
3453 1807 3686 1894 conten-

275 1925 429 1982 uarii
459 1925 676 1982 talibus
706 1924 998 1981 thesauris
1029 1925 1269 1980 omnino
1299 1924 1458 1997 digni
1481 1927 1639 1980 sunt.
1661 1923 1821 1988 Quod
1844 1921 1929 1977 illi

272 2015 583 2072 audientes
609 2013 776 2070 valde
804 2014 1160 2070 consternati
1190 2018 1348 2081 sunt,
1373 2030 1478 2068 nec
1500 2014 1571 2068 ab
1593 2030 1659 2068 eo
1684 2011 1929 2068 ulterius

271 2105 606 2177 quidqttam
640 2107 832 2175 petere
864 2107 1386 2175 praesumpserant.
1419 2103 1531 2158 Sed
1582 2100 1928 2157 Benedictus

269 2194 594 2266 episcopus
625 2209 810 2266 pauco
841 2193 1158 2248 admodum
1193 2196 1453 2265 tempore
1481 2192 1538 2246 in
1571 2190 1696 2247 loco
1729 2188 1926 2245 Micia-

268 2281 436 2338 censi
469 2286 864 2352 conversatus,
898 2299 1104 2338 rursus
1135 2282 1384 2354 patriam
1434 2281 1680 2338 visitans
1710 2281 1770 2335 in
1803 2279 1924 2335 Bri-

267 2371 496 2428 tanniis
527 2388 790 2427 reversus
821 2375 928 2427 est.

345 2463 436 2515 2’7.
469 2459 859 2533 Consequenti
913 2465 1176 2534 tempore
1225 2460 1403 2516 Jacob
1453 2458 1694 2532 quidam
1743 2458 1924 2513 abbas

263 2550 770 2606 transmaritanus
817 2549 876 2605 in
926 2549 1134 2622 patria,
1177 2567 1312 2605 cum
1363 2550 1421 2605 in
1471 2565 1620 2621 pago
1670 2547 1924 2603 Biturico

264 2640 349 2712 (ιε
379 2641 574 2711 Berry)
591 2642 1049 2708 conversaretur,
1066 2639 1222 2694 fama
1237 2642 1538 2710 permotus
1559 2639 1627 2693 ad
1649 2637 1923 2693 eumdem

263 2727 470 2784 locum
514 2728 922 2784 Miciacensem
972 2726 1194 2784 scilicet
1240 2727 1416 2796 venit,
1450 2731 1506 2782 et
1534 2727 1737 2782 videns
1785 2743 1922 2782 eum

260 2834 572 2872 ammnum
604 2821 669 2873 ut
710 2821 818 2888 est,
855 2818 1006 2874 facta
1055 2829 1189 2874 enm
1238 2817 1509 2890 episcopo
1558 2815 1921 2872 Ermenthaeo

260 2907 580 2979 sexaginta
614 2906 901 2962 librarum
949 2907 1349 2974 conventione,
1383 2906 1591 2977 hisque
1641 2904 1921 2977 porrectis

260 2994 468 3052 locum
499 2995 771 3052 eumdem
795 2995 1045 3068 parietes
1068 3013 1280 3052 vacuos
1301 2995 1523 3052 scilicet
1544 2994 1786 3050 sortitus
1807 2998 1916 3048 est.

261 3085 500 3141 Mortuo
513 3090 708 3140 autem
721 3085 986 3154 Cunano,
1000 3087 1058 3142 S.
1076 3085 1234 3141 Pauli
1251 3083 1917 3156 (Leonensis)episc0po,

2041 1923 2138 1991 tis,
2171 1928 2229 1978 et
2267 1929 2462 1981 tamen
2512 1943 2580 1981 ea
2627 1926 2750 1983 ﬁeri
2808 1926 3037 1981 cautela
3083 1931 3148 1981 ut
3196 1930 3510 1996 praesentes
3571 1926 3684 1999 ipsi

2039 2011 2298 2084 hospites
2330 2013 2439 2068 hoc
2455 2013 2694 2070 omnino
2717 2013 3030 2081 nescirent,
3049 2015 3150 2069 sed
3168 2031 3373 2071 omnes
3390 2019 3453 2070 ut
3469 2033 3531 2071 se
3550 2016 3682 2072 vino

2039 2100 2332 2157 delibatos
2363 2102 2742 2158 aestimarent.
2767 2102 3022 2158 Diversis
3053 2107 3248 2158 autem
3271 2102 3462 2162 modis
3483 2103 3684 2160 aderat

2037 2190 2137 2246 Dei
2171 2191 2380 2263 gratia,
2415 2209 2541 2264 quae
2574 2192 2906 2248 necessitati
2937 2197 3324 2262 concurreret,
3340 2198 3398 2248 et
3423 2193 3681 2266 inopiam

2034 2283 2156 2334 tam
2181 2281 2516 2336 verecundae
2535 2281 2836 2337 eharitatis
2847 2282 3132 2338 solamine
3152 2284 3243 2338 sui
3265 2282 3527 2355 suffragii
3549 2281 3683 2338 sub-

2035 2367 2271 2437 levaret,
2305 2370 2408 2425 sed
2439 2375 2496 2425 et
2526 2387 2628 2442 per
2674 2371 3094 2428 miraculorum
3141 2371 3681 2445 frequentissimam

2035 2457 2262 2529 copiam
2298 2464 2597 2530 respectus
2628 2460 2719 2515 sui
2744 2461 3172 2517 demonstraret
3200 2460 3681 2535 prtesentiam.De

1998 2567 2020 2584 ··
2034 2547 2252 2618 quibus
2272 2545 2459 2618 pauca
2479 2565 2634 2603 nunc
2655 2550 3047 2621 perstringere
3068 2550 3370 2622 cupientes
3387 2549 3551 2605 nulla
3571 2566 3678 2607 nos

2035 2639 2371 2691 narraturos
2412 2637 2664 2691 fatemur
2709 2655 2837 2709 quae
2885 2641 2987 2692 aut
3035 2638 3145 2709 ipsi
3179 2655 3294 2694 non
3333 2638 3676 2708 viderimus,

2033 2728 2135 2778 aut
2176 2724 2248 2779 ab
2297 2723 2389 2781 his
2447 2724 2546 2797 qui
2610 2725 2863 2781 viderint
2925 2726 3012 2780 vel
3080 2725 3303 2782 sincere
3369 2725 3680 2782 didicerint

2033 2813 2449 2885 acceperimus.
2493 2814 2637 2869 Hine
2681 2814 2860 2886 igitur
2905 2815 3095 2870 soluto
3146 2815 3390 2871 rudente
3437 2816 3680 2872 carbasa

2031 2906 2240 2957 nostras
2282 2903 2634 2959 narrationis
2681 2907 2882 2960 sancto
2932 2903 3363 2960 committimus
3410 2904 3678 2978 Spiritui,

2031 2997 2097 3047 ut
2128 2993 2198 3048 de
2256 2993 2573 3049 Maximino
2623 3011 2729 3050 suo
2788 2993 3074 3050 locuturis
3130 2993 3224 3050 sui
3278 2994 3530 3067 gratiam
3586 2995 3676 3050 in-

2030 3081 2238 3137 fundat
2281 3081 2447 3151 roris,
2479 3085 2654 3154 atque
2681 3083 2752 3138 ad
2803 3083 3114 3139 stationem
3163 3081 3344 3155 optati
3395 3083 3677 3155 perducat

257 3174 490 3230 Alanus
513 3191 708 3231 comes
728 3175 921 3231 sciens
939 3175 1120 3231 Jacob
1141 3173 1358 3230 multas
1381 3173 1592 3230 habere
1616 3172 1915 3245 pecunias,
1950 3177 1994 3246 ο
2028 3169 2260 3227 littoris.
3439 3185 3480 3216 ο

257 3264 478 3321 eumin
492 3263 825 3320 decedentis
841 3263 966 3320 loco
983 3263 1285 3320 constituit
1303 3263 1402 3335 qui
1421 3262 1918 3318 consecrationem

258 3352 548 3424 indeptus
578 3353 776 3409 sedem
809 3353 902 3408 eui
953 3357 1331 3408 consecratus
1379 3353 1568 3408 fuerat
1613 3367 1918 3423 nunquam

260 3443 486 3515 (sumite
516 3441 704 3511 adiit),
738 3443 840 3498 sed
871 3443 930 3498 in
961 3441 1087 3498 loco
1119 3442 1452 3498 Miciacensi
1486 3458 1670 3514 usque
1698 3442 1768 3496 ad
1792 3441 1919 3495 vitaa

262 3531 597 3587 terminum
615 3531 1019 3603 perseveravit.
1035 3531 1251 3588 Verum
1273 3548 1339 3587 eo
1361 3531 1504 3586 inibi
1528 3531 1773 3603 degente
1794 3533 1920 3584 orta

260 3623 364 3676 est
394 3620 786 3676 controversia
817 3621 968 3676 inter
994 3637 1153 3689 suos,
1187 3637 1336 3692 quos
1364 3619 1463 3674 illo
1505 3619 1564 3674 in
1612 3619 1736 3674 loco
1786 3635 1919 3674 con-

259 3710 534 3776 duxerat,
569 3712 626 3764 et
655 3708 808 3765 inter
831 3725 930 3766 eos
959 3709 1060 3782 qui
1084 3715 1216 3766 ante
1238 3726 1372 3764 cum
1395 3708 1538 3763 inibi
1563 3707 1921 3763 habitavisse

257 3798 638 3854 videbantur.
672 3798 797 3854 Non
830 3798 988 3856 enim
1029 3799 1141 3854 sibi
1191 3797 1630 3864 conveniebant,
1664 3801 1721 3852 et
1753 3796 1920 3868 quasi

260 3892 425 3943 testa
455 3892 513 3942 et
544 3905 620 3944 ωε
652 3886 884 3944 misceri
907 3887 1147 3944 omnino
1171 3886 1509 3959 nequibant.
1527 3885 1688 3942 Unde
1709 3885 1931 3941 accidit

261 3982 331 4032 ut
346 3975 549 4031 Tartul
557 3975 710 4049 phus
725 3976 982 4050 episcopi
1015 3977 1196 4034 Jacob
1219 3975 1544 4032 monachus
1566 3974 1921 4047 quibusdam

260 4065 680 4122 occasionibus
729 4065 1088 4138 interceptus
1138 4065 1478 4122 auctoribus
1527 4063 1834 4118 Lamberto
1868 4066 1924 4118 et

258 4153 556 4212 Adelardo
585 4154 953 4227 gravissimis
973 4155 1311 4212 verberibus
1336 4154 1482 4210 foret
1503 4153 1744 4208 affectus
1765 4169 1778 4221 ;
1799 4149 1924 4223 ipse

264 4260 510 4316 quoque
539 4242 851 4316 episcopus
883 4243 1222 4315 injuriatus,
1253 4248 1310 4299 et
1330 4241 1716 4316 pluslpavoris
1747 4256 1923 4313 quam

265 4331 518 4406 periculi
552 4349 784 4404 passus,
818 4331 1038 4389 clavem
1070 4339 1308 4390 coactus
1339 4334 1410 4388 de
1440 4331 1572 4388 sinu
1619 4331 1922 4404 proferret,

264 4422 383 4480 sub
408 4437 528 4492 qua
567 4421 696 4492 ejus
744 4438 989 4494 quaeque
1038 4421 1468 4494 pretiosissima
1521 4421 1918 4477 servabantur.

264 4511 538 4582 Cumque
570 4511 731 4568 Isaac
761 4517 817 4566 et
846 4510 1108 4583 Egroalis
1139 4510 1198 4567 id
1239 4510 1605 4566 Ermenthazo
1653 4509 1925 4581 episcopo

267 4599 726 4669 nuntiavissent,
782 4599 1156 4656 vehementer
1211 4599 1306 4656 ille
1362 4603 1710 4669 commotus,
1764 4598 1926 4653 misit

265 4689 546 4744 Valinum
571 4689 858 4745 decanum
881 4688 1074 4745 virum
1094 4689 1393 4762 egregium
1417 4705 1552 4744 cum
1571 4687 1772 4743 multis
1795 4686 1925 4742 aliis

270 4777 573 4834 nobilibus
603 4779 704 4850 qui
737 4783 1004 4835 auctores
1027 4778 1265 4834 malitiae
1295 4777 1924 4850 perquirerent,inven-

271 4871 484 4938 tesque
534 4867 736 4939 procul
785 4867 1162 4940 expellerent,
1208 4867 1480 4940 episcopo
1540 4871 1731 4922 autem
1791 4883 1926 4922 cum

275 4957 442 5011 omni
474 4956 692 5012 honore
723 4972 832 5012 sua
864 4957 1260 5014 restituerent.
1290 4957 1400 5012 Sed
1434 4974 1547 5012 non
1580 4956 1766 5011 multo
1799 4960 1929 5027 post

271 5048 536 5116 tempore
565 5045 747 5101 Jacob
777 5044 1092 5118 episcopus
1139 5061 1496 5117 cognoscens
1544 5049 1776 5115 tempus
1809 5061 1928 5099 suae

275 5133 660 5206 depositionis
693 5134 1022 5200 imminere,
1053 5138 1112 5190 et
1141 5135 1319 5190 nimis
1351 5134 1523 5188 illatae
1557 5151 1780 5189 memor
1801 5151 1929 5188 ma-

274 5220 435 5289 litiae,
460 5223 768 5278 thesauros
799 5240 937 5278 suos
955 5228 1012 5278 et
1029 5227 1371 5278 ornamenta
1391 5222 1647 5293 insignia
1670 5239 1771 5294 per
1790 5239 1930 5278 suos

278 5311 553 5382 partitur,
587 5317 795 5368 caetera
825 5313 883 5366 in
915 5311 1231 5368 Britanniis
1255 5311 1576 5367 remittens.
1608 5311 1742 5366 Post
1761 5313 1931 5382 cujus

278 5399 508 5455 obitum
529 5404 725 5456 atrum
756 5401 1102 5457 Benedictus
1125 5401 1291 5456 adest
1310 5405 1708 5472 perscrutator
1727 5401 1933 5454 acerri-

280 5503 440 5555 mus,
470 5490 573 5546 sed
605 5489 833 5546 tardius
865 5507 1043 5562 quam
1077 5489 1299 5545 debuit.
1335 5489 1656 5562 Episcopus
1687 5490 1844 5544 enim
1871 5489 1930 5546 id

283 5575 548 5633 futurum
576 5579 939 5654 prospiciens
971 5578 1113 5635 dum
1141 5578 1331 5636 adhuc
1362 5577 1596 5651 viveret,
1623 5582 1685 5636 ut
1705 5578 1931 5637 dictum

748 5705 989 5762 Parnon.
1025 5705 1330 5764 CXXXVII.

2106 3351 2180 3406 De
2206 3350 2413 3408 duobus
2441 3353 2707 3423 fratribus
2731 3351 3066 3409 mirabiliter
3091 3369 3124 3408 a
3151 3360 3324 3410 morte
3351 3354 3594 3410 salvam.

2096 3440 2187 3495 29.
2221 3441 2367 3495 Cum
2400 3441 2589 3497 acrior
2617 3441 2786 3498 solito
2817 3442 3114 3515 ingrueret
3145 3443 3354 3512 hiems,
3379 3443 3675 3500 intantum

2028 3534 2094 3584 ut
2113 3530 2283 3602 Liger
2302 3531 2514 3587 fluvius
2534 3530 2717 3603 glacie
2735 3532 3058 3588 obduratus
3075 3533 3284 3606 rigenti
3305 3534 3476 3589 dorso
3492 3537 3678 3590 trans-

2029 3618 2177 3673 itum
2211 3636 2326 3675 non
2356 3619 2548 3675 solum
2581 3620 2910 3690 hominum,
2935 3623 3036 3676 sed
3059 3622 3422 3680 diversorum
3443 3639 3675 3695 quoque

2030 3711 2329 3778 pateretur
2355 3707 2791 3777 vehiculorum;
2825 3709 2939 3764 duo
2970 3709 3075 3764 viri
3107 3709 3371 3782 germani
3402 3712 3608 3767 fratres
3640 3729 3674 3767 a

2030 3794 2233 3852 villula
2261 3797 2446 3852 sancti
2471 3794 2725 3852 Marcelli
2749 3815 2878 3870 qua}
2900 3797 3053 3853 ultra
3070 3797 3322 3871 Ligerim
3343 3803 3433 3854 est
3456 3800 3675 3871 egressi

2030 3890 2190 3954 sunt,
2223 3887 2428 3942 nrhem
2463 3890 2656 3959 petere
2704 3886 2981 3953 volentes,
3016 3887 3206 3942 ferens
3260 3887 3458 3944 caules
3507 3888 3672 3958 alter,

2032 3975 2180 4032 alter
2203 3981 2459 4032 onustus
2490 3975 2770 4031 stramine
2801 3976 3072 4047 aptandis
3103 3975 3379 4033 carnibus
3409 3977 3673 4049 qumsito.

2031 4066 2086 4122 Is
2115 4065 2313 4138 itaque
2343 4082 2522 4138 super
2552 4066 2822 4121 duratam
2855 4064 3116 4122 ﬂuminis
3147 4064 3355 4122 faciem
3377 4069 3681 4124 transeun-

2031 4155 2211 4225 tibus,
2233 4171 2366 4212 cum
2378 4156 2504 4226 jam
2524 4172 2670 4228 pene
2689 4155 2747 4209 in
2766 4154 2959 4210 medio
2979 4155 3240 4211 fluminis
3257 4155 3681 4225 constitissent,

2033 4248 2269 4316 repente
2298 4243 2482 4317 glacie
2513 4243 2802 4300 dissoluta
2829 4245 3097 4317 quaedam
3129 4243 3299 4317 quasi
3329 4245 3530 4303 tabula
3547 4263 3682 4303 cum

2032 4332 2150 4389 illis
2181 4333 2382 4390 evulsa
2411 4337 2517 4402 est,
2550 4349 2679 4404 quae
2711 4332 3024 4389 subsidens
3040 4339 3098 4389 et
3115 4333 3448 4390 vifluminis
3477 4335 3688 4408 impul-

2034 4439 2100 4478 sa
2130 4438 2462 4495 resurgens,
2497 4421 2813 4494 leviterque
2844 4440 2961 4478 uno
2991 4422 3082 4477 sui
3115 4423 3301 4495 capite
3334 4423 3539 4479 adacto
3579 4441 3684 4480 su-

1955 4553 2004 4619 D
2035 4528 2139 4582 per
2167 4510 2391 4583 reliqua
2421 4510 2626 4583 glaciei
2658 4510 2950 4567 soliditate
2968 4511 3423 4584 censurgens,in
3442 4512 3683 4567 modum

2036 4601 2259 4672 sagiitaz
2277 4600 2653 4656 velocissima
2681 4601 2956 4664 decurrit,
2972 4617 3075 4656 nec
3093 4600 3255 4672 prius
3268 4600 3483 4655 restitit
3504 4601 3686 4657 donec

2036 4694 2215 4745 totam
2249 4691 2516 4745 evaderet
2544 4689 2790 4762 glaciem
2821 4695 2879 4745 et
2908 4689 3093 4745 obviis
3113 4688 3445 4761 gurgitibus
3467 4691 3688 4762 excipe-

2038 4783 2217 4834 retur.
2254 4780 2315 4833 In
2350 4779 2540 4835 medio
2573 4779 2746 4834 fluvio
2778 4795 2892 4850 quo
2923 4783 3044 4834 tota
3071 4778 3158 4833 vis
3182 4777 3442 4834 ﬂuminis
3465 4777 3688 4834 incum-

2040 4871 2234 4937 bebat,
2269 4870 2427 4924 rivus
2460 4886 2572 4923 non
2621 4868 2876 4924 multum
2926 4868 3166 4941 grandis
3212 4868 3536 4936 videbatur,
3571 4885 3687 4941 quo

2041 4959 2240 5014 tabula
2271 4957 2374 5014 illa
2403 4957 2744 5030 perveniens
2785 4961 3099 5013 trementes
3129 4961 3186 5012 et
3216 4974 3360 5030 pene
3391 4957 3688 5014 exanimes

2040 5047 2125 5102 sic
2157 5049 2304 5102 ferre
2338 5048 2531 5118 cmpit,
2564 5051 2815 5118 utraque
2847 5046 2974 5117 ripa
3003 5045 3176 5118 plena
3224 5047 3688 5116 vociferantium,

2042 5137 2142 5191 sed
2177 5134 2491 5190 consilium
2526 5151 2817 5207 nusquam
2849 5136 3070 5191 aderat.
3104 5136 3249 5191 Nam
3284 5136 3365 5192 ire
3397 5154 3510 5192 non
3541 5141 3696 5209 pote-

2044 5228 2152 5294 rat,
2185 5229 2242 5280 et
2272 5224 2411 5278 dum
2443 5224 2691 5295 quisque
2713 5224 3172 5290 metuit,intrare
3195 5242 3364 5281 nemo
3388 5242 3698 5298 praesume-

2041 5313 2161 5368 bat.
2199 5313 2399 5383 Itaque
2430 5312 2542 5384 ipsi
2575 5313 2673 5383 qui
2708 5313 3045 5369 ferebantur
3083 5315 3210 5385 jam
3244 5315 3314 5370 de
3345 5316 3462 5372 vita
3492 5317 3696 5388 despe-

2045 5405 2258 5466 rantes,
2308 5418 2484 5472 super
2531 5401 2839 5457 inimicum
2888 5402 3223 5458 vehiculum
3282 5405 3692 5472 consederunt,

2042 5490 2142 5545 Dei
2178 5488 2362 5545 solius
2393 5488 2792 5562 praestolantes
2821 5489 3126 5547 auxilium.
3161 5493 3306 5548 Cum
3336 5496 3540 5548 contra
3569 5508 3694 5548 mo-

2043 5579 2365 5638 nasterium
2409 5578 2799 5652 advolassent,
2827 5597 2982 5638 unus
3012 5581 3319 5640 ecclesiam
3350 5581 3689 5657 respiciens,

3183 5710 3252 5766 26
