4066 6172
376 273 486 342 8H

1445 276 1776 339 LETALDI
1823 271 2316 337 MICIACENSIS
2363 271 2715 335 MONACHI

3679 274 3792 334 812

378 415 566 474 Patris
597 410 900 470 Maximini
931 410 1275 484 suffragium
1299 409 1549 482 supplici
1569 427 1705 466 voce
1728 410 2023 482 impetrat.
2056 409 2112 476 Α
2139 409 2333 482 cpiam
2348 407 2562 464 [ἴοι-ἱ.Ιά
2575 406 2750 462 ofﬁcii
2767 406 2838 461 ad
2854 407 3166 478 quemdam
3179 405 3792 464 famulumAlvaldum

378 503 540 562 Illico
570 507 628 559 et
657 501 784 558 sine
814 517 998 568 mora,
1031 499 1216 555 divisa
1244 515 1349 572 per
1378 498 1637 555 medium
1671 497 1870 554 tabula
1891 514 2028 554 eum

379 593 481 667 qui
513 591 865 648 clamaverat
893 605 1104 646 sanum
1149 590 1323 658 atque
1371 585 1725 642 incolumem
1758 587 1829 642 ad
1865 585 2030 642 littus

382 682 594 751 defert;
629 680 729 753 qui
759 679 832 736 ad
863 676 1284 732 monasterium
1316 693 1626 732 accurrens
1660 681 1796 732 ante
1849 675 2031 732 altare

381 768 792 846 prosternitur,
824 770 882 822 et
911 765 1200 822 immenso
1227 765 1365 820 ﬂetu
1397 765 1467 819 de
1492 781 1554 819 se
1584 763 1804 836 gratias
1835 780 2034 836 repen-

381 864 526 918 dens
568 875 672 932 pro
720 857 896 912 fratre
943 855 1189 911 sollicite
1240 855 1632 927 precabatur:
1669 855 1747 910 De
1779 854 1908 920 hac,
1943 854 2032 908 in-

381 950 611 1024 quiens,
648 949 866 1013 sancte,
901 949 1003 1001 tua
1042 943 1284 1000 basilica
1315 961 1428 999 non
1462 961 1682 1010 exeam,
1713 945 1895 997 donec
1921 943 2034 997 fra-

383 1045 531 1097 trem
561 1054 758 1092 meum
794 1033 938 1090 mihi
965 1032 1297 1088 incolumen
1323 1031 1835 1104 reprzesenlesﬂui
1859 1032 2034 1086 etiam

379 1149 508 1218 “ise
537 1129 680 1182 dum
710 1128 915 1180 contra
941 1122 1247 1178 ecclesiam
1280 1121 1434 1177 beati
1473 1121 1712 1176 Androm
1763 1121 2033 1192 apostoli,

384 1210 515 1302 quas
545 1223 634 1278 est
661 1216 722 1272 in
751 1213 890 1271 villa
919 1211 1250 1302 Ostellensi,
1283 1211 1670 1302 pervenisset,
1696 1210 1881 1265 sancti
1907 1228 2041 1302 apo-

385 1299 522 1374 stoli
552 1306 876 1382 implorans
917 1300 1222 1368 auxilium,
1259 1299 1461 1356 statim
1511 1301 1585 1355 ad
1635 1299 1804 1355 littus
1832 1303 1890 1355 et
1917 1300 2042 1372 ipse

385 1404 659 1463 devectus
690 1399 800 1462 est,
833 1393 1190 1462 fratremque
1223 1393 1492 1461 repetens
1522 1405 1658 1444 cum
1689 1406 1816 1445 sese
1838 1389 2042 1462 lugen-

385 1499 506 1553 tem
537 1485 785 1562 reperit;
819 1481 919 1556 qui
941 1479 1142 1535 videns
1165 1479 1427 1547 fratrem,
1445 1479 1582 1534 ﬂere
1599 1479 1854 1552 amplius
1871 1479 2046 1552 coepit

387 1597 504 1656 pra
534 1572 770 1652 gaudio,
792 1573 850 1626 et
877 1567 938 1624 in
968 1565 1304 1640 amplexum
1337 1582 1514 1622 ruens
1535 1564 1898 1624 liberationis
1919 1584 2042 1622 mo-

385 1653 529 1728 dum
560 1660 896 1740 perquirere
929 1655 1124 1729 cmpit.
1160 1653 1426 1728 Denique
1456 1656 1834 1727 postmodum
1863 1655 2044 1728 pluri-

386 1757 501 1817 mis
531 1751 875 1813 advixerunt
904 1745 1292 1818 temporibus,
1327 1748 1384 1800 et
1415 1743 1732 1816 quotannis
1769 1744 2040 1802 liberato-

386 1846 552 1904 ribus
584 1839 710 1898 suis
739 1836 947 1894 debita:
979 1833 1275 1891 servitutis
1299 1831 1648 1904 obsequium
1671 1833 2044 1890 devotissime

386 1929 683 2008 prosecuti
715 1930 876 1984 sunt.

1031 2010 1264 2067 CAPUT
1302 2010 1400 2065 VI.

495 2110 571 2166 De
595 2103 856 2180 prwdonc
873 2116 1096 2174 pervasa
1125 2116 1159 2155 a
1187 2099 1434 2156 timene
1461 2107 1514 2155 et
1537 2108 1658 2172 post
1687 2100 1932 2158 liberato.

459 2199 550 2255 30.
585 2192 859 2254 Fulconis
889 2189 1184 2262 quondam
1211 2187 1490 2246 satellites
1522 2188 1704 2262 hujus
1736 2189 1925 2246 Patris
1947 2191 2044 2247 vil-

392 2289 510 2346 lam
539 2301 669 2360 qua:
700 2279 929 2339 Bezillis
951 2277 1164 2334 dicitur
1180 2279 1536 2334 intraverant
1553 2281 1610 2334 ct
1625 2278 1685 2334 in
1705 2279 2042 2336 colonorum

389 2370 860 2449 inquietudinem
890 2365 1078 2423 multa
1097 2364 1327 2422 insania
1347 2365 2042 2438 grassabantur.Missum

393 2469 627 2540 repente
657 2464 748 2518 est
776 2463 833 2516 et
863 2457 1142 2513 fratribus
1173 2455 1508 2512 nuntiatum
1543 2473 1556 2512 :
1585 2456 1686 2528 qui
1717 2474 1851 2513 cum
1873 2475 2042 2516 sanc-

392 2561 586 2612 torum
611 2547 958 2626 pignoribus
975 2545 1261 2618 quosdam
1281 2560 1310 2600 e
1332 2544 1457 2601 suis
1482 2541 1938 2603 transmiserunt
1959 2565 2046 2604 ro-
2075 2556 2100 2578 '

393 2648 656 2719 gaturos,
681 2641 747 2694 ut
777 2637 848 2693 ab
880 2635 990 2691 hac
1019 2631 1287 2688 molestia
1308 2650 1369 2689 se
1391 2637 1713 2705 temperare
1741 2635 2040 2692 deberent.

393 2732 499 2790 Cui
530 2725 857 2788 ministerio
887 2722 1118 2798 prazfuit
1160 2721 1510 2779 venerabilis
1541 2722 1777 2780 Simeon
1809 2725 2044 2782 nomine

393 2839 428 2879 a
456 2820 604 2878 laico
647 2816 885 2892 quidem
917 2816 1276 2880 tonsuratus,
1311 2811 1410 2867 sed
1444 2811 1740 2868 modestiae
1771 2815 1827 2868 et
1855 2813 2041 2885 gravi-

393 2910 531 2968 tatis
561 2907 825 2966 moribus
845 2920 962 2960 non
983 2899 1468 2973 improbabilibus
1485 2900 1890 2958 adornatus.ls
1907 2917 2044 2975 ergo

392 3015 528 3057 cum
543 2993 890 3054 venerandis
907 2995 1245 3049 sanctorum
1269 2987 1566 3045 memoriis
1585 2989 2042 3068 appensiscollo,

393 3089 536 3144 dum
566 3081 941 3148 curticulam,
971 3095 1088 3151 qua
1118 3076 1301 3132 coacti
1335 3078 1635 3148 praedones
1684 3095 1812 3134 sese
1844 3080 2042 3134 defen-

2139 496 2374 554 nomine
2405 496 2694 569 pertinere
2721 495 3045 564 videbatur,
3071 513 3244 570 quem
3275 495 3584 552 celllarius
3607 512 3795 553 conve-

2140 587 2308 642 niens
2341 587 2483 642 dure
2515 585 2800 656 increpat,
2830 600 2936 639 cur
2965 583 3160 641 relicto
3189 602 3298 641 suo
3319 584 3520 640 officio
3544 583 3687 640 huic
3705 600 3796 642 ne-

2141 675 2398 732 cessitati
2416 691 2528 729 non
2548 675 2915 730 occurrat.At
2932 673 3026 728 ille
3043 674 3496 745 importunitate
3513 674 3799 743 devictus,

2143 765 2375 820 duobus
2397 779 2596 819 secum
2615 761 2870 834 sumptis
2888 761 3088 830 asinis,
3103 761 3441 818 naviculam
3460 763 3800 818 conscendit

2143 853 2305 909 solus
2336 870 2480 926 pene
2510 856 2784 907 cunctam
2814 850 3018 906 insula:
3051 851 3426 924 superficiem
3450 853 3804 925 contegenti-

2146 943 2257 998 bus
2289 942 2481 1014 aquis,
2515 945 2685 997 vento
2717 945 2910 996 autem
2947 943 3118 996 ﬂante
3149 959 3178 995 e
3207 941 3692 996 contrario.Cum
3717 939 3805 996 ille

2148 1033 2206 1086 in
2237 1036 2477 1087 ventum
2504 1031 2700 1085 conari
2726 1047 2838 1084 non
2865 1029 3151 1100 posset,in
3172 1028 3435 1084 medium
3460 1030 3656 1103 pelagi
3681 1047 3805 1086 cum

2149 1120 2332 1176 asinis
2363 1121 2487 1176 suis
2519 1120 2827 1175 devolutus
2857 1123 2963 1186 est,
2989 1137 3102 1191 quo
3132 1125 3188 1173 et
3218 1119 3606 1190 profunditas
3629 1120 3808 1191 rapidi

2151 1209 2414 1266 ﬂuminis
2445 1214 2503 1265 et
2528 1210 2682 1265 venti
2714 1209 3034 1265 adversitas
3065 1207 3211 1263 nihil
3239 1209 3290 1263 ei
3324 1209 3808 1264 commendanda

2151 1299 2359 1356 salutis
2394 1299 2546 1372 ultra
2591 1297 2968 1370 relinqueret,
3000 1298 3330 1369 ﬂuctusque
3374 1297 3662 1353 cumulos
3710 1297 3810 1352 mi-

2153 1406 2327 1445 naces
2366 1388 2596 1462 erigens
2622 1386 2818 1444 navim
2866 1386 3132 1460 operiret,
3166 1391 3233 1442 ut
3279 1403 3401 1442 non
3462 1391 3593 1442 tam
3655 1386 3808 1444 navis

2154 1479 2307 1534 inter
2336 1478 2545 1546 undas,
2579 1493 2759 1550 quam
2791 1476 2960 1532 unda:
2990 1475 3138 1532 inter
3185 1492 3394 1533 navem
3447 1476 3810 1532 viderentur.

2154 1567 2302 1624 Cum
2333 1582 2469 1640 ergo
2501 1582 2691 1638 neque
2721 1570 2892 1622 conto
2926 1581 3110 1638 neque
3140 1581 3302 1621 remo
3336 1563 3571 1638 aliquid
3623 1564 3809 1622 conari

2153 1655 2393 1723 valeret,
2426 1655 2672 1730 puppim
2703 1654 2938 1724 insedit,
2970 1659 3028 1710 et
3054 1653 3294 1710 vocibus
3335 1653 3477 1710 altis
3529 1654 3810 1710 auxilium

2157 1745 2355 1819 magni
2387 1744 2574 1801 Patris
2606 1741 2908 1800 Maximini
2933 1741 3243 1816 implorare
3263 1743 3637 1816 caepitJllico
3659 1747 3814 1800 vente

2152 1835 2508 1906 quiescente,
2543 1833 2675 1890 navi
2708 1837 2917 1888 tamen
2951 1831 3224 1888 ﬂuctibus
3255 1830 3498 1904 oppleta
3545 1832 3815 1889 invisibili

2155 1940 2334 1980 manu
2367 1923 2710 1996 perductus,
2736 1926 2977 1994 portum
3009 1919 3266 1994 Mrrogili
3282 1921 3560 1995 (Harena)
3577 1921 3813 1995 appulit,

2153 2029 2355 2070 secum
2388 2013 2511 2085 ipse
2539 2011 2917 2068 vehementer
2946 2009 3246 2066 admirans
3277 2009 3547 2081 qualiter
3585 2011 3814 2067 evadere

2155 2101 2428 2175 potuerit.
2462 2099 2685 2156 Dehinc
2723 2099 2795 2156 ad
2828 2097 3249 2155 monasterium
3280 2115 3421 2154 cum
3469 2099 3667 2154 asinis
3708 2098 3816 2154 suis

2155 2207 2475 2264 regressus,
2503 2189 2688 2262 erepti
2701 2205 2811 2244 one
2843 2187 2934 2246 sui
2965 2187 3245 2261 gaudium
3277 2204 3578 2262 magnum
3603 2188 3818 2245 cunctis

2153 2281 2288 2336 fecit
2319 2278 2618 2335 fratribus.

2765 2365 3000 2424 CAPUT
3038 2366 3184 2424 VIII.

2278 2458 2352 2514 De
2377 2473 2554 2514 merso
2586 2456 2686 2514 diu
2703 2458 2920 2530 jacente
2950 2458 3011 2512 in
3039 2457 3290 2527 ﬂumine,
3327 2472 3430 2514 nec
3456 2465 3702 2514 mortuo.

2223 2548 2311 2603 32.
2347 2547 2623 2602 Vivianus
2654 2545 2811 2602 beati
2846 2545 3078 2602 Martini
3125 2546 3450 2602 canonicus
3498 2545 3648 2602 huic
3698 2545 3810 2602 loco

2153 2636 2452 2708 quondam
2485 2634 2992 2692 familiarissimus
3022 2635 3161 2691 fuit:
3197 2635 3298 2707 qui
3331 2652 3544 2692 secum
3570 2636 3811 2709 quodam

2154 2730 2416 2798 tempore
2445 2741 2513 2782 eo
2547 2724 2862 2795 divertens,
2897 2723 3173 2782 conduxit
3200 2725 3526 2796 quemdam
3563 2742 3683 2781 sua:
3711 2725 3811 2779 fra-

2154 2813 2450 2870 ternitatis
2473 2813 2824 2870 canonicum
2845 2811 3080 2869 nomine
3097 2811 3690 2886 Constantinum,qui
3711 2813 3810 2868 ala-

2153 2903 2328 2960 criter
2359 2920 2392 2959 a
2421 2902 2704 2958 fratribus
2734 2903 3014 2975 suscepti,
3043 2902 3218 2958 biduo
3248 2919 3386 2958 cnm
3419 2904 3593 2960 omni
3613 2901 3810 2960 officio-

2155 2992 2326 3049 sitate
2377 2991 2600 3048 detenti
2652 2996 2814 3047 sunt.
2847 2991 2926 3047 Eo
2975 2995 3171 3047 autem
3223 2991 3317 3047 die
3367 3009 3484 3065 quo
3537 2990 3807 3049 reversuri

2153 3081 2523 3150 videbantur,
2555 3080 2803 3152 quidam
2835 3079 3060 3153 collegii
3092 3097 3294 3137 eorum
3318 3081 3687 3154 juvenculus
3707 3097 3810 3136 me-

391 3191 524 3233 sare
572 3171 877 3246 parabant,
905 3168 1122 3222 intrare
1165 3165 1356 3234 vellet,
1391 3183 1547 3222 unus
1597 3183 1797 3222 eorum
1848 3166 2041 3240 lapide
2078 3158 2121 3225 C
2156 3169 2301 3226 ridie
2333 3168 2769 3242 quiescentibus
2806 3168 3086 3224 fratribus
3116 3170 3230 3238 (14)
3260 3185 3398 3226 cum
3429 3187 3578 3226 arcu
3608 3176 3666 3226 et
3695 3170 3805 3242 spi-

393 3266 622 3336 arrepto
649 3259 1030 3316 irreverenter
1060 3255 1439 3310 reverendam
1487 3255 1653 3311 nisus
1699 3259 1788 3311 est
1836 3273 2044 3329 percu-

390 3359 514 3410 tere
542 3351 756 3407 virum.
780 3345 893 3402 Sed
927 3360 1061 3400 cum
1091 3341 1347 3414 lapidem
1364 3342 1626 3412 dimittit,
1642 3343 1767 3416 ipse
1787 3361 2040 3418 quoque,

392 3436 696 3498 retroactis
719 3433 774 3490 vi
793 3431 989 3488 divina
1011 3429 1268 3486 brachiis
1285 3435 1341 3485 et
1356 3429 1646 3498 cruribus,
1663 3448 1796 3489 cum
1821 3432 2042 3506 ingenti

393 3527 590 3602 rugitu
626 3525 700 3582 ad
748 3527 964 3578 terram
1017 3518 1236 3574 corruit
1276 3522 1334 3574 et
1387 3535 1555 3574 voces
1609 3519 2041 3582 diversissimas

390 3617 562 3677 edere
592 3613 786 3688 cmpit.
817 3609 979 3677 Quod
1011 3607 1202 3666 caeteri
1241 3607 1622 3681 praevidentcs
1672 3609 1890 3683 ingenii
1920 3617 2038 3669 ter-

387 3723 519 3766 rore
549 3700 802 3780 perculsi
833 3701 991 3767 sunt,
1015 3714 1220 3753 omnes
1243 3696 1460 3770 pariter
1479 3701 1644 3753 terra:
1665 3703 2044 3770 prosternun-

382 3801 483 3854 tur
505 3792 738 3852 veniam
771 3804 875 3862 pro
907 3786 1224 3844 commisso
1257 3785 1612 3860 ﬂagitantes,
1647 3787 1825 3844 simul
1857 3791 2036 3850 etiam

378 3885 580 3946 omnia
609 3882 838 3954 direpta
867 3879 1212 3944 restituunt,
1245 3881 1302 3933 et
1331 3893 1394 3933 se
1439 3877 1732 3934 maturius
1779 3879 2036 3956 exituros

376 3975 751 4050 profitentur,
776 3967 1232 4042 supplicantque
1264 3983 1368 4039 pro
1397 3983 1672 4039 compare
1704 3971 1769 4022 ut
1800 3966 2033 4026 liberari

374 4067 701 4122 mereretur
729 4058 802 4115 ab
824 4057 934 4114 hac
965 4056 1288 4112 daemonica
1313 4054 1704 4112 infestatione.
1728 4055 1904 4114 Porro
1924 4059 2036 4116 fra-

374 4157 496 4210 tres
523 4151 681 4206 bona
707 4162 812 4218 pro
843 4144 1016 4201 malis
1049 4143 1434 4217 rependentes
1465 4159 1601 4199 mox
1630 4160 1766 4201 eum
1805 4148 2030 4204 exorci-

373 4243 507 4297 zata
525 4235 898 4308 contigerunt
929 4249 1106 4305 aqua,
1136 4235 1434 4304 caputque
1460 4237 1651 4289 totum
1683 4234 2034 4307 perfunden-

373 4332 484 4398 tes,
515 4339 730 4398 corpus
760 4320 916 4379 illico
945 4321 1121 4394 pedes
1167 4323 1224 4375 et
1270 4335 1482 4377 manus
1526 4337 1633 4378 suo
1683 4329 2032 4396 reparantur

375 4417 586 4476 officio.
605 4416 676 4474 Et
705 4413 830 4485 ipse
859 4425 1107 4483 surgens
1135 4405 1447 4464 incolumis
1465 4411 1670 4482 grandi
1689 4429 1825 4469 voce
1841 4412 2027 4470 Deum

2153 3259 2304 3316 culis
2332 3257 2658 3315 claustrum
2690 3257 2992 3332 ingressus
3022 3261 3132 3329 est,
3161 3263 3220 3314 et
3263 3275 3402 3314 cum
3453 3261 3803 3332 quibusdam

2153 3347 2447 3406 sodalium
2465 3347 2652 3404 multo
2669 3347 2916 3420 strepitu
2934 3346 3234 3420 multaque
3252 3347 3488 3405 levitate
3504 3350 3606 3423 agi
3623 3347 3801 3421 carpit,

2154 3454 2309 3493 nunc
2341 3436 2567 3511 spicula
2597 3437 2923 3510 dirigendo,
2957 3454 3112 3493 nunc
3141 3453 3320 3494 cursu
3339 3442 3399 3494 et
3418 3437 3680 3494 clamore
3699 3439 3800 3492 fra-

2153 3531 2271 3584 tres
2303 3527 2704 3600 inquietando.
2738 3527 3001 3600 Cumque
3035 3530 3152 3583 uta
3183 3531 3349 3582 tanta
3370 3526 3636 3584 stultitia
3654 3526 3800 3600 quie-

2152 3632 2312 3671 scere
2345 3616 2583 3671 deberet
2613 3615 3050 3684 admoneretur,
3084 3633 3198 3672 non
3229 3615 3528 3688 acquievit
3553 3635 3567 3685 ;
3593 3633 3695 3688 pro
3722 3631 3797 3670 re-

2147 3703 2407 3761 verentia
2435 3708 2632 3760 autem
2663 3721 2866 3760 eorum
2897 3704 2999 3778 qui
3029 3721 3162 3760 eum
3191 3703 3595 3773 adduxerunt,
3621 3720 3795 3778 aequa-

2148 3791 2385 3849 nimiter
2412 3792 2522 3848 hoc
2555 3793 2791 3848 interim
2825 3793 3032 3850 fratres
3079 3791 3474 3866 pertulerunt.
3510 3793 3628 3849 Sed
3677 3807 3796 3848 cum

2146 3897 2213 3938 eo
2244 3882 2338 3938 die
2371 3899 2405 3937 a
2436 3873 2792 3937 monasterio
2823 3881 3099 3950 exissent,
3118 3880 3591 3939 temerariusille
3611 3895 3795 3938 navem

2144 3968 2484 4028 conscendit
2514 3975 2720 4026 contra
2742 3970 3048 4027 ecclesiam
3065 3970 3128 4026 B.
3153 3969 3384 4038 Hilarii,
3398 3988 3523 4044 quo
3542 3969 3795 4045 profundi

2143 4067 2443 4116 currentes
2460 4057 2701 4132 Ligeriti
2721 4059 2984 4116 ﬂuminis
3000 4058 3314 4132 aliquando
3329 4060 3560 4116 vadum
3575 4065 3792 4134 negant.

2141 4148 2406 4221 Cumque
2437 4148 2495 4204 in
2528 4148 2721 4204 medio
2755 4148 2936 4205 ﬂuvio
2967 4148 3604 4222 pervenisset,contum
3635 4165 3792 4222 quem

2138 4237 2375 4294 tenebat
2406 4235 2464 4292 in
2497 4253 2711 4310 aquam
2742 4237 2982 4294 mittens
3003 4237 3256 4306 incaute,
3277 4233 3548 4296 cadendo
3567 4242 3786 4296 secutus

2137 4329 2246 4394 est,
2263 4325 2460 4398 ibique
2472 4324 2543 4381 ab
2556 4324 2702 4382 hora
2713 4342 2867 4382 nona
2896 4341 3081 4399 usque
3094 4326 3164 4382 ad
3185 4325 3379 4399 ipsam
3399 4344 3557 4400 pene
3571 4333 3784 4384 noctem

2129 4412 2570 4487 jacons,multis
2581 4430 2716 4470 eum
2730 4413 3496 4488 investigantibus,inveniri
3513 4414 3780 4488 nequivit:

375 4504 716 4563 benedicere
744 4507 802 4558 et
822 4498 1108 4556 famulum
1131 4497 1260 4569 ejus
1282 4497 1665 4554 Maximinum
1688 4500 2024 4572 magniﬁca-
2057 4533 2102 4597 Ι)
2137 4503 2320 4559 donec
2349 4503 2422 4558 de
2450 4518 2517 4558 eo
2548 4502 3017 4574 desperantibus,
3042 4503 3270 4558 umbris
3290 4503 3423 4575 jam
3447 4503 3782 4561 incumben-

377 4613 440 4653 re
467 4593 661 4668 cmpit,
695 4590 975 4661 ociusque
1006 4587 1142 4642 inde
1173 4585 1418 4658 digressi
1454 4586 1532 4642 nil
1583 4590 1932 4647 temeritatis
1963 4592 2022 4647 in

376 4684 581 4740 eadem
612 4677 813 4736 villula
842 4677 1086 4734 alterius
1117 4674 1328 4729 addere
1361 4682 1880 4748 praesumpserunt.

999 4763 1232 4820 CAPUT
1279 4763 1397 4818 VII.

591 4861 664 4916 De
691 4859 888 4929 auriga
920 4859 1063 4914 inter
1079 4857 1274 4926 ﬂuctus
1303 4862 1510 4911 servato
1535 4871 1808 4928 prospere.

445 4952 535 5007 31.
571 4949 741 5021 Liger
770 4947 983 5004 ﬂuvius
1004 4944 1140 5000 huic
1163 4944 1518 5000 monasterio
1539 4944 1853 5017 contiguus
1874 4963 2026 5003 emo-

375 5038 620 5097 lumenti
634 5053 891 5110 perszepe
903 5039 1012 5103 cst,
1030 5034 1207 5090 etiam
1223 5051 1646 5106 nonnunquam
1666 5035 2022 5094 detrimenti.

371 5129 521 5184 Nam
549 5143 700 5200 saepe
733 5126 874 5180 dum
906 5128 1091 5180 metas
1124 5122 1268 5179 alvei
1298 5122 1388 5178 sui
1423 5123 1574 5179 hanc
1604 5140 1749 5194 pene
1771 5126 2026 5199 contegit

372 5215 652 5283 insulam,
678 5213 1045 5286 Ligeritoque
1075 5212 1425 5283 conjunctus
1448 5229 1631 5267 unum
1654 5213 1903 5269 efficitur
1924 5231 2022 5288 pe-

368 5303 560 5380 lagus,
593 5306 918 5376 negatoque
948 5306 1280 5358 commeatu
1305 5300 1607 5356 insulariis
1630 5318 1744 5356 non
1769 5307 2025 5360 contem-

369 5392 600 5460 nendis,
636 5391 896 5447 modicas
927 5389 1206 5461 importat
1239 5389 1640 5445 necessitates.
1677 5390 1793 5445 lIoc
1827 5391 2022 5464 itaque

370 5482 680 5554 ingruente
711 5479 1100 5545 incommodo,
1123 5479 1179 5533 in
1203 5479 1376 5534 domo
1400 5479 1646 5534 fratrum
1670 5479 1916 5555 contigit
1939 5482 2024 5538 in-

445 5569 557 5650 (14)
587 5568 764 5627 Juxta
793 5567 998 5643 Regul.
1032 5567 1092 5626 S.
1128 5566 1340 5625 Bened.
1374 5582 1498 5646 cap.
1536 5568 1623 5626 43.

2135 4592 2316 4660 tibus,
2349 4591 2592 4664 quidam
2619 4590 2876 4663 piscator
2904 4591 3120 4648 Barbas
3168 4592 3428 4661 nomine,
3467 4611 3624 4649 unco
3657 4606 3777 4648 eum

2047 4699 2053 4705 ·
2134 4679 2390 4749 attraxit,
2424 4679 2674 4751 navique
2705 4679 3049 4752 impositum
3083 4681 3155 4737 ad
3177 4680 3347 4737 littus
3372 4679 3778 4739 devexit.Nihil

2138 4771 2194 4826 in
2227 4788 2292 4826 co
2325 4768 2566 4843 spiritus
2599 4768 2802 4824 sentiri
2834 4774 3078 4843 poterat,
3105 4775 3377 4826 mortuus
3407 4771 3485 4826 ab
3519 4771 3781 4826 omnibus

2135 4859 2457 4915 dicebatur.
2478 4857 2651 4914 Dolor
2670 4857 2906 4931 ingens,
2928 4859 3294 4930 maximeque
3316 4858 3671 4916 clericorum
3693 4855 3780 4931 qui

2133 4967 2268 5005 eum
2311 4948 2700 5019 adduxerant,
2732 4949 2906 5004 ﬂetus
2956 4947 3340 5005 intolerabilis
3394 4953 3669 5022 coegerat
3711 4943 3779 5000 ibi

2132 5038 2422 5110 plurimos
2450 5037 2689 5092 diversa:
2731 5036 2918 5092 mtatis
2971 5036 3147 5094 simul
3193 5041 3250 5093 et
3295 5038 3676 5094 conditionis.
3705 5032 3781 5090 Ad

2133 5125 2439 5182 ecclesiam
2473 5125 2670 5196 itaque
2697 5124 2941 5199 contigit
2968 5126 3325 5199 deportatus,
3359 5142 3586 5198 perque
3617 5124 3781 5197 pedes

2135 5232 2432 5288 appensus
2462 5217 2572 5280 est,
2607 5213 2913 5286 multoque
2942 5213 3031 5270 vel
3063 5215 3194 5270 vino
3223 5212 3308 5268 vel
3357 5230 3516 5285 aqua
3565 5213 3782 5284 digesta

2131 5303 2326 5359 media
2356 5306 2524 5358 nocte
2553 5301 2652 5357 ubi
2683 5297 2850 5358 vivus
2879 5301 3152 5375 apparuit
3179 5301 3484 5372 depositus
3507 5305 3618 5367 est,
3641 5303 3697 5353 et
3724 5297 3778 5351 in

2131 5409 2258 5450 sese
2289 5389 2573 5464 paulatim
2605 5395 2898 5447 revertens
2929 5391 3071 5463 quid
3102 5406 3296 5446 secum
3320 5393 3600 5461 ageretur
3619 5386 3775 5442 vehe-

2129 5487 2357 5540 menter
2385 5479 2664 5537 admirari
2716 5479 2908 5554 cmpit.
2942 5480 3204 5555 Cumque
3249 5478 3652 5557 requireretur
3681 5471 3772 5532 ubi
