4066 6172
265 328 362 387 813
1226 296 1479 393 LIBER
1522 332 1624 392 DE
1668 331 2101 396 MIRACULIS
2146 335 2211 395 s.
2262 333 2669 397 MAXIMINI.

3560 345 3676 412 814

261 459 542 527 fuerit,vel
576 460 825 533 qualiter
855 477 959 534 per
986 468 1073 519 tot
1102 464 1378 521 horarum
1412 470 1709 521 momenta
1742 465 1898 521 inter
1933 468 1987 533 Α
2020 467 2316 523 dimovere
2347 467 2929 543 valeret,cursimque
2960 473 3032 526 ad
3065 473 3313 529 domum
3345 477 3435 531 sui
3458 477 3680 535 domini

262 551 435 606 undas
465 549 658 605 vivere
688 551 971 623 potuerit:
991 553 1098 608 Pro
1128 553 1900 626 temeritate,inquit,quam

259 644 447 696 saneto
478 637 608 695 loco
641 638 836 705 intuli,
868 641 1045 696 morti
1077 643 1313 714 quidem
1345 642 1673 698 destinatus
1711 659 1900 709 eram,

258 729 346 784 sed
369 726 878 800 perinterventum
904 730 1103 802 magni
1126 730 1311 787 Patris
1335 731 1633 786 Maximini
1659 732 1730 786 ab
1750 732 1903 803 ipsis

254 816 449 872 Averni
480 817 751 872 faucibus
785 824 1090 874 revocatus
1121 824 1175 874 et
1205 820 1334 875 vitae
1375 820 1685 876 restitutus
1735 837 1897 889 sum,

254 905 635 978 clementique
668 906 843 960 modo
874 907 968 982 cui
1000 907 1278 978 injuriam
1312 908 1501 975 intuli,
1540 910 1667 981 ipse
1692 915 1903 965 auctor

253 996 418 1050 venite
454 1000 514 1049 et
545 995 755 1049 salutis
789 996 917 1050 fuit.
956 997 1129 1051 Facto
1161 1015 1351 1063 mane,
1389 998 1639 1069 nudipes
1670 1001 1728 1052 et
1757 1016 1896 1054 cum

254 1084 427 1139 multa
444 1083 777 1139 humilitate
798 1085 1220 1139 monasterium
1238 1087 1665 1158 expetit,scque
1678 1104 1898 1158 magno

252 1173 393 1228 Patri
430 1180 627 1227 nostro
658 1174 1475 1247 contradens,indulgentiam
1508 1193 1627 1229 sua:
1662 1176 1894 1230 temeri-

252 1261 378 1317 tatis
409 1262 723 1333 deposcere
755 1266 812 1315 et
845 1260 1130 1317 maximas
1159 1280 1262 1334 pro
1292 1264 1411 1317 vita
1441 1264 1765 1334 gratiarum
1799 1281 1896 1319 ae-

251 1350 428 1406 tiones
461 1350 790 1421 dependere
825 1349 1016 1422 cmpit,
1042 1350 1142 1422 qui
1173 1355 1344 1406 tanta:
1378 1352 1457 1406 rei
1493 1351 1660 1407 testis
1695 1352 1753 1406 in
1784 1352 1897 1409 hac

247 1438 358 1495 vita
386 1438 673 1512 plurimos
703 1440 1086 1511 postmodum
1117 1439 1294 1512 exigit
1323 1458 1530 1498 annos.

882 1527 1113 1584 CAPUT
1154 1528 1244 1584 IX.

247 1622 326 1675 De
350 1618 542 1673 clerico
569 1617 721 1689 lapso
747 1617 816 1673 ab
847 1617 1085 1673 ecclesia:
1129 1625 1278 1686 tecto,
1308 1627 1661 1690 permanente
1691 1620 1888 1678 illam.

314 1708 400 1763 33.
431 1705 796 1762 Venerabilis
822 1708 990 1761 Anno
1022 1706 1204 1761 abbas
1236 1706 1329 1762 cui
1360 1707 1421 1762 in
1449 1708 1749 1764 memoriis
1772 1709 1892 1780 pio-

246 1812 369 1852 rum
403 1795 671 1851 maxima'
706 1794 897 1867 portio
946 1799 1057 1862 est,
1092 1795 1327 1867 signum
1378 1798 1586 1852 usibus
1634 1797 1888 1854 ecclesia;

244 1884 548 1958 preparari
555 1883 1003 1956 jusserat,quod
1023 1885 1347 1940 secundum
1366 1886 1757 1957 quorumdam
1776 1904 1895 1943 mo-

243 1991 360 2029 rem
390 1973 747 2046 baptizatum
780 1976 837 2028 et
870 1988 1048 2044 super
1075 1977 1293 2027 tectum
1314 1973 1571 2029 ecclesiae
1603 1973 1889 2031 elevatum

241 2062 623 2134 est.Cumque
655 2062 715 2117 hi
751 2062 852 2133 qui
884 2060 1231 2129 extulerant,
1258 2079 1361 2133 per
1391 2068 1609 2117 tectum
1632 2064 1890 2120 ecclesias

242 2149 701 2218 deambularent,
736 2149 981 2221 quidam
1012 2148 1261 2205 clericus
1290 2149 1587 2206 incautius
1617 2153 1890 2224 gradiens

239 2238 353 2310 (cui
386 2254 596 2294 nomen
631 2234 1007 2295 Flodohicius
1039 2238 1231 2293 adhuc
1262 2240 1371 2310 est)
1399 2257 1516 2294 non
1547 2240 1797 2296 attendit
1812 2241 1888 2297 la-

239 2344 418 2400 quear
446 2325 622 2382 clavis
653 2327 899 2382 afﬁxam
923 2325 1238 2398 leviterque
1268 2330 1753 2399 suspensum,sed
1790 2330 1887 2385 lir-

238 2433 395 2471 mam
428 2416 776 2471 nanciscens
807 2414 889 2489 (id
918 2422 1014 2484 est,
1049 2418 1284 2488 putans)
1314 2416 1794 2485 materiamgmox
1824 2422 1890 2474 ut

235 2506 443 2579 pedem
474 2503 643 2576 quasi
660 2503 917 2560 liberum
935 2503 1315 2576 posuit,illico
1337 2521 1473 2561 cum
1494 2505 1700 2576 grandi
1718 2506 1889 2561 ruina

235 2592 541 2651 devolutus
569 2598 660 2649 est
693 2610 707 2649 :
739 2596 797 2649 et
824 2593 1017 2666 primo
1048 2593 1284 2665 quidem
1315 2593 1490 2666 capiti
1514 2592 1773 2649 crucifixi
1791 2595 1885 2650 cui

238 2682 483 2740 inferius
513 2683 708 2739 stabat
737 2681 1570 2753 Maximinus,illiditur,cujus
1599 2682 1754 2739 illico
1783 2700 1885 2738 co-

234 2788 439 2829 ronam
470 2772 896 2843 brachiumqne
925 2770 1228 2844 confregit,
1263 2775 1397 2842 post
1426 2787 1605 2843 super
1641 2771 1884 2827 cancelli

232 2862 507 2934 parietes,
543 2861 679 2916 inde
712 2877 893 2933 super
934 2859 1155 2932 gradus
1201 2858 1446 2932 ligneos,
1480 2860 1553 2915 ad
1604 2859 1884 2916 ultimum

229 2967 413 3023 super
440 2949 841 3022 pavimentum
874 2951 1170 3020 postratus
1201 2950 1429 3004 est.Sed
1460 2949 1555 3003 hic
1584 2948 1687 3004 tali
1709 2949 1884 3006 devo-

228 3040 393 3094 lutus
424 3039 597 3094 ruina
627 3055 730 3110 per
759 3037 1155 3093 interventum
1186 3037 1375 3092 Patris
1416 3036 1720 3093 Maximini
1769 3038 1883 3093 sibi

228 3130 486 3185 donatus
518 3127 691 3183 hodie
720 3126 880 3194 vivit,
914 3142 1050 3181 cum
1082 3127 1199 3181 fere
1239 3126 1479 3197 triginta
1520 3132 1579 3181 et
1628 3125 1885 3199 amplius

224 3218 369 3275 anni
401 3220 542 3274 sunt
572 3233 688 3288 quo
720 3215 830 3271 hoc
861 3219 1161 3287 peractum
1194 3220 1300 3270 est.

890 3303 1122 3360 CAPUT
1161 3304 1227 3359 X.

483 3398 563 3450 De
589 3409 649 3450 eo
677 3394 834 3466 cujus
864 3410 1062 3449 manus
1090 3393 1363 3450 hwscrunt
1386 3396 1638 3465 fossorio.

300 3482 676 3553 35.Ejusdem
710 3482 789 3554 pii
820 3482 1047 3539 abbatis
1069 3483 1330 3539 Annonis
1359 3482 1723 3556 temporibus
1746 3500 1881 3537 cum

218 3571 342 3628 adh
353 3588 424 3627 uc
442 3569 770 3627 infantulus
795 3587 985 3628 essem
1004 3574 1215 3643 (neque
1232 3572 1388 3627 enim
1409 3572 1735 3637 audita,sed
1755 3589 1881 3643 quae

216 3660 342 3715 vidi
364 3665 710 3715 narraturus
725 3659 1156 3732 sum),contigit
1180 3661 1333 3731 quod
1350 3660 1479 3715 dico
1501 3658 1877 3728 miraculum,

216 3748 577 3805 Benedictus
593 3748 835 3820 quidam
848 3748 1153 3804 dicebatur
1165 3764 1279 3802 non
1294 3747 1738 3804 contemnendae
1751 3749 1881 3820 epis

211 3837 490 3906 colonus,
526 3836 629 3909 qui
662 3837 721 3892 in
750 3836 891 3893 villa
921 3836 1092 3892 nobis
1124 3836 1519 3908 contigua,eui
1548 3835 1882 3907 Godgiacus

210 3943 441 3982 nomen
474 3925 1022 3994 est,habitabat.llic
1052 3927 1126 3982 ad
1159 3924 1489 3981 fodiendum
1520 3923 1631 3980 sibi
1651 3928 1879 3996 partem

208 4013 352 4087 agri
386 4015 702 4087 quemdam
735 4014 1128 4071 adventicium
1160 4015 1425 4071 mercede
1451 4011 1749 4070 conduxit.
1768 4013 1879 4069 Im-

208 4104 492 4160 minebat
522 4108 720 4161 autem
754 4103 934 4176 hujus
963 4104 1153 4160 Patris
1184 4104 1310 4160 dies
1336 4103 1581 4159 festivus
1610 4101 1712 4174 qui
1742 4120 1881 4158 xvm

208 4190 886 4264 Kalend.Januariiejus
896 4191 1149 4249 transitu
1163 4192 1414 4265 insignis
1427 4190 1880 4248 habetur.Porro

207 4280 323 4337 ille
356 4279 463 4354 qui
490 4279 803 4338 colendum
826 4285 1164 4354 susceperat
1180 4298 1387 4353 agrum
1405 4281 1552 4337 tanti
1572 4279 1703 4336 festi
1722 4280 1881 4352 igna-

206 4387 351 4438 rus,
388 4373 590 4442 utpote
618 4370 894 4439 novitius,
940 4369 1230 4426 desiderio
1280 4369 1640 4426 accelerandi
1685 4369 1879 4441 operis

207 4475 514 4515 accensus
543 4459 637 4515 die
677 4458 882 4515 festivo
931 4457 1306 4515 illucescente
1355 4458 1692 4525 l'ossorium,
1724 4457 1880 4529 quod

2015 572 2450 624 reversus,cum
2482 557 2704 628 ingenti
2736 559 2961 630 ejulatu
2994 561 3135 633 quid
3168 566 3468 635 pateretur
3482 570 3685 636 esten-3

2015 642 2119 699 dit.
2154 645 2259 701 Ille
2290 651 2506 717 putans
2538 647 2750 719 frigore
2792 666 3007 704 manus
3054 651 3185 722 ejus
3235 651 3487 725 riguisse
3519 651 3680 726 (nam

2012 734 2333 790 vehemens
2365 739 2505 789 tunc
2537 734 2726 792 hiems
2761 736 3088 808 ingruerat)
3122 755 3279 811 aqua
3295 741 3547 797 caleﬁeri
3578 742 3687 799 im-

2014 818 2199 894 per'at,
2238 823 2609 895 rigentesque
2639 842 2706 879 ea
2732 826 3083 881 contrectari
3127 845 3363 885 manus.
3398 831 3498 887 Ille
3546 849 3677 889 am-

2012 911 2167 981 plius
2200 913 2476 983 ejulando
2508 930 2569 967 se
2601 914 2858 984 torqueri
2890 913 3376 972 inclamat.Porro
3407 919 3685 975 dominus

2009 1001 2138 1069 ejus
2175 1019 2403 1055 memor
2435 1001 2560 1056 festi
2585 1003 2772 1058 factus
2794 1003 3337 1059 iutcllexitcausam
3362 1007 3678 1065 detinentis

2008 1103 2145 1143 eum
2180 1088 2513 1153 anxietatis,
2531 1095 2586 1144 et
2610 1108 2742 1145 mox
2764 1109 2900 1147 eum
2925 1092 2997 1145 ad
3026 1096 3452 1149 monasterium
3470 1096 3680 1151 direxit

2007 1175 2263 1231 indicem
2298 1178 2387 1232 sui
2426 1183 2622 1232 reatus
2654 1196 2768 1249 prze
2803 1181 3080 1235 manibus
3112 1187 3465 1253 gestantem.

2076 1265 2361 1319 35.Missa
2391 1272 2710 1321 cauebatur
2740 1268 3257 1340 Dominica,eoque
3278 1277 3516 1327 ventum
3549 1277 3676 1329 erat

2006 1368 2121 1423 quo
2149 1354 2356 1425 Agnus
2386 1353 2488 1408 Dei
2521 1354 2620 1425 qui
2652 1371 2755 1425 pro
2780 1355 2953 1410 nobis
2969 1359 3059 1410 est
3077 1354 3420 1413 immolatus
3434 1359 3670 1415 etinvo-

2004 1443 2172 1495 catur
2199 1445 2258 1496 et
2288 1441 2708 1509 sumitur,cum
2740 1442 2839 1498 ille
2871 1442 3057 1498 multo
3080 1442 3334 1500 clamore
3358 1446 3666 1504 ecclesiam

2004 1528 2313 1601 ingressus
2346 1534 2482 1585 ante
2517 1529 2701 1586 altare
2735 1532 3038 1602 projectus
3069 1536 3179 1588 est.
3213 1532 3525 1607 Primoque
3550 1552 3666 1609 pu-

2002 1621 2190 1672 tatum
2221 1623 2312 1673 est
2341 1634 2477 1673 cum
2510 1635 2544 1673 a
2573 1619 2837 1675 daemone
2870 1619 3110 1691 agitari;
3131 1620 3340 1678 deinde
3370 1639 3504 1679 vero
3526 1640 3666 1697 qua-

2000 1703 2136 1759 dam
2170 1704 2549 1762 simulatione
2580 1707 2690 1763 hoc
2722 1722 2858 1762 eum
2897 1706 3137 1763 ﬁnxisse
3184 1711 3661 1782 suspicabantur.

2001 1792 2165 1848 Unde
2195 1799 2253 1849 et
2286 1795 2626 1851 accedentes
2660 1796 2971 1851 tentabant
3000 1812 3215 1853 manus
3235 1800 3366 1870 ejus
3395 1801 3662 1871 evellere,
3686 1828 3691 1833 λ

2005 1880 2105 1936 sed
2138 1880 2304 1937 nulla
2333 1882 2393 1938 id
2436 1883 2659 1939 ratione
2702 1884 2933 1940 efficere
2982 1889 3321 1956 potuerunt.
3353 1888 3664 1945 Decretum

2005 1969 2188 2041 igitur
2217 1987 2251 2024 a
2277 1971 2610 2028 senioribus
2641 1973 2929 2045 processit
2962 1989 3066 2044 pro
3096 1991 3164 2029 eo
3196 1974 3430 2032 litanias
3447 1978 3669 2044 fieri,ut

2002 2058 2101 2129 qui
2134 2075 2271 2114 eum
2305 2062 2569 2131 potentia
2598 2060 3206 2129 vinxerat,clcmcntia
3226 2063 3446 2121 solvere
3467 2066 3669 2138 digna-

2002 2147 2300 2202 retur.Ubi
2331 2164 2468 2205 vero
2502 2151 2572 2204 ad
2605 2149 2938 2204 convivium
2968 2155 3209 2207 ventum
3241 2154 3668 2222 est,constituti

2000 2240 2140 2289 sunt
2165 2236 2263 2306 qui
2294 2236 2347 2291 ei
2379 2238 2540 2293 cibos
2572 2238 2630 2293 in
2664 2237 2911 2293 ecclesia
2955 2239 3267 2311 deferrent,
3298 2247 3357 2298 et
3399 2243 3485 2298 ori
3534 2244 3665 2314 ejus

2000 2322 2078 2377 im
2086 2326 2538 2394 ponerent.Post
2568 2343 2784 2382 mensas
2804 2331 2999 2382 autem
3018 2329 3392 2387 refectionem
3413 2330 3664 2387 accessit

1998 2411 2070 2466 ad
2102 2428 2240 2467 eum
2271 2414 2516 2484 quidam
2549 2415 2726 2470 frater
2763 2415 2935 2471 Wido
2967 2417 3207 2474 nomine
3253 2419 3395 2476 olim
3444 2420 3659 2476 saeculo

1996 2500 2431 2571 exspectabilis,
2466 2506 2523 2557 et
2554 2502 2838 2574 perquirit
2868 2504 2938 2559 ab
2971 2520 3038 2559 eo
3067 2507 3242 2576 cujus
3271 2512 3427 2565 esset
3454 2508 3657 2565 condi-

1996 2587 2192 2643 tionis.
2237 2591 2363 2654 Quo
2413 2592 2804 2662 respondente
2849 2609 2910 2647 se
2957 2592 3211 2650 liberum
3259 2613 3389 2652 esse
3421 2613 3435 2652 :
3469 2598 3656 2669 Surge

1995 2676 2330 2749 ergo,ait,et
2360 2679 2643 2734 accedens
2674 2680 2749 2734 ad
2779 2679 2961 2735 altare
2991 2686 3199 2752 sponte
3222 2685 3475 2756 teipsum
3497 2685 3653 2741 Patri

1997 2769 2196 2820 nostro
2228 2768 2528 2837 contrade,
2562 2773 2617 2823 et
2648 2768 2800 2824 illico
2832 2768 3195 2826 liberaberis.
3230 2773 3353 2838 Quo
3403 2789 3651 2829 consen-

1995 2852 2174 2909 tiente
2207 2854 2308 2909 dat
2335 2854 2387 2911 ei
2418 2873 2662 2911 manum
2690 2862 2756 2913 ut
2785 2861 3071 2929 surgeret.
3091 2858 3431 2917 Conductus
3452 2861 3651 2935 itaque

1995 2942 2068 2997 ad
2114 2941 2319 3013 altare,
2355 2945 2496 3016 quia
2543 2946 2818 3001 manibus
2861 2946 3161 3019 nequibat,
3208 2965 3346 3005 voce
3394 2950 3648 3023 supplici

1995 3031 2257 3102 scipsum
2289 3035 2639 3092 contradens
2672 3036 2754 3091 ait
2785 3052 2799 3090 :
2834 3036 2893 3091 S.
2917 3037 3319 3105 Maxime,mei
3346 3038 3642 3109 miserere,

1993 3125 2052 3175 et
2080 3138 2173 3175 me
2204 3120 2299 3178 his
2329 3123 2579 3179 vinculis
2612 3125 2949 3181 absolutum
2973 3124 3311 3199 ubicunque
3340 3128 3503 3184 fuero
3534 3144 3651 3183 ser-

1914 3211 1957 3279 C
1994 3228 2131 3266 vum
2168 3215 2336 3267 tuum
2368 3230 2497 3270 esse
2527 3216 3003 3287 cognosce.Quod
3033 3214 3234 3272 dicens
3262 3216 3422 3273 velut
3450 3217 3647 3274 fortis-

1993 3300 2140 3357 sime
2170 3301 2323 3357 ietus
2353 3303 2579 3371 fuisset,
2615 3308 2934 3360 retrorsum
2967 3304 3198 3374 cecidit,
3231 3310 3289 3361 et
3327 3307 3645 3363 fossorium

1992 3387 2163 3463 longe
2193 3389 2252 3446 in
2288 3390 2533 3448 alteram
2578 3396 2803 3464 partem
2851 3392 3128 3449 desiliens
3178 3394 3401 3467 ingenti
3445 3396 3643 3451 sonitu

1994 3478 2213 3535 multos
2245 3481 2524 3536 admirari
2547 3481 2713 3550 fecit;
2749 3483 2954 3538 fratres
2999 3499 3233 3555 quoque
3274 3488 3644 3541 accurrentes

1993 3584 2127 3622 cum
2146 3567 2563 3640 ingentijubilo
2581 3571 2861 3641 correptis
2884 3570 3072 3641 signis
3087 3571 3405 3628 Dominum
3421 3573 3645 3644 magni-

1993 3672 2123 3711 care
2155 3662 2454 3728 coeperunt
2485 3662 2624 3712 sunt
2653 3659 2931 3713 omnibus
2978 3658 3294 3714 virtutibus
3342 3659 3468 3715 suis
3512 3660 3641 3732 qui-

1992 3745 2103 3800 bus
2134 3750 2368 3800 sanctos
2397 3762 2537 3800 suos
2567 3746 2891 3817 gloriﬁcare
2924 3764 3038 3802 non
3061 3747 3468 3818 desistit,quos
3484 3748 3641 3820 apud

1991 3851 2054 3889 se
2085 3850 2214 3889 vere
2242 3833 2431 3889 vivere
2462 3833 2994 3901 demonstrat,dum
3027 3835 3182 3906 apud
3217 3851 3420 3891 eorum
3451 3834 3642 3891 exani-

1991 3925 2182 3977 matos
2198 3922 2423 3977 cineres
2452 3922 2788 3993 superbiam
2812 3921 3129 3978 viventium
3158 3926 3281 3979 tam
3311 3922 3554 3993 pulchre
3574 3927 3641 3978 et

1990 4011 2285 4083 eleganter
2298 4009 2986 4081 triumphat.Fossorium
3006 4027 3141 4066 vero
3159 4009 3302 4065 illud
3321 4010 3391 4066 ad
3407 4009 3643 4083 laquear

1990 4098 2246 4155 ecclesiae
2277 4098 2376 4154 diu
2404 4098 2763 4170 pependit,et
2782 4097 2958 4154 homo
2982 4097 3077 4156 ille
3094 4099 3415 4171 quotannis
3432 4099 3641 4174 capitis

1991 4186 2083 4243 sui
2114 4204 2355 4243 censum
2387 4187 2479 4243 die
2511 4203 2706 4243 annuo
2747 4203 2925 4260 super
2953 4187 3134 4246 altare
3183 4188 3276 4246 sui
3310 4187 3640 4248 liberatoris

1991 4274 2286 4348 persolvit.

2631 4364 2864 4423 CAPUT
2902 4366 2995 4422 XI.

2156 4455 2230 4512 De
2261 4454 2527 4528 fratribus
2557 4456 2764 4510 territis
2791 4463 2841 4512 et
2870 4454 3205 4511 mirabiliter
3231 4455 3477 4512 solvatis.

206 4549 466 4604 bessam
497 4546 737 4620 (Gallice
769 4547 948 4617 bechc)
980 4547 1185 4603 dicunt
1215 4547 1418 4615 sumit,
1448 4552 1505 4603 ct
1535 4550 1881 4619 operaturus
1914 4583 1961 4646 Β
2061 4543 2151 4646 3t}.
2186 4544 2295 4599 Sed
2331 4543 2467 4615 quia
2499 4543 2630 4615 pius
2662 4542 2831 4600 Pater
2869 4542 3184 4643 aliquando
3231 4543 3424 4646 {ilium
3466 4543 3638 4645 donis

202 4653 508 4708 campum
541 4636 1000 4708 petit.0perante
1031 4653 1239 4704 eo,vox
1271 4636 1469 4691 subito
1486 4636 1558 4690 ad
1578 4652 1710 4689 eum
1730 4634 1884 4689 facta

199 4731 332 4794 est,
373 4744 499 4798 quae
530 4726 778 4782 diceret:
817 4726 1077 4782 Teduinc
1110 4726 1217 4797 (sic
1248 4727 1404 4781 enim
1439 4727 1488 4780 is
1520 4725 1876 4796 vocabatur),

197 4832 412 4887 quare
444 4814 552 4869 hoc
578 4814 742 4886 agis?
758 4814 1021 4886 Cumque
1054 4814 1150 4869 ille
1181 4814 1294 4869 huc
1312 4821 1369 4869 et
1388 4813 1523 4868 illuc
1540 4813 1721 4881 versis
1738 4829 1879 4867 ocu-

196 4903 289 4958 lis
350 4903 648 4958 neminem
696 4903 963 4967 vidisset,
1015 4903 1175 4975 Operi
1234 4908 1420 4975 empto
1480 4902 1714 4971 institit,
1778 4903 1879 4956 sed

199 4991 620 5047 nihilominus
677 4992 882 5046 eadem
941 5009 1049 5047 vox
1107 4992 1328 5046 eisdem
1378 4989 1588 5056 verbis,
1622 5008 1729 5045 cur
1776 4990 1883 5044 hoc

200 5080 1078 5154 prazsumeret,pcrquisivit.At
1107 5080 1203 5134 ille
1223 5078 1539 5151 respiciens
1568 5083 1625 5132 et
1655 5078 1884 5133 nullum

195 5171 475 5227 omnino
506 5168 943 5238 videns,fossati
970 5185 1241 5241 aggerem
1257 5185 1370 5239 quo
1401 5183 1645 5237 campus
1668 5166 1881 5222 ambie-

194 5244 406 5318 batur
434 5259 797 5327 conscendit,
831 5263 889 5314 et
920 5257 1230 5331 diligenter
1265 5253 1697 5326 contemplatus
1744 5272 1878 5309 cum

196 5350 532 5406 neminem
582 5348 824 5416 videret,
874 5347 948 5402 ad
1006 5363 1154 5417 opus
1211 5362 1385 5399 suum
1445 5361 1710 5399 reversus
1767 5348 1874 5398 est.

194 5440 341 5495 Sed
405 5440 577 5495 tertio
622 5437 815 5493 verbis
862 5436 1084 5492 eisdem
1135 5436 1338 5491 eadem
1389 5450 1495 5488 vox
1545 5449 1679 5487 eum
1712 5449 1875 5487 com-

194 5528 484 5602 pescuit,
517 5530 575 5583 et
605 5543 739 5581 mox
770 5524 1096 5599 rigentibus
1127 5522 1328 5596 digitis
1362 5527 1483 5578 tam
1521 5520 1707 5578 valide
1751 5538 1872 5576 ma-

191 5635 340 5676 nus
372 5617 507 5691 ejus
538 5614 783 5674 fessorio
832 5613 1147 5684 haeserunt,
1183 5617 1247 5671 ut
1295 5611 1459 5669 nulla
1502 5610 1726 5670 ratione
1773 5628 1872 5669 eas

1994 4631 2665 4703 mulcet,nonnunquam
2699 4648 2802 4703 per
2832 4631 3157 4687 severitatis
3188 4632 3640 4688 animadversio-

1990 4738 2123 4775 nem
2157 4725 2462 4787 coercet,et
2498 4721 2789 4775 interdum
2814 4737 3091 4792 prospera
3119 4721 3261 4775 dum
3286 4721 3637 4777 securiorem

1990 4811 2244 4865 reddunt
2274 4810 2559 4876 animum,
2593 4809 2849 4863 deterius
2892 4813 3183 4876 sternunt,
3219 4810 3461 4866 adversa
3504 4827 3637 4867 vero

1992 4898 2478 4971 circumspectius
2509 4914 2679 4969 agere
2708 4913 3001 4968 quemque
3031 4904 3424 4967 commonent;
3442 4898 3639 4955 remis-

1994 5006 2178 5044 s.ores
2213 5006 2319 5043 nos
2352 4990 2545 5041 forsan
2578 4985 2812 5041 divinus
2868 4987 3175 5042 attendens
3223 4988 3428 5045 oculus
3478 4992 3639 5046 tanto

1994 5079 2176 5133 factos
2190 5074 2876 5145 miraculo,eonsequenti
2893 5076 3374 5149 temporeplacuit
3387 5078 3642 5149 quodam

1993 5172 2209 5221 terrere
2241 5164 2582 5231 infortunio,
2617 5180 2732 5235 qno
2766 5163 3113 5219 mirabiliter
3143 5165 3384 5237 quidem
3433 5165 3642 5234 territi,

1990 5256 2091 5310 sed
2144 5272 2246 5325 per
2294 5254 2591 5308 inventum
2636 5253 2901 5323 ejusdem
2934 5252 3186 5324 piissimi
3236 5254 3421 5310 Patris
3453 5256 3637 5311 nostri

1989 5342 2318 5399 mirabilius
2350 5358 2558 5415 sumus
2580 5340 2804 5397 salvati.
3007 5346 3019 5379 -’

2058 5436 2147 5489 37.
2182 5429 2571 5501 Consequenti
2600 5430 2757 5485 enim
2800 5434 3000 5485 aestate
3052 5431 3403 5504 intempesta
3449 5432 3639 5488 noctis

1984 5522 2130 5579 hora
2160 5519 2395 5576 subitus
2422 5518 2593 5574 turbo
2625 5517 2838 5574 cmlum
2859 5510 3187 5589 contristat,
3221 5519 3492 5596 caliginis
3512 5537 3641 5594 pro-

1983 5611 2243 5671 funditas
2274 5624 2507 5669 omnem
2542 5608 2747 5667 adimit
2776 5608 2993 5681 visum,
3024 5609 3252 5669 corusci
3302 5610 3637 5687 frequentes
