4066 6172
262 339 381 401 817

1272 341 1505 405 LIBER
1550 341 1654 402 DE
1700 337 2128 400 MIRACULIS
2187 342 2252 401 S.
2300 341 2704 408 MAXIMINL

3595 355 3715 417 818

265 473 544 545 deinceps
567 471 642 528 ab
664 471 784 530 ullo
806 472 1078 550 episcopo
1100 478 1510 553 acciperentur
1529 471 1937 546 scriptoetau-
1969 470 2028 540 Α
2057 470 2361 529 Maximini
2392 491 2531 531 voce
2563 475 2815 548 supplici
2842 477 2926 532 illi
2963 479 3284 552 implerant
3325 483 3627 555 auxilium,
3657 493 3717 546 et

263 562 532 620 ctoritate
552 561 820 634 synodali
841 565 1253 624 sancivit.Pest
1273 583 1406 623 vero
1426 565 1676 621 Romam
1688 577 1940 634 pergens

261 652 562 708 decretum
595 651 920 722 apostolica
947 657 1295 713 auctoritate
1344 655 1576 712 editum
1611 654 1788 722 atque
1821 649 1939 704 fer-

251 745 493 796 .matum
525 743 731 796 nostra
763 739 958 799 littera
989 745 1048 800 in
1080 746 1302 812 charta,
1335 748 1393 799 et
1437 743 1711 798 Romana
1740 739 1801 794 in
1833 755 1937 810 pa-

259 827 747 903 pyre,transcribi
782 831 1352 906 fecit,revertensque
1384 832 1442 886 in
1477 829 1701 886 scrinio
1732 831 1939 883 nostro

259 917 585 978 collocavit.
622 919 686 974 In
720 935 844 990 quo
876 921 1108 980 decreto
1139 923 1383 988 addidit,
1419 924 1485 974 ut
1517 933 1829 990 nunquam
1866 917 1940 972 de

259 1008 456 1079 aliquo
489 1007 849 1064 monasterio
880 1009 939 1065 in
968 1013 1170 1067 eodem
1204 1011 1326 1066 sine
1358 1010 1620 1063 fratrum
1641 1023 1938 1062 consensu

260 1101 592 1163 crearetur;
628 1099 791 1168 quod
817 1099 922 1170 qui
957 1100 1143 1157 facere
1172 1097 1656 1173 prmsumpsisset
1697 1095 1938 1151 anathe-

261 1190 417 1241 mate
450 1184 824 1258 plecteretur.
858 1189 984 1252 Qua
1013 1189 1086 1244 de
1116 1205 1174 1244 re
1203 1187 1432 1243 animos
1465 1186 1715 1240 fratrum
1735 1201 1802 1240 eo
1821 1183 1934 1240 sibi

260 1275 610 1340 conciliavit,
649 1279 718 1331 ut
758 1275 913 1331 inter
961 1281 1170 1332 caetera
1227 1276 1430 1332 munia
1478 1290 1721 1347 precum
1771 1274 1934 1329 omni

259 1364 626 1422 hebdomada
659 1363 1023 1420 sacrificium
1040 1365 1233 1421 laudis
1251 1366 1342 1420 bis
1359 1364 1725 1422 offerendum
1744 1380 1850 1435 pro
1866 1380 1934 1418 eo

257 1455 433 1526 atque
456 1452 993 1525 predecesseribus
1009 1455 1575 1524 successeribusque
1598 1451 1724 1508 suis
1739 1453 1935 1508 decer-

258 1545 444 1598 netur.
485 1540 590 1596 Sed
626 1541 699 1596 de
732 1540 824 1596 his
855 1541 1176 1598 hactenus.
1207 1542 1427 1598 Verum
1459 1541 1599 1612 quia
1631 1542 1701 1596 de
1730 1540 1931 1614 magni

257 1630 447 1688 Patris
473 1629 776 1686 Maximini
826 1629 1156 1687 virtutibus
1209 1648 1396 1702 pauca
1447 1631 1928 1703 perstrinximus,

256 1721 328 1778 ad
362 1736 432 1777 ea
461 1737 586 1792 quae
619 1718 714 1774 his
745 1719 961 1775 diebus
994 1720 1107 1775 sub
1137 1719 1247 1776 hoc
1279 1719 1502 1776 scilicet
1547 1719 1758 1776 abbate
1788 1736 1931 1774 cen-

237 1801 514 1885 tigerunt
545 1810 925 1866 accedamus.

874 1897 1114 1955 CAPUT
1153 1898 1303 1954 XIII.

398 1989 474 2046 De
504 1988 588 2043 his
621 1990 720 2060 qui
748 1987 848 2042 .sub
881 1994 1029 2042 terra
1057 1986 1240 2043 obruti
1265 1995 1398 2043 sunt
1429 2003 1526 2043 nec
1555 1988 1780 2043 mortui.

328 2079 420 2134 42.
456 2077 678 2132 Domus
709 2073 1013 2146 hospitum
1046 2078 1347 2132 corruerat
1375 2080 1434 2131 et
1465 2091 1595 2132 eam
1629 2079 1930 2130 exstruere

254 2182 621 2240 cmperamus
648 2182 662 2232 ;
701 2168 862 2219 trans
895 2162 1146 2236 Ligerim
1182 2167 1379 2220 autem
1413 2164 1624 2238 argilla
1656 2163 1926 2236 quaedam

253 2255 646 2323 invenitur,de
677 2270 799 2325 qua
827 2253 1090 2308 caementi
1111 2253 1235 2309 vice
1267 2252 1377 2309 levi
1408 2257 1652 2327 sumptu
1673 2253 1927 2326 parietes

252 2345 582 2418 eriguntur.
615 2342 703 2397 Ad
735 2341 885 2397 hanc
916 2357 1052 2414 ergo
1087 2341 1428 2398 fediendam
1467 2341 1738 2416 deputati
1790 2345 1930 2397 sunt

251 2433 534 2508 operarii;
554 2447 809 2504 cumque
839 2432 898 2486 in
930 2430 1168 2503 proclivi
1198 2433 1418 2490 mentis
1436 2439 1603 2506 parte
1630 2435 1924 2500 foderant,

252 2531 310 2581 et
341 2519 686 2594 introgressi
709 2523 928 2577 terram
951 2525 1273 2593 egererent,
1289 2537 1467 2580 mens
1489 2523 1812 2580 imminens
1834 2537 1932 2584 su-

258 2629 364 2686 per
391 2628 492 2667 eos
520 2608 752 2678 cecidit,
785 2613 843 2665 et
873 2610 1020 2666 duos
1049 2609 1290 2666 omnino
1320 2617 1664 2686 contegens,
1682 2615 1925 2673 tertium

261 2705 496 2759 tantum
529 2699 719 2771 capite
748 2715 981 2770 quoque
1011 2698 1152 2754 foris
1177 2706 1500 2771 apparente
1531 2703 1927 2776 iugentimele

261 2787 970 2863 compressit.Exsanguis
1000 2787 1188 2844 factus
1205 2789 1538 2847 monachus
1559 2791 1661 2864 qui
1679 2807 1780 2849 eos
1797 2809 1929 2850 con-

263 2881 754 2945 duxerat,nomen
777 2876 965 2932 Patris
996 2876 1297 2933 Maximini
1329 2880 1927 2954 crebroingeminans

271 2968 522 3026 advolat.
560 2967 673 3023 Sed
704 2965 840 3038 quis
868 2982 968 3022 eos
993 2965 1184 3022 vivere
1228 2970 1506 3038 putaret?
1532 2972 1808 3027 Attamen
1841 2972 1925 3030 illi

263 3057 424 3116 omni
459 3056 593 3113 nisu
623 3054 998 3129 insurgentes
1030 3056 1296 3112 certatim
1330 3061 1547 3115 terram
1579 3064 1925 3129 eruunt,sed

263 3151 433 3205 tanta
463 3144 618 3202 mole
649 3144 942 3201 involutos
973 3150 1236 3201 mortuos
1264 3146 1716 3205 dicunt.Verum
1741 3151 1925 3208 multo
1985 3205 1991 3215 ,

263 3237 464 3295 labere
496 3235 764 3308 impenso
793 3251 940 3307 quos
956 3235 1274 3290 exstinctos
1296 3238 1774 3308 putabant,vivos
1791 3241 1928 3297 edu-
1954 3217 1998 3286 α

264 3329 428 3383 cunt.
461 3324 727 3396 Cumque
755 3323 816 3379 hi
850 3324 949 3395 qui
982 3323 1175 3380 educti
1207 3323 1442 3382 fuerant
1479 3326 1539 3382 in
1587 3329 1924 3402 gestatoriis

263 3416 740 3487 apportarentur,
775 3410 961 3467 multo
1001 3427 1212 3484 pavore
1255 3413 1489 3470 attoniti
1543 3417 1687 3471 dum
1736 3417 1924 3474 nubes

261 3502 529 3559 volantes
553 3501 850 3570 viderunt,
883 3505 1140 3557 montem
1175 3501 1388 3557 iterum
1437 3519 1608 3559 ruere
1652 3508 1926 3576 putantes

264 3590 714 3659 d-icebant:Va3,
743 3589 852 3645 vasi
873 3588 1085 3645 iterum
1119 3588 1461 3659 moriemur,
1496 3607 1630 3647 ecce
1663 3597 1925 3650 mentem

264 3682 574 3739 cadentem
604 3679 892 3736 videmus.
912 3679 958 3734 Ii
990 3680 1172 3752 igitur
1200 3694 1304 3750 per
1323 3678 1718 3737 interventum
1739 3682 1928 3740 Patris

267 3769 573 3826 Maximini
607 3785 678 3824 ne
711 3784 858 3840 opus
889 3783 1091 3824 eorum
1139 3770 1325 3823 morte
1373 3767 1711 3838 fmderatur,
1747 3773 1805 3825 et
1854 3772 1926 3828 ab

266 3856 512 3914 interitu
545 3855 750 3914 salvati
784 3859 1007 3924 sunt,et
1032 3854 1358 3912 incolumes
1381 3858 1574 3914 adhuc
1596 3857 1655 3913 in
1678 3857 1790 3914 hac
1811 3859 1929 3916 vita

271 3946 632 4004 subsistunt.

890 4035 1121 4092 CAPUT
1160 4035 1304 4091 XIV.

717 4126 790 4181 De
808 4140 944 4181 caeco
974 4127 1035 4180 in
1059 4140 1262 4197 aquam
1289 4139 1484 4181 merso.

346 4216 438 4270 43.
466 4215 571 4269 Pro
606 4213 900 4285 lapidibus
929 4214 1000 4270 ad
1034 4214 1277 4270 domum
1309 4214 1708 4286 supradictam
1731 4233 1932 4273 conve-

268 4303 486 4361 hendis
513 4302 846 4359 Almarieus
877 4302 1061 4359 abbas
1091 4318 1224 4358 cum
1278 4302 1632 4374 quibusdam
1682 4304 1928 4362 fratrum

271 4407 450 4450 amne
483 4391 802 4448 commisso
833 4407 1010 4464 super
1041 4390 1211 4447 littus
1225 4391 1507 4458 stabat,et
1521 4392 1818 4464 operarios
1839 4395 1929 4450 sui

270 4480 588 4555 praesentia
617 4480 811 4536 acrius
845 4479 1165 4536 animabat.
1189 4481 1335 4536 Cum
1367 4495 1499 4536 ecce
1528 4481 1769 4553 quidam
1795 4499 1934 4554 pau-

271 4585 381 4643 per
410 4567 634 4624 lumine
665 4568 969 4626 oculorum
1001 4584 1226 4637 carens,
1249 4569 1488 4626 ductore
1518 4569 1726 4642 praevio
1761 4587 1924 4642 usus,

270 4658 448 4730 stipis
479 4657 739 4730 petenda:
770 4659 959 4730 gratia
980 4657 1386 4715 molendinum
1418 4659 1817 4731 petebat.Erat
1833 4678 1931 4719 au-

273 4753 400 4804 tem
430 4764 464 4803 a
478 4746 673 4802 littore
689 4745 748 4801 in
768 4747 1170 4804 molendinum
1191 4745 1578 4822 tabulalenga
1589 4753 1646 4804 et
1657 4754 1929 4822 angusta.

270 4853 382 4910 per
409 4852 586 4908 quam
606 4841 1006 4892 commeantes
1032 4837 1196 4893 ibant
1211 4841 1268 4893 et
1295 4838 1822 4908 revertebantur,in
1838 4855 1934 4896 cu-

265 4927 379 5000 jus
409 4925 604 4981 medio
635 4925 816 4982 orbus
847 4925 944 4982 ille
973 4926 1306 4995 deveniens,
1340 4927 1486 4998 pede
1515 4926 1700 4999 lapse,
1733 4932 1932 5001 utpote

273 5031 398 5073 non
429 5015 656 5083 videns,
689 5015 748 5070 in
782 5032 996 5088 aquam
1028 5015 1256 5084 cecidit,
1289 5019 1348 5071 et
1378 5031 1566 5087 usque
1595 5017 1668 5072 ad
1700 5018 1934 5088 profun-

274 5101 427 5157 dum
452 5101 1090 5175 delapsus,iterumque
1119 5103 1677 5175 resurgens,rapidis
1695 5105 1931 5162 fluentis

277 5191 421 5246 ferri
453 5190 820 5247 velocissime
846 5192 1038 5266 cmpit.
1074 5193 1237 5260 Quod
1269 5192 1398 5263 ejus
1443 5193 1652 5248 ductor
1701 5192 1928 5264 videns,

275 5279 636 5352 quantocius
668 5279 922 5337 clamare
951 5281 1411 5354 cmpit.Cumque
1441 5280 1930 5355 smpiusresurge-

275 5371 390 5434 ret,
417 5368 590 5423 multi
619 5370 1172 5439 concurrebant,sed
1205 5371 1513 5426 adversum
1538 5370 1798 5426 fluminis
1829 5370 1934 5426 im-

275 5461 488 5530 petum
539 5462 786 5514 conatus
835 5458 1163 5516 inefficaces
1212 5462 1398 5514 erant.
1433 5458 1606 5514 Porro
1651 5459 1834 5515 abbas
1875 5464 1934 5516 et

276 5545 498 5601 fratres
530 5546 628 5618 qui
662 5563 796 5603 cum
829 5564 894 5604 ee
924 5552 1110 5617 erant,
1144 5553 1200 5604 et
1231 5548 1339 5603 hoc
1372 5547 1771 5615 intuebantur,
1787 5551 1852 5602 ut
1881 5549 1932 5604 ei

273 5636 560 5692 viderunt
591 5636 916 5695 humanum
950 5639 1151 5695 deesse
1182 5637 1652 5706 auxilium,illico
1670 5637 1932 5695 S.Patris

2052 577 2187 617 mox
2216 562 2269 619 is
2301 564 2403 636 qui
2436 564 3404 637 trahebatur,undafamulante,ad
3429 572 3595 630 littus
3625 577 3717 632 de-

2050 654 2276 735 vectus,
2310 656 2368 708 et
2396 670 2430 708 a
2461 654 2716 725 quodam
2751 655 2854 728 qui
2885 673 3022 712 cum
3075 659 3342 717 navicula
3379 661 3712 732 festinabat,

2050 739 2369 799 incolumis
2394 744 2616 814 ejectus
2649 748 2759 801 est.

2686 860 2923 917 CAPUT
2961 863 3076 918 XV.

2383 950 2458 1003 De
2483 965 2722 1020 paupere
2750 950 2851 1005 sub
2884 967 3022 1022 rupe
3052 951 3347 1011 habitante.

2123 1057 2359 1110 “Erat
2391 1061 2586 1112 autem
2621 1058 2697 1113 ibi
2733 1076 2909 1130 rupes
2935 1059 3101 1114 valde
3122 1063 3543 1136 eminens,qu:n
3567 1065 3712 1121 facie

2050 1162 2334 1201 conversa
2349 1147 2420 1200 ad
2439 1148 2718 1202 Austrum
2738 1148 3111 1219 amplissime
3131 1149 3378 1206 interius
3390 1153 3604 1224 gaudio
3619 1170 3714 1225 pa-

2049 1235 2235 1305 tebat,
2268 1235 2628 1308 dorsumpue
2661 1237 2928 1308 praebens
2976 1237 3272 1308 Aquiloni,
3306 1256 3493 1312 neque
3541 1241 3710 1298 facile

2047 1323 2372 1378 admittens
2405 1324 2800 1380 Subselanum
2835 1325 2992 1380 infra
3023 1343 3084 1379 se
3106 1327 3425 1384 maximam
3444 1330 3710 1402 apricita-

2045 1416 2164 1467 tem
2185 1412 2522 1468 velentibus
2543 1413 2787 1485 experiri
2813 1413 3279 1482 exhibebat.Que
3305 1417 3542 1488 quidam
3572 1436 3708 1490 pau-

2044 1516 2150 1572 per
2178 1517 2313 1557 cum
2348 1519 2525 1558 uxore
2557 1505 2612 1558 et
2641 1519 2739 1558 sex
2773 1502 3031 1574 parvulis
3064 1504 3380 1561 adveniens
3413 1523 3545 1562 cum
3589 1524 3704 1564 non

2044 1588 2337 1646 inveniret
2370 1591 2708 1664 hospitium,
2744 1593 2854 1646 sub
2888 1591 3092 1647 eadem
3127 1609 3271 1665 rupe
3321 1611 3381 1650 se
3413 1612 3546 1650 cum
3581 1596 3704 1652 suis

2044 1679 2349 1750 recepit,et
2382 1685 2562 1735 totam
2595 1679 2850 1736 hiemem
2885 1685 3239 1752 tempusque
3255 1683 3702 1757 Quadragesinas

2044 1769 2124 1824 ibi
2161 1769 2505 1842 perigit.Die
2537 1774 2732 1825 autem
2767 1773 2970 1826 sancte
3002 1769 3235 1825 Paschte
3259 1787 3394 1827 cum
3427 1775 3701 1830 omnibus

1958 1845 2007 1911 B
2043 1857 2169 1913 suis
2203 1858 2274 1912 ad
2308 1857 2612 1914 basilicam
2643 1858 2819 1926 venit,
2857 1874 2985 1930 qua:
3011 1857 3088 1911 ibi
3121 1863 3352 1915 sacrata
3381 1866 3471 1917 est
3501 1861 3560 1916 in
3591 1861 3700 1918 ho-

1961 1956 1968 1962 ’
2041 1961 2181 2002 nere
2214 1947 2272 2002 S.
2297 1946 2621 2014 Maximini,
2647 1947 2802 2002 unde
2846 1950 2904 2002 et
2937 1947 3251 2001 draconem
3277 1949 3700 2021 exstinguenda

2039 2034 2284 2107 expulit,
2317 2039 2375 2091 et
2406 2035 2465 2092 in
2497 2053 2613 2108 qua
2643 2035 2819 2108 (sicut
2849 2051 3029 2106 supra
3058 2034 3284 2090 dictum
3317 2039 3426 2106 est)
3459 2037 3694 2109 quievit.

2037 2123 2303 2196 Cumque
2334 2141 2558 2196 pauper
2589 2123 2685 2179 ille
2703 2140 2838 2178 cum
2871 2122 3095 2177 familia
3112 2139 3291 2194 quam
3315 2127 3692 2190 conduxerat.

2036 2211 2400 2268 vivificorum
2435 2212 2850 2286 mysteriorum
2883 2211 3314 2284 perceptionem
3355 2214 3694 2280 sustineret,

2037 2301 2201 2372 rupis
2233 2299 2333 2356 illa
2364 2318 2493 2373 qua:
2526 2306 2611 2357 tot
2627 2300 2832 2356 diebus
2849 2317 2983 2356 eum
3002 2300 3542 2370 foverat,cecidit,et
3557 2319 3693 2358 cum

2037 2388 2258 2461 ingenti
2293 2390 2467 2445 ruina
2497 2389 2769 2445 devoluta
2799 2390 2985 2445 est.At
3013 2405 3146 2444 vero
3191 2408 3414 2463 pauper
3462 2390 3694 2448 rediens

2037 2477 2137 2535 ubi
2169 2477 2428 2552 collapsa
2445 2479 2745 2552 quendam
2765 2478 2954 2534 amica
2970 2477 3234 2534 culmina
3260 2479 3698 2552 vidit,omnipo-

2035 2569 2179 2624 tenti
2194 2567 2415 2640 gratias
2431 2567 2678 2624 Domine
2698 2567 3107 2638 referens,ejus
3126 2567 3414 2624 famulum
3434 2567 3698 2624 Maximi-

2036 2674 2180 2714 num
2213 2657 2436 2730 ingenti
2462 2672 2598 2712 voce
2617 2655 2991 2727 magnificare
3009 2655 3379 2728 eespit,cujus
3397 2657 3495 2730 pia
3511 2658 3691 2713 inter-

2036 2746 2224 2804 cessio
2255 2761 2318 2802 se
2350 2760 2611 2817 suosque
2643 2744 2714 2799 ab
2747 2743 3076 2800 imminenti
3108 2742 3398 2801 liberabat
3427 2745 3622 2802 exitio.

2034 2973 2108 3028 De
2138 2970 2297 3026 illata
2325 2967 2714 3026 consuetudine
2750 2984 2784 3023 a
2824 2967 3110 3022 Salomone
3154 2969 3443 3040 praeposito
3498 2975 3550 3024 et
3590 2983 3690 3040 per

2462 3041 2684 3097 Domini
2710 3040 2954 3113 gratiam
2981 3046 3258 3095 evacuate.

2103 3151 2194 3206 45.
2228 3147 2636 3204 Scribentibus
2665 3146 2835 3202 nobis
2862 3147 3189 3201 secundum
3235 3145 3686 3219 possibilitatem

2034 3236 2310 3312 ingenioli
2333 3236 2515 3294 nostri
2535 3237 2605 3292 de
2621 3236 2936 3291 virtutibus
2960 3234 3485 3307 prazcellentissimi
3501 3235 3687 3292 Patris

2035 3326 2220 3384 nostri
2254 3325 2554 3382 Maximini
2585 3325 2870 3397 quosdam
2905 3324 3150 3396 contigit
3181 3325 3546 3380 venerandos
3579 3324 3687 3380 ad-

2035 3418 2237 3484 fuisse,
2272 3415 2487 3488 quibus
2518 3415 2853 3487 petentibus
2884 3430 3019 3468 cum
3051 3431 3118 3468 ea
3150 3431 3279 3486 quae
3317 3414 3473 3470 dicta
3520 3417 3685 3470 erant

2036 3503 2674 3570 revelveremus,multa
2704 3503 3115 3570 emisisse,nen
3139 3503 3353 3574 quibus
3386 3502 3498 3574 ipsi
3517 3501 3690 3559 inter-

2036 3596 2267 3651 fuerant
2296 3593 2546 3648 confessi
2579 3592 3207 3662 sunt,revecabantque
3231 3594 3440 3645 nostra:
3475 3608 3689 3647 memo-

2036 3685 2132 3740 riae
2163 3683 2316 3738 inter
2346 3680 2531 3736 multa
2548 3680 2656 3734 hoc
2675 3679 2832 3750 quod
2851 3678 3062 3733 dicturi
3081 3695 3289 3734 sumus
3310 3678 3685 3734 miraculum.

2087 3773 2197 3827 «’16.
2229 3768 2616 3841 Temporibus
2653 3767 2759 3838 pia:
2791 3766 3084 3822 memoriae
3137 3767 3400 3821 Annenis
3459 3767 3686 3823 abbatis

2037 3864 2163 3918 erat
2213 3858 2452 3932 quidam
2502 3855 2764 3928 Hugonis
2812 3856 3043 3926 (nempe
3093 3854 3288 3926 Magni
3336 3853 3423 3909 vel
3467 3853 3687 3926 Capeti)

2040 3949 2206 4006 ducis
2237 3947 2543 4021 praefectus
2573 3943 2850 4000 Salomon
2884 3943 3138 4009 nomine,
3183 3942 3272 3997 vir
3317 3942 3579 3999 insolens
3627 3947 3687 3998 et

2038 4037 2319 4096 camebiis
2350 4037 2686 4092 sanctorum
2710 4033 3085 4088 vehementer
3113 4031 3384 4101 infestus,
3400 4033 3689 4105 praecipue

2038 4130 2230 4186 locum
2261 4127 2419 4182 hunc
2449 4121 2686 4196 speciali
2718 4121 3117 4178 insectabatur
3146 4121 3603 4190 odio,intantum
3625 4126 3692 4178 ut

2039 4233 2280 4276 cursum
2313 4213 2534 4286 Ligeris
2566 4211 2825 4268 flvminis
2851 4228 2954 4285 per
2984 4215 3201 4267 terram
3234 4211 3323 4268 sui
3347 4211 3501 4284 juris
3517 4211 3693 4268 dedu-

2040 4324 2168 4366 cere
2197 4303 2532 4371 tentaret,in
2565 4318 2680 4374 quo
2711 4301 2931 4358 multas
2950 4299 3169 4357 frustra
3195 4300 3689 4373 expendensdivi-

2039 4395 2253 4464 tias,ad
2287 4393 2556 4449 effectum
2589 4395 2786 4446 tamen
2818 4389 2910 4447 sui
2939 4388 3216 4446 desiderii
3247 4405 3362 4446 non
3404 4389 3686 4462 pervenit.

2040 4485 2189 4543 Cum
2218 4498 2354 4555 ergo
2382 4480 2439 4536 id
2472 4496 2657 4553 genus
2685 4477 2921 4534 malitias
2968 4479 3185 4534 frustra
3232 4476 3594 4546 tentavisset,
3628 4494 3690 4535 se

1955 4582 2008 4660 D‘
2045 4572 2246 4631 multis
2278 4569 2406 4627 aliis
2433 4567 2629 4660 modis
2659 4567 2799 4660 huic
2831 4566 3208 4660 locorefficere
3230 4565 3690 4660 parat.Cumque

2043 4664 2250 4720 fratres
2280 4656 2582 4716 humiliter
2598 4655 2977 4728 persisterent
3007 4659 3062 4710 et
3080 4669 3279 4725 preces
3310 4669 3513 4711 eorum
3533 4655 3688 4726 apud

2041 4751 2377 4826 improbum
2411 4745 2638 4803 nullum
2670 4745 2955 4800 haberent
3003 4743 3298 4813 effectum,
3332 4743 3404 4799 ad
3457 4742 3687 4799 Domini

2040 4836 2503 4898 misericordiam
2536 4851 2597 4890 se
2628 4831 3024 4888 contulerunt.
3057 4829 3440 4887 Venientibus
3488 4830 3691 4903 itaque

2040 4932 2168 5004 ejus
2200 4924 2550 4986 satellitibus
2583 4921 2758 4995 (sicut
2784 4919 2958 4992 vulgo
2989 4918 3227 4989 dicitur)
3249 4920 3455 4990 juvare
3481 4934 3690 4975 secun-

2041 5021 2183 5077 dum
2214 5010 2700 5073 consuetudinem
2731 5021 2919 5079 nuper
2934 5006 3006 5062 ab
3026 5007 3097 5062 iis
3119 5006 3270 5086 male
3302 5007 3689 5076 illatam,cum

2041 5107 2261 5165 sanctis
2293 5099 2637 5177 pigneribus
2662 5097 2870 5152 fratres
2900 5100 3236 5164 occurrunt,
3254 5101 3312 5153 et
3333 5113 3438 5152 eur
3457 5099 3689 5151 tantum

2039 5195 2268 5252 facinus
2299 5189 2688 5263 praesumetur
2717 5183 3165 5255 inquirunt.Sed
3191 5183 3279 5238 illi
3310 5185 3562 5256 superbo
3578 5183 3692 5256 spi-

2041 5283 2156 5340 ritu
2187 5284 2389 5337 centra
2417 5279 2670 5332 inermes
2700 5289 2865 5329 arma
2877 5272 3336 5344 arripuerunt,et
3357 5272 3689 5346 plaustrum

2043 5372 2196 5446 quod
2219 5372 2347 5442 jam
2375 5367 2507 5421 vino
2559 5366 2843 5418 onustum
2891 5366 3034 5430 erat,
3068 5362 3342 5418 bubulcis
3393 5363 3689 5435 imperant

2041 5458 2429 5518 educendum.
2463 5453 2727 5519 Quodam
2759 5466 2893 5523 ergo
2926 5451 3016 5505 die
3049 5451 3173 5508 suis
3203 5449 3558 5507 efficialibus
3591 5467 3690 5508 as-

2042 5547 2296 5620 sumptis
2324 5545 2396 5601 ad
2428 5539 2850 5597 monasterium
2881 5539 3076 5594 venire
3107 5537 3555 5613 dedignatus,in
3580 5537 3690 5593 vil-

2041 5637 2180 5694 lulis
2212 5629 2646 5705 circumpositis
2677 5628 3132 5687 consuetudines
3157 5628 3387 5686 ﬁscales
3410 5628 3690 5686 adhibere
