4034 6170
349 310 468 373 819

1421 311 1753 375 LETALDI
1801 307 2292 370 MICIACENSIS
2339 311 2694 373 MONACHI

3640 309 3772 372 820

347 449 612 514 conatur,
645 447 704 501 et
728 444 928 502 vinum
961 463 993 502 ο
1039 446 1187 502 dolis
1234 450 1294 502 et
1338 444 1728 502 torcularibus
1759 445 1991 514 raptum
2021 441 2077 507 Α
2106 440 2208 496 riis
2236 443 2555 499 monachos
2586 459 2899 516 aggressus
2927 446 3038 512 est,
3067 449 3126 500 et
3163 441 3508 516 procacibus
3563 445 3772 502 verbis

345 534 505 607 (nam
535 537 769 607 tempus
797 535 1101 591 vindemia:
1131 535 1512 607 erat)publico
1533 532 1765 589 cellario
1797 531 1989 586 confe-

343 625 526 681 rebat.
563 625 693 680 Mox
723 640 898 692 unus,
932 625 1030 697 qui
1066 623 1404 680 Fuleherius
1435 624 1758 684 dicebatur,
1791 638 1824 675 a
1872 621 1990 675 dre—

345 730 518 770 mone
543 713 879 785 corripitur,
893 713 1082 768 cmteri
1110 712 1291 767 nimio
1323 712 1436 767 acti
1469 717 1686 767 terrore
1709 712 1768 766 in
1795 712 1989 781 fugam

344 802 962 870 convertuntur,boves
992 802 1130 858 hinc
1161 802 1296 858 inde
1317 801 1604 857 cruentati
1631 801 1842 856 moveri
1868 799 1992 854 loco

343 909 460 947 non
474 891 930 964 possunt,donec
946 890 1102 946 fratri
1114 892 1224 944 bus
1237 891 1648 945 accedentibus
1662 889 1989 960 plaustrum

345 983 418 1038 ad
451 982 694 1037 domum
725 979 932 1035 famuli
965 979 1060 1050 qui
1111 979 1310 1033 Daniel
1353 979 1656 1032 dicebatur
1687 979 1986 1032 reductum

345 1069 662 1141 est,sicque
691 1068 774 1122 illi
795 1069 952 1140 quod
977 1069 1229 1139 pessime
1262 1067 1626 1122 abstulerant
1655 1067 1990 1121 restitutum

347 1158 568 1214 est.Die
592 1161 788 1212 autem
820 1157 1000 1212 altero
1023 1157 1176 1212 idem
1211 1156 1485 1212 Salomon
1521 1173 1653 1210 cum
1682 1155 1838 1209 omni
1883 1155 1990 1209 hu-

347 1247 592 1303 militate
623 1247 692 1302 ad
725 1245 1146 1302 monasterium
1175 1245 1351 1312 venit,
1369 1245 1714 1316 veniamque
1747 1244 1992 1314 adeptus

345 1327 493 1392 nihil
524 1335 677 1392 ultra
707 1333 898 1390 simile
929 1338 1214 1390 attentare
1254 1333 1649 1409 prmsumpsit.
1682 1333 1898 1386 Verum
1937 1336 1995 1388 et

345 1425 471 1498 ipse
503 1423 845 1480 Fuleherius
867 1440 982 1479 non
1004 1422 1176 1495 longo
1199 1427 1332 1495 post
1357 1427 1617 1495 tempore
1648 1420 1863 1476 ibidem
1897 1421 1994 1476 ad-

344 1516 559 1572 ductus
589 1530 692 1586 per
719 1512 950 1568 Domini
985 1513 1234 1585 gratiam
1266 1511 1528 1584 sospitali
1562 1509 1823 1566 redditus
1853 1515 1942 1566 est
1975 1529 1988 1566 :

343 1619 596 1676 quorum
625 1606 822 1659 autem
846 1618 946 1657 cor
965 1601 1238 1673 superbia
1259 1599 1790 1666 induravit,horum
1812 1599 1991 1654 vitam

345 1707 506 1746 mors
538 1687 950 1746 crudelissima
978 1689 1268 1744 horrendo
1299 1689 1457 1744 exitu
1491 1687 1846 1743 terminavit.

951 1795 1183 1852 CAPUT
1219 1795 1384 1850 XVII.

451 1887 525 1942 De
553 1901 610 1942 eo
642 1887 737 1958 qui
765 1884 835 1940 ad
855 1884 1165 1958 putandum
1195 1885 1408 2012 viufam
1439 1892 1656 1956 rogatus
1683 1891 1800 1940 arte
1825 1900 1884 1940 se

1021 1971 1274 2012 excusem
1307 1997 1319 2010 .

1021 1971 1319 2012 excusati“.

413 2047 768 2118 47.Ternpus
797 2043 976 2101 vinea:
1007 2044 1278 2116 putandae
1309 2047 1640 2112 advenerat,
1673 2050 1730 2099 et
1759 2043 1988 2100 abbatis

345 2133 590 2206 imperio
639 2133 972 2206 complures
1019 2132 1314 2205 operarios
1346 2134 1525 2188 frater
1575 2132 1806 2188 nomine
1854 2131 1985 2188 Hal-

343 2223 543 2279 deisus
573 2223 646 2278 ad
677 2222 786 2278 hoc
818 2237 966 2294 epus
997 2221 1670 2294 perquirebat.Cumque
1702 2221 1988 2294 plurimos

341 2310 693 2384 collegisset,
722 2325 828 2366 nec
859 2309 1217 2366 sufficienter
1240 2309 1455 2366 habere
1485 2309 1764 2377 crederet,
1783 2311 1853 2366 ad
1885 2311 1986 2366 do-

341 2417 508 2456 mum
537 2400 845 2472 cujusdam
872 2399 1132 2455 Durandi
1163 2401 1565 2460 accedebat.ut
1593 2416 1726 2456 eum
1745 2400 1815 2455 ad
1839 2416 1986 2471 opus

337 2489 534 2545 venire
565 2492 796 2562 rogaret
821 2506 834 2557 ;
868 2505 1043 2561 quem
1075 2505 1220 2544 uxor
1249 2488 1569 2561 supradicti
1601 2489 1860 2544 Durandi
1891 2505 1985 2543 ve-

340 2579 598 2634 nientem
628 2576 835 2635 videns
867 2591 881 2632 :
918 2578 1024 2644 En,
1055 2577 1530 2650 inquit,domnus
1561 2577 1868 2632 Haldeisus
1901 2595 1989 2631 ac-

342 2665 498 2724 cedit
527 2671 592 2723 ut
621 2683 723 2723 vos
753 2683 889 2723 cum
919 2667 1162 2740 reliquis
1191 2667 1259 2722 ad
1293 2667 1471 2722 vineae
1503 2665 1864 2739 putationem
1903 2666 1988 2722 ire

341 2756 626 2813 debeatis.
659 2755 764 2811 Cui
793 2755 891 2812 ille
922 2755 1224 2828 respondit
1253 2773 1268 2811 :
1301 2755 1440 2828 Ego,
1476 2754 1687 2827 inquit,
1734 2771 1849 2810 non
1889 2772 1986 2810 va-

339 2845 506 2915 dum;
539 2845 639 2902 sed
671 2861 745 2901 ne
775 2845 922 2901 forte
945 2845 1198 2902 domnus
1231 2845 1341 2901 iste
1369 2843 1988 2912 contristetur,incom-

339 2934 686 2992 moditatem
715 2932 938 2989 brachii
964 2933 1276 3002 simulabo,
1296 2937 1352 2987 et
1373 2951 1475 3005 per
1488 2933 1597 2988 hoc
1613 2931 1986 3005 inculpabilis

340 3021 926 3094 manebo.Simulque
955 3022 1154 3078 dicens
1187 3023 1490 3078 brachium
1509 3021 1656 3077 collo
1687 3021 1982 3094 appendit,

337 3115 398 3168 et
424 3109 678 3194 venienti
709 3109 996 3166 monacho
1029 3111 1372 3182 rogantique
1393 3114 1458 3165 ut
1477 3111 1547 3165 ad
1572 3127 1719 3180 opus
1749 3110 1984 3165 accede-

2021 1807 2070 1876 B

2101 548 2312 586 nomen
2345 533 2491 588 tanti.
2526 532 2711 588 Patris
2751 533 3158 605 blasphemare
3207 550 3578 606 praesumens
3621 553 3766 591 cum

2101 621 2372 694 plurimis
2402 622 2690 676 sodalium
2742 621 2802 676 in
2846 623 3050 678 eodem
3101 627 3268 695 prato
3300 639 3484 695 equos
3517 641 3767 680 servare

2101 710 2496 766 instituit.Sed
2515 713 2643 781 ejus
2663 711 2996 783 superbiam
3015 711 3242 782 judicia
3261 712 3462 768 divina
3476 713 3777 769 subsecu-

2101 805 2161 854 ta
2191 801 2512 854 sunt.Nam
2534 801 2722 855 eidem
2757 800 2812 853 in
2846 801 3049 855 eodem
3071 804 3235 871 prato
3257 799 3317 856 in
3347 802 3552 858 eadem
3589 808 3771 859 nocte

2103 889 2424 961 quiescenti
2485 889 2824 944 terribiliter
2855 891 2914 944 Β.
2951 889 3306 946 Maximinus
3355 893 3650 963 apparuit,
3709 897 3774 948 et

2104 977 2363 1033 stultitiae
2388 995 2520 1031 eum
2547 995 2799 1050 arguens
2830 977 3038 1034 baculo
3068 977 3308 1034 incurvo
3329 996 3499 1052 quem
3523 987 3773 1053 gestare

2101 1065 2408 1121 videbatur
2438 1067 2726 1138 percussit
2757 1085 2769 1122 :
2799 1068 2896 1139 qui
2923 1084 3169 1140 surgens
3195 1067 3449 1124 clamare
3471 1087 3604 1125 sese
3624 1088 3774 1126 mo—

2103 1155 2352 1210 riturum
2384 1155 2576 1226 coepit,
2611 1161 2668 1210 et
2696 1157 3109 1212 arcurentibus
3140 1157 3315 1213 sociis
3345 1175 3380 1214 a
3410 1159 3775 1214 B.Maximi-

2102 1262 2178 1301 no
2209 1262 2271 1299 se
2303 1244 2592 1300 lethaliter
2631 1245 2810 1300 ictum
2851 1243 3126 1315 ejulando
3165 1245 3465 1302 indicavit.
3502 1248 3772 1322 Moxque

2103 1350 2285 1406 equos
2317 1333 2446 1405 ejiei
2481 1337 2536 1388 et
2567 1351 2629 1388 se
2658 1333 2946 1406 exportari
2969 1333 3280 1404 jubetzsed
3312 1335 3772 1405 ingravescente

2103 1420 2374 1476 molestia
2399 1421 2554 1478 inter
2583 1439 2794 1479 manus
2824 1422 3188 1479 efferentium
3221 1423 3498 1496 spiritum
3525 1425 3776 1482 exhala-

2101 1511 2202 1566 vit.
2236 1499 2358 1576 Qua
2389 1511 2460 1566 de
2491 1528 2552 1567 re
2582 1515 2784 1567 tantus
2815 1515 3000 1567 terror
3034 1511 3223 1568 socios
3243 1513 3372 1584 ejus
3418 1515 3659 1583 invasit,
3693 1521 3774 1571 ut

2103 1615 2290 1670 usque
2321 1599 2376 1654 in
2407 1599 2755 1656 hodiernum
2787 1599 2940 1655 diem
2971 1617 3142 1656 nemo
3160 1601 3433 1659 inventus
3455 1603 3536 1658 sit
3555 1605 3654 1676 qui
3681 1605 3772 1660 si-

2103 1688 2241 1744 mile
2271 1691 2560 1743 attentare
2606 1689 3064 1760 praesumpserit.
3118 1691 3236 1746 Ista
3281 1697 3423 1746 sunt
3472 1709 3602 1764 qua:
3646 1709 3806 1773 nos.

2102 1777 2372 1831 omisisse
2429 1777 2748 1848 supradicti
2808 1777 3068 1832 seniores
3125 1779 3484 1850 fatebantur,
3523 1785 3584 1838 et
3637 1782 3767 1838 alia

2099 1864 2470 1938 quamplura,
2493 1881 2640 1937 .quze
2693 1865 2996 1921 fastidium
3043 1866 3405 1926 declinantes
3453 1869 3767 1926 reticenda

2098 1955 2454 2028 putavimus.
2484 1955 2650 2010 Nunc
2678 1971 2812 2011 vero
2861 1957 2932 2011 ad
2985 1971 3052 2012 ea
3099 1973 3227 2029 quae
3275 1959 3498 2015 nostris
3541 1958 3763 2016 diebus

2099 2043 2251 2098 facta
2282 2047 2422 2098 sunt
2450 2043 2818 2099 accedamus.

2716 2132 2948 2189 CAPUT
2987 2133 3122 2190 XIX.

2701 2220 2774 2276 De
2801 2221 3136 2276 ardentibus.

2168 2308 2255 2363 49.
2292 2309 2548 2364 Peccatis
2569 2307 2918 2380 populorum
2941 2309 3354 2382 ingruentibus
3375 2315 3433 2366 et
3449 2311 3761 2382 justitiam

2097 2397 2195 2454 Dei
2216 2397 2548 2469 provocanti
2561 2399 2668 2452 bus
2686 2397 2879 2453 medio
2901 2398 3018 2454 fere
3038 2415 3241 2455 mense
3260 2400 3527 2472 Augusto
3543 2400 3763 2471 ingens

2095 2487 2224 2542 lues
2254 2487 2542 2559 populum
2573 2485 3054 2542 Aurelianensem
3075 2487 3378 2544 devastare
3399 2487 3763 2560 cwpit.Divi-

2097 2593 2170 2632 no
2200 2576 2415 2632 etenim
2449 2575 2584 2649 igne
2615 2575 2878 2630 membra
2908 2575 3194 2632 ardebant
3239 2577 3523 2644 humana,
3576 2579 3759 2650 cujus

2095 2665 2288 2722 ardori
2322 2665 2483 2721 nulla
2510 2667 3196 2737 pot-eratconcurrerears
3212 2665 3758 2723 humana.0mnem

2096 2755 2276 2828 igitur
2306 2771 2530 2821 sexum,
2565 2769 2919 2826 omnemque
2949 2759 3203 2823 aetatem,
3235 2759 3292 2811 et
3337 2755 3630 2828 praecipue
3658 2756 3755 2812 in-

2097 2843 2330 2900 fantiles
2360 2847 2523 2899 artus
2567 2842 2653 2899 vis
2695 2843 2812 2899 ista
2857 2842 3267 2916 pepulabatur.
3301 2843 3448 2910 Quid
3491 2845 3758 2901 facerent.

2095 2948 2244 3004 quos
2257 2937 2422 2988 tanta
2440 2932 2760 2987 necessitas
2775 2931 3145 3004 perurgeret?
3174 2933 3521 2988 Sanctorum
3542 2933 3756 2990 διιπτα-

2094 3021 2558 3094 giaexpetunt,et
2577 3019 2652 3074 im
2663 3019 3167 3092 plorantdivinum
3187 3020 3402 3092 quibus
3413 3021 3750 3078 humanum

2095 3111 2292 3166 deerat
2320 3109 2624 3165 auxilium.
2657 3109 2921 3180 Cumque
2950 3125 3052 3180 per
3081 3108 3279 3165 omnia
3331 3125 3479 3182 pene
3510 3116 3747 3168 sancto-

338 3202 446 3268 ret,
479 3174 595 3254 nbn
628 3213 692 3254 se
719 3213 892 3270 posse
925 3198 1116 3254 venire
1148 3197 1463 3270 respondit.
1494 3198 1758 3270 Cumque
1786 3215 1984 3254 mona-
2013 3173 2058 3244 α
2097 3217 2226 3254 rum
2253 3199 2379 3255 loca
2409 3198 2748 3254 catervatim
2780 3198 2839 3253 hi
2869 3197 3016 3254 tales
3056 3203 3422 3272 cogerentur,
3454 3200 3750 3272 praecipue

336 3286 484 3344 chus
513 3285 971 3360 persisteret,ille
981 3285 1157 3359 pallio
1175 3287 1384 3358 rejecto
1399 3289 1658 3360 pendens
1679 3286 1985 3342 brachium

336 3375 596 3432 ostendit
626 3392 640 3430 :
673 3376 780 3444 En,
811 3375 1046 3443 domne,
1079 3375 1299 3443 dicens,
1333 3373 1582 3431 libenter
1609 3375 1984 3444 abirem,scd,

335 3467 402 3520 ut
427 3464 611 3530 vides,
635 3463 744 3520 hac
769 3465 840 3519 de
868 3479 1048 3519 causa
1074 3464 1267 3519 venire
1299 3481 1412 3518 non
1448 3465 1983 3536 possum.Cumque

333 3553 658 3611 monachus
679 3553 736 3608 id
755 3551 1101 3625 simpliciter
1119 3554 1362 3608 credens
1383 3553 1592 3608 recessi
1601 3557 1982 3626 sset,repente

331 3642 640 3700 brachium
669 3641 830 3698 illius
851 3641 950 3714 qui
976 3640 1404 3709 fefellerat,acri
1429 3641 1624 3696 dolore
1647 3641 1978 3713 corripitur,

329 3735 390 3788 et
417 3730 714 3788 intentum
745 3729 1015 3786 atteritur
1036 3735 1100 3786 ut
1121 3731 1195 3786 ad
1217 3729 1440 3802 aliquid
1461 3731 1837 3786 efficiendum
1861 3748 1980 3786 om-

329 3820 469 3876 nino
501 3820 718 3876 moveri
754 3817 869 3876 non
890 3818 1205 3875 valeret..At
1224 3818 1320 3874 ille
1341 3819 1678 3891 intelligens
1695 3836 1934 3876 causam
1962 3837 1975 3875 :

327 3907 1054 3982 En,inquit,mulier,quod
1086 3907 1342 3963 ludendo
1373 3907 1979 3980 dicebamus,resipsa

325 4013 458 4054 vere
473 3997 664 4054 dicere
684 3998 812 4069 jam
825 3996 1157 4068 compellit;
1183 3995 1263 4051 ita
1275 3996 1430 4052 enim
1459 3997 1764 4052 brachium
1779 4014 1976 4052 meum

327 4088 636 4156 torquetur
665 4088 731 4140 ut
759 4085 997 4140 omnino
1019 4084 1237 4140 conteri
1267 4084 1411 4140 mihi
1443 4085 1974 4142 videaturJ‘loctmn

326 4172 524 4244 itaque
555 4171 878 4227 insecutum
929 4171 1265 4244 pervigilem
1315 4174 1556 4241 ducens,
1605 4175 1755 4230 facto
1806 4190 1976 4231 mane

324 4261 526 4315 votum
551 4258 708 4315 vovit
735 4259 936 4314 dicens
968 4276 982 4314 :
1019 4259 1226 4315 Sancte
1259 4260 1671 4329 Maximine,ab
1703 4261 1795 4317 his
1815 4261 1972 4318 dolo~

326 4347 490 4404 ribus
511 4346 674 4418 juste
701 4345 846 4404 mihi
869 4346 1048 4404 illatis
1069 4346 1254 4404 libera
1283 4355 1460 4415 me,et
1485 4351 1801 4421 quotannis
1817 4350 1974 4408 diem

325 4453 506 4493 unam
535 4441 637 4493 tuo
668 4435 924 4504 servitio,
946 4435 1306 4509 ubicumque
1322 4439 1533 4510 jussus
1565 4439 1975 4513 fuero,impen-

2093 3289 2247 3360 apud
2271 3288 2427 3343 hunc
2447 3288 2610 3360 pium
2625 3287 2853 3342 Patrem
2866 3285 3257 3344 visimmensa
3283 3289 3746 3362 congerebatur;

2092 3375 2385 3431 intentum
2415 3380 2480 3431 ut
2510 3376 2705 3432 officia
2735 3375 2932 3432 divina
2962 3375 3171 3431 fratres
3201 3375 3620 3445 reverenior,ut
3645 3379 3719 3434 de

2091 3469 2199 3532 cet,
2241 3465 2490 3536 psallere
2547 3462 2944 3536 Omnipotenti
3002 3464 3334 3536 nequirent.
3393 3465 3536 3531 Quis
3585 3467 3748 3523 enim

2090 3554 2238 3609 ferre
2271 3553 2490 3608 valeret
2517 3556 2604 3608 tot
2626 3551 2882 3625 gemitus
2929 3552 3274 3621 horrendos,
3327 3553 3538 3610 fetores
3593 3555 3744 3612 into-

2088 3641 2356 3698 lerabiles
2388 3642 2785 3696 humanorum
2818 3639 3069 3696 incendii
3093 3640 3538 3697 membrorum?
3571 3644 3748 3714 cujus

2089 3748 2256 3786 mens
2287 3735 2408 3786 tam
2431 3729 2617 3786 ferrea
2646 3747 2760 3784 non
2793 3747 2861 3785 ex
2892 3729 3001 3785 hoc
3031 3729 3360 3786 molliretur
3385 3731 3736 3788 infortunio!

2089 3819 2333 3892 Insuper
2351 3836 2486 3875 cum
2509 3821 2674 3874 tanta
2695 3818 2907 3873 horum
2928 3818 3275 3874 conﬂuxerit
3295 3817 3616 3876 multitudo
3641 3819 3745 3876 mi-

2087 3924 2372 3976 serorum,
2442 3924 2569 3980 quae
2647 3907 2696 3962 si
2778 3911 2902 3963 tota
2976 3907 3408 3964 coadunarrtur
3471 3908 3740 3978 ecclesia,

2085 3998 2328 4055 chorum
2363 3996 2741 4070 psallentium
2773 3995 3093 4068 compleret
3113 4000 3172 4052 et
3195 4001 3452 4070 cryptae.
3479 3997 3600 4052 Hoc
3620 4001 3741 4054 tam

2085 4087 2396 4142 molestum
2428 4085 2840 4158 quoquomodo
2855 4085 3061 4140 fratres
3075 4090 3340 4158 tempore
3361 4085 3476 4141 diei
3498 4086 3740 4142 sulferc-

2083 4176 2251 4240 bant;
2286 4173 2628 4229 imminente
2660 4190 2792 4230 vero
2827 4173 2970 4229 hora
3000 4173 3188 4229 noctis
3221 4174 3296 4229 ab
3337 4173 3588 4231 ecclesia
3635 4192 3740 4230 cx-

2082 4264 2238 4336 pulsi
2297 4263 2354 4318 in
2414 4262 2641 4335 porticu
2689 4261 3026 4334 Aquilonali
3081 4261 3325 4318 haerenti
3374 4262 3592 4331 eidem,
3633 4280 3740 4318 nec

2081 4371 2196 4410 non
2229 4353 2289 4408 in
2319 4355 2476 4408 certe
2509 4349 2679 4406 factis
2700 4348 2812 4405 sibi
2835 4349 3198 4406 umbraculis
3233 4350 3738 4408 manebant.Dilu-

2081 4442 2211 4498 culo
2241 4457 2374 4496 vero
2404 4440 2658 4494 instante
2709 4438 3047 4510 repetebant
3099 4439 3532 4496 monasterium
3583 4441 3756 4513 uagi--

323 4525 576 4582 dendam
607 4525 1039 4598 promitto.0uo
1061 4526 1369 4596 dicto,sine
1401 4545 1566 4585 mora
1595 4529 1972 4597 eonvaluit,et
1998 4543 2049 4609 D
2079 4535 2273 4589 tantes
2295 4529 2374 4602 pii
2407 4527 2592 4584 Patris
2625 4525 2924 4582 Maximini
2956 4527 3283 4584 interventu
3317 4528 3606 4584 auxilium
3630 4529 3734 4584 Dei

319 4615 434 4672 voti
466 4618 772 4672 exsecutor
787 4631 974 4688 usque
1001 4615 1174 4671 hodie
1194 4633 1377 4674 sanus
1407 4621 1465 4674 et
1487 4617 1798 4674 incolumis
1810 4619 1966 4676 vivit.

911 4704 1144 4760 CAPUT
1180 4703 1375 4762 XVIII.

687 4793 759 4849 De
785 4791 1049 4850 Adelardo
1077 4810 1340 4866 equorum
1368 4795 1600 4851 custode.

388 4880 721 4936 48.Roberti
749 4879 916 4938 dncis
943 4897 1230 4954 equorum
1253 4883 1525 4938 custodes
1553 4885 1785 4954 pratum
1811 4887 1966 4958 quod

315 4969 672 5026 monasterio
729 4970 996 5040 subjacet
1051 4971 1426 5040 intraverant,
1475 4977 1534 5028 et
1591 4972 1966 5030 multitudine

315 5073 603 5130 equorum
637 5057 906 5114 immissa
927 5057 983 5113 id
1016 5059 1250 5130 depasci
1277 5058 1970 5136 moliebantur.Przeposi-

313 5148 412 5202 tus
443 5146 690 5202 fratrum
722 5148 1006 5203 accedens
1037 5165 1108 5203 ne
1141 5147 1198 5202 id
1241 5147 1497 5203 facerent
1526 5167 1729 5223 rogare
1770 5154 1964 5226 cmpit.

315 5234 384 5290 Hi
415 5235 516 5307 qui
548 5236 764 5292 seniori
795 5253 968 5292 sensu
1005 5237 1276 5308 vigebant
1301 5254 1404 5308 pro
1437 5241 1758 5296 reverentia
1778 5242 1964 5298 Patris

313 5323 614 5380 Maximini
647 5329 882 5398 pratum
916 5325 1214 5392 deserunt,
1243 5329 1301 5380 et
1338 5325 1522 5398 Ligeri
1567 5345 1738 5385 amne
1773 5335 1960 5387 trans-

313 5411 496 5469 misso
549 5413 734 5485 pratis
787 5412 1050 5486 Marogili
1099 5413 1371 5484 (Mareuil)
1425 5433 1550 5472 sese
1598 5417 1960 5476 infuderunt.

312 5498 474 5556 Unus
496 5518 666 5573 porro
683 5501 893 5573 spiritu
911 5506 1176 5556 armatus
1197 5503 1482 5574 superbiai
1507 5506 1606 5577 qui
1637 5507 1964 5566 Adelardus

311 5587 631 5658 dicebatur,
666 5590 884 5662 quique
913 5589 1136 5644 caeteris
1167 5607 1416 5662 praeesse
1444 5593 1768 5664 videbatur,
1801 5597 1856 5652 in
1857 5599 1881 5669 j
1893 5617 1960 5654 u-

2078 4623 2174 4679 his
2202 4619 2442 4676 vocibus
2475 4633 2488 4671 ε
2525 4617 2568 4672 O
2598 4615 3090 4689 praestantissime
3126 4616 3229 4674 Dei
3259 4618 3468 4685 amice,
3503 4619 3604 4690 qui
3637 4623 3732 4674 tua

2073 4713 2236 4784 larga
2265 4705 2550 4765 beneficia
2579 4705 2845 4777 ejusdem
2878 4705 3169 4762 Creatoris
3191 4705 3462 4762 omnium
3486 4723 3729 4764 munere

2075 4813 2450 4872 nequaquam
2500 4793 2879 4868 poscentibus
2936 4795 3188 4850 assuesti
3239 4794 3530 4862 inhibere,
3565 4812 3730 4868 opem

2075 4887 2245 4946 nobis
2279 4887 2365 4941 fer
2389 4883 2736 4952 celerem,ne
2766 4883 3034 4939 cruciatu
3053 4883 3364 4940 insistente
3395 4901 3541 4940 aura
3567 4883 3732 4940 nobis

2075 4974 2461 5034 subtrahatur
2489 4973 2668 5044 hujus
2699 4971 2965 5028 luminis.
2994 4974 3286 5044 Appareat
3326 4973 3498 5029 nobis
3529 4991 3633 5045 per
3674 4979 3732 5028 te

2075 5065 2260 5122 virtus
2291 5061 2507 5130 divina,
2542 5061 2642 5132 qui
2674 5061 2746 5115 ad
2779 5064 2883 5116 tua
2913 5061 3289 5133 confugimus
3337 5062 3568 5129 merita,
3601 5079 3730 5134 spo-

2077 5158 2273 5210 rantes
2304 5156 2405 5207 tuo
2451 5151 2694 5206 obtentu
2725 5148 3262 5205 misericordissimi
3293 5151 3393 5207 Dei
3427 5149 3735 5223 indulgen.

2071 5244 2383 5300 tiam.Ha:c
2407 5241 2666 5296 dicentes
2695 5256 2831 5294 cum
2867 5239 3070 5296 multis
3102 5239 3376 5313 lacrymis
3407 5246 3466 5296 et
3490 5240 3728 5312 planctu

2072 5334 2301 5388 interno
2333 5329 2526 5386 cordis
2558 5347 2671 5385 non
2704 5329 3016 5384 cessabant
3065 5328 3392 5385 deosculari
3435 5330 3731 5402 pavimen-

2072 5425 2198 5478 tum
2233 5436 2411 5476 sacra:
2443 5417 2603 5473 mdis.

2142 5512 2232 5565 50.
2267 5507 2588 5564 Clementia
2614 5507 2811 5578 itaque
2845 5507 3240 5562 misericordis
3272 5507 3372 5563 Dei
3406 5507 3722 5563 clamorem

2073 5598 2315 5655 mistum
2348 5596 2568 5668 gemitu
2592 5595 2804 5651 horum
2839 5595 3610 5664 miscrandorum,exorante
3631 5596 3724 5670 pio
