4066 6172
266 387 377 453 821

1300 379 1533 441 LIBER
1578 378 1685 438 DE
1726 375 2161 441 MlRACULlS
2208 379 2273 439 S.
2322 379 2695 443 MAXIMINI

3599 385 3719 450 822

266 524 655 582 intercessore
681 513 1022 585 Maximino,
1047 511 1660 588 suscipiensomnium
1676 511 1948 567 membra
1974 507 2033 580 Α
2061 530 2174 587 que
2203 513 2381 570 tibias
2411 514 2588 571 simul
2620 532 2754 572 cum
2787 516 3040 589 pedibus
3086 515 3410 593 improbior
3456 523 3718 594 occupat.

266 613 551 687 dignatur
573 604 1188 677 restinguere.Deinde
1212 603 1609 675 plurimorum
1633 617 1770 655 ossa
1791 600 1944 655 ferro

266 700 680 759 recidebantur
710 697 909 763 acuto,
941 710 1195 766 quorum
1222 708 1427 748 carnes
1458 691 1733 745 exederat
1762 688 1943 761 ignis.

260 788 670 859 Quorumdam
703 799 846 839 vero
879 783 1174 839 intantum
1206 781 1417 838 acriter
1447 778 1733 834 demolita
1753 782 1943 845 erant,

268 884 336 937 ut
355 875 645 933 dissoluta
664 870 804 943 ipsa
825 888 934 927 sua
962 875 1171 943 sponte
1202 869 1657 932 caderent.Quot
1688 883 1822 921 vero
1855 882 1947 921 ex—

265 966 496 1024 titerint
519 975 1143 1026 numero,enumerare
1163 956 1508 1029 singillatim
1534 954 1781 1009 minime
1814 954 1942 1008 suf-

269 1057 393 1114 ﬁcit
424 1055 647 1126 lingua,
674 1048 1009 1122 praesertim
1043 1064 1198 1115 cum,
1234 1051 1299 1101 ut
1344 1060 1529 1116 supra
1576 1042 1676 1098 fati
1709 1060 1941 1111 sumus,

268 1157 623 1202 numerosus
645 1138 943 1195 afﬂuxerit
963 1136 1246 1209 populus:
1273 1132 1415 1207 quin
1437 1132 1621 1187 etiam
1655 1150 1793 1203 pars
1818 1149 1941 1187 ma-

266 1236 426 1291 xima
448 1233 628 1304 hujus
650 1230 724 1285 ab
747 1228 862 1283 hac
882 1223 1015 1281 lué'e'
1040 1226 1338 1301 abstracta
1359 1223 1603 1287 sit,mox
1634 1226 1699 1277 ut
1729 1239 1941 1277 conse-

266 1328 404 1381 cuta
416 1321 729 1378 sanitatem
746 1315 1149 1372 fuit.Tandem
1162 1314 1407 1387 dignum
1422 1311 1561 1365 duxi
1587 1311 1939 1365 nominatim

266 1415 338 1469 de
360 1412 453 1467 his
482 1408 738 1465 scribere
770 1404 870 1478 qui
901 1403 1082 1476 longo
1113 1407 1246 1476 post
1276 1402 1621 1457 advixerunt
1652 1405 1936 1472 tempore,

267 1519 383 1575 quo
412 1496 747 1572 legentibus
778 1494 925 1550 ﬁdes
960 1490 1196 1548 facilius
1225 1490 1597 1546 adhibeatur.

335 1592 425 1647 51.
452 1587 700 1656 Quidam
728 1582 995 1639 rusticus
1013 1581 1250 1636 nomine
1272 1579 1638 1652 lngclbertus
1659 1595 1777 1633 una
1799 1595 1934 1634 cum

248 1682 374 1739 filio
400 1678 658 1736 Gilherto
704 1690 771 1730 ac
812 1670 959 1737 ﬁlia,
986 1670 1160 1741 cujus
1191 1685 1404 1724 nomen
1436 1668 1703 1735 excessit,
1737 1668 1934 1723 divino

249 1773 388 1847 igne
408 1763 635 1843 pervasi
657 1763 961 1820 intantum
988 1758 1213 1830 depasti
1232 1761 1469 1847 sunt,ut
1482 1761 1649 1847 pater
1661 1757 1933 1847 dextrum

244 1845 459 1936 pedem
481 1855 800 1920 amitteret,
817 1848 979 1905 filius
1002 1863 1136 1903 vero
1159 1864 1363 1903 coxam
1389 1846 1695 1902 sinistram
1718 1850 1777 1902 et
1797 1845 1929 1900 dex-

242 1935 404 2008 tram
432 1961 617 2018 usque
650 1943 725 1998 ad
758 1955 912 2014 genu
943 1936 1174 2005 tibiam,
1195 1953 1362 1992 soror
1390 1940 1592 1991 autem
1619 1935 1926 1990 sinistram

244 2053 440 2111 usque
464 2034 535 2091 ad
560 2048 717 2106 genu
739 2028 945 2084 tibiam
970 2042 984 2081 :
1008 2030 1065 2082 et
1088 2026 1198 2098 ipsi
1253 2025 1335 2080 ita
1364 2023 1697 2080 detruncati
1730 2023 1927 2081 divino

237 2126 471 2201 judicio
485 2119 713 2178 meritis
729 2114 1140 2191 gloriosissimi
1157 2113 1346 2169 Patris
1367 2112 1668 2169 Maximini
1684 2112 1926 2169 demum

245 2213 481 2273 liberati
513 2209 787 2284 pluribus
820 2205 954 2260 inde
980 2204 1326 2259 advixerunt
1357 2203 1552 2258 annis.
1832 2222 1841 2229 -

318 2307 413 2361 52.
438 2304 519 2358 Εο.
539 2298 894 2370 tempestate
916 2293 1157 2366 quidam
1182 2290 1470 2364 parvulus
1512 2291 1754 2347 nomine
1786 2290 1925 2346 Con-

248 2392 553 2453 stantinus
572 2386 799 2444 habens
822 2386 1037 2439 cratem
1054 2379 1280 2437 sinistri
1294 2380 1464 2453 pedis
1487 2381 1559 2437 ab
1580 2380 1694 2435 hac
1716 2378 1929 2434 infesta

247 2479 588 2540 valetudine
622 2488 952 2549 pervasam,
986 2469 1293 2526 devehitur
1342 2468 1503 2525 ulnis
1557 2468 1757 2524 amita:
1807 2484 1926 2523 suta

250 2565 706 2631 Hermentrudis
729 2558 1256 2626 nomine.Quidum
1279 2558 1503 2633 ibidem
1520 2560 1925 2613 moraturocto

255 2661 489 2727 diebus,
510 2670 700 2727 neque
723 2651 816 2708 die
836 2665 903 2705 ac
922 2654 1088 2705 nocte
1121 2646 1394 2703 molestia
1421 2647 1611 2703 morbi
1646 2660 1923 2701 somnum

257 2751 514 2823 caperet,
540 2740 766 2815 accepit
786 2739 1029 2813 prazfata
1058 2735 1217 2791 illius
1247 2735 1433 2791 amita
1465 2751 1499 2791 a
1531 2735 1791 2808 quodam
1829 2733 1924 2788 Dei

258 2854 426 2896 servo
470 2845 821 2906 responsum
853 2831 918 2883 ut
947 2825 1190 2881 mdituos
1239 2830 1598 2896 exposceret,
1633 2826 1925 2895 quatenus

258 2927 524 2987 sinerent
571 2934 821 2995 puerum
872 2931 1045 2971 suum
1078 2930 1196 2969 una
1225 2913 1489 2968 noctium
1524 2913 1742 2968 cubare
1772 2910 1928 2965 intra

258 3013 593 3078 ecclesiam,
630 3006 785 3081 quod
816 3010 874 3062 et
902 3005 1121 3060 factum
1155 3006 1262 3058 est.
1295 3001 1367 3057 Et
1396 3018 1528 3058 ecce
1577 3000 1770 3056 noctis
1814 2999 1925 3055 sub

259 3103 495 3163 silentio
518 3096 677 3155 videt
706 3095 918 3151 mulier
946 3093 1176 3148 niveam
1206 3090 1545 3146 columbam
1579 3088 1809 3162 ingredi
1841 3104 1927 3144 ec-

262 3192 505 3251 clesiam
520 3192 578 3244 et
601 3187 673 3243 ad
697 3185 1027 3256 ingressum
1051 3181 1178 3251 ejus
1199 3183 1382 3234 totam
1408 3179 1569 3235 reddi
1593 3193 1920 3234 coruscam.

2054 604 2320 676 Denique
2350 606 2537 676 gratia
2566 606 2957 679 obsequendis
2983 609 3254 666 sanitatis
3274 608 3461 683 primo
3482 611 3720 683 quidem

2057 712 2091 750 a
2112 713 2220 750 suo
2244 696 2506 769 genitore
2529 697 2699 767 cujus
2721 714 2892 753 mens
2917 702 3187 755 catenata
3211 698 3464 755 filiorum
3488 700 3718 771 affectu,

2056 785 2212 857 quod
2239 784 2401 840 nullo
2424 784 2517 841 his
2539 784 2768 841 valebat
2789 787 3088 843 subveniri
3110 788 3403 860 praesidio,
3424 790 3723 846 ducuntur
3746 854 3749 855 ν

2056 875 2127 930 ad
2145 873 2459 930 basilicam
2483 876 2738 930 ecclesia:
2772 876 2980 931 matris
3006 881 3221 933 sancta;
3242 877 3443 933 Crucis
3470 895 3481 947 ;
3508 878 3721 935 decur-

2055 981 2240 1036 soque
2272 963 2352 1019 ibi
2396 964 2697 1035 aliquanto
2744 966 3029 1036 temporis
3078 966 3267 1038 spatio
3303 966 3528 1023 nullam
3559 982 3717 1023 asse-

2054 1057 2323 1125 quuntur
2343 1053 2611 1109 sanitatis
2636 1054 2949 1108 medelam.
2966 1054 3219 1124 Urgente
3246 1059 3441 1111 autem
3473 1055 3721 1112 necessi-

2053 1142 2259 1198 tudine
2280 1142 2528 1209 ardoris,
2548 1143 2690 1197 dum
2715 1142 3017 1214 piissimus
3041 1144 3273 1198 Domini
3297 1160 3468 1199 aures
3498 1143 3713 1198 interni

2052 1230 2308 1285 clamore
2331 1231 2546 1285 doloris
2567 1232 2847 1286 continuo
2870 1230 3170 1302 pulsant,a
3183 1232 3436 1303 quodam
3452 1231 3715 1287 fidelium

2051 1325 2220 1392 pater
2257 1319 2665 1391 praedictorum
2710 1319 2936 1390 accepit
2985 1320 3319 1388 consilium,
3353 1320 3459 1377 hos
3492 1321 3715 1378 deferre

2049 1409 2404 1479 quantocius
2424 1409 2496 1463 ad
2516 1408 2726 1463 limina
2746 1408 2958 1463 Christi
3001 1408 3354 1465 confessoris
3386 1408 3709 1474 Maximini,

2049 1496 2190 1569 quia
2217 1496 2408 1552 virtus
2438 1495 2633 1552 divina
2681 1495 3033 1568 praestabilis
3062 1497 3229 1553 adest
3261 1497 3711 1569 quibuscunque

2048 1584 2403 1641 mortalibus
2433 1585 2912 1641 incommoditate
2956 1601 3235 1656 corporea
3263 1585 3667 1643 laborantibus
3692 1606 3706 1653 ;

2047 1674 2148 1745 qui
2169 1689 2307 1729 mox
2331 1673 2615 1730 accelerat
2634 1690 2768 1729 cum
2792 1672 2992 1744 pueris
3011 1672 3140 1728 iter.
3164 1674 3492 1730 Adveniens
3511 1679 3706 1731 autem

2045 1764 2117 1819 ad
2142 1762 2445 1819 basilicam
2470 1762 2720 1834 piissimi
2744 1760 3401 1833 confessoris,implorat
3429 1764 3706 1821 meritum

2046 1852 2228 1924 hujus
2262 1851 2523 1924 praedicti
2555 1850 2805 1923 patroni,
2838 1854 3131 1921 quatenus
3181 1852 3579 1908 subveniendo
3608 1869 3704 1907 ex-

2041 1942 2307 2013 stinguat
2327 1941 2594 1996 membra
2616 1956 2932 2012 puerorum
2963 1939 3257 1995 ardentia:
3284 1942 3438 2012 quod
3463 1958 3577 1996 non
3601 1941 3701 1995 diu

2039 2031 2336 2087 retardare
2396 2029 2686 2085 divinitati
2745 2026 2986 2100 placuit,
3022 2043 3148 2099 quae
3182 2029 3458 2084 omnibus
3489 2028 3615 2084 loco
3645 2035 3704 2085 et

2036 2123 2302 2190 tempore
2325 2118 2622 2191 magnalia
2640 2116 2875 2190 proprio
2896 2116 3142 2188 imperio
3163 2115 3485 2173 distribuit.
3502 2118 3700 2173 Enim-

2037 2224 2172 2264 vero
2204 2208 2520 2263 transactis
2548 2206 2757 2262 diebus
2797 2204 3134 2277 aliquantis,
3168 2206 3476 2262 exstinctis
3507 2206 3700 2278 pueri-

2038 2296 2197 2352 libus
2218 2295 2501 2352 membris
2522 2296 2594 2351 ah
2617 2294 2751 2367 igne
2781 2292 3040 2365 depastis
3071 2294 3338 2366 sospitati
3369 2294 3700 2351 interventu

2038 2384 2226 2440 Patris
2257 2383 2463 2456 inclyti
2493 2383 2819 2439 redduntur
2848 2380 3169 2437 Maximini.

2106 2473 2195 2527 55.
2221 2473 2440 2527 Eadem
2467 2474 2817 2542 tempestate
2839 2487 3071 2543 quoque
3099 2472 3359 2529 instante
3391 2487 3559 2529 sacra
3587 2471 3697 2526 Do-

2037 2560 2238 2615 minici
2263 2557 2486 2614 Natalis
2507 2557 2725 2630 vigilia,
2759 2558 2997 2629 quidam
3029 2558 3205 2614 homo
3237 2561 3473 2615 nomine
3496 2560 3701 2615 Berne-

2037 2651 2160 2706 rius
2182 2650 2283 2721 qui
2316 2647 2558 2720 quidem
2588 2647 2781 2702 adhuc
2813 2648 3373 2718 superest,excubiis
3402 2653 3577 2704 tanta:
3610 2663 3697 2702 so-

2034 2737 2356 2795 lemnitatis
2374 2753 2511 2792 cum
2529 2735 2751 2791 caeteris
2783 2735 3058 2790 intererat
3089 2735 3698 2792 ﬁdelibus.Excubans

2035 2828 2233 2901 itaque
2255 2825 2505 2882 solemni
2519 2824 2590 2879 de
2612 2822 3223 2895 more,intempestiva3
3242 2825 3549 2896 phrenesis
3562 2822 3700 2880 sub-

2034 2918 2114 2974 ito
2145 2915 2349 2971 morbo
2381 2912 2680 2986 arripitur,
2716 2912 2869 2983 quod
2911 2911 3296 2967 immoderato
3327 2912 3694 2969 thermarum

2036 3007 2303 3062 caumate
2324 3002 2405 3075 (id
2437 3011 2533 3072 est,
2573 3002 2798 3068 ardore)
2832 3003 2976 3056 forte
3007 2999 3099 3064 illi
3124 3002 3444 3072 accederat,
3480 3002 3695 3075 quibus

2036 3093 2183 3151 tanti
2216 3092 2464 3148 luminis
2495 3091 2682 3166 gratia
2711 3091 2912 3147 eadem
2945 3091 3055 3145 sub
3088 3095 3255 3147 nocte
3312 3090 3549 3149 ablutus
3578 3093 3697 3149 fue-

2041 3189 2132 3241 rat
2162 3182 2291 3257 (16).
2327 3182 2473 3237 Nam
2509 3179 2831 3236 dissidente
2864 3179 3015 3235 inter
3046 3196 3107 3235 se
3148 3179 3419 3253 inmquali
3450 3180 3696 3237 elemen-

262 3249 401 3351 Cuae
434 3277 718 3335 accedens
750 3249 821 3329 ad
854 3249 1141 3338 altare,ibi
1165 3267 1597 3341 aliquantisper
1635 3266 1926 3338 subsedit,
1957 3249 2002 3317 C
2041 3249 2234 3330 ιοιιῃίῃ
2255 3249 2548 3342 temperie
2580 3270 2726 3342 (erat
2766 3269 2921 3324 enim
2954 3272 3094 3323 tunc
3124 3249 3376 3325 nimihm
3407 3268 3693 3326 brumalis

263 3386 414 3447 puer
442 3370 641 3423 autem
673 3380 808 3418 mox
837 3362 1141 3431 correptus
1180 3373 1388 3413 somno
1420 3358 1670 3413 ulterius
1701 3354 1928 3411 nullam

266 3444 602 3516 molestiam
634 3450 824 3508 morbi
860 3448 1064 3514 sensit,
1100 3460 1289 3519 neque
1320 3444 1457 3502 inde
1489 3444 1803 3517 vestigium
1836 3444 1930 3499 in-

268 3545 463 3605 cendii
493 3540 787 3616 apparuit.

342 3637 436 3692 53.
461 3633 620 3689 Alter
665 3628 887 3685 exstitit
935 3625 1226 3698 tequivoco
1270 3623 1507 3679 nomine
1538 3621 1822 3696 puerulus
1853 3623 1930 3676 si-

272 3724 403 3783 mili
437 3721 642 3777 morbo
662 3715 1025 3790 periclitans,
1049 3713 1152 3768 sed
1176 3727 1291 3766 non
1315 3712 1519 3767 eodem
1541 3711 1715 3766 modo
1747 3708 1933 3766 salva-

274 3808 701 3871 tus.Judicium
725 3804 881 3861 enim
905 3800 1142 3875 superni
1158 3799 1381 3872 judicis
1399 3798 1602 3872 nequit
1618 3798 1935 3871 quisquam

275 3899 617 3959 mortalium
642 3888 1347 3966 comprehendere.Matcr
1375 3888 1502 3959 ejus
1533 3886 1763 3944 Erfrida
1783 3886 1935 3943 dice-

275 3992 474 4055 batur,
496 3988 661 4059 pater
689 3986 884 4038 autem
907 3980 1036 4053 ejus
1049 3980 1178 4051 jam
1210 3975 1509 4032 hominem
1542 3979 1800 4032 exuerat.
1836 3976 1940 4032 Hic

277 4081 482 4150 itaque
521 4090 667 4147 puer
696 4089 732 4127 a
765 4070 1018 4143 quodam
1052 4084 1198 4123 cane
1228 4083 1507 4139 pervasus
1538 4064 1784 4120 fortuitu
1810 4066 1939 4136 ejus

278 4167 491 4242 pedem
514 4158 830 4217 momordit
859 4159 1130 4213 dextrum
1158 4171 1171 4209 :
1199 4171 1311 4228 qua
1335 4154 1641 4210 occasione
1672 4153 1941 4211 incendio

279 4256 559 4330 perustus
573 4247 886 4306 adducitur
901 4246 970 4301 ad
993 4243 1201 4300 limina
1222 4242 1402 4313 hujus
1425 4242 1610 4298 Patris
1632 4242 1813 4297 nostri
1829 4243 1945 4298 Ma-

279 4341 488 4402 ximini
513 4336 767 4412 piissimi
796 4334 1080 4391 advocati.
1116 4331 1379 4404 Cumque
1410 4331 1489 4386 ibi
1522 4330 1946 4404 aliquantisper

284 4425 968 4493 demoratur,sanitatem
998 4420 1379 4492 consequitur
1409 4419 1950 4493 plenissimam,qui

285 4535 479 4595 usque
497 4517 671 4573 hodie
692 4512 924 4570 servitio
948 4510 1243 4567 detinetur
1273 4508 1520 4563 fratrum
1554 4511 1726 4564 utens
1756 4508 1946 4566 officio

293 4607 567 4686 pastoris.

364 4700 456 4755 54.
473 4699 624 4753 Sane
635 4693 722 4749 vir
743 4691 982 4765 quidam
1007 4688 1357 4746 Laurentius
1380 4684 1647 4759 quamvis
1669 4687 1945 4756 rusticus,

293 4794 494 4849 tamen
523 4781 754 4840 liberali
801 4779 1077 4854 prosapia
1126 4783 1310 4843 ortus,
1343 4776 1615 4833 binorum
1658 4777 1954 4833 exstiterat

297 4882 465 4953 pater
484 4869 987 4930 filiorum.Horum
1002 4867 1239 4940 quidem
1254 4866 1495 4921 nomina
1506 4864 1951 4922 fraterculorum

301 4960 679 5042 primogeniti
712 4957 1005 5025 Tedmari,
1032 4954 1290 5029 junioris
1328 4970 1462 5010 vero
1493 4953 1710 5011 Gilardi
1741 4954 1952 5010 vocita-

299 5058 537 5115 bantur.
571 5048 873 5122 Siquidem
933 5044 1307 5102 incommoda
1359 5042 1627 5099 valetudo
1683 5042 1960 5114 praedicta

303 5146 537 5202 dextras
559 5141 809 5195 istorum
831 5136 1053 5191 invadit
1084 5148 1399 5207 puerorum
1431 5148 1620 5199 suras,
1650 5130 1961 5204 paulatim-

372 5269 489 5338 (ίϋ)
521 5265 777 5338 Hujusce
811 5259 1359 5338 ‘ritus_vestigium
1394 5260 1583 5338 exstat
1615 5257 1678 5338 in
1693 5257 1960 5338 _Decret_is

308 5327 639 5397 Lauri-anei".
703 5334 899 5406 Vigilia
931 5405 934 5406 ν
962 5331 1157 5406 Τὴοτηα
1182 5327 1458 5406 ἀροξιοίἱ,
1519 5327 1733 5406 inquit,
1768 5328 1820 5382 si
1847 5327 1961 5383 dies

2038 3360 2320 3433 temporis
2353 3359 2562 3433 frigus)
2595 3374 2833 3413 sensum
2880 3356 3079 3411 amisit
3111 3357 3394 3427 funditus,
3429 3362 3605 3431 atque
3633 3357 3695 3414 in

2040 3451 2165 3507 dies
2187 3451 2482 3504 crescente
2507 3446 2768 3518 corporis
2800 3444 3071 3501 molestia
3101 3445 3183 3501 ita
3213 3463 3491 3520 manceps
3520 3446 3696 3505 efﬁci-

2041 3542 2239 3607 tur,ut
2260 3537 2438 3591 nullis
2452 3537 2580 3607 jam
2605 3534 2787 3589 teneri
2817 3539 3011 3606 posset
3041 3533 3444 3607 ligaminibus.
3473 3537 3696 3610 Agebat

2044 3629 2171 3701 ipse
2198 3625 2535 3681 teterrimus
2594 3623 2712 3677 oris
2772 3622 2975 3693 pallor,
3010 3624 3335 3696 sanguinea
3389 3624 3693 3681 oculorum

2044 3714 2311 3781 sutl‘usio,
2336 3712 2550 3767 misera
2573 3710 2972 3765 membrorum
3003 3708 3583 3783 distorsio,frequens
3613 3716 3696 3768 to-

2045 3804 2165 3861 tius
2186 3800 2444 3875 corporis
2466 3799 2523 3854 in
2546 3815 2802 3871 praeceps
2831 3797 3016 3865 elisio,
3051 3798 3444 3871 lacrymabilis
3474 3817 3579 3872 per
3606 3803 3692 3856 to-

2046 3894 2166 3951 tius
2188 3907 2363 3947 sacra:
2386 3888 2526 3944 (edis
2551 3886 2817 3942 habiturn
2839 3885 3264 3957 rotatio,ipsius
3293 3887 3608 3960 pavimenti
3636 3892 3697 3944 et

2048 3993 2563 4055 supersparsorum
2599 3975 2926 4047 scirporum
2958 3976 3174 4030 effrena
3202 3978 3442 4045 voratio,
3467 3978 3567 4052 qui
3597 3978 3696 4036 ho-

2050 4087 2184 4143 spes
2206 4070 2265 4123 in
2288 4064 2619 4123 Christiano
2659 4064 2984 4137 hospitaret
3015 4062 3350 4122 diversorio.
3381 4066 3543 4125 Unde
3575 4074 3703 4133 suis

2050 4157 2397 4217 custodibus
2412 4153 2606 4209 taliter
2623 4151 2880 4225 fatigatis
2902 4152 3017 4208 fere
3033 4153 3372 4225 quindecim
3385 4158 3611 4219 solibus
3623 4162 3707 4220 in-

2052 4251 2139 4306 fra
2160 4242 2542 4303 oratoriolum
2565 4244 2625 4298 S.
2650 4242 2897 4299 Joannis
2928 4242 3201 4314 Baptistae
3215 4245 3709 4321 obseratisjanuis

2054 4336 2330 4396 truditur.
2354 4333 2570 4388 Verum
2586 4329 2731 4386 illud
2746 4335 3015 4388 nostrum
3039 4332 3335 4405 singulare
3359 4336 3559 4405 decus,
3582 4356 3712 4396 san-

2054 4423 2355 4484 ctissimus
2374 4418 2649 4475 videlicet
2662 4418 2829 4474 Pater
2850 4417 3578 4492 Maximinus,hujusmodi
3592 4422 3715 4481 lan-

2055 4528 2306 4590 guorum
2321 4509 2597 4567 assiduus
2613 4523 2715 4581 per
2726 4506 2941 4564 Christi
2957 4507 3104 4579 grati
3113 4524 3208 4563 am
3225 4516 3457 4566 curator
3467 4514 3524 4567 et
3537 4512 3717 4569 medi-

1981 4620 2027 4687 D
2059 4600 2361 4671 cus,celeri
2391 4614 2633 4655 suorum
2655 4596 2917 4653 antidoto
2943 4596 3284 4653 meritorum
3298 4602 3522 4670 pestem
3540 4599 3719 4659 laten-

2059 4694 2137 4751 tis
2152 4686 2750 4763 expulitinimici.Nec
2768 4686 2867 4741 diu
2887 4683 3114 4739 differre
3137 4702 3349 4757 passus
3360 4687 3722 4762 fuit,quema

2063 4801 2125 4841 so
2142 4780 2473 4838 sanandum
2490 4778 2601 4833 sibi
2615 4779 2963 4848 exposuerat
2984 4774 3211 4833 devotio
3224 4776 3721 4854 ﬁdelium.1taque

2063 4871 2269 4946 paucis
2292 4868 2498 4925 diebus
2519 4864 2766 4922 evolutis
2797 4862 2982 4920 hostis
3007 4869 3273 4922 concreto
3296 4867 3412 4923 oris
3436 4868 3722 4942 sanguine

2065 4959 2390 5032 expellitur,
2424 4955 2711 5028 languens
2740 4969 2807 5008 ac
2836 4952 2885 5009 si
2918 4957 3185 5010 mortuus
3215 4971 3410 5012 coram
3441 4960 3721 5015 saeratis-

2065 5048 2217 5105 simo
2277 5042 2445 5101 altari
2502 5040 2809 5115 reperitur,
2846 5041 3037 5115 cujus‘
3058 5040 3114 5095 in
3148 5047 3379 5114 pectore
3406 5046 3501 5101 vix
3527 5046 3721 5105 vitalis

2067 5134 2226 5192 calor
2255 5106 2596 5206 palpitantis
2627 5106 2873 5201 spiritus
2904 5106 3173 5186 sentitur:
3190 5131 3323 5188 Mox
3347 5134 3544 5206 itaque
3565 5133 3720 5191 ulnis

2068 5262 2225 5317 idem
2253 5262 2455 5331 auctor
2481 5255 2559 5331 ibi
2592 5254 3036 5331 prazscribit._At
3066 5256 3251 5331 multo
3282 5258 3722 5331 antiquiorejus

2070 5334 2151 5388 rei
2178 5329 2395 5403 mentio
2413 5325 2676 5403 habetur
2705 5328 2769 5403 in
2797 5325 2999 5403 regula
3027 5329 3337 5403 cujusdam
3369 5325 3557 5403 Patris
3587 5325 3717 5403 cap.

2074 5406 2161 5468 12,
2195 5402 2287 5457 his
2313 5400 2503 5456 verbis
2537 5415 2550 5452 :
2582 5398 2851 5453 Similiter
2878 5397 2947 5469 ad
2977 5397 3135 5469 caput
3162 5400 3401 5469 fratrum
3431 5397 3728 5458 lavanda-1n

2070 5491 2167 5547 per
2219 5473 2438 5543 singula
2493 5469 2746 5535 Sabbata,
2778 5468 3224 5547 vetnealncmu’m
3246 5488 3402 5547 usus
3439 5489 3539 5547 per
3565 5474 3728 5547 [θείας

2075 5539 2439 5603 solemnitate:
2466 5548 2791 5613 praeparent.
2824 5539 2966 5593 Vide
3026 5548 3193 5597 notas
3246 5539 3508 5599 Menardi
3540 5539 3728 5600 nostri

2077 5619 2134 5672 in
2168 5633 2325 5671 conc.
2366 5613 2571 5686 Regul.
2605 5630 2730 5684 cap.
2764 5615 2855 5668 55.

307 5411 622 5468 Dominicus
651 5400 780 5461 mm'
788 5405 959 5477 fuerit
985 5400 1257 5477 radantur
1287 5402 1494 5477 fratres
1518 5420 1536 5466 ,-
1566 5400 1964 5477 et_balnee_ntur

346 5484 409 5537 ui
440 5482 625 5537 volunt
654 5471 920 5543 balneari,
944 5482 1004 5530 ut
1031 5474 1238 5530 duobus
1266 5471 1452 5527 diebus
1480 5478 1605 5526 ante
1624 5471 1963 5526 Dominicam

361 5552 625 5608 ativitatis
669 5551 782 5604 sint
837 5563 1020 5603 omnes
1080 5546 1334 5600 balncuti.
1365 5544 1426 5598 Si
1468 5557 1681 5597 necesse
1725 5543 1816 5598 sit.
1850 5543 1965 5612 ipso

314 5624 627 5692 apostolicae
682 5620 991 5692 festivitatis
1038 5616 1126 5672 die
1174 5617 1422 5671 balneari
1446 5621 1689 5692 pascunt.
1724 5612 1965 5692 Qualem

361 5683 692 5767 isciplinani
709 5691 816 5748 hoc
838 5691 898 5746 in
921 5705 1092 5762 opere
1124 5704 1351 5743 servare
1382 5683 1645 5742 solebant
1672 5683 1964 5752 monachi,
