4034 6170
325 392 444 454 823
905 391 1240 452 LE'I‘ALDI
1287 385 1728 451 MICIACENS.
1777 383 2068 446 MONAC.
2117 385 2219 446 DE
2261 385 2703 448 'l‘llANSLAT.
2753 387 2818 447 S.
2863 386 3173 450 JULIANI
3631 383 3758 446 824

323 524 587 582 fidelium
605 523 872 598 atemplo
901 525 1227 581 subductus
1253 521 1314 578 in
1342 521 1523 578 imam
1553 517 1972 576 domunculam
2001 513 2056 585 Α
2083 517 2172 574 vis
2201 517 2604 575 arescentibus
2651 517 2938 595 poplitum
2991 535 3059 576 ex
3090 535 3222 576 asse
3252 517 3569 575 incedendi
3601 516 3758 574 ami-

325 611 516 686 ipsius
571 611 828 669 ecclesiae
882 611 1220 684 contiguam
1278 609 1505 666 tollitur
1535 625 1549 665 :
1585 608 1785 681 sicque
1830 605 1985 662 intra
2093 611 2248 664 serat
2277 608 2558 664 officium.
2592 607 2696 664 Hic
2727 608 2927 680 itaque
2957 625 3059 681 per
3089 606 3416 664 multorum
3462 623 3762 664 annorum
3801 656 3808 662 .

328 717 546 776 paucos
577 701 702 758 dies
751 699 1192 774 perfectissima:
1250 699 1488 755 sanitati
1542 699 1816 763 donatur,
1848 695 1987 768 vigi-
2093 697 2386 752 curricula
2417 697 2667 753 fratrum
2726 697 3164 754 Miciacensium
3196 695 3437 754 solertia
3465 696 3763 769 frequenti

327 787 472 848 lanti
505 790 751 846 fratrum
782 805 924 845 cura
950 789 1009 845 in
1041 787 1319 846 omnibus
1349 788 1609 860 adjutus.
1645 786 1752 840 Per
1789 784 1988 840 omnia
2093 787 2380 842 educatus
2438 785 2718 842 alimonia
2777 786 2985 842 fuerat.
3019 783 3234 840 Verum
3268 783 3366 840 ille
3397 783 3772 840 inexhausta

327 877 670 937 benedictus
703 878 880 934 Deus.
2095 875 2226 930 fons
2271 873 2508 947 pielatis
2555 875 2656 948 qui
2715 873 2958 947 puerilis
3018 873 3352 930 sinceritate
3407 872 3770 929 innocentia

497 967 634 1036 Quae
661 975 984 1040 sequuntur,
1017 968 1245 1024 alterius
1276 965 1530 1022 videntur
1557 966 1816 1021 auctoris.
2098 965 2321 1036 absque
2368 963 2547 1020 ullius
2596 963 3011 1036 conspersione
3044 963 3312 1020 fermenti
3345 963 3521 1018 corde
3551 963 3772 1018 devoto

399 1055 492 1111 56.
533 1055 697 1112 Alter
727 1055 1118 1112 nihilominus
1147 1057 1343 1128 (cujus
1375 1071 1586 1110 nomen
1620 1052 1855 1123 excidit)
1887 1052 1987 1106 ad-
2099 1053 2361 1126 praecipit
2381 1054 2657 1130 exerceri,
2691 1053 2859 1108 illum
2894 1069 3011 1108 una
3040 1051 3300 1108 noctium
3331 1051 3638 1108 admoneri
3673 1066 3778 1106 vo»

329 1143 490 1198 venit
512 1143 740 1200 lumine
761 1143 1064 1200 oculorum
1099 1142 1362 1215 privatus
1386 1143 1457 1198 ab
1481 1143 1608 1214 ipso
1633 1140 1990 1214 exceptionis
2090 1143 2210 1198 ‘luit
2239 1145 2304 1197 ut
2332 1142 2519 1198 Patris
2573 1141 2875 1198 Maximini
2927 1144 3222 1214 expeteret
3269 1158 3463 1214 opem,
3495 1140 3547 1196 si
3581 1140 3777 1196 totius

331 1235 526 1304 partu.
566 1232 918 1288 Pernoctans
944 1231 1142 1304 itaque
1181 1235 1316 1288 ante
1349 1229 1814 1303 suﬁ'ragatricem
1843 1232 1993 1298 tanti
2101 1233 2360 1304 corporis
2417 1235 2647 1304 optaret
2706 1229 2983 1304 consequi
3042 1228 3461 1286 valetudinem.
3493 1229 3604 1296 Qui
3657 1247 3780 1284 su-

332 1320 564 1392 patroni
597 1321 887 1389 tumbam,
921 1320 1284 1392 inexpertam
1337 1335 1684 1392 semperque
1731 1322 1992 1390 optatam
2095 1338 2294 1394 perna;
2324 1319 2708 1376 admonitioni
2741 1318 3036 1387 credulus,
3067 1335 3240 1376 mane
3271 1319 3422 1374 facto
3453 1319 3659 1392 penita
3681 1335 3784 1374 ec-

332 1408 549 1465 meruit
571 1413 912 1482 extorquere
943 1407 1456 1466 illuminationem.
1485 1409 1638 1481 Ergo
1688 1408 1831 1462 dum
1873 1411 1991 1463 sta-
2101 1407 2290 1466 clesize
2321 1409 2636 1477 subintrat,
2668 1411 2843 1480 atque
2873 1412 3009 1464 ante
3038 1412 3480 1464 sacrosanctum
3501 1411 3782 1480 prostra-

332 1497 436 1554 bili
467 1497 682 1554 mentis
711 1497 828 1554 fide
859 1496 918 1553 in
949 1496 1348 1554 misericordis
1406 1495 1824 1552 intercessione
1857 1512 1992 1552 con-
2103 1501 2200 1554 tus
2222 1495 2948 1565 mausoleum,innoccntis
2969 1495 3179 1552 atl'ectu
3201 1494 3384 1552 animi
3397 1495 3782 1568 piapiissimi

333 1587 574 1644 fessoris
595 1587 710 1644 sibi
745 1585 947 1660 largiri
987 1585 1250 1655 conﬁdit,
1282 1586 1437 1659 quod
1461 1589 1675 1642 natura
1703 1602 1820 1641 non
1852 1601 1994 1641 con-
2103 1585 2436 1659 interpellat
2457 1585 2669 1642 merita
2689 1583 3062 1642 confessoris.
3097 1584 3215 1640 Nec
3235 1600 3420 1652 mora,
3453 1583 3654 1640 divina
3687 1585 3784 1640 di-

330 1675 493 1744 tulit,
525 1675 895 1748 infestusque
925 1675 1214 1733 continuas
1247 1673 1679 1747 inquietudinis
1709 1672 1996 1730 clamores
2105 1674 2302 1750 gnatio
2331 1673 2412 1730 illi
2447 1673 2656 1730 adfuit.
2688 1672 2964 1748 Exemplo
2995 1671 3288 1746 siquidem
3319 1689 3384 1730 se
3423 1673 3782 1746 subrigens,

334 1763 496 1822 nullo
527 1765 700 1821 modo
732 1763 1052 1836 intercipit,
1080 1763 1388 1820 confestim
1436 1763 1692 1836 quodam
1743 1760 1996 1836 piissimi
2105 1781 2173 1820 ac
2201 1762 2608 1836 plenissimam
2638 1761 2821 1819 totius
2851 1761 3112 1836 corporis
3141 1765 3388 1836 captans
3419 1762 3782 1831 sanitatem,

336 1853 601 1910 Rabboni
623 1857 784 1912 tactu
807 1853 880 1910 ab
903 1852 1048 1926 ipsis
1079 1851 1384 1910 oculorum
1415 1851 1659 1909 orbibus
1687 1850 1997 1925 sanguinis
2026 1888 2075 1955 Β
2105 1869 2261 1909 anno
2291 1851 2606 1908 Dominicm
2638 1851 3060 1909 incarnationis
3086 1851 3404 1908 millesimo
3434 1852 3787 1926 quadrage-

337 1942 500 2000 rivus
538 1943 750 2016 erupit,
783 1957 852 2000 ac
907 1941 1184 2015 deinceps
1239 1942 1616 2015 postmodum
1677 1941 1786 1997 sub
1843 1938 1993 1996 tanti
2026 1938 2075 1955 ³³
2102 1941 2253 1998 sime
2285 1939 2474 2014 primo
2508 1939 2682 1997 tertia
2729 1940 2918 2018 ipsius
2966 1940 3413 1998 resurrectionis
3441 1938 3784 1998 Salvator-is

338 2048 519 2088 manu
549 2031 776 2105 opificis
805 2030 1174 2104 inexpertum
1219 2029 1408 2086 inscia
1441 2028 1593 2086 lucis
1623 2027 1994 2102 splendorem

337 2119 566 2194 pupilla
594 2119 887 2189 extimuit,
920 2136 1236 2192 rerumque
1265 2118 1552 2193 imagines
1582 2118 1858 2190 deinceps
1879 2133 1996 2174 em-

337 2208 590 2266 blemate
644 2207 825 2266 simili
881 2213 1115 2282 pectore
1171 2207 1390 2265 condit.
1433 2207 1479 2264 Ο
1526 2205 1780 2264 scelestis
1838 2207 1994 2281 regis

335 2297 616 2371 potentia,
649 2297 881 2372 ingens,
920 2297 1262 2370 incorporea
1315 2296 1375 2353 in
1434 2314 1544 2354 sua
1598 2299 1830 2365 natura,
1865 2313 1992 2369 quae

336 2385 674 2460 palpamine
695 2385 986 2460 spirituali
1009 2403 1044 2444 a
1065 2385 1298 2442 mortali
1318 2381 1502 2443 voluit
1511 2385 1857 2442 humanitus
1869 2402 1994 2442 sen-

335 2473 730 2544 tiri,innatum
752 2474 1064 2550 glaucoma
1089 2474 1402 2544 dextruxit,
1416 2475 1739 2532 obtunsum
1759 2474 1992 2532 verticis

336 2563 644 2638 speculum
661 2565 907 2639 gemino
938 2564 1166 2639 fulgore
1193 2563 1526 2638 complevit.

406 2655 499 2712 57.
523 2653 772 2723 Quidam
813 2654 1099 2714 duodenis
1129 2670 1276 2728 puer
1296 2653 1534 2711 nomine
1553 2653 1830 2711 Erfredus
1853 2668 1990 2710 ner-

2102 2029 2426 2097 Dcminica,
2459 2030 2602 2086 hora
2632 2029 2746 2087 diei
2777 2029 3058 2098 secunda,
3089 2029 3293 2086 eadem
3336 2022 3638 2104 paschalis
3665 2047 3782 2087 so—

2100 2117 2424 2175 lemnitatis
2480 2117 2696 2192 gaudia
2751 2119 3178 2175 restauratione
3217 2118 3309 2174 sui
3340 2117 3500 2174 haud
3529 2117 3782 2176 modica

2101 2207 2262 2264 auxit
2291 2206 2349 2262 in
2382 2206 2601 2264 laatitia.
2632 2208 2704 2264 Et
2732 2206 2972 2280 quidem
3005 2211 3158 2280 apte,
3193 2207 3337 2263 dum
3371 2207 3511 2264 huic
3539 2225 3650 2264 vox
3677 2208 3782 2264 in-

2100 2301 2336 2354 sonaret
2366 2296 2706 2370 prophetica
2735 2312 2750 2353 :
2783 2295 3158 2354 Misericordia
3212 2298 3440 2354 Domini
3480 2297 3649 2370 plena
3684 2305 3784 2354 at

2099 2395 2282 2455 terra;
2316 2385 2453 2442 inde
2483 2385 2671 2458 ipsius
2701 2388 2877 2443 tanta:
2919 2385 3316 2444 miserationis
3343 2383 3566 2442 viscera
3597 2385 3779 2442 clan-

2099 2492 2238 2550 gore
2265 2475 2567 2550 signorum
2629 2475 2815 2532 excita
2869 2475 3035 2550 plebs
3087 2491 3446 2534 concurrens
3495 2479 3782 2549 stuperet

2100 2579 2391 2622 universa.

1127 3027 1625 3144 DELATIO
1694 3025 2258 3144 CORPORIS
2327 3027 2421 3145 S.
2492 3028 2957 3143 JUNIANI

1522 3280 1596 3336 1N
1637 3277 1986 3337 SYNODUM
2025 3277 2564 3338 KARROFENSEM

1718 3457 1976 3520 Circiter
2001 3477 2226 3521 annum
2253 3461 2372 3522 988

842 3630 952 3728 Α
1011 3625 1434 3728 Letaldo
1504 3619 1996 3725 monac/lo
2073 3624 2651 3729 Miciacensi
2714 3623 3244 3766 descripta.

1355 3821 1540 3896 (Apud
1574 3819 1820 3889 Mabill.,
1853 3820 2002 3888 Acta,
2036 3818 2245 3877 Seculi
2278 3819 2371 3890 IV,
2405 3835 2538 3895 pag.
2571 3821 2722 3890 434.)

1824 4008 2247 4025 *ι

405 4169 454 4224 1.
488 4166 735 4223 Domino
757 4165 911 4222 Patri
949 4164 1348 4221 Cons-nmmo
1368 4166 1426 4220 et
1447 4161 1668 4219 cmteris
1700 4161 1981 4219 fratribus
2010 4163 2054 4231 α
2091 4178 2292 4219 eorum
2323 4161 2654 4218 interventu
2685 4165 2947 4234 patrum,
2977 4176 3126 4234 quos
3173 4159 3344 4216 nobis
3373 4157 3622 4232 largitus
3655 4162 3751 4216 est

327 4255 610 4315 Nobiliaci
627 4253 872 4312 cmnobii
885 4253 1064 4309 frater
1075 4253 1370 4308 LETALDUS
1383 4251 1692 4308 inDomino
1703 4246 1978 4308 salutem.

369 4345 458 4402 Ad
471 4343 860 4402 sublevandos
871 4341 1065 4399 Tobiae
1079 4339 1308 4397 labores
1319 4339 1562 4414 angelus
1576 4338 1834 4414 Raphael
1847 4339 1984 4397 mis-

321 4425 430 4492 sus
451 4452 486 4491 ιι
503 4431 1089 4505 Domino,postquam
1113 4445 1248 4486 eum
1271 4447 1386 4485 non
1409 4429 1600 4486 solum
1615 4431 1688 4486 ab
1701 4429 1981 4486 (erumnis

323 4523 478 4582 eruit
494 4537 697 4580 verum
726 4521 904 4578 etiam
925 4518 1226 4576 beneficiis
1247 4518 1455 4574 divinae
1477 4519 1712 4592 pietatis
1733 4518 1974 4590 adjuvit,

323 4628 664 4671 reversurus
685 4610 759 4669 ad
779 4626 914 4666 eum
937 4626 971 4664 a
991 4625 1107 4681 quo
1129 4607 1350 4664 missus
1373 4608 1621 4676 fuerat,a
1641 4623 1756 4680 quo
1780 4606 1978 4663 exiens

323 4718 440 4760 non
461 4701 832 4769 discesserat,
857 4715 958 4758 eos
987 4714 1136 4770 quos
1167 4697 1430 4753 beneﬁcii
1465 4695 1701 4768 superni
1736 4713 1978 4752 munere

321 4794 602 4858 erexerat,
636 4786 954 4860 alloquitur
982 4787 1219 4843 dicens:
1254 4785 1560 4842 Consilium
1589 4785 1730 4856 regis
1758 4785 1978 4842 abscon-

321 4880 448 4937 dere
478 4879 677 4935 bonum
703 4884 800 4947 est,
832 4892 993 4950 opera
1022 4882 1206 4931 autem
1249 4876 1347 4931 Dei
1390 4874 1630 4930 revelare
1655 4881 1708 4929 et
1731 4874 1978 4946 conﬁteri

322 4969 684 5040 honoriﬁcum
709 4973 791 5024 est
834 4965 985 5036 (Tob.
1034 4967 1159 5034 xu).
1219 4965 1584 5036 Quapropter
1639 4979 1746 5018 nos
1799 4979 1974 5034 opera

321 5057 536 5116 Christi
558 5073 686 5128 quae
716 5071 820 5128 per
848 5051 1338 5128 gloriosissimum
1373 5052 1764 5107 confessorem
1795 5067 1972 5106 suum

317 5135 644 5207 Junianum
666 5144 884 5201 nostris
914 5141 1278 5216 temporibus
1298 5139 1524 5212 operari
1554 5140 1830 5213 dignatus
1859 5144 1970 5209 est,

320 5236 572 5295 revelare
593 5239 651 5290 et
672 5232 936 5290 confiteri
958 5231 1248 5299 convenit,
1281 5230 1354 5286 ad
1382 5227 1614 5284 laudem
1638 5234 1695 5283 et
1723 5228 1969 5302 gloriam

319 5324 577 5384 nominis
606 5323 756 5396 ejus,
788 5323 862 5379 ad
895 5319 1334 5378 zediﬁcationem
1368 5318 1761 5386 audientium,
1791 5323 1857 5374 ut
1880 5336 1969 5375 co-

313 5419 600 5490 gnoscant
619 5429 825 5470 omnes
845 5411 984 5485 quia
1012 5427 1187 5484 opera
1216 5427 1342 5483 qua:
1365 5411 1641 5480 operatus
1660 5413 1751 5464 est
1773 5409 1830 5463 in
1852 5408 1966 5466 die-

313 5505 426 5562 bus
451 5507 684 5578 patrum
708 5505 1065 5565 nostrorum,
1097 5503 1372 5571 operatur
1399 5503 1456 5553 et
1487 5496 1817 5566 nobiscum,
1851 5514 1966 5553 non

313 5593 530 5650 nostris
561 5591 798 5665 quidem
830 5587 1182 5653 meritis,sed
1203 5604 1330 5658 qua:
1351 5585 1632 5643 beneficio
1657 5586 1891 5658 pietatis
1911 5589 1970 5642 et

379 5690 494 5762 (17)
524 5689 590 5745 In
620 5688 842 5760 synodo
875 5687 1027 5743 facta
1072 5684 1304 5740 circiter
1331 5699 1554 5740 annum
1588 5684 1715 5751 988,
1753 5683 1848 5740 cui
1877 5684 1966 5740 in-

2090 4251 2526 4320 intcrcessores,
2559 4254 2619 4306 et
2648 4251 2720 4306 ad
2752 4248 3161 4324 corrigendum
3202 4247 3332 4305 vita;
3364 4250 3580 4304 nostra;
3605 4263 3747 4321 gra-

2087 4339 2326 4396 vitatem
2355 4340 2628 4412 proponit
2657 4338 2994 4396 imitabiles.

2157 4433 2212 4485 2.
2246 4428 2672 4502 Aggrediamur
2725 4429 2908 4501 igitur
2954 4426 3227 4501 promissi
3275 4425 3471 4500 operis
3502 4443 3744 4493 munus.

2089 4517 2306 4575 nostris
2318 4517 2556 4590 quidem
2569 4517 2640 4573 de
2655 4516 2707 4572 vi
2717 4516 2880 4573 ribus
2893 4515 2984 4572 dif
2983 4515 3070 4572 fisi
3081 4515 3202 4583 ,sed
3225 4513 3433 4571 divina:
3454 4513 3746 4588 largitatis

2087 4605 2302 4664 auxilio
2335 4603 2487 4673 fulti,
2523 4603 2682 4660 illius
2711 4602 2982 4659 videlicet
3011 4601 3113 4675 qui
3143 4601 3226 4659 ait
3249 4617 3264 4656 :
3286 4599 3452 4674 Aperi
3477 4616 3537 4658 os
3566 4609 3742 4667 nam,

2083 4705 2137 4752 et
2161 4711 2256 4767 ego
2301 4693 2533 4766 implebo
2584 4692 2726 4748 illud
2773 4693 2946 4766 (Psal.
2980 4707 3166 4757 Lxxxr,
3199 4690 3310 4762 11).
3358 4688 3476 4745 Vos
3521 4692 3738 4757 autem,

2085 4783 2386 4841 reverendi
2439 4782 2638 4838 Patres
2682 4785 2739 4838 et
2770 4783 2998 4848 fratres,
3023 4781 3228 4853 juvatc
3257 4777 3554 4852 precibus,
3589 4778 3740 4851 quod

2083 4872 2425 4928 charitativo
2449 4869 2784 4944 injunxistis
2807 4869 3052 4942 imperio
3076 4885 3090 4924 :
3115 4885 3220 4924 nec
3237 4867 3557 4924 admodum
3579 4866 3739 4922 vobis

2083 4958 2602 5032 nostradispliceat
2614 4956 3264 5026 rusticitas,dummodo
3276 4954 3470 5012 solaet
3489 4955 3736 5028 integra,

2082 5052 2149 5104 ut
2175 5065 2210 5104 a
2227 5048 2393 5104 vobis
2428 5047 2650 5103 tradita
2678 5051 2792 5113 est,
2818 5062 3013 5102 rerum
3045 5048 3344 5118 gestarum
3375 5041 3738 5118 complaceat

2079 5137 2314 5194 veritas.
2347 5136 2494 5192 Cum
2527 5136 2709 5192 exorti
2737 5139 2936 5192 essent
2963 5138 3300 5208 peccatores
3329 5132 3486 5188 sicut
3513 5133 3734 5200 fenum,

2081 5231 2138 5282 et
2156 5225 2334 5282 veluti
2355 5242 2560 5298 vepres
2587 5228 2648 5281 et
2673 5225 2856 5298 spinae
2887 5227 3179 5279 terrenam
3200 5221 3560 5278 sutl'ocantes
3578 5237 3739 5278 mes-

2080 5315 2317 5384 sem,ita
2347 5311 2590 5387 maligni
2615 5313 2832 5385 quique
2855 5311 3225 5368 Dominicam
3255 5311 3630 5367 devastarent
3653 5309 3735 5365 vi-

2079 5421 2273 5473 neam,
2306 5400 2530 5476 placuit
2559 5401 2848 5475 episcopis
2878 5404 2937 5456 et
2966 5399 3285 5456 abbatibus
3313 5402 3372 5454 et
3402 5398 3736 5472 quibusque

2078 5493 2368 5566 religiosis
2391 5491 2532 5547 viris
2553 5488 2866 5546 concilium
2899 5488 3110 5545 debere
3135 5486 3356 5556 ﬁeri,in
3376 5504 3494 5560 quo
3515 5491 3573 5544 et
3591 5503 3734 5560 pra-

2077 5584 2162 5639 da:
2181 5582 2292 5653 (17)
2311 5579 2782 5654 prohiberentur,
2801 5582 2860 5634 et
2875 5593 2969 5634 res
2985 5579 3324 5633 sanctorum
3345 5575 3565 5648 injuste
3596 5575 3733 5632 sub-

2079 5679 2281 5739 terfuit
2311 5678 2476 5752 Hugo
2507 5675 2891 5735 Ecolimensis
2921 5677 3256 5751 episcopus,
3290 5678 3560 5732 mortuus
3579 5688 3728 5732 anno
