4028 6172
261 403 377 463 825

1096 404 1444 465 JOANNES
1487 403 1591 463 XV
1635 404 1974 462 P:\P.\.r—-
2001 401 2324 463 NOTITIA
2368 404 2813 466 HISTORICA.

3543 409 3665 472 826

259 535 387 592 lata)
416 537 894 606 restituerentur;
928 542 983 594 et
1013 539 1218 594 caetera
1242 537 1398 592 mala
1420 554 1544 609 quae
1575 536 1900 611 speciosam
1929 535 1985 602 Α
2015 550 2150 606 pore
2171 552 2358 608 usque
2391 554 2566 603 nunc,
2593 537 2928 610 quicunque
2965 539 3302 596 febricitans
3329 545 3662 614 accesserit,

261 631 476 683 saneta:
507 625 606 682 Dei
640 626 907 683 Ecclesia:
941 626 1144 683 faciem
1177 627 1492 695 fmdabant,
1527 628 1636 684 sub
1669 628 1906 685 anathe-

261 716 435 772 matis
467 733 744 772 mucrone
775 716 1104 773 ferirentur.
1143 717 1260 772 Hoc
1291 717 1472 790 igitur
1500 717 1812 772 concilium
1846 718 1905 773 in

259 805 523 863 ccenobio
547 806 872 862 Karrofensi
898 807 1023 878 cogi
1057 806 1167 861 fuit
1197 806 1576 874 destinatum,
1602 807 1906 878 factusque

258 901 351 952 est
380 896 458 951 ibi
491 896 733 967 grandis
765 913 833 950 ex
882 913 1030 969 pago
1083 895 1310 951 Pictavo
1343 900 1399 951 et
1430 895 1816 963 Lemovicino,
1851 902 1909 952 et

258 984 667 1056 adjacentibus
689 984 1025 1058 regionibus
1050 984 1366 1039 multorum
1386 1001 1708 1041 concursus
1733 1001 1908 1057 popu-

261 1073 476 1128 lorum.
511 1074 653 1129 Nam
687 1077 745 1128 et
793 1072 982 1128 multa
1025 1090 1267 1145 corpora
1317 1077 1653 1128 sanctorum
1684 1075 1795 1146 (18)
1829 1074 1907 1128 ibi

259 1161 440 1218 allata
468 1166 626 1228 sunt,
660 1179 909 1234 quorum
943 1162 1252 1238 praesentia
1281 1166 1338 1217 et
1368 1161 1719 1234 rcligiositas
1750 1163 1910 1218 robo-

258 1255 509 1319 rarctur,
555 1254 613 1306 et
662 1251 1058 1323 malignorum
1106 1251 1430 1324 procacitas
1479 1253 1906 1309 retunderetur.

260 1341 416 1397 Sane
447 1338 592 1394 illud
624 1339 938 1395 concilium
971 1339 1184 1409 divina,
1215 1344 1280 1396 ut
1309 1339 1585 1409 creditur,
1617 1341 1912 1398 voluntate

257 1433 532 1485 Coactum
567 1446 669 1500 per
688 1432 1024 1484 sanctorum
1050 1429 1417 1500 przesentiam
1443 1430 1768 1502 frequentia
1787 1431 1912 1486 illu-

256 1522 519 1574 stravere
550 1517 855 1573 miracula.
889 1517 962 1573 At
990 1534 1125 1574 vero
1169 1517 1322 1574 inter
1350 1522 1558 1574 caetera
1586 1519 1701 1574 Deo
1734 1519 1910 1592 digna

258 1610 604 1663 sanctorum
646 1606 911 1680 pignora,
944 1608 1119 1663 etiam
1160 1607 1399 1681 gloriosi
1447 1607 1633 1664 Patris
1671 1607 1911 1665 Juniani

254 1695 480 1752 exuvire
511 1712 646 1751 cum
677 1695 905 1751 decenti
938 1696 1156 1752 honore
1187 1695 1389 1752 delata:
1423 1701 1580 1752 sunt.

332 1786 392 1841 3.
462 1784 574 1841 Sed
641 1783 794 1840 inter
858 1784 982 1840 haec
1049 1786 1300 1858 agenda‘
1343 1802 1477 1841 cum
1550 1804 1583 1841 a
1651 1787 1912 1843 eoenobio

254 1873 452 1931 sancti
508 1872 700 1930 Patris
757 1873 920 1929 elata:
979 1878 1178 1929 essent
1246 1873 1532 1946 reliquias,
1585 1892 1700 1931 non
1759 1874 1914 1930 mul-

252 1969 390 2021 tum
449 1963 619 2036 longe
668 1981 702 2019 a
750 1963 1105 2019 monasterio
1137 1962 1196 2018 hi
1228 1961 1328 2034 qui
1389 1963 1574 2018 sancti
1625 1963 1913 2020 vehebant

254 2053 596 2120 sarcinam,
650 2052 1072 2120 consederunt,
1125 2055 1180 2106 et
1237 2067 1471 2106 sacrum
1532 2069 1681 2108 onus
1741 2053 1914 2124 depo-

254 2144 532 2199 suerunt.
568 2140 630 2195 In
664 2156 730 2196 eo
761 2139 943 2212 igitur
972 2140 1095 2196 loco
1129 2145 1259 2212 post
1289 2140 1800 2196 sanctissimarum
1835 2157 1919 2197 re-

255 2229 586 2302 liquiarum
619 2228 975 2285 evectionem
1011 2229 1238 2284 devotio
1272 2229 1534 2284 fidelium
1575 2229 1766 2286 crucis
1794 2246 1916 2296 ere:

257 2320 354 2375 xit
381 2318 655 2375 vexillum
689 2318 762 2373 ob
794 2317 1138 2373 memoriam
1169 2322 1227 2373 et
1260 2318 1738 2386 recordationem,
1764 2320 1916 2390 quod

257 2408 349 2466 ibi
375 2407 562 2465 sancti
598 2406 786 2465 Patris
817 2406 1074 2479 reliquiae
1096 2406 1458 2480 quievissent
1477 2423 1488 2460 :
1509 2410 1564 2462 et
1587 2408 1657 2462 ab
1680 2424 1744 2462 eo
1768 2412 1921 2463 tem-

253 2569 392 2637 990,
418 2568 744 2625 secundum
777 2566 1106 2640 capitulum
1130 2567 1463 2640 decernitur
1483 2567 1761 2640 adversus
1783 2583 1919 2640 prte-

254 2642 471 2707 dones,
507 2644 573 2696 ut
601 2638 864 2696 dubium
892 2657 1006 2695 non
1040 2639 1116 2694 sit
1146 2639 1217 2694 ad
1259 2654 1388 2694 eam
1421 2638 1619 2694 referri
1657 2638 1921 2710 oportere

255 2713 422 2770 banc
453 2711 827 2768 delationem.

334 2784 455 2855 (18)
488 2783 569 2855 De
602 2799 763 2839 more
794 2781 952 2855 illius
983 2782 1285 2855 temporis.
1313 2781 1407 2837 Sic
1435 2781 1711 2855 feretrum
1734 2781 1921 2855 sancti

259 2852 569 2912 Be’rcharii
621 2854 850 2912 abbatis
880 2852 1188 2910 Dervensis
1219 2853 1279 2908 in
1311 2853 1599 2926 synodum
1630 2852 1920 2908 Aiereien-

2015 623 2276 680 invocato
2289 625 2501 682 Christi
2525 627 2760 683 nomine
2778 643 2881 700 per
2896 626 3377 686 interventionem
3398 632 3663 703 ejusdem

2017 713 2201 769 Patris
2234 713 2543 784 pristinam
2576 715 2956 789 consequitur
2985 716 3321 774 sanitatem.
3358 719 3497 775 Inde
3527 737 3664 794 ergo

2017 819 2149 857 eum
2182 803 2253 857 ad
2285 801 2542 858 villulam
2566 805 2657 858 cui
2686 805 2985 860 [‘tufﬁacus
3015 823 3226 861 nomen
3257 811 3368 875 est,
3391 811 3666 866 accessis-

2017 895 2164 957 sent,
2182 891 2547 947 mansionem
2570 893 2710 947 inibi
2737 898 3104 966 acceperunt,
3125 900 3474 968 noctemque
3502 897 3665 954 illam

2018 981 2078 1034 in
2100 980 2198 1035 Dei
2224 979 2498 1036 laudibus
2515 984 2572 1035 et
2586 981 2822 1053 hymnis
2839 983 3178 1054 pervigilem
3197 985 3498 1054 ducentes,
3518 987 3668 1042 facto

2019 1085 2190 1123 mane
2223 1069 2334 1124 iter
2363 1069 2766 1140 arripuerunt;
2809 1072 2910 1125 sed
2957 1071 3342 1129 nihilominus
3373 1076 3432 1128 in
3463 1077 3668 1132 eodem

2019 1158 2143 1213 loco
2175 1175 2290 1228 quo
2330 1158 2670 1228 quieverunt
2718 1158 2996 1230 reliquiae,
3023 1160 3225 1217 fideles
3254 1161 3569 1218 Christiani
3602 1181 3670 1219 ex

2020 1246 2176 1302 lento
2204 1246 2420 1302 vimine
2451 1248 2617 1319 quasi
2664 1248 2961 1319 quoddam
2993 1249 3177 1304 fecere
3224 1250 3572 1321 peribolum,
3608 1256 3672 1308 ut

2020 1335 2183 1391 locus
2214 1336 2338 1407 ipse
2364 1353 2477 1408 quo
2507 1353 2674 1392 sacra
2706 1338 2974 1391 membra
3000 1336 3189 1392 locata
3219 1340 3450 1394 fuerant
3479 1341 3552 1396 ab
3583 1358 3670 1397 ac-

1977 1497 1982 1500 _
2020 1440 2190 1480 cessu
2213 1425 2520 1480 hominum
2544 1429 2600 1480 et
2621 1424 2967 1480 animalium
2989 1429 3153 1481 tutus
3175 1433 3521 1484 remaneret.
3539 1431 3674 1486 Post

2021 1513 2237 1568 multos
2259 1513 2382 1568 dies
2413 1516 2617 1569 taurus
2647 1514 2803 1569 ferox
2835 1514 3083 1570 accessit
3103 1520 3161 1570 et
3189 1516 3468 1573 cornibus
3499 1521 3671 1592 atque

2021 1604 2199 1660 costis
2212 1604 2480 1660 eamdem
2495 1620 2691 1675 sepem
2708 1602 3072 1660 ludibundus
3086 1606 3400 1673 concussit;
3419 1608 3520 1662 sed
3541 1624 3673 1664 mox

2021 1697 2086 1747 ut
2115 1709 2149 1747 a
2178 1709 2329 1764 saepe
2360 1692 2627 1760 recessit;
2661 1692 2881 1748 corruit
2912 1696 2970 1748 et
3009 1693 3346 1766 exspiravit.
3373 1695 3436 1751 In
3467 1697 3671 1752 eodem

2022 1798 2254 1853 quoque
2286 1779 2413 1837 loco
2442 1798 2510 1837 ex
2542 1781 2763 1855 ingenti
2809 1781 2997 1838 imbre
3045 1782 3256 1839 lacuna
3285 1790 3670 1856 succreverat,

2023 1887 2148 1942 qua:
2173 1874 2506 1942 susceptam
2529 1869 2872 1942 aliquandiu
2906 1871 3164 1928 retinens
3198 1891 3436 1945 aquam,
3454 1891 3558 1946 pro
3589 1893 3675 1932 re-

2019 1958 2274 2013 verentia
2303 1962 2639 2013 sanctorum
2662 1958 2973 2031 pignorum
3006 1961 3077 2014 ad
3107 1960 3463 2018 abluendam
3497 1963 3674 2036 pluri-

2027 2064 2154 2102 mos
2181 2046 2485 2116 invitabat,
2519 2047 2670 2102 inter
2699 2065 2848 2118 quos
2887 2048 3134 2104 accessit
3163 2051 3432 2120 quaedam
3464 2051 3676 2108 mulier

2027 2134 2400 2207 elephantino
2431 2135 2706 2192 laboaans
2733 2137 2958 2203 morbo,
2979 2154 3104 2209 quae
3128 2155 3262 2193 cum
3285 2155 3353 2194 ex
3379 2139 3582 2195 eadem
3612 2157 3675 2197 se

2027 2224 2263 2280 lavisset
2292 2242 2464 2297 aqua,
2489 2224 2751 2297 pristinae
2783 2224 3019 2282 sanitati
3060 2227 3332 2283 restituta
3361 2227 3675 2288 incolumis

2027 2314 2304 2370 remeavit
2333 2315 2404 2369 ad
2436 2313 2690 2386 propria.

2030 2582 2155 2640 sem
2187 2565 2445 2640 delatum
2477 2571 2586 2640 est,
2612 2569 2888 2639 regnante
2914 2567 3187 2623 Rotberto
3210 2585 3372 2640 rege;
3396 2574 3453 2626 et
3475 2576 3679 2628 sancta

2032 2638 2202 2694 Fides
2225 2638 2378 2692 inter
2399 2637 2587 2712 multa
2608 2637 2953 2712 sanctorum
2965 2656 3225 2712 corpora,
3241 2637 3366 2712 qia?)
3379 2643 3679 2698 secundum

2028 2726 2233 2786 morem
2258 2711 2563 2786 propinata:
2591 2711 2848 2780 feruntur
2883 2710 2953 2765 ad
3000 2710 3263 2777 concilia,
3281 2712 3675 2786 principatum

2030 2779 2291 2838 tenuisse
2318 2779 2553 2837 dicitur.

1599 3193 1760 3239 ANNO
1804 3193 2018 3239 DOHINI
2061 3193 2349 3240 DCCCCXVI

543 3355 1922 3693 JOANNES
2065 3364 2484 3585 XV
2621 3366 3411 3588 PAPA

1395 3829 1863 3919 NOTITIA
1929 3808 2556 3919 HISTORICA'

889 4011 1080 4084 (Apud
1114 4010 1302 4068 Mansi
1336 4009 1707 4068 Conciliorum
1734 4009 2079 4080 amplissima
2110 4009 2381 4079 Collectio,
2413 4015 2556 4068 tom.
2589 4011 2728 4080 XIX,
2763 4029 2894 4085 pag.
2927 4015 3042 4082 82.)

328 4322 613 4399 Joannes,
642 4323 831 4399 patria
870 4323 1197 4399 Romanus,
1226 4339 1294 4377 ex
1323 4327 1485 4399 patre
1523 4324 1735 4399 Leone
1757 4328 1958 4399 postea
1998 4325 2562 4399 presbyteroAnatus,
2589 4325 3120 4399 post__exs_tinctum
3167 4331 3483 4399 tyrannum
3513 4345 3670 4386 eom-

328 4343 613 4389 Joannes,
642 4343 831 4393 patria
872 4343 1193 4390 nomanus,
1226 4343 1294 4377 cx
1323 4343 1485 4394 patre
1524 4343 1710 4379 Leone
1757 4343 1958 4396 postea
1998 4343 2337 4397 presnytero
2369 4343 2562 4391 natus,
2636 4343 2729 4380 03t
2770 4343 3120 4381 exstinctum
3167 4343 3483 4399 tyrannum
3513 4345 3670 4386 eom-

258 4395 430 4451 ιιιυηὶ
461 4393 740 4465 suffragio
773 4392 1029 4471 legitime
1062 4393 1398 4471 electus_est
1429 4411 1580 4471 anno
1603 4395 1820 4451 Christi
1851 4396 1959 4451 985
1980 4397 2096 4471 sub
2128 4413 2306 4471 regno
2337 4395 2562 4471 Ottonis
2707 4396 2809 4451 Hic
2838 4396 3048 4452 timore
3068 4414 3269 4471 eorum
3297 4415 3422 4471 qua)
3453 4402 3670 4471 praede-

258 4483 475 4540 cessor
492 4464 706 4536 passus
729 4464 870 4540 erat,
905 4465 1148 4540 secessit
1176 4464 1236 4519 in
1267 4465 1564 4540 Tusciam,
1590 4483 1724 4521 cum
1748 4484 1781 4521 a
1803 4464 2221 4540 novotyranno
2240 4468 2572 4540 Crescentio
2594 4469 2986 4540 Numentano,
3010 4468 3110 4540 qui
3133 4469 3302 4525 titulo
3313 4464 3671 4528 consulatus

260 4535 655 4612 munitionem
687 4536 874 4612 sancti
904 4535 1105 4612 Angeli
1139 4535 1438 4608 possidere
1469 4553 1782 4610 aggressus
1811 4542 1919 4605 est,
1954 4535 2344 4612 infestaretur.
2379 4538 3000 4612 Cumquedlegationes
3028 4535 3103 4595 ad
3128 4541 3408 4612 Ottonem
3441 4541 3671 4599 mittere

261 4609 679 4682 frequentaret,
714 4607 958 4682 Romani
986 4607 1275 4682 memores
1303 4607 1662 4682 eorumque;
1685 4613 1922 4682 propter
1950 4609 2198 4682 injurias
2231 4607 2606 4682 pontificibus
2636 4607 2830 4666 illatas
2851 4612 2923 4667 ab
2945 4611 3256 4682 Ottonibus
3278 4612 3670 4670 anterioribus

299 4678 422 4754 ξιξὲί
453 4682 642 4754 erant,
674 4695 705 4733 e
731 4679 975 4750 vestigio
1005 4678 1325 4754 honorifica
1353 4678 1639 4754 legatione
1669 4678 1943 4736 eumdem
1973 4678 2258 4754 Joannem
2290 4686 2650 4749 revocarunt,
2675 4682 2926 4754 dataque
2957 4681 3041 4754 illi
3075 4683 3234 4738 omni
3265 4683 3578 4754 securitate
3593 4684 3667 4739 -in

299 4696 422 4736 ass:
453 4696 642 4744 erant,
674 4696 705 4733 e
731 4696 975 4750 vesugio
1008 4696 1325 4734 nonormca
1355 4696 1639 4752 legatione
1669 4696 1943 4736 eumdem
1973 4696 2258 4736 Joannem
2290 4696 2650 4749 revocarunt,
2675 4696 2926 4754 dataque
2957 4696 3041 4737 1m
3075 4699 3234 4738 omni
3265 4696 3666 4739 securitate-1n

259 4696 478 4825 Brbem
509 4749 694 4807 redire
725 4751 1232 4825 ιὀεειιιιωῐχῼιιοίὶΔ
1252 4751 1396 4825 dum
1428 4752 1659 4825 faceret,
1692 4768 1912 4825 omnes
1927 4752 2260 4825 adventanti
2292 4753 2686 4825 occurrerunt,
2712 4753 2826 4825 piis
2856 4753 3065 4809 ofﬁciis
3093 4753 3475 4825 etobsequiis
3503 4772 3666 4810 eum-

264 4771 478 4806 urnem
509 4771 694 4807 redire
725 4771 1024 4824 rogarunt.
1058 4771 1219 4816 uuou
1252 4771 1396 4806 uum
1428 4771 1659 4818 Iaceret,
1692 4771 1897 4807 omnes
1927 4771 2260 4808 adventanti
2292 4771 2686 4822 occurrerunt,
2751 4771 2826 4809 ns
2856 4771 3065 4809 omcns
3093 4771 3150 4809 et
3177 4771 3475 4825 onsequns
3503 4772 3666 4810 eum-

259 4823 394 4898 dem
427 4821 794 4898 honorarunt
821 4839 998 4893 seque
1029 4821 1550 4898 illi_subjeeerunt._
1563 4823 1835 4898 Libentio
1867 4823 2295 4898 Hamburgensi
2327 4824 2598 4898 episeOpo
2638 4771 2882 4897 pailium
2913 4824 3221 4898 concessit.
3250 4826 3501 4898 Leonem
3523 4827 3668 4882 Tre-

258 4892 550 4976 virensem
579 4891 1045 4976 viceepiscopum
1077 4894 1149 4949 ad
1181 4891 1376 4976 regem
1407 4894 1625 4976 Anglia
1656 4899 1714 4950 et
1740 4895 1950 4976 ducem
1979 4891 2474 4976 Nprtmannorjum
2503 4891 2808 4976 ablegavit,
2834 4901 2899 4952 ut
2927 4913 3026 4976 eos
3047 4897 3203 4976 inter
3224 4896 3666 4976 se_dissident_es

261 4963 620 5022 conciliaret.
653 4963 797 5040 Acta
827 4963 1274 5040 pseudosynodi
1295 4963 1620 5040 Remen'sis,
1646 4984 1763 5040 qua
1791 4971 1985 5040 amoto
2015 4967 2317 5040 Arnulpho
2338 4963 2666 5024 Gerbertu§
2679 4963 3033 5040 subrogatus
3061 4968 3270 5036 fuerat,
3293 4968 3663 5040 improbavit,

261 5040 318 5112 et
340 5041 603 5112 amotum
625 5035 749 5112 sedi
775 5035 905 5112 suta
919 5035 1145 5112 restitui
1169 5036 1411 5112 feliciter
1431 5035 1761 5112 procuravit
1783 5038 1879 5109 (1).
1904 5038 1989 5112 Ad
2011 5035 2321 5112 Crescentii
2347 5040 2740 5112 tyrannidem,
2765 5035 2892 5112 qua?
2910 5039 2970 5094 in
3003 5039 3128 5096 dies
3149 5035 3338 5112 magis
3360 5035 3666 5112 magisque

261 5106 673 5182 invalescebat,
696 5107 1180 5182 prupul‘sandam,
1205 5106 1474 5182 Ottonem
1498 5106 2313 5182 regemCer-manize‘llomam
2339 5106 2534 5166 venire
2553 5106 2800 5182 rogavit:
2821 5113 3150 5182 Antequam
3179 5106 3312 5168 vero
3344 5106 3662 5179 accederet,

261 5178 575 5251 defunctus
605 5179 983 5251 estpontifex
1013 5179 1268 5251 optimus
1301 5179 1552 5251 septimo
1570 5178 1742 5242 Maii,
1774 5197 1906 5234 cum
1941 5179 2188 5236 sedisset
2217 5198 2401 5236 annos
2431 5178 2650 5251 decem:
2686 5178 3034 5238 menses..._..
3055 5181 3178 5239 dies
3199 5183 3531 5240 duodecim.
3558 5178 3667 5243 Se?-

263 5249 465 5321 pultus
496 5254 588 5306 est
616 5249 675 5304 in
707 5249 950 5306 basilica
979 5249 1224 5306 SfPetri
1255 5249 1314 5304 in
1345 5249 1595 5306 oratorio
1628 5251 1686 5305 S.
1722 5251 1936 5306 Marias.

329 5375 409 5444 (1)
439 5374 562 5431 Non
595 5377 684 5431 est
712 5375 983 5431 elfectum
1015 5375 1072 5429 id
1107 5374 1217 5430 nisi
1251 5374 1360 5430 sub
1391 5373 1666 5447 Gregorio
1695 5373 1762 5428 V.

1757 5625 2126 5636 ———-———-—
