4034 6170
449 294 569 358 827

1769 284 2092 347 JOANNIS
2136 281 2240 344 XV
2282 283 2532 343 PAP/E.

1320 650 2059 758 JOANNIS
2142 650 2380 752 XV
2465 649 2962 754 PAPE
3045 769 3050 774 _

932 884 1838 1043 EPISTOLZE
1957 882 2174 1032 ET
2297 878 3381 1037 PBIVILEGIA

1247 1238 1287 1292 Ι.

447 1348 822 1391 PRIVILEGIUM
859 1345 966 1385 PRO
1000 1345 1358 1383 MONASTERIO
1389 1343 1540 1381 CDl-IIJ
1580 1341 1750 1380 AUIIEI
1781 1337 2085 1377 TICINENSI.

817 1419 1251 1492 Fragmentum.
1271 1447 1339 1456 —
1368 1417 1532 1470 Anno
1562 1414 1711 1484 986.)

445 1511 638 1568 Omnes
669 1511 782 1582 ejus
823 1508 927 1564 loci
961 1508 1320 1582 possessiones
1361 1501 1688 1582 conﬁrgnat,_
1699 1509 1903 1574 petente
1931 1502 2088 1582 Petro

513 1571 722 1646 abbate,
753 1581 911 1651 eique
959 1571 1200 1634 concedit
1245 1594 1405 1651 usum
1457 1571 1782 1651 dalmaticm,
1809 1571 2086 1651 sandalio-

515 1670 658 1718 rum,
687 1644 946 1724 pedalem
969 1658 1044 1724 Act
1067 1649 1524 1724 chirotheearum,
1575 1664 1640 1701 ac
1685 1646 2004 1724 [arulmmn
2028 1644 2089 1696 in

513 1714 709 1781 itinere
729 1721 1009 1794 deferendi
1028 1721 1464 1791 tintinnabulum
1494 1721 1552 1773 in
1573 1714 1856 1794 capella,et_
1874 1714 2090 1794 quidem

511 1797 581 1853 ad
612 1786 870 1852 honorem
914 1795 1090 1848 sancti
1132 1786 1297 1858 Petri,
1317 1807 1522 1846 necnon
1543 1813 1569 1840 ‹‹
1600 1786 1936 1844 sanctissimi
1983 1786 2088 1840 Au-

512 1868 743 1940 gustini,
766 1869 922 1939 cujus
960 1865 1625 1940 sagritissimum_corpns_
1647 1863 1707 1915 in
1741 1861 1840 1940 illa
1865 1858 2091 1913 ecclesia

515 1931 846 1996 reconditum
887 1944 981 1992 est.
1019 1937 1216 1990 Datum
1253 1951 1352 1989 vm
1383 1931 1822 1988 KalfFebrnarii
1859 1946 1957 2001 per
1979 1946 2092 2001 mae

513 2027 618 2066 nus
665 2011 894 2066 Joannis
941 2007 1176 2079 episcopi
1223 2005 1500 2076 Nepesini,
1539 2004 1766 2060 Joannis
1807 2000 1966 2074 papa:
2012 2000 2093 2055 XV

513 2099 658 2138 anno
685 2082 879 2154 p.imo,
914 2078 1249 2134 indictionne
1275 2093 1391 2131 xxv.
1421 2097 1448 2124 ››

514 2170 704 2244 [Apud
737 2166 957 2226 Mabill.
990 2166 1187 2222 Annal.
1221 2164 1418 2222 Bened.
1443 2167 1586 2219 tom.
1613 2161 1704 2230 ιν,
1740 2179 1872 2235 pag.
1903 2159 2019 2234 35.]

608 2362 982 2404 PBIVILEGIUM
1015 2363 1125 2401 PRO
1156 2359 1516 2400 MONASTERIO
1545 2359 1595 2397 8.
1631 2357 1926 2396 ΜΑΧΙΜΙΝΙ.

1087 2433 1272 2506 (Anno
1301 2433 1453 2500 987.)

483 2528 670 2600 [Apud
701 2525 1034 2592 Hontheim,
1066 2523 1204 2579 Hist.
1244 2523 1447 2578 Trevir.
1480 2521 1705 2592 diplom.
1739 2535 1870 2590 pag.
1903 2515 2056 2590 326.]

521 2617 776 2672 Joannes
809 2613 1142 2685 episcopus,
1165 2628 1370 2667 servus
1401 2625 1699 2665 servorum
1722 2607 1845 2675 Dei,
1869 2622 2100 2662 venera-
2125 2600 2174 2666 B

453 2705 558 2762 bili
589 2703 786 2759 abbati
818 2701 1055 2758 amabili
1087 2700 1256 2756 nobis
1288 2699 1348 2754 in
1379 2697 1609 2754 Christo
1641 2696 1761 2752 ﬁlio
1793 2695 1975 2752 Oeom
2007 2695 2099 2750 be-

450 2792 838 2851 nedictiouem
875 2789 1276 2863 apostolicam.

519 2880 801 2938 Convenit
856 2878 1174 2952 apostolico
1223 2875 1614 2941 moderamini
1667 2875 1763 2948 pia
1819 2874 2099 2946 religione

449 2969 807 3044 pollentibus
829 2967 1107 3022 benevola
1128 2983 1254 3020 com
1262 2966 1532 3038 passione
1548 2962 1878 3031 subvenire,
1895 2968 1950 3018 et
1973 2961 2100 3017 reli-

448 3061 613 3132 gioso
632 3061 766 3111 voto
797 3071 1105 3110 assensum
1140 3054 1460 3126 impartiri;
1484 3071 1515 3109 a
1537 3069 1768 3109 summo
1793 3053 1948 3108 enim
1982 3051 2102 3124 Opi-

450 3147 556 3201 ﬂce
587 3161 694 3200 nos
723 3161 792 3199 ex
823 3143 933 3198 hoc
965 3143 1272 3214 prazmium
1313 3146 1654 3214 accepturos
1684 3157 2012 3213 speramus,
2049 3141 2098 3195 si

451 3233 728 3291 ecclesias
759 3233 831 3287 ad
863 3232 992 3302 ejus
1022 3229 1244 3286 cultum
1289 3237 1642 3303 praeparatas
1683 3235 1885 3287 nostra
1923 3231 2099 3285 indu—

453 3321 597 3379 stria
627 3321 685 3375 in
714 3319 926 3376 melius
957 3323 1215 3376 statuere
1247 3318 1802 3392 laboramus.lgitur
1824 3324 1934 3374 tuae
1968 3319 2098 3375 reli-

451 3409 610 3483 gioni
661 3425 970 3465 assensum
1021 3408 1362 3478 praebentes,
1407 3407 1752 3462 auctoritate
1797 3406 2100 3480 apostolici

453 3497 725 3572 praecepti
749 3496 1143 3563 decernimus,
1162 3499 1228 3550 ut
1252 3496 1622 3568 congregatio
1645 3496 1760 3551 Deo
1783 3501 2102 3568 sanctoque

453 3587 773 3644 Maximino
805 3584 1156 3652 deserviens,
1181 3585 1354 3640 sicuti
1393 3602 1428 3640 a
1465 3583 1811 3640 charissimo
1855 3585 1974 3641 lilio
2006 3603 2102 3642 no-

453 3681 574 3734 stro
623 3693 757 3750 rege
789 3675 1022 3741 Ottone,
1053 3674 1390 3746 caeterisque
1423 3673 1678 3746 regibus,
1711 3674 1798 3730 vel
1850 3675 2100 3747 impera—

453 3765 680 3822 toribus
713 3765 1088 3830 Francorum,
1111 3767 1213 3816 tuo
1235 3760 1496 3817 emnobio
1523 3777 1866 3816 concessum
1899 3767 2007 3830 est,
2033 3762 2099 3817 li-

451 3856 651 3911 beram
665 3853 940 3924 deinceps
957 3851 1210 3906 habeant
1228 3852 1574 3922 potestatem
1595 3849 1828 3906 creandi
1852 3849 2002 3906 inter
2018 3870 2099 3919 se,

453 3960 627 4016 quem
661 3941 984 4000 secundum
1007 3941 1192 3996 Deum
1216 3939 1326 3993 sibi
1351 3937 1654 4010 elegerint,
1677 3939 1972 4005 abbatem,
1996 3957 2101 3995 nec
2131 3966 2175 4034 ο

453 4032 651 4104 aliqua
671 4031 943 4104 quaalibet
959 4028 1266 4100 dignitatis
1288 4027 1623 4100 persona(2)
1645 4027 1795 4082 infra
1817 4032 2104 4084 monaste-

453 4119 629 4185 rium,
655 4118 767 4172 nisi
793 4122 900 4172 ato
931 4116 1018 4172 vel
1051 4134 1085 4171 a
1115 4132 1451 4172 successore
1481 4119 1580 4171 tuo
1612 4115 1913 4184 invitatur,
1939 4116 2104 4188 quid-

455 4223 634 4279 quam
666 4221 768 4278 pro
799 4221 906 4261 suo
939 4204 1110 4259 libitu
1151 4203 1421 4259 ordinare
1451 4203 1538 4259 vel
1574 4218 1837 4260 exercere
1878 4221 2102 4276 pransu-

454 4299 599 4351 mat.
644 4291 1056 4350 Interdicimus
1100 4291 1276 4347 etiam
1327 4291 1645 4364 apostolico
1693 4296 1998 4366 praecepto,
2032 4312 2104 4349 ne

455 4384 549 4440 oui
599 4399 861 4455 unquam
913 4379 1169 4437 ecclesia:
1223 4380 1307 4436 vel
1357 4379 1481 4436 sedi
1513 4380 1614 4452 (3),
1644 4381 1985 4438 concambio
2017 4381 2103 4438 vel

456 4472 655 4544 aliquo
685 4469 919 4544 ingenio
961 4469 1268 4536 subdatur,
1303 4469 1404 4525 sed
1449 4467 1550 4524 tali
1585 4469 1866 4540 libertate,
1901 4474 1959 4526 et
1989 4470 2102 4526 imo

455 4561 766 4628 munitatc,
801 4558 956 4616 sicut
981 4557 1320 4614 Prumiense
1341 4557 1761 4614 monasterium
1784 4562 2106 4631 czeteraquo

457 4647 676 4722 regalia
691 4647 836 4718 loca,
852 4637 1178 4704 innoﬂ’ense
1195 4650 1251 4702 et
1267 4645 1680 4718 perpetualiter
1700 4647 1956 4716 fruatur;
1981 4647 2106 4720 ipse

454 4755 588 4795 vero
618 4737 782 4793 locus
814 4735 1154 4794 monasterii
1185 4735 1520 4808 perenniter
1543 4735 1651 4790 sub
1685 4735 2105 4792 mundiburdio

456 4843 662 4901 regum
693 4829 751 4882 et
787 4826 1229 4898 imperatorum,
1264 4823 1519 4880 ﬁliorum
1567 4829 1780 4882 sanctae
1833 4826 2105 4882 Romanae

456 4915 734 4983 ecclesias,
769 4913 1086 4986 apostolico
1118 4918 1402 4986 praecepto
1433 4914 1718 4986 jubemus‘
1747 4919 1813 4970 ut
1839 4919 2104 4982 maneat;

456 5003 604 5062 nulli
623 5019 886 5076 unquam
911 5019 1170 5075 persona:
1187 5002 1726 5072 beneﬁciarius,aut
1743 5003 2106 5059 invadendus

459 5097 674 5168 pateat,
701 5093 802 5147 sed
825 5091 896 5147 ad
931 5108 1074 5146 usus
1095 5095 1155 5146 et
1173 5091 1661 5162 tranquillitatem
1685 5092 2105 5149 monachorum

531 5221 610 5286 (2)
661 5217 775 5288 Nec,
807 5217 1006 5288 aliqua
1057 5215 1314 5288 quaelibet
1338 5215 1640 5288 dignitatis
1683 5233 1942 5288 persona,
1995 5222 2104 5274 etc.

461 5289 593 5344 Haec
621 5287 838 5362 omnia,
866 5287 1148 5359 tanquam
1181 5287 1422 5362 relativa
1453 5288 1525 5362 ad
1556 5287 1804 5360 gratiam
1827 5289 1900 5362 ab
1933 5289 2110 5362 impe-

463 5359 756 5415 ratoribus
786 5358 1148 5422 concessam,
1173 5359 1244 5413 ad
1278 5358 1710 5415 immunitatem
1737 5361 1973 5429 civilem,
1998 5358 2112 5416 non

463 5432 534 5485 ad
565 5431 983 5486 ecclesiasticam
1014 5429 1326 5502 pertinent.

531 5505 608 5574 (3)
640 5503 714 5558 Ne
755 5503 846 5557 cui
893 5501 1134 5574 unquam
1169 5501 1468 5574 ilicclesite“
1490 5502 1572 5574 rel
1627 5501 1746 5558 sedi
1789 5503 2108 5574 concambio

463 5573 545 5628 vel
593 5571 778 5646 aliqua
830 5571 1045 5645 ingenio
1093 5571 1372 5627 subdatur.
1427 5572 1649 5628 Unione
1698 5573 1919 5630 scilicet
1969 5593 2107 5648 sup-

2143 5332 2190 5397 D

2119 1229 2175 1296 Α
2204 1227 2419 1284 ibidem
2449 1230 2673 1302 absque
2715 1227 2896 1284 ullius
2937 1229 3420 1286 contradictione
3458 1229 3601 1286 liber
3629 1247 3802 1302 perma-

2198 1321 2351 1374 neat.
2373 1319 2455 1374 Ad
2482 1317 2788 1374 cumulum
2811 1335 3044 1390 quoque
3065 1317 3157 1374 vel
3182 1321 3574 1391 augmentum
3595 1319 3807 1373 monasti-

2195 1425 2274 1464 σω
2309 1405 2757 1480 tranquillitatis
2790 1406 3124 1480 adjicimus,
3155 1425 3233 1462 ne
3270 1407 3410 1480 quis
3441 1405 3724 1480 cujuslibet
3744 1406 3803 1461 di-

2195 1497 2438 1570 gnitatis
2470 1514 2735 1570 persona,
2757 1495 2844 1552 vel
2883 1495 3098 1569 aliquis
3152 1511 3570 1552 successorum
3614 1498 3797 1550 tuorum

2197 1585 2406 1659 spiritu
2457 1585 2715 1659 maligno
2765 1583 3381 1658 seductus,quiddam
3416 1581 3502 1640 vel
3542 1583 3794 1640 minimum

2197 1675 2450 1732 alienare
2482 1680 2818 1748 pra-sumat,
2837 1679 2956 1730 tam
2989 1689 3058 1730 ex
3087 1673 3188 1730 bis
3220 1691 3354 1747 quae
3376 1674 3547 1729 modo
3568 1675 3798 1728 monaste-

2198 1765 2284 1819 rio
2315 1769 2414 1820 tuo
2446 1763 2656 1819 collata
2683 1769 2841 1830 sunt,
2858 1779 3034 1836 quam
3057 1779 3128 1819 ex
3161 1762 3263 1818 his
3294 1780 3427 1834 quae
3451 1761 3626 1818 cmteri
3647 1759 3798 1816 fideles

2198 1855 2258 1910 in
2290 1854 2416 1910 dies
2453 1851 2719 1909 collaturi
2766 1857 2925 1908 sunt.
2960 1851 3018 1908 Si
3051 1853 3194 1924 quis
3245 1856 3468 1920 autem,
3498 1849 3638 1922 quod
3665 1848 3797 1914 absit,

2199 1943 2420 2000 nefario
2442 1959 2589 1998 ausu
2613 1941 3050 2014 praesumpserit
3070 1957 3138 1996 ea
3161 1957 3296 2014 quas
3314 1940 3387 1996 ad
3418 1937 3796 2008 utilitatemjam

2201 2033 2340 2090 dicti
2365 2030 2714 2088 venerabilis
2743 2029 3084 2086 monasterii
3109 2034 3344 2085 statuta
3365 2031 3521 2096 sunt,
3547 2027 3798 2098 infringere

2200 2124 2305 2178 aut
2334 2121 2393 2177 in
2427 2135 2724 2193 quoquam
2756 2117 2992 2186 violare,
3021 2117 3175 2174 sciat
3205 2135 3272 2174 se
3303 2117 3634 2173 auctoritate
3658 2112 3798 2170 omni»

2202 2209 2458 2285 potentis
2489 2207 2614 2277 Dei,
2648 2225 2750 2281 per
2781 2206 3276 2264 interventionem
3324 2205 3477 2263 beati
3508 2203 3643 2262 Petri
3670 2218 3794 2276 apos-

2201 2298 2456 2355 tolorum
2489 2296 2794 2372 principis,
2825 2296 2998 2368 cujus
3026 2295 3154 2352 vice
3205 2295 3531 2369 fungimur,
3561 2297 3612 2348 et
3637 2293 3796 2347 nostra

2201 2387 2458 2445 auctoris
2517 2384 2845 2460 apostolica:
2902 2384 3425 2454 constitutionem,
3475 2386 3530 2440 et
3571 2381 3792 2450 suifraga-

2203 2493 2449 2534 neorum
2489 2475 2897 2550 episcoporum
2929 2472 3028 2548 (4),
3061 2472 3466 2531 anathematis
3501 2467 3702 2528 vinculo
3731 2465 3794 2522 ln-

2203 2564 2622 2624 oxtricabiliter
2654 2563 3024 2620 innodatum.

2276 2653 2572 2727 Scriptum
2607 2668 2710 2726 per
2739 2668 2954 2709 manus
2984 2651 3298 2725 Thesphili
3332 2648 3516 2707 Latini
3544 2644 3736 2710 notarii,
3754 2644 3796 2697 et

2206 2741 2544 2817 regionarii,
2585 2746 2760 2814 atque
2802 2740 3092 2798 scriniarii
3137 2742 3198 2798 S.
3238 2742 3307 2796 II.
3339 2741 3402 2796 E.
3435 2740 3492 2794 in
3528 2749 3698 2792 mense
3725 2730 3791 2787 Ja-

2207 2833 2436 2900 nuario,
2467 2831 2787 2887 indictione
2823 2848 2916 2886 xv.
2950 2830 3102 2887 Bene
3133 2831 3347 2886 valete.
3379 2827 3581 2884 Datum
3614 2839 3661 2878 νι
3692 2819 3792 2876 ldus

2206 2921 2494 2988 Januarii,
2522 2937 2626 2994 per
2657 2935 2900 2976 manum
2925 2919 3177 2976 Joannis
3209 2915 3467 2992 episcopi
3485 2918 3537 2972 et
3553 2907 3793 2968 bibliothe-

2207 3010 2349 3069 carii
2395 3014 2607 3066 sanctae
2649 3006 2978 3082 apostolicae
3019 3007 3202 3077 sedis,
3239 3023 3416 3076 anno,
3436 3005 3544 3061 Deo
3581 2994 3792 3082 propitio,

2207 3100 2586 3174 pontificatus
2603 3081 2826 3153 domini
2845 3096 3092 3152 Joannis
3110 3095 3336 3152 summi
3354 3089 3626 3168 pontificis
3638 3091 3686 3142 et
3701 3081 3791 3174 uni:

2207 3187 2450 3246 versalis
2499 3185 2758 3260 episcopi
2805 3185 2918 3254 XV,
2950 3185 3010 3240 in
3059 3186 3323 3242 sacrario
3371 3179 3606 3239 ecclesiae
3647 3168 3787 3260 sancti

2208 3278 2366 3337 Hetri
2416 3257 2814 3350 apostolorum
2863 3273 3167 3348 principis,
3203 3291 3360 3332 anno
3391 3266 3601 3328 Domini
3644 3257 3780 3320 nostri

2208 3367 2348 3425 Jesu
2381 3364 2597 3422 Chricti
2628 3365 2756 3419 987.

2351 3559 2729 3602 PRIVILEGIUM
2757 3558 2996 3600 JOANNIS
3030 3561 3193 3600 PAPJE
3224 3561 3295 3600 κν
3326 3557 3434 3598 PRO
3462 3547 3690 3594 ECCLESIA

2853 3649 3228 3690 NOVIOMENSI.

2850 3740 3038 3808 (Anno
3065 3741 3222 3810 788.)

2350 3853 2660 3927 [Colliette,
2693 3852 2973 3909 Mdmoires
3000 3853 3077 3927 du
3107 3851 3471 3927 Vermandois,
3501 3850 3625 3900 tom.
3654 3838 3687 3902 l.

2882 3941 3016 3998 pag.
3047 3925 3202 3999 577.]
3767 4006 3774 4015 Ι

2281 4033 2536 4088 Joannes
2585 4029 2916 4103 episcOpus,
2949 4045 3151 4086 servus
3200 4041 3492 4086 servorum
3529 4017 3635 4084 Dei,
3658 4021 3774 4092 οωῐξι

2211 4119 2480 4178 Ecclesia
2513 4118 2843 4175 Gallicana.
3748 4181 3759 4192 ο

2283 4207 2517 4265 Noverit
2547 4207 2811 4263 omnium
2863 4207 3126 4264 fidelium
3167 4204 3457 4263 industria
3499 4193 3631 4271 quod
3666 4182 3780 4240 νϐηῆ

2214 4303 2347 4355 ante
2364 4300 2627 4352 nostram
2652 4295 3022 4368 prasentiam
3045 4292 3541 4354 reverentissimus
3555 4275 3780 4338 οοηΐηίεῐ

2215 4390 2413 4442 noster
2443 4383 2848 4458 Lyndulpbus,
2875 4383 3226 4441 venerabilis
3256 4379 3513 4438 videlicet
3537 4369 3776 4458 episeopr

2215 4457 2650 4540 Noviomorum,
2683 4472 3164 4541 Tornacensium,
3186 4477 3246 4529 et
3276 4457 3772 4541 Flandrensiumrcm

2214 4563 2511 4620 intimanti
2531 4535 2698 4618 nobis
2716 4561 3053 4618 sedentibus
3074 4562 3134 4617 in
3151 4535 3288 4618 sede
3304 4559 3508 4615 sancta:
3519 4535 3770 4632 Jerusalfm

2216 4651 2545 4710 necessaria
2573 4650 2665 4706 sui
2695 4649 2976 4723 episcopi,
2995 4649 3187 4706 visum
3217 4649 3327 4706 fuit
3346 4641 3504 4702 nobis
3527 4622 3770 4723 apostolico

2216 4739 2634 4807 moderamine,
2660 4721 3034 4796 acibene‘vola
3059 4735 3457 4810 compassione
3483 4721 3769 4810 succurrere

2217 4829 2512 4900 alacrique
2533 4827 2836 4884 devotione
2857 4827 3143 4900 impertiri
3163 4807 3480 4884 assensum.
3501 4807 3767 4900 Tusceni“:

2216 4893 2446 4975 lucrum
2476 4919 2534 4973 et
2562 4893 3275 4988 potissimum-praemium
3310 4908 3456 4984 apud
3485 4893 3768 4988 οοηάίίοιῗφ

2215 5006 2483 5064 omnium
2515 5003 2819 5076 reponitur
2847 4983 3186 5074 Dominum,
3211 4983 3436 5077 quando
3463 4992 3574 5048 loca
3596 4983 3771 5077 νζϐῐιθξξξ

2216 5057 2809 5166 ἑὶίἓέᾇῇῥόιῖίίζιίέἐέ
2847 5057 3565 5149 Βὲεἰῖἰὲᾉῐζξιῖφοιίονοω
3608 5057 3774 5123 ruerint

3125 5217 3268 5274 rinci
3313 5211 3382 5269 ali
3436 5209 3488 5264 et
3568 5189 3767 5264 erpetua.

3125 5305 3208 5328 nm
3265 5233 3471 5328 Eanniij
3500 5217 3692 5328 lippont.
3719 5249 3767 5306 de

2260 5218 2479 5274 ressiva
2525 5216 2614 5273 vel
2661 5215 2778 5273 alia
2832 5216 3030 5273 minus

3305 5249 3692 5358 Ealpiii'lipoht.
3719 5249 3770 5306 de

2264 5291 2383 5347 ont‘.
2417 5292 2617 5345 notata
2664 5305 2842 5360 supra
2871 5289 2943 5344 ad
2985 5289 3211 5345 Bullam

2223 5379 2379 5420 anno
2407 5363 2534 5416 950.

2401 5405 2987 5503 Dtvsa/fragarieorum
3041 5433 3418 5504 episcoporum.
3465 5414 3592 5490 Hinc
3634 5405 3765 5495 app“:

2289 5511 2306 5559 ι
2344 5434 2497 5560 inane
2536 5501 2755 5559 bullam
2807 5503 3090 5560 primario
3141 5505 3411 5560 adversus
3457 5477 3746 5544 archiepIsCO

2219 5480 2306 5560 ret
2344 5480 2497 5560 banc
2536 5480 2755 5574 biilla'in
2807 5480 3411 5574 primaridwadvarsus
3457 5480 3717 5544 archiepl-‘ic

2218 5593 2360 5648 pum
2393 5575 2575 5630 fuisse
2605 5573 2999 5646 impetratam.
