4066 6172
228 332 355 394 829

1424 337 1829 399 EPISTOL/E
1874 336 1979 399 ET
2022 338 2496 406 PRlVILEGlA.

3561 355 3681 421 830

231 466 368 565 sine
390 464 576 565 dubio
609 468 827 565 statum
849 466 1152 565 uota.
1196 469 1381 565 Igitur
1411 471 1642 565 dilectio
1686 488 1890 565 supra-
1922 473 1980 542 Α
2009 480 2079 532 ut
2107 482 2365 549 quatuor
2391 478 2655 535 canonici
2681 498 2749 537 ex
2770 482 2918 555 ipsis
2940 485 3682 565 sexaginta,serviantqu0-

229 557 369 614 dicti
403 556 671 630 episcopi
707 556 1034 629 Lyndulphi
1068 559 1372 615 humiliter
1400 564 1456 615 et
1478 560 1902 617 rationabiliter

227 644 553 718 postulavit
585 662 621 700 a
650 645 838 711 nobis,
871 651 1166 717 quatenus
1200 664 1291 703 res
1322 652 1378 702 et
1410 646 1567 719 leges
1620 647 1709 702 sui
1751 648 1898 719 epis-

225 734 378 808 copii
411 748 518 806 per
549 732 837 806 privilegii
875 736 1206 791 cautionem
1240 736 1602 792 sanciremus
1649 741 1706 791 et
1754 754 1898 792 con-

224 823 631 889 firmarcmns,
664 823 843 878 veluti
875 825 1117 887 quidem
1152 828 1370 880 statuta
1399 830 1537 880 suut
1568 824 1899 897 antiquitus

224 928 261 966 a
291 911 532 983 regibus
556 916 616 967 et
638 911 1024 984 principibus,
1043 914 1375 986 nostrisque
1402 914 1895 969 antecessoribus.

222 1001 408 1072 Cujus
440 1001 638 1073 dignm
672 999 940 1072 petitioni
974 1019 1282 1057 assensum
1316 1004 1662 1075 praebentes,
1696 1007 1897 1058 aucto-

222 1090 397 1145 ritate
425 1090 581 1145 beati
617 1089 1018 1161 apostolorum
1067 1091 1369 1163 principis,
1403 1096 1460 1146 et
1502 1091 1688 1146 nostri
1719 1093 1896 1162 privi-

220 1177 359 1250 legii
392 1179 721 1233 assertione
751 1179 1054 1234 sancimus
1078 1182 1135 1235 et
1155 1180 1574 1236 confirmamus
1607 1186 1673 1235 ut
1695 1180 1900 1236 nullus

220 1282 441 1335 comes,
476 1271 583 1322 aut
639 1270 914 1322 extranea
974 1285 1226 1339 persona
1276 1268 1489 1324 habeat
1546 1273 1900 1341 potestatem

219 1355 781 1428 comprehendendi,
816 1354 904 1411 vel
957 1356 1351 1428 distringendi
1401 1356 1684 1412 latronem
1744 1357 1903 1412 infra

218 1445 595 1518 procinctum
631 1443 1023 1510 Noviomi,vel
1049 1444 1110 1499 in
1131 1446 1286 1501 villis
1310 1445 1470 1500 illius
1494 1445 1600 1500 loci
1624 1445 1900 1517 episcopo

215 1534 503 1606 subjectis
526 1533 584 1588 in
611 1531 915 1606 procinctu
949 1534 1284 1606 antiquitus
1335 1534 1652 1606 deputatis.
1698 1535 1904 1589 Decre-

212 1624 530 1696 vimusque
560 1627 627 1677 ut
658 1623 715 1677 in
749 1622 1023 1678 Tornaco
1056 1623 1527 1691 civitate,nullus
1568 1640 1788 1690 comes,
1811 1622 1902 1679 vel

213 1717 531 1770 extraneas
566 1712 768 1784 judex,
821 1726 883 1766 se
938 1711 1302 1768 intermittat
1351 1713 1426 1768 de
1473 1712 1764 1780 districto,
1797 1713 1904 1768 aut

215 1806 473 1871 moneta,
494 1801 583 1858 vel
605 1798 918 1857 derivatico
945 1801 1130 1856 unius
1154 1801 1484 1873 partis,nec
1516 1803 1587 1857 de
1629 1800 1858 1856 teloneo
1881 1818 1893 1855 :

214 1893 321 1948 sed
354 1891 505 1947 sicut
534 1895 819 1947 statutum
852 1892 947 1944 est
979 1907 1015 1945 a
1047 1890 1154 1961 piae
1186 1891 1487 1946 memorize
1521 1890 1895 1961 principibus

215 1982 304 2039 sic
336 1982 517 2036 ﬁxum
547 1985 605 2037 et
634 1977 1054 2034 inconvulsum
1087 1978 1755 2050 permaneat.Similiter
1793 1979 1893 2049 ju-

214 2071 430 2127 bemus
461 2074 520 2126 et
548 2069 749 2125 nullus
791 2068 971 2123 homo
1019 2067 1192 2122 faciat
1241 2069 1434 2124 eidem
1475 2068 1771 2140 episc0po,
1805 2067 1894 2122 vel

216 2159 663 2216 successoribus
693 2158 841 2228 ejus,
875 2155 1210 2211 molestiam
1243 2158 1316 2212 de
1348 2157 1598 2212 Hileimo
1616 2173 1753 2211 eum
1777 2173 1897 2211 ma-

216 2253 310 2304 tre
332 2247 610 2315 Ecclesia,
641 2251 701 2303 et
731 2260 865 2300 cum
900 2242 1126 2316 capella
1173 2260 1301 2316 qua;
1331 2245 1521 2300 estin
1562 2244 1788 2299 Multus.
1824 2245 1896 2299 Et

216 2339 283 2394 in
312 2336 691 2404 Flandris,de
722 2333 969 2390 ecclesia
1001 2334 1185 2388 sancti
1214 2333 1537 2389 Salvatoris
1586 2334 1663 2388 da
1707 2332 1893 2388 Gech-

217 2428 420 2493 becca,
454 2422 835 2496 Aldenburgi,
878 2423 1167 2494 Latfmga,
1210 2422 1487 2489 Gestella,
1520 2422 1889 2493 Fleskengem.

214 2513 534 2572 Abbatiam
560 2527 695 2567 vero
712 2510 899 2568 sancti
923 2509 1376 2581 Eligii,antiquo
1406 2512 1560 2581 jure,
1581 2510 1725 2565 viris
1759 2509 1891 2564 reli-

219 2605 409 2679 giosis
442 2601 653 2677 regula:
675 2601 828 2658 beati
854 2599 1149 2656 Benedicti
1182 2598 1601 2656 insudantibus
1621 2600 1892 2672 praeordi.

222 2697 451 2759 natam,
476 2692 577 2747 sed
611 2694 814 2763 postea
843 2688 1129 2744 instinctu
1162 2687 1450 2745 diabolico
1495 2690 1554 2744 in
1587 2689 1894 2745 canonico-

222 2798 362 2838 rum
395 2780 659 2835 ordinem
683 2777 1349 2849 redactam,iterumque
1393 2796 1427 2833 a
1459 2777 1769 2849 Rodulpho
1797 2794 1893 2833 ve-

223 2868 476 2927 nerabili
508 2867 779 2940 episcopo
806 2866 867 2921 in
885 2866 1232 2921 anteriorem
1267 2867 1533 2939 regulam
1555 2869 1888 2935 reductam;

229 2963 292 3015 at
336 2974 406 3013 ea
453 2960 706 3022 mortuo,
738 2972 773 3010 a
821 2954 1117 3010 canonicis
1165 2954 1317 3009 male
1362 2955 1645 3023 invasam,
1671 2972 1827 3010 nunc
1861 2973 1891 3010 a

229 3044 608 3120 Lyndulpho,
639 3044 931 3100 confratre
963 3047 1182 3110 nostro,
1216 3044 1541 3100 monastico
1580 3043 1792 3111 ordini,
1828 3048 1895 3099 ut

228 3136 426 3192 fuerat
453 3132 765 3200 redditam,
800 3132 859 3187 in
892 3132 1001 3187 hoc
1033 3132 1236 3187 ordine
1263 3133 1633 3205 praecipimus
1665 3150 1891 3204 perma-

2009 565 2153 622 tidie
2185 569 2412 639 corpori
2445 569 2710 639 ejusdem
2735 572 2918 629 beatae
2948 576 3295 647 virginis,in
3328 595 3685 654 quocunque

2010 652 2137 709 loco
2157 655 2320 710 illius
2342 657 2594 712 civitatis
2613 660 2889 730 jacuerit,
2907 669 2962 719 et
2984 664 3281 721 teloneum
3306 666 3495 739 ipsius
3521 652 3685 727 urbis

2012 744 2235 814 passim
2271 762 2407 800 eum
2432 748 2590 800 omni
2626 747 3059 822 integritate,et
3090 754 3385 828 quidquid
3411 758 3685 830 deinceps

2011 832 2158 905 ipsis
2192 835 2493 888 canonicis
2526 838 2861 894 contulerit.
2895 842 3228 899 Slatuimus
3257 862 3396 917 ergo
3449 847 3505 901 in
3549 850 3686 905 sede

2012 927 2228 976 sanetm
2259 924 2611 994 Jerusalem,
2644 928 2753 981 sub
2786 929 2967 983 divini
3010 932 3223 1001 judicii
3271 937 3682 1005 obtestatione,

2011 1015 2070 1066 et
2128 1013 2527 1069 anathematis
2579 1016 2965 1074 \‘ﬂlldlSSlll‘llS
3022 1020 3559 1094 interdictionibus,
3621 1032 3688 1083 ut

2013 1100 2216 1155 nullus
2239 1120 2502 1173 unquam
2528 1122 2751 1176 regum,
2773 1108 2974 1163 nullus
2999 1110 3134 1177 (lux,
3152 1116 3256 1167 aut
3282 1115 3564 1183 marchio,
3582 1122 3687 1172 aut

2013 1206 2232 1259 comes,
2267 1208 2456 1261 neque
2488 1194 2989 1267 archiepiscopus,
3021 1199 3105 1253 vel
3138 1201 3299 1256 ullus
3351 1204 3686 1277 episcopus.

2013 1278 2333 1351 nullusque
2356 1280 2660 1338 hominum
2688 1284 2744 1339 in
2771 1286 3034 1356 quolibet
3055 1290 3264 1345 ordine
3286 1296 3345 1347 et
3363 1293 3688 1351 ministerio

2013 1368 2398 1434 constitutus,
2428 1372 2638 1427 audeat
2671 1373 3004 1430 molestiam
3038 1375 3305 1450 ingerere
3351 1382 3525 1438 rebus
3556 1378 3687 1455 ejus

2013 1455 2319 1529 episcopii,
2345 1458 2464 1514 sive
2498 1460 2565 1514 de
2597 1463 2893 1532 praadictis
2927 1468 3307 1524 monasteriis
3336 1471 3423 1525 vel
3455 1472 3527 1527 de
3555 1490 3687 1528 om-

2014 1544 2194 1598 nibus
2224 1563 2351 1618 quaa
2383 1565 2561 1620 supra
2592 1550 2785 1621 posita
2806 1556 2964 1617 sunt,
2984 1570 3221 1626 quoquo
3247 1559 3421 1613 modo
3455 1562 3687 1619 auferre

2015 1636 2121 1687 aut
2151 1632 2406 1689 alienare
2428 1643 2773 1708 praesumat;
2810 1642 2910 1694 sed
2950 1657 3203 1713 semper,
3224 1650 3290 1700 ut
3317 1647 3541 1705 dictum
3574 1656 3682 1722 est,

2016 1721 2189 1777 firma
2219 1724 2697 1793 stabilitate,hacc
2734 1728 2934 1783 omnia
2966 1737 3394 1802 permanando,
3427 1721 3683 1796 decrevi?

2015 1825 2151 1865 mus
2182 1816 2361 1884 atque
2392 1815 2862 1887 promulgamus.
2883 1818 2941 1873 Si
2965 1819 3099 1888 quis
3122 1837 3261 1877 vero
3294 1833 3685 1901 prmsumptor

2012 1904 2114 1953 aut
2136 1903 2486 1959 temerarius
2506 1904 2682 1958 homo
2725 1906 3001 1960 inventus
3043 1907 3379 1979 fuerit,sive
3410 1915 3682 1983 clericus,

2008 1992 2110 2042 aut
2142 1988 2349 2054 laicus,
2380 1991 2481 2063 qui
2512 1992 2636 2047 hme
2669 1992 2872 2048 omnia
2922 1994 3167 2052 evellere
3215 2002 3544 2070 tentaverit,
3580 2011 3685 2061 aut

2007 2076 2379 2150 disrumpere
2408 2080 2675 2148 voluerit,
2695 2083 2845 2137 sciat
2862 2100 2923 2137 se
2954 2082 3053 2137 Dei
3078 2087 3502 2160 omnipotentis
3523 2094 3677 2162 odio,

2004 2170 2063 2220 et
2087 2167 2288 2221 domui
2313 2170 2499 2224 nostri
2526 2169 2929 2242 apostolorum
2953 2172 3241 2246 principis
3280 2178 3449 2246 Petri,
3467 2186 3524 2235 et
3553 2197 3677 2236 om-

2006 2255 2168 2310 nium
2194 2262 2536 2313 sanctorum
2561 2258 2957 2315 anathematis
2976 2261 3211 2319 vinculo
3236 2265 3680 2338 innodatum,et

2005 2360 2140 2398 eum
2165 2344 2422 2414 diabolo,
2456 2352 2513 2403 et
2541 2364 2677 2402 cum
2708 2347 2863 2403 Juda
2893 2349 3171 2407 traditore
3203 2352 3436 2411 Domini
3489 2359 3676 2413 nostri

2004 2432 2143 2487 Jesu
2174 2433 2419 2504 Christi,
2444 2435 2641 2490 aeterni
2674 2435 2927 2491 incendii
2961 2439 3253 2511 supplicio
3299 2460 3675 2501 concreman-

2005 2520 2170 2588 dum;
2187 2538 2293 2576 nec
2312 2540 2574 2595 unquam
2592 2524 2829 2595 prmfato
2842 2527 3214 2584 anathemate
3228 2532 3670 2604 absolvendum,

2006 2609 2119 2664 nisi
2153 2610 2489 2682 resipuerit,
2516 2617 2571 2667 et
2602 2613 2674 2667 ad
2729 2612 3187 2672 satisfactionem
3217 2622 3460 2676 venerit.
3497 2622 3623 2678 Fiat
3656 2641 3669 2678 :

2005 2698 2107 2752 ﬁat
2141 2714 2153 2751 :
2192 2700 2315 2753 fiat.
2352 2700 2412 2755 Si
2443 2701 2577 2774 quis
2625 2718 2760 2755 vero
2795 2706 2992 2757 custos
3030 2708 3087 2758 et
3117 2707 3456 2764 observator
3494 2711 3671 2767 fuerit

2004 2785 2185 2856 huius
2204 2787 2392 2843 nostri
2404 2789 2709 2861 apostolici
2730 2789 3012 2863 privilegii
3032 2794 3671 2865 constititionis,bene-

2005 2874 2282 2929 dictionis
2322 2877 2595 2947 gratiam,
2628 2878 2924 2950 vitamque
2956 2884 3234 2937 azternam
3266 2900 3300 2938 a
3329 2884 3665 2941 misericor-

2006 2963 2249 3018 dissimo
2283 2965 2530 3021 Domino
2564 2967 2680 3022 Deo
2712 2972 2909 3023 nostro
2941 2971 3219 3042 consequi
3264 2978 3559 3029 mereatur
3603 2975 3661 3030 in

2005 3052 2217 3108 saecula
2247 3055 2616 3111 saeculorum.

2078 3142 2371 3212 Scriptum
2405 3161 2507 3216 per
2538 3162 2752 3201 manus
2802 3147 3102 3219 Stephani,
3138 3148 3427 3205 scriniarii
3471 3152 3659 3207 sancti

229 3240 396 3280 nere.
434 3223 519 3278 Ita
572 3223 861 3277 duntaxat
906 3225 971 3276 ut
1018 3237 1087 3277 ea
1135 3221 1288 3277 bona
1334 3240 1461 3295 quae
1512 3221 1896 3295 Lyndulphus
1928 3205 1970 3271 (ἶ
2008 3205 2229 3303 palatii,
2263 3231 2324 3286 in
2354 3205 2554 3288 mense
2587 3234 2761 3301 Maio,
2794 3239 2850 3290 et
2878 3205 3196 3291 indictione
3219 3238 3430 3309 prima.

227 3311 448 3386 praesul
490 3311 551 3366 in
601 3311 806 3367 eadem
856 3309 1092 3366 abbatia
1140 3310 1380 3379 invenit,
1415 3315 1471 3367 et
1514 3328 1642 3384 qum
1695 3315 1897 3383 postea

228 3400 361 3474 ipse
389 3399 698 3471 adjunxit:
733 3415 871 3454 nam
900 3397 1121 3454 invenit
1160 3399 1240 3454 ibi
1294 3394 1893 3472 Ragembertieurtem

227 3507 370 3547 cum
409 3488 687 3557 Ecclesia,
714 3487 1080 3556 Carisiolam,
1132 3488 1663 3561 Magnulﬁcurtem,
1698 3489 1893 3545 Verle-

226 3578 397 3653 gium
445 3594 580 3633 cum
624 3576 902 3645 Ecclesia,
957 3576 1426 3643 Mahericurtem,
1475 3576 1891 3646 Rathbodium,

226 3672 419 3725 terras
453 3667 512 3722 in
545 3665 864 3738 Appiliaco,
900 3670 1088 3722 terras
1135 3665 1195 3721 in
1244 3666 1676 3738 Bagdinicurte,
1708 3671 1894 3722 terras

226 3759 291 3813 in
322 3756 540 3822 Andan,
574 3758 759 3811 terras
790 3755 849 3810 in
882 3756 1043 3823 Diva,
1079 3754 1320 3810 vineam'
1356 3755 1416 3809 in
1460 3760 1676 3822 monte,
1707 3759 1892 3810 terras

223 3845 287 3901 in
320 3844 571 3899 circuitu
602 3843 859 3900 ecclesia:
890 3861 1017 3916 quae
1054 3845 1124 3899 ad
1160 3843 1349 3914 ipsam
1382 3843 1697 3915 pertinent,
1720 3847 1777 3897 et
1826 3844 1885 3899 in

221 3929 507 4006 plurimis
537 3930 680 3986 locis
699 3931 959 3986 minutas
978 3936 1190 3999 terras;
1225 3929 1515 3985 abbatiam
1545 3929 1729 3984 sancti
1763 3929 1889 3985 Ste-

222 4019 436 4095 phani,
467 4024 525 4076 et
570 4019 965 4089 molendinos,
1016 4024 1072 4075 et
1114 4019 1564 4076 Sichericurtem
1603 4035 1615 4073 :
1651 4018 1890 4075 adauxit

220 4126 366 4166 vero
392 4110 516 4181 ipse
538 4109 910 4177 Bucedrium,
938 4109 1240 4164 Colneium
1264 4124 1398 4165 cum
1422 4105 1685 4172 ecclesia,
1707 4106 1891 4163 Gafri-

221 4197 797 4266 mum,Wasemium
828 4199 955 4254 sine
995 4197 1373 4266 molendinis,
1394 4195 1885 4263 salinas,Novem-

218 4286 452 4356 villam,
473 4287 573 4343 sed
606 4290 805 4342 tamen
853 4287 1045 4343 solum
1077 4303 1319 4342 cessura
1347 4285 1404 4338 in
1446 4285 1566 4339 vita
1594 4284 1884 4353 Widonis,

220 4382 285 4433 et
343 4376 499 4431 sicut
550 4392 730 4448 supra
772 4374 1031 4431 diximus
1064 4392 1077 4430 :
1111 4374 1193 4429 ita
1240 4376 1523 4429 duntaxat
1576 4378 1642 4428 ut
1690 4374 1890 4430 omnia

221 4467 404 4532 bona,
435 4469 493 4520 et
523 4480 649 4536 quae
681 4464 968 4519 Dominus
1000 4464 1059 4518 in
1091 4465 1357 4519 futurum
1412 4463 1635 4517 dederit
1679 4463 1887 4520 usibus

2159 3446 2529 3485 ΡηινιωιῖοῐυΜ
2571 3448 2681 3485 PRO
2722 3449 3083 3487 MONASTERIO
3125 3450 3174 3488 S.
3217 3451 3508 3490 GREGORII.

2645 3520 2832 3588 (Anno
2864 3521 3018 3589 980.)

2002 3605 2041 3660 A
2087 3606 2389 3682 Gebchardo
2440 3608 2488 3682 I_I
2532 3608 2935 3682 Constantiansi
2985 3612 3230 3682 episcopo
3280 3612 3457 3666 locum
3514 3613 3661 3669 hunc

2071 3678 2351 3803 ganditum
2379 3679 2479 3732 sub
2525 3679 2818 3749 apostolica
2868 3678 3098 3736 εωίιὶὁηθ
3143 3678 3349 3753 excipit
3388 3685 3663 3755 variisque

2109 3764 2213 3803 ona
2243 3791 2255 3802 .

2284 3837 2519 3906 (Mansi,
2556 3838 2768 3893 σοηείι.
2803 3842 2941 3895 tom.
2977 3838 3116 3905 XIX,
3143 3838 3252 3893 col.
3275 3840 3389 3909 85.)

2068 3926 2324 3981 Joannes
2354 3926 2685 3998 episcopus,
2722 3941 2923 3981 servus
2955 3943 3254 3981 servorum
3286 3928 3408 3983 Dei.
3445 3929 3505 3983 In
3560 3946 3658 3984 no-

1999 4014 2156 4071 mine
2188 4020 2399 4071 sanctze
2448 4020 2507 4069 et
2554 4014 2867 4069 individua:
2900 4016 3224 4082 Trinitatis,
3243 4015 3428 4073 Patris
3458 4018 3657 4073 videli-

1998 4108 2109 4168 cet,
2140 4109 2196 4159 ct
2227 4103 2379 4171 Filii,
2412 4108 2470 4158 et
2498 4102 2752 4175 Spiritus
2784 4105 2991 4160 sancti.

2067 4194 2282 4248 Notum
2315 4207 2443 4247 esse
2473 4192 2745 4248 volumus
2792 4194 3075 4250 omnibus
3115 4195 3331 4251 Christi
3378 4194 3652 4253 ﬁdelibus

1997 4282 2249 4355 qualiter
2278 4282 2657 4338 Gcbchardus
2690 4283 2741 4338 ll
2778 4283 3052 4340 amabilis
3098 4280 3406 4357 episcopus
3439 4292 3652 4341 saneta:

1997 4371 2466 4427 Constantiensis
2497 4370 2786 4439 Ecelesize,
2805 4372 3226 4430 dilectissimus
3247 4374 3537 4429 confrater
3558 4392 3653 4430 no-

1997 4465 2134 4527 ster,
2169 4460 2451 4515 orationis
2497 4478 2676 4515 causa
2726 4461 2972 4517 Romam
3019 4463 3279 4529 veniens,
3316 4462 3389 4516 ad
3444 4460 3652 4518 limina

222 4554 651 4610 monachorum
682 4554 840 4609 omni
876 4557 1139 4625 tempore
1171 4552 1521 4608 deserviant.
1560 4551 1880 4607 Conﬁrma-
1919 4574 1968 4639 D
1997 4548 2395 4622 apostolorum
2428 4548 2761 4620 principum
2794 4549 2945 4605 Petri
2977 4554 3034 4605 et
3067 4549 3248 4617 Pauli,
3283 4555 3341 4604 et
3379 4555 3514 4605 ante
3545 4568 3647 4605 no-

223 4661 366 4699 mus
395 4643 571 4699 etiam
602 4658 706 4715 per
732 4641 1074 4715 petitionem
1108 4639 1437 4715 Lyndulphi
1469 4640 1610 4695 illud
1662 4641 1881 4696 donum

220 4732 384 4805 quod
418 4731 577 4788 dedit
605 4730 970 4803 Hadulphus,
995 4731 1305 4803 episcopus
1337 4734 1669 4785 antecessor
1692 4730 1881 4802 ipsius

218 4819 524 4877 canonicis
554 4819 743 4891 ipsius
791 4818 1044 4875 ecclesia:
1090 4824 1303 4875 sanctas
1341 4820 1554 4888 Mariae,
1587 4825 1645 4874 et
1693 4820 1879 4876 sancti

220 4909 490 4966 Medardi
515 4900 675 4964 infra
697 4925 965 4976 murum;
999 4907 1306 4964 ecclesiam
1334 4907 1604 4963 videlicet
1645 4908 1880 4964 nomine

217 5000 518 5066 Arceium,
552 5003 617 5053 ut
644 5002 841 5053 teneat
870 4998 1092 5069 absque
1124 4997 1580 5053 contradictione
1620 4997 1780 5053 illam
1820 4998 1878 5053 in

220 5092 590 5162 perpetuam.
606 5086 977 5142 Decrevimus
999 5087 1175 5141 etiam
1194 5103 1296 5158 per
1312 5084 1672 5155 apostolatus
1694 5087 1878 5142 nostri

219 5180 527 5235 decretum
580 5192 815 5231 manere
866 5176 1151 5244 ﬁxum,ct
1203 5173 1413 5229 stabile
1460 5172 1604 5227 illud
1656 5175 1876 5229 donum

218 5264 557 5339 Lyndulpbi
587 5265 738 5336 quod
773 5264 1063 5319 concessit
1096 5280 1199 5335 pro
1236 5262 1491 5318 remedio
1514 5262 1721 5317 animae
1754 5280 1872 5318 suae

217 5356 372 5429 ipsis
419 5352 690 5409 similiter
739 5352 1035 5409 canonicis
1084 5357 1243 5409 extra
1291 5368 1527 5407 murum
1561 5367 1574 5404 :
1606 5350 1874 5407 videlicet

217 5444 688 5501 Betoniscurtem
721 5460 854 5498 cum
887 5443 1395 5507 atramentaria,et
1427 5441 1721 5495 abbatiam
1745 5459 1873 5495 san-

213 5536 326 5588 ctae
353 5532 688 5588 Godebertze
718 5531 982 5603 virginis,
1018 5548 1144 5603 qua:
1176 5536 1264 5587 est
1308 5532 1367 5585 in
1414 5530 1631 5585 honore
1676 5530 1870 5585 beato-

213 5637 355 5678 rum
387 5619 781 5692 apostolorum
809 5620 957 5675 Petri
981 5625 1039 5676 et
1062 5620 1252 5688 Pauli;
1281 5637 1346 5675 eo
1384 5617 1603 5673 scilicet
1647 5622 1866 5685 tenore,

1996 4643 2177 4696 stram
2212 4637 2609 4711 praesentiam,
2640 4637 2954 4710 retulitque
2985 4638 3153 4692 nobis
3182 4642 3476 4709 quatenus
3500 4637 3642 4709 ipse,

1991 4727 2094 4784 Dei
2123 4732 2268 4785 nutu
2301 4726 2663 4799 compulsus,
2697 4726 3003 4783 ecclesiam
3044 4725 3462 4781 emnobitarum
3509 4743 3644 4782 con-

1991 4816 2302 4874 struxisset
2314 4833 2491 4887 super
2505 4816 2689 4887 ripam
2706 4816 2739 4870 tl
2751 4814 2966 4870 uminis
2979 4815 3132 4885 quod
3151 4813 3365 4869 dicitur
3383 4814 3641 4880 Rhenus,

1989 4907 2061 4963 ad
2096 4907 2374 4961 honorem
2406 4904 2559 4960 beati
2607 4903 2869 4976 Gregorii
2916 4902 3268 4959 confessoris
3314 4903 3548 4970 Christi,
3582 4903 3642 4958 in

1990 5014 2105 5069 quo
2138 4997 2261 5052 loco
2294 4993 2557 5065 regulam
2588 4994 2647 5048 S.
2670 4993 2964 5048 Benedicti
2985 4992 3215 5048 abbatis
3236 4997 3296 5048 et
3325 4993 3639 5048 monacho-

1989 5103 2119 5140 rum
2153 5086 2399 5138 fratrum
2421 5080 2890 5136 luculentissimo
2913 5080 3237 5149 ordinaret;
3272 5079 3373 5136 ubi
3396 5081 3640 5136 devotis-

1986 5174 2134 5229 sime
2162 5174 2232 5227 de
2262 5171 2388 5225 suis
2421 5169 2671 5241 propriis
2698 5168 2950 5239 praediis,
2977 5186 3104 5239 quae
3136 5187 3171 5224 a
3200 5171 3327 5225 suis
3377 5170 3637 5240 parenti-

1982 5263 2093 5316 bus
2124 5260 2208 5314 illi
2240 5262 2577 5327 evenerunt,
2608 5262 2663 5311 et
2693 5261 2916 5328 partem
2950 5258 3020 5311 de
3052 5258 3226 5313 rebus
3266 5262 3484 5313 sanctae
3517 5275 3635 5313 suae

1981 5350 2236 5407 ecclesiae
2269 5347 2477 5402 obtulit
2508 5348 2579 5401 ad
2631 5345 3121 5402 sustentationem
3169 5350 3226 5401 et
3275 5346 3635 5418 stipendium

1981 5440 2214 5496 illorum
2245 5435 2513 5491 videlicet
2544 5436 2990 5503 monachorum,
3021 5436 3121 5506 qui
3154 5436 3212 5489 in
3255 5435 3382 5507 ipso
3430 5440 3634 5491 saneto

1980 5527 2334 5585 monasterio
2385 5524 2594 5580 smculo
2652 5523 3100 5595 (renuntiantes)
3154 5524 3367 5579 Christi
3430 5524 3634 5581 laudes

1980 5616 2304 5691 persolvere
2352 5614 2451 5669 diu
2504 5619 2793 5685 noctuque
2840 5630 2954 5668 non
3005 5617 3277 5670 cessant:
3314 5613 3384 5668 de
3414 5612 3633 5685 quibus
