4066 6172
181 270 282 332 83⁵1

1353 262 1757 332 emerem;
1800 235 1902 324 E'I‘
1946 262 2429 327 rmvmeom.

3481 280 3599 340 838

190 408 282 462 aut
309 400 585 468 alienare,
614 403 717 457 aut
746 398 1002 474 aliquem
1030 404 1432 476 cujuscunque
1454 401 1671 459 servitii
1705 415 1833 455 cen-
1861 396 1915 463 Α
1946 400 2067 451 stra
2097 397 2333 453 dioecesi
2368 398 2547 455 ullam
2575 401 2687 457 sibi
2720 402 3015 460 vindicare
3045 403 3419 464 decernimus
3452 417 3603 483 pote-

191 508 310 551 sum
342 492 548 545 contra
573 489 685 557 fas,
709 489 798 545 vel
831 492 1158 549 monastico
1180 493 1369 549 ordini
1401 492 1459 547 in
1483 491 1677 564 aliquo
1704 506 1837 545 con-

189 580 419 638 trarium
460 577 698 651 exigere
732 596 745 634 :
779 580 882 634 sed
933 580 1270 654 quicunque
1320 581 1507 637 cidem
1557 578 1833 653 prmdicto

191 670 303 726 loco
331 672 386 723 et
424 668 871 741 congregationi
914 670 1103 724 devoti
1144 671 1464 738 cxisterint,
1498 673 1555 724 et
1594 666 1834 740 aliquod

191 757 525 830 suffragium
577 757 776 824 verbo,
811 764 915 813 aut
945 776 1138 832 opere,
1182 764 1283 815 aut
1328 758 1671 815 substantiae
1717 773 1834 811 suae

190 846 508 918 erogationc
530 844 912 915 contulerint,
937 865 972 902 a
992 849 1089 920 pio
1120 853 1549 903 remuneratore
1569 846 1836 901 omnium

192 935 422 992 Domino
440 951 714 1007 superna:
732 933 1160 991 benedictionis
1180 941 1233 992 et
1257 942 1465 991 nostra:
1485 934 1838 990 humilitatis

189 1024 422 1097 gratiam
448 1021 879 1095 percipiant.Si
903 1025 1038 1095 quis
1063 1028 1256 1079 autem
1289 1025 1468 1095 hujus
1498 1024 1683 1079 nostri
1720 1022 1837 1094 pri-

190 1112 365 1183 vilegii
398 1110 769 1166 sanctionem
791 1115 849 1166 et
872 1113 1404 1168 corroborationcm
1439 1114 1495 1167 in
1532 1113 1727 1184 aliquo
1752 1129 1837 1166 re-

190 1201 401 1272 fragare
419 1199 505 1254 vel
532 1199 821 1271 infregere
840 1202 1169 1270 tentaverit,
1186 1203 1257 1257 ab
1279 1202 1678 1274 omnipotente
1700 1202 1836 1266 Deo,

192 1289 343 1345 Patre
372 1293 431 1343 ct
461 1286 610 1343 Filio
656 1291 714 1342 et
752 1287 976 1360 Spiritu
1017 1294 1242 1358 sancto,
1277 1296 1559 1363 perpetua
1597 1288 1839 1345 maledi-

191 1377 367 1432 ctione
399 1376 743 1441 damnatus,
776 1380 833 1431 et
861 1394 896 1432 a
927 1383 1148 1434 sanctae
1190 1379 1461 1435 Ecclesiae
1492 1379 1842 1452 grcmioex-

191 1464 404 1538 pulsus,
439 1481 577 1520 cum
611 1463 811 1537 impiis
851 1470 912 1522 et
955 1466 1274 1523 homicidis
1315 1468 1583 1524 tradatur
1612 1466 1842 1523 diabolo

186 1554 533 1628 perennibus
553 1552 834 1627 gehennae
858 1555 1158 1613 incendiis
1181 1557 1670 1613 concremandus.
1692 1557 1844 1613 Bene

184 1643 376 1701 valete.

247 1733 611 1811 Rcscriptum
643 1750 744 1808 per
770 1749 1029 1790 manum
1054 1734 1340 1806 Stephani
1368 1735 1517 1791 sacri
1552 1734 1843 1791 scriniarii

180 1827 381 1881 sanctae
407 1824 682 1880 Romanis
706 1821 988 1879 Ecclesia:
1023 1822 1082 1878 in
1112 1840 1316 1880 mense
1347 1823 1528 1891 Julio,
1556 1824 1614 1879 in
1640 1840 1842 1879 mense

180 1914 369 1987 quinto
390 1912 512 1989 [ιφ.
550 1913 764 1970 videtur
793 1913 852 1968 in
886 1928 1100 1968 mense
1131 1929 1169 1980 ι,
1207 1912 1529 1969 indictione
1562 1913 1639 1985 v].

916 2016 1073 2073 VIII.

180 2128 402 2168 JOANNIS
434 2128 598 2168 PAPE
626 2127 700 2166 XV
724 2122 1102 2165 PRIVILEGIUI
1134 2123 1245 2163 PRO
1276 2124 1543 2165 ECCLESIA
1574 2125 1842 2164 IIAMBUR-

903 2195 1096 2234 GENSI.

802 2269 1011 2338 (Anno
1040 2266 1209 2336 989).

379 2360 571 2434 [Apud
603 2357 1009 2431 Lappenberg,
1044 2355 1244 2411 Hamb.
1282 2356 1410 2413 Urk.
1446 2357 1489 2426 Ι,
1521 2358 1633 2424 58.]

250 2449 505 2505 Joannes
539 2446 873 2520 episcopus,
898 2462 1104 2501 servus
1134 2461 1436 2502 servorum
1469 2446 1594 2516 Dei,
1630 2444 1841 2501 dilecto

186 2537 456 2593 confratri
491 2540 695 2592 nostro
722 2535 1043 2602 anrzom,
1063 2533 1377 2590 venerabili
1400 2534 1841 2607 archiepiscopo

187 2625 650 2699 llamburgcnsis
680 2622 975 2689 Ecclesia},
1008 2622 1134 2680 suis
1164 2621 1180 2696 [
1188 2623 1289 2695 leg.
1315 2623 1581 2698 suisque]
1615 2641 1842 2681 succes-

185 2715 413 2772 scribus
444 2716 507 2770 in
539 2716 912 2786 perpetuum.

250 2803 535 2860 Convenit
555 2800 876 2874 apostolico
895 2800 1282 2857 moderamini
1307 2801 1405 2874 pia
1425 2801 1705 2875 religione
1727 2799 1845 2872 pol-

184 2890 437 2948 lentibus
455 2889 732 2948 benivola
746 2890 1156 2963 compassione
1172 2906 1515 2946 succurrere
1532 2894 1589 2946 et
1607 2906 1845 2962 poscen-

182 2981 325 3036 tium
357 2980 584 3038 animis
615 2978 793 3035 alacri
826 2979 1131 3036 devotione
1176 2978 1477 3052 impertire
1509 2995 1841 3036 assensum.

185 3070 262 3125 Ex
290 3070 401 3127 hoc
423 3069 592 3126 enim
623 3066 770 3124 lucri
801 3068 1179 3140 potissimum
1202 3068 1509 3141 praemium
1537 3069 1690 3141 apud
1714 3084 1846 3123 cons

182 3158 428 3215 ditorem
461 3157 737 3214 omnium
770 3156 1084 3212 Dominum
1116 3156 1518 3229 proculdubio
1549 3172 1843 3229 promere-
1874 3133 1918 3200 C

185 3264 332 3317 mur,
349 3247 501 3303 dum
525 3245 884 3302 venerabilia
905 3244 1031 3302 loca
1050 3246 1122 3302 ad
1151 3246 1451 3302 meliorem
1476 3245 1691 3302 fuerint
1719 3245 1847 3301 sine

181 3335 353 3391 dubio
394 3340 630 3393 statum
684 3336 985 3409 perducta.
1019 3335 1205 3408 Igitur
1247 3335 1388 3407 quia
1436 3333 1781 3408 postulastis
1810 3350 1846 3390 a

182 3425 369 3495 nobis,
396 3429 706 3498 quatenus
737 3423 1306 3496 archiepiscopatum
1339 3424 1844 3497 IIammaburgen-

181 3514 259 3569 sis
287 3514 575 3571 Ecclesia:
605 3517 795 3569 totum
830 3513 1123 3586 integrum
1146 3513 1308 3569 vobis
1334 3513 1842 3581 conﬁrmaremus,

180 3601 349 3658 sicuti
379 3621 416 3659 a
448 3601 991 3676 praadecessoribus
1031 3601 1271 3669 nostris,
1302 3602 1570 3657 videlicet
1610 3600 1845 3657 Nicolao

176 3696 231 3747 et
255 3693 546 3767 Agapito,
568 3690 746 3763 hujus
773 3690 1104 3763 apostolicae
1137 3690 1295 3745 sedis
1316 3689 1627 3761 episcOpis,
1653 3690 1847 3745 decre-

179 3783 301 3835 tum
332 3785 445 3851 est,
472 3778 749 3836 inclinati
780 3778 1049 3851 precibus
1073 3775 1280 3833 vestris
1311 3775 1632 3849 apostolica
1654 3780 1843 3832 aucto-

175 3867 343 3925 ritate
392 3868 790 3925 concedimus
822 3872 880 3923 et
910 3867 1351 3935 confirmamus,
1385 3882 1519 3921 cum
1570 3865 1845 3920 omnibus

174 3957 545 4029 generaliter
572 3961 749 4029 atquc
774 3956 1107 4028 specialiter
1136 3956 1207 4011 ad
1239 3956 1509 4011 eumdem
1540 3954 1846 4027 prtefatum

174 4051 437 4104 vestrum
490 4044 1072 4118 archiepiscopatum
1122 4042 1574 4117 pertinentibus,
1626 4042 1849 4099 scilicet

172 4137 372 4193 omnia
404 4152 551 4210 qua:
582 4133 760 4192 vestri
802 4139 1202 4212 antecessores
1241 4133 1365 4189 suis
1413 4132 1713 4188 laboribus
1744 4133 1845 4188 ad-

173 4224 544 4296 quisicrunt,
576 4222 665 4280 vel
709 4222 886 4279 etiam
927 4239 1126 4280 amore
1178 4226 1403 4278 aeternae
1453 4220 1651 4294 patria:
1701 4221 1782 4276 ibi
1813 4239 1848 4278 a

173 4312 677 4371 Christicolarum
709 4310 982 4368 ﬁdelibus
1022 4328 1181 4368 nunc
1210 4310 1420 4367 collata
1450 4309 1537 4365 vel
1571 4310 1847 4383 deinceps

179 4407 317 4459 sunt
346 4402 735 4461 conferenda.
762 4403 907 4459 Cum
938 4399 1057 4457 illis
1086 4400 1283 4469 etiam,
1308 4399 1408 4471 qui
1441 4415 1597 4454 nunc
1631 4403 1849 4471 tempo-

1944 490 2185 554 statem;
2221 487 2488 559 quinimo
2531 494 2588 545 et
2622 491 2768 562 ipsis
2799 497 2855 547 et
2885 494 3161 550 omnibus
3194 497 3435 553 omnino
3466 516 3601 555 sua-

1947 576 2154 631 demus
2181 575 2509 634 cultoribus
2533 597 2678 634 verae
2712 580 3033 654 religionis,
3056 589 3121 638 ut
3151 585 3513 657 adjutorium
3546 593 3604 644 et

1947 665 2155 720 solatia
2173 666 2340 721 vobis
2364 668 2422 721 in
2442 668 2719 723 omnibus
2740 670 3479 744 administrent,quatenus
3500 694 3603 747 pro

1945 754 2134 825 gratia
2163 754 2344 826 hujus
2377 757 2642 811 beneﬁcii
2676 756 2910 829 plenam
2935 761 3191 832 recipere
3219 765 3548 819 mercedem
3572 783 3606 819 a

1949 844 2191 899 Domino
2236 850 2591 914 mereantur,
2626 847 2907 918 quoniam
2946 851 3145 906 omnia
3176 870 3305 922 quae
3346 854 3606 924 proficua

1949 932 2215 988 Ecclesia:
2250 936 2573 1005 probantur
2620 935 2867 991 existere
2899 941 2955 992 et
2986 938 3200 995 divinis
3250 959 3364 996 non
3412 941 3606 1013 impu-

1947 1026 2131 1095 gnaut
2154 1023 2663 1094 praeceptionibus,
2678 1025 2987 1080 efficienda
3008 1032 3066 1082 et
3090 1030 3403 1098 pia-ebenda
3424 1032 3609 1086 omni-

1949 1112 2204 1183 potentis
2237 1113 2334 1166 Dei
2369 1114 2715 1167 aucloritate
2756 1119 2815 1167 et
2856 1115 3160 1171 beatorum
3206 1118 3607 1190 apostolorum

1951 1201 2102 1256 Petri
2133 1206 2189 1256 et
2221 1200 2381 1257 Pauli
2424 1219 2552 1257 esse
2593 1220 2709 1257 non
2750 1203 3118 1259 dubitamus.
3152 1208 3224 1261 Et
3262 1207 3369 1262 hoc
3412 1213 3609 1265 nostro

1950 1290 2180 1345 decreto
2212 1291 2586 1346 decernimus
2626 1293 2955 1347 secundum
2994 1296 3407 1365 prmnominati
3447 1298 3610 1354 home

1952 1378 2246 1434 memoriae
2278 1378 2497 1434 Nicolai
2520 1384 2575 1434 et
2604 1380 2833 1452 Agapiti
2869 1398 3029 1452 papa:
3063 1384 3427 1440 sanctionem
3451 1386 3609 1458 ipsas

1951 1468 2234 1524 dioceses.
2279 1469 2907 1541 Ilammaburgcnsem.
2947 1514 2960 1525 .
2998 1511 3010 1524 .
3051 1513 3064 1525 .
3116 1472 3450 1544 Apostolica
3499 1476 3609 1532 ita-

1954 1573 2066 1628 que
2096 1557 2469 1624 auctoritate,
2491 1556 2998 1613 Halverstadeusis
3030 1560 3301 1617 Ecclesus
3333 1566 3389 1617 et
3418 1563 3612 1622 Hilde-

1955 1645 2358 1702 neshemcnsis
2389 1651 2447 1703 et
2477 1646 3053 1704 Pathrobrunncnsis
3074 1653 3133 1703 et
3160 1649 3482 1708 Mindensis
3512 1655 3613 1710 Ec-

1954 1734 2266 1791 clesiarum
2298 1736 2588 1808 episcopis
2618 1736 2862 1807 insuper
2891 1737 3177 1807 jubcmus
3207 1743 3379 1812 atque
3410 1758 3608 1799 mone-

1953 1841 2109 1892 mus,
2132 1829 2198 1879 ut
2227 1842 2327 1879 vos
2358 1824 2417 1878 in
2451 1824 2728 1880 omnibus
2770 1825 3068 1895 adjuvent,
3097 1831 3387 1898 quatenus
3417 1848 3609 1887 sacer-

1952 1912 2144 1968 dotale
2177 1912 2573 1969 ministerium
2600 1913 2830 1984 explere
2862 1918 2919 1968 et
2940 1914 3277 1973 animarum
3308 1917 3470 1975 lucra
3498 1920 3609 1975 Do-

1954 2001 2113 2056 mino
2153 2002 2292 2057 Jesu
2324 2001 2556 2057 Christo
2598 2000 2831 2056 facilius
2871 2002 3182 2073 adquirere
3213 2005 3474 2076 valeatis,
3505 2025 3609 2063 vo-

1953 2090 2044 2146 bis
2076 2089 2503 2145 adminiculum
2526 2090 2825 2162 przebcaut
2854 2089 2912 2143 in
2943 2093 3242 2150 omnibus.
3266 2095 3359 2152 Sic
3391 2100 3611 2167 tamen,

1953 2183 2017 2233 ut
2048 2196 2167 2246 eos,
2203 2195 2350 2251 quos
2385 2179 2715 2251 adquiratis
2754 2185 2809 2234 et
2849 2197 2997 2251 quos
3038 2182 3303 2240 habeatis
3343 2201 3446 2257 per
3479 2202 3611 2258 gra-

1953 2267 2096 2323 tiam
2127 2266 2343 2322 Christi
2384 2268 2737 2341 adquisitos,
2769 2273 2961 2324 vestro
2999 2276 3449 2347 vestrorumque
3478 2291 3610 2329 suc-

1952 2373 2252 2412 cessorum
2278 2355 2809 2429 archiepiscopatui
2833 2359 3131 2429 subjectos
3156 2379 3498 2434 permanere
3519 2364 3614 2419 de-

1952 2445 2271 2511 cernimus,
2320 2461 2356 2499 a
2397 2444 2627 2501 Christo
2678 2450 2910 2501 tantum
2960 2451 3250 2522 recepturi
3300 2453 3609 2524 przemium

1953 2533 2474 2607 remunerationis,
2494 2534 2997 2606 quemadmodum
3020 2536 3352 2595 Christiana
3380 2558 3446 2596 ac
3476 2557 3611 2597 vera

1953 2623 2121 2677 docet
2149 2620 2351 2694 religio
2386 2639 2399 2676 :
2432 2624 2529 2689 Ite,
2561 2621 2742 2678 docete
2769 2640 2952 2679 mnes
2981 2634 3163 2696 gente:
3184 2627 3387 2698 (Matth.
3409 2646 3606 2698 xxvm,

1956 2707 2065 2780 19.)
2102 2708 2303 2780 Itaque
2334 2709 2603 2780 quamvis
2648 2709 2721 2763 ad
2762 2710 3201 2781 przedicandum
3241 2716 3518 2787 gentibus
3547 2717 3608 2770 in

1953 2796 2310 2868 supradictis
2334 2795 2477 2853 locis
2500 2797 2758 2870 episcopi
2790 2797 2911 2854 sint
2934 2803 3257 2858 consecrati
3289 2808 3464 2876 atque
3484 2804 3611 2877 plu-

1954 2904 2046 2941 res
2077 2886 2137 2940 in
2169 2885 2286 2941 illis
2319 2886 2585 2957 partibus
2618 2889 3022 2957 consecrandi,
3057 2894 3255 2946 tamen
3289 2892 3606 2948 formidan-

1954 2976 2097 3030 dum
2128 2979 2218 3030 est
2248 2974 2307 3029 in
2340 2980 2458 3030 tam
2481 2975 2709 3031 novella
2729 2974 3193 3034 Christianitatis
3224 2979 3607 3052 plantatione,

1955 3082 2057 3138 per
2085 3064 2472 3120 barbarorum
2505 3064 2788 3121 saevitiam
2814 3066 3194 3125 utintantum
3227 3088 3508 3126 numerus
3539 3087 3608 3127 ex

1954 3154 2039 3209 eis
2071 3154 2390 3221 decrescat,
2408 3154 2560 3226 quod
2586 3153 2820 3209 illorum
2843 3155 3063 3211 auxilio
3092 3175 3463 3231 nequaquam
3493 3160 3610 3232 cpi-

1954 3260 2265 3315 scoporum
2290 3244 2478 3316 possit
2501 3243 2626 3298 ﬁeri
2647 3245 3028 3301 consecratio.
3054 3247 3303 3320 Ideoque
3333 3249 3609 3320 praedicta

1955 3337 2194 3401 statuta,
2220 3334 2267 3388 si
2299 3350 2535 3389 necesse
2565 3333 2664 3402 sit,
2693 3335 3038 3392 auctoritate
3069 3337 3389 3410 apostolica
3418 3339 3610 3394 decer-

1955 3421 2154 3476 nimus
2170 3438 2299 3479 esse
2315 3422 3016 3481 servandatDecornimus
3036 3426 3609 3494 autem,charissime

1954 3509 2131 3565 fraier
2179 3511 2428 3580 Liavizo,
2471 3516 2536 3566 ut
2584 3516 2936 3583 potestatem
2987 3513 3253 3570 habeatis
3298 3515 3608 3571 ordinandi

1954 3599 2258 3670 episcopos
2289 3599 2441 3654 infra
2470 3605 2724 3654 vestram
2756 3601 3098 3670 parochiam
3129 3608 3186 3659 et
3217 3602 3515 3659 dioecesim
3547 3603 3605 3657 in

1955 3688 2231 3743 omnibus
2252 3687 2609 3759 supradictis
2639 3688 2937 3759 gentibus.
2960 3690 3029 3744 Et
3058 3691 3107 3745 si
3131 3691 3264 3763 quis
3283 3696 3485 3745 contra
3503 3691 3609 3746 hu-

1947 3779 2049 3849 jus
2089 3780 2300 3831 nostrae
2339 3775 2703 3831 auctoritatis
2742 3774 3111 3848 privilegium
3153 3779 3237 3833 ire
3274 3780 3605 3847 tentaverit,

1955 3869 2059 3919 aut
2081 3865 2138 3918 in
2163 3881 2397 3937 quoquo
2422 3863 2594 3919 modo
2626 3863 2685 3918 in
2708 3867 2874 3935 parte
2897 3865 2983 3920 vel
3015 3866 3074 3921 in
3098 3870 3218 3922 toto
3239 3866 3503 3938 frangere
3526 3867 3609 3921 ni-

1954 3970 2058 4008 sus
2090 3953 2284 4021 fuerit,
2311 3953 2387 4007 sit
2410 3952 2952 4008 excommunicatus
2980 3971 3014 4008 a
3032 3970 3270 4027 corpore
3297 3958 3355 4009 et
3382 3955 3606 4011 viviﬁco

1955 4040 2242 4113 sanguine
2272 4040 2504 4096 Domini
2550 4039 2733 4095 nostri
2764 4041 2906 4096 Jcsu
2935 4042 3174 4112 Christi,
3207 4047 3265 4098 et
3307 4060 3342 4099 a
3389 4048 3608 4100 sancta!

1955 4130 2057 4186 Dei
2085 4130 2355 4186 Ecclesiae
2377 4129 2538 4185 aditu
2568 4133 2894 4202 separatus.
2915 4130 3264 4189 Observator
3281 4137 3477 4190 autem
3500 4134 3608 4189 hu-

1947 4220 2050 4292 jus
2071 4224 2283 4277 nostra:
2309 4217 2728 4275 admonitionis
2752 4222 2809 4274 et
2823 4219 3112 4290 jussionis
3135 4221 3346 4278 habeat
3374 4223 3607 4278 benedi-

1954 4308 2207 4365 ctionem
2225 4306 2646 4379 omnipotentis
2668 4306 2790 4375 Dei,
2808 4312 2865 4363 et
2880 4309 3185 4366 beatorum
3205 4310 3603 4383 apostolorum

1956 4398 2105 4454 Petri
2156 4401 2215 4455 et
2264 4396 2449 4463 Pauli,
2478 4401 2536 4453 ct
2583 4400 2864 4467 nostram,
2900 4399 3000 4469 qui
3048 4416 3250 4456 eorum
3302 4400 3605 4472 fungimur

180 4491 259 4547 ris
286 4493 362 4548 ad
384 4490 616 4549 Christi
650 4491 911 4547 conversi
945 4493 1086 4545 sunt
1114 4488 1310 4557 ﬁdem,
1334 4486 1603 4543 videlicet
1624 4487 1845 4559 cpisco-
1877 4500 1926 4566 ι)
1955 4485 2503 4542 vicariatione.Dato
2527 4485 2707 4558 igitur
2727 4486 3098 4556 vobis,frater
3113 4487 3457 4543 charissima
3481 4488 3604 4543 Lia-

180 4580 269 4651 pis
300 4582 361 4636 in
396 4581 687 4638 omnibus
730 4579 1005 4653 gentibus
1042 4578 1340 4634 Sueonum
1373 4577 1492 4633 sive
1523 4577 1842 4646 Danorum,

181 4686 408 4727 necnon
438 4670 626 4726 etiam
649 4668 710 4723 in
733 4667 848 4723 illis
878 4667 1146 4740 partibus
1167 4666 1526 4733 Sclavorum,
1550 4683 1677 4738 quze
1707 4670 1847 4723 sunt

180 4774 213 4813 a
244 4759 498 4815 flumine
534 4759 684 4814 Penc
706 4772 892 4829 usque
915 4756 989 4812 ad
1011 4755 1252 4812 ﬂuvium
1284 4755 1512 4829 Egidre,
1539 4756 1620 4810 ita
1652 4760 1716 4811 ut
1736 4756 1847 4811 sub

177 4850 368 4903 vestro
404 4850 864 4916 vestrorumque
894 4859 1323 4911 successorum,
1350 4844 1849 4917 Hammaburgcn-

179 4935 259 4990 sis
289 4935 579 4992 Ecclesia:
611 4933 1209 5006 archiepiscoporum,
1240 4938 1515 4988 maneant
1534 4938 1845 5004 potestate,

182 5023 266 5079 vel
286 5023 595 5097 quidquid
619 5021 791 5078 vestri
819 5021 1035 5078 laboris
1060 5020 1601 5089 certamine,divina
1623 5022 1846 5078 favente

183 5098 396 5185 gratia,
436 5114 517 5169 ab
566 5129 758 5168 errore
807 5111 1084 5184 perfidiae,
1112 5110 1230 5167 sive
1262 5109 1569 5167 hominum
1609 5111 1731 5167 sive
1762 5111 1846 5169 lo-

181 5218 410 5272 corum,
447 5203 526 5258 ad
583 5201 923 5274 religionem
963 5199 1357 5258 Christianam
1407 5199 1713 5271 adquirere
1742 5217 1844 5272 po-

179 5292 371 5357 testis,
396 5290 578 5346 vobis
607 5287 932 5362 vestrisque
963 5287 1401 5345 successoribus
1430 5288 1849 5361 perpetualiter

177 5380 538 5448 tenendum,
568 5377 982 5435 inviolabiliter
1009 5382 1204 5435 tenere
1235 5393 1563 5433 censemus.
1590 5378 1659 5432 Et
1689 5377 1847 5434 insu-

181 5484 283 5540 per
304 5468 688 5525 decrevimus
710 5472 769 5524 et
789 5467 1110 5535 sancimus,
1136 5465 1362 5522 nullum
1390 5466 1848 5541 archiepiscopo-

181 5574 336 5635 rum,
363 5557 461 5619 vel
494 5555 903 5621 Coloniensem
936 5556 1023 5616 vel
1064 5556 1246 5616 alium
1285 5556 1625 5636 quemlibet,
1660 5558 1720 5615 in
1749 5576 1844 5618 ve-

1954 4576 2097 4645 vizo,
2136 4581 2346 4632 nostrze
2377 4576 2746 4630 auctoritatis
2778 4575 3096 4648 privilegio,
3123 4575 3298 4632 simul
3331 4576 3601 4632 concedi-

1958 4682 2090 4720 mus
2122 4664 2282 4719 vobis
2311 4669 2369 4719 et
2401 4663 2575 4735 pallio
2612 4662 2943 4735 uti’ubiquc
2978 4662 3239 4718 locorum
3268 4663 3328 4717 in
3355 4670 3602 4736 utraque

1954 4753 2134 4808 Albia:
2161 4752 2421 4808 fluminis
2444 4752 2592 4824 ripa,
2608 4752 2844 4807 statutis
2864 4751 3092 4818 diebus,
3108 4752 3260 4806 sicut
3281 4758 3605 4808 antecesso-

1958 4844 2122 4899 ribus
2157 4843 2364 4898 vcstris
2395 4842 2577 4896 moris
2607 4845 2749 4895 erat.
2778 4840 3019 4910 Insuper
3052 4841 3324 4896 addimus
3344 4858 3448 4913 pro
3470 4846 3601 4897 voto

1955 4939 2157 4989 vestra:
2184 4931 2546 5004 dignissimze
2571 4929 2890 5002 petitionis,
2913 4928 2969 4981 in
2996 4928 3275 4984 natalitiis
3297 4931 3600 4986 beatorum

1957 5027 2279 5094 martyrum
2314 5019 2631 5086 Laurentii,
2655 5017 2909 5071 Mauritii
2938 5018 3346 5090 sociorumque
3376 5037 3600 5075 eorum-

1956 5114 2110 5180 dem,
2143 5115 2198 5167 et
2229 5110 2287 5164 in
2321 5108 2571 5181 singulis
2619 5106 3033 5163 festivitatibus
3062 5107 3225 5164 vobis
3272 5110 3600 5165 commissae

1955 5199 2211 5255 ecclesiae
2242 5196 2419 5269 pallio
2444 5214 2542 5251 vos
2566 5195 2979 5251 indui.Sancta
3001 5195 3256 5253 Trinitas
3278 5198 3602 5254 fraternita-

1954 5294 2072 5345 tcm
2095 5292 2346 5344 vestram
2378 5285 2480 5340 diu
2525 5300 2865 5340 conservare
2909 5284 3184 5356 dignetur
3220 5286 3596 5363 incolumem,

1954 5383 2128 5450 atque
2166 5379 2297 5448 post
2334 5374 2515 5446 hujus
2552 5372 2749 5429 saeculi
2782 5373 3234 5430 amaritudinem
3280 5377 3349 5431 ad
3394 5394 3597 5449 perpe-

1954 5474 2117 5525 tuam
2150 5466 2432 5539 perducat
2462 5463 2906 5520 beatitudinem.

2025 5558 2319 5634 Scriptum
2340 5571 2444 5634 per
2464 5570 2706 5613 manum
2732 5554 3012 5634 Stephani
3035 5559 3265 5632 notarii,
3286 5557 3597 5636 regionarii
