4028 6172
441 246 554 306 839

1766 225 2092 305 IOANNIS
2139 243 2242 305 xv
2283 244 2529 307 PAPJE.

3733 252 3848 318 8‘0

437 381 613 449 atque
645 377 936 432 scriniarii
979 377 1128 432 sacri
1163 375 1390 448 palatii,
1423 377 1480 431 in
1516 393 1716 432 mense
1745 376 2091 432 Novembrio
2119 380 2176 446 Α
2198 379 2326 449 jam
2376 380 2593 435 dictam
2640 381 2792 436 viam
2842 383 2913 436 ad
2975 383 3172 455 ipsum
3221 383 3473 442 easalem
3531 385 3598 444 de
3656 387 3847 444 Salva-

437 470 494 523 et
525 465 843 522 indictione
874 483 958 522 ιιι.

508 556 658 612 Data
677 573 733 610 v1
766 555 898 610 idus
920 555 1285 621 Novembris,
1308 572 1412 628 per
1433 573 1645 611 manus
1667 555 1946 628 Gregorii,
1972 554 2089 627 epi-

436 645 595 716 scopi
621 648 831 699 sanctaz
861 643 1195 698 Portuensis
1223 643 1511 713 Ecclesia},
1536 661 1688 699 anno
1710 644 2086 716 pontificatus

435 734 655 790 domini
699 734 964 801 Joannis,
999 733 1358 789 sanctissimi
1406 752 1566 806 papa:
1598 752 1662 802 v;
1710 751 1860 789 anno
1893 734 1964 788 ab
1996 733 2084 788 in-

435 823 768 878 carnatione
792 822 1020 877 Domini
1047 823 1228 879 nostri
1252 823 1390 878 Jesu
1415 823 1631 878 Christi
1653 824 1777 890 988,
1802 822 1858 876 in
1885 839 2084 878 mense

435 913 781 967 Novembrio
812 917 868 967 et
898 912 1214 966 indictione
1246 931 1328 966 III.

506 1002 752 1056 Pallium
782 1001 944 1056 vobis
995 1001 1309 1070 mittimus,
1340 1007 1395 1056 et
1431 1003 1670 1073 insuper
1707 1003 2081 1056 concedimus

434 1093 545 1148 isto
575 1091 662 1145 vel
713 1091 827 1145 alio
875 1091 1278 1162 cujuscunque
1318 1092 1548 1162 generis
1597 1091 1765 1146 nitidi
1813 1090 2082 1146 candoris

431 1181 597 1237 vobis
629 1179 911 1253 placuerit
939 1197 1040 1236 vos
1071 1179 1258 1235 indui.
1289 1182 1495 1236 Amen.

1215 1285 1304 1342 IX.

465 1392 702 1434 JOANNIS
733 1392 804 1432 XV
835 1391 1210 1432 PRIVILEGIUM
1244 1391 1356 1430 PRO
1398 1392 1758 1432 MONASTERIO
1789 1392 1840 1433 Β.
1877 1393 2040 1433 PETRI

1119 1463 1381 1506 RODENSI.

911 1593 916 1597 ,
1031 1535 1234 1608 (Anno
1281 1534 1466 1606 990?)

497 1626 687 1701 [Apud
720 1623 1634 1701 Cocquelines,.ballarjori'trileg.
1668 1626 1818 1682 Rom.
1846 1635 1995 1698 pom.

911 1697 1080 1768 ampl.
1118 1695 1330 1752 Collect.
1366 1695 1408 1764 Ι,
1438 1699 1562 1752 286.

495 1807 752 1863 ,ἶοΑΝΝΕε
792 1806 1103 1878 episcopus
1141 1821 1342 1860 servus
1381 1820 1679 1860 servorum
1723 1805 1821 1860 Dei
1865 1805 2067 1860 HILDE-

425 1911 595 1950 smne
627 1893 895 1966 religioso
936 1893 1204 1964 episcopo
1256 1898 1429 1964 atque
1479 1893 1673 1948 abbati
1722 1893 2068 1950 venerabilis

425 1982 767 2038 monasterii
795 1982 980 2037 sancti
1016 1981 1164 2036 Petri
1189 1980 1455 2052 apostoli,
1483 1983 1724 2037 fundato
1748 1983 1804 2036 in
1837 1983 2069 2038 comiia-

425 2077 487 2127 tu
512 2071 916 2138 Petrolatensi,
940 2070 999 2123 in
1032 2073 1228 2124 monte
1250 2069 1350 2141 qui
1383 2071 1599 2125 dicitur
1620 2072 1831 2138 Rodas,
1857 2073 2066 2127 subtus

422 2165 682 2217 castrum
709 2158 997 2227 Virdaria,
1031 2162 1088 2213 et
1133 2175 1236 2231 per
1282 2163 1339 2213 tc
1392 2159 1450 2214 in
1500 2161 1703 2214 eodem
1749 2161 2065 2216 venerabili

422 2247 1038 2319 monasterio,tuisque
1061 2247 1502 2303 successoribus
1524 2249 1836 2306 abbatibus
1859 2249 1915 2304 in
1941 2266 2067 2322 per-

419 2344 686 2410 petuum.

490 2427 776 2494 Quoniam
825 2425 1195 2482 concedenda
1244 2431 1385 2481 sunt
1431 2444 1556 2498 qua)
1614 2426 2062 2484 rationabilibus

418 2515 723 2573 desideriis
753 2514 1080 2588 pertingere
1110 2519 1454 2583 noscuntur,
1481 2517 1664 2572 nostri
1697 2517 2062 2588 apostolatus

418 2605 734 2661 auctoritas
773 2605 844 2660 ad
876 2604 1264 2660 roborandam
1311 2605 1468 2676 piam
1499 2605 1764 2661 fidelium
1803 2608 2060 2663 devotio-

415 2711 546 2751 nem
578 2694 637 2749 in
671 2692 1019 2767 praestandis
1049 2692 1368 2766 privilegiis
1399 2695 1571 2750 debet
1609 2695 1853 2752 minime
1882 2697 2058 2752 abne~

412 2785 559 2857 gari.
584 2784 768 2856 Igitur
786 2781 1137 2838 excellentiae
1181 2787 1292 2838 tum
1315 2781 1628 2840 laudabilis
1667 2787 2058 2842 mansuetudo

414 2873 729 2947 postulavit
767 2889 802 2927 a
843 2871 1010 2927 nobis
1033 2877 1324 2944 quatenus
1363 2873 1682 2946 apostolica
1715 2875 2060 2933 auctoritate

413 2980 515 3035 per
532 2963 640 3018 hoc
658 2960 1028 3035 privilegium
1040 2962 1490 3018 concederemus
1507 2963 2062 3022 etconflrmarcmus

413 3051 541 3119 tibi,
564 3050 800 3122 tuisque
831 3050 1291 3118 successoribus,
1325 3049 1383 3105 in
1418 3056 1763 3123 perpetuum
1795 3054 2059 3126 supradi-

2201 474 2325 525 tore
2355 473 2413 525 et
2442 471 2513 525 ad
2559 469 2755 542 ipsum
2795 470 3032 540 collum,
3067 476 3124 527 et
3171 471 3328 528 redit
3362 473 3433 528 de
3462 473 3642 531 Vinea
3673 476 3846 534 vitula

2203 564 2259 614 et
2290 558 2550 630 pervenit
2579 577 2766 632 usque
2798 560 2856 615 in
2891 561 3298 617 summitatem
3338 561 3572 631 montis,
3606 563 3714 636 qui
3743 565 3849 620 ibi-

2197 649 2328 703 dem
2358 653 2466 716 est,
2502 647 2602 721 qui
2636 654 2877 704 vocatur
2916 649 3193 705 Casralio.
3229 650 3368 706 Inde
3397 668 3532 706 vero
3561 652 3726 708 vadit
3757 672 3849 726 per

2197 736 2386 808 ipsam
2421 754 2648 792 servam
2683 755 2868 810 usque
2910 738 2968 792 in
3013 737 3228 793 collum
3261 740 3332 794 de
3381 739 3769 812 Ermenardo,
3799 748 3850 797 et

2195 827 2454 897 pervenit
2506 827 2575 882 ad
2631 828 2851 882 fontem
2910 827 3027 883 sive
3071 829 3143 883 ad
3186 827 3400 882 collum
3453 830 3524 885 de
3575 829 3846 897 Filmera,

2194 921 2249 968 et
2272 916 2403 970 inde
2437 917 2506 969 ad
2542 916 2755 969 collum
2790 918 2974 971 sancti
3010 918 3260 973 Gcnesii.
3287 918 3497 989 Sicque
3530 921 3851 974 ascenden-

2193 1005 2285 1070 do,
2313 1010 2367 1059 et
2399 1006 2807 1061 descendendo
2842 1007 2997 1060 vadit
3031 1025 3133 1078 per
3162 1008 3566 1064 summitatem
3603 1011 3681 1063 de
3728 1009 3846 1081 ipsa

2193 1095 2362 1148 Serra
2384 1093 2559 1166 quem
2583 1100 2790 1150 vocant
2811 1095 3016 1162 Calmi,
3033 1102 3090 1150 et
3111 1097 3372 1169 pervenit
3401 1097 3617 1152 subtus
3652 1099 3844 1170 ipsum

2190 1187 2472 1250 castrum,
2499 1200 2672 1254 quem
2703 1188 2913 1238 vocant
2943 1183 3128 1239 Pinna
3158 1183 3344 1257 nigra,
3367 1202 3556 1256 usque
3587 1186 3651 1240 in
3691 1186 3844 1258 ipsas

2187 1271 2407 1340 vineas,
2435 1289 2561 1343 quas
2593 1276 2733 1328 sunt
2758 1273 2829 1328 de
2859 1271 3098 1341 Palatio,
3131 1277 3189 1328 et
3218 1273 3377 1329 vadit
3407 1274 3622 1330 subtus
3654 1273 3842 1346 ipsam

2187 1359 2393 1416 silvam
2423 1377 2549 1433 quas
2581 1365 2670 1416 est
2698 1363 2770 1416 ad
2811 1361 3113 1418 meridiem
3156 1363 3368 1419 subtus
3406 1367 3678 1419 castrum
3697 1363 3842 1420 Viri-

2187 1450 2370 1519 daria,
2395 1455 2451 1506 et
2482 1467 2666 1522 usque
2686 1451 2896 1506 subtus
2929 1451 3116 1524 ipsam
3152 1450 3388 1506 rocham
3422 1467 3605 1524 quam
3639 1452 3845 1508 dicunt

2187 1539 2424 1609 Fitorio,
2440 1544 2496 1595 et
2516 1539 2780 1595 ascendit
2802 1540 2874 1594 ad
2891 1539 3098 1596 vallem
3121 1539 3193 1595 de
3213 1539 3645 1607 Fulcimannia,
3670 1546 3841 1614 atque

2184 1629 2447 1702 pervenit
2476 1629 2686 1684 subtus
2720 1631 2909 1685 fontes
2940 1629 3010 1684 de
3050 1627 3293 1686 Devolas
3325 1629 3383 1684 in
3413 1627 3561 1685 valle
3592 1630 3671 1685 de
3703 1631 3841 1687 Fru-

2173 1718 2332 1789 jone.
2369 1719 2508 1774 Inde
2538 1735 2672 1775 vero
2719 1718 2877 1775 vadit
2915 1735 3018 1791 per
3067 1718 3228 1790 ipsas
3282 1718 3490 1775 rochas
3536 1735 3739 1792 usque
3783 1720 3837 1776 in

2180 1811 2439 1864 montem
2464 1809 2534 1864 de
2566 1809 2808 1876 Inserto,
2834 1812 2891 1863 ct
2920 1807 3224 1863 descendit
3253 1824 3287 1862 a
3317 1811 3481 1880 parte
3501 1808 3838 1866 Occidentis

2181 1914 2282 1970 per
2313 1897 2501 1970 ipsam
2523 1899 2678 1954 viam
2705 1897 3002 1971 publicam
3028 1913 3216 1970 usque
3244 1896 3302 1951 in
3337 1897 3601 1953 Racham
3623 1897 3836 1956 Vento-

2179 1995 2326 2047 sam,
2361 1983 2417 2034 et
2447 1978 2506 2034 in
2541 1979 2734 2050 ipsum
2769 1995 2953 2050 usque
2987 1977 3180 2033 locum
3213 1977 3312 2048 qui
3344 1981 3588 2032 vocatur
3617 1978 3832 2034 collum

2176 2067 2246 2122 de
2277 2067 2421 2122 valle
2466 2067 2713 2134 Budica;
2749 2067 2882 2122 inde
2915 2066 3179 2121 ascendit
3208 2066 3266 2120 in
3321 2067 3738 2122 summitatem
3765 2068 3836 2125 de

2175 2156 2303 2228 ipsa
2333 2172 2533 2225 cruce;
2567 2157 2768 2228 sicque
2791 2155 3092 2211 descendit
3113 2171 3299 2227 usque
3328 2154 3386 2210 in
3408 2155 3564 2211 viam
3589 2157 3665 2213 de
3687 2159 3833 2227 jam-

2176 2245 2329 2300 dicta
2359 2262 2529 2301 cruce
2569 2262 2671 2318 per
2719 2247 2907 2318 ipsam
2938 2245 3148 2301 vallem
3198 2261 3384 2317 usque
3421 2244 3481 2300 in
3513 2245 3716 2302 rivum
3763 2249 3830 2302 de

2175 2335 2412 2390 Budica.
2437 2335 2578 2390 Inde
2609 2335 2874 2390 ascendit
2896 2351 3083 2406 usque
3108 2335 3180 2390 ad
3202 2333 3417 2390 collum
3439 2334 3512 2390 de
3533 2337 3824 2402 Terrario,

2171 2429 2227 2480 et
2257 2425 2517 2496 pervenit
2563 2424 2623 2479 in
2671 2423 3081 2480 summitatem
3136 2423 3376 2492 montis,
3407 2440 3589 2495 quem
3627 2425 3827 2480 dicunt

2171 2513 2369 2570 Rocha
2399 2514 2655 2569 Merena.
2689 2514 2908 2568 Deinde
2940 2531 2972 2568 a
3011 2517 3176 2585 parte
3216 2512 3354 2567 circi
3391 2514 3822 2582 descendendo,

2169 2609 2226 2659 et
2245 2604 2612 2659 ascendendo
2629 2602 2889 2674 pervenit
2908 2602 2966 2657 in
2992 2600 3396 2658 summitatem
3413 2602 3483 2657 de
3505 2602 3646 2674 ipsa
3662 2603 3823 2659 Uvar-

2169 2693 2266 2748 dia
2298 2691 2661 2759 Maurescha,
2686 2697 2743 2747 et
2775 2692 2964 2764 pergit
2993 2708 3096 2763 per
3125 2707 3420 2746 summam
3451 2691 3697 2748 Serram
3729 2711 3823 2749 us-

2168 2797 2277 2852 que
2310 2781 2370 2836 in
2415 2781 2638 2836 Parada
2667 2781 2737 2837 de
2777 2781 3072 2848 Durando,
3107 2784 3164 2836 et
3201 2780 3464 2853 pervenit
3492 2797 3602 2853 per
3635 2782 3821 2854 ipsam

2168 2871 2400 2928 Serrani
2447 2887 2631 2943 usque
2663 2871 2723 2925 in
2757 2869 3077 2926 Reiderictz
3115 2871 3185 2925 de
3224 2873 3428 2925 sancto
3459 2870 3737 2939 Genesio,
3769 2876 3823 2927 et

2167 2959 2430 3016 ascendit
2458 2977 2560 3032 per
2588 2976 2884 3014 summam
2908 2959 3139 3014 Serram
3173 2960 3233 3014 in
3264 2959 3389 3032 ipso
3422 2959 3585 3031 pojo,
3611 2961 3822 3032 quiest

2167 3069 2347 3124 supra
2377 3052 2571 3126 ipsum
2606 3048 3030 3112 Rovesealium.
3065 3053 3121 3104 et
3158 3048 3458 3105 descendit
3489 3065 3599 3121 per
3635 3050 3817 3123 ipsam

411 3143 572 3194 ctum
592 3137 1012 3194 monasterium
1034 3155 1167 3192 cum
1187 3138 1462 3194 omnibus
1479 3141 1604 3196 suis
1625 3142 2056 3213 adjacentiis,et
2084 3121 2128 3190 ο
2167 3142 2398 3197 Serram
2422 3140 2840 3213 injamdictam
2861 3139 3094 3194 medam
3113 3156 3240 3210 quae
3257 3142 3347 3194 est
3367 3138 3528 3194 intus
3549 3139 3616 3193 in
3642 3157 3816 3195 mare.

411 3227 803 3300 pertinentiis,
837 3243 972 3282 cum
1005 3227 1222 3282 finibus
1253 3227 1634 3301 terminisque
1665 3230 1810 3287 suis.
1838 3232 1906 3286 Et
1926 3231 2055 3288 ideo

413 3315 532 3372 tuis
563 3316 673 3388 piis
702 3315 1008 3372 desideriis
1039 3315 1316 3385 faventes,
1349 3323 1551 3374 nostra
1600 3319 1920 3391 apostolica
1947 3339 2056 3376 au-

412 3405 675 3461 ctoritate
707 3404 1076 3460 decernimus
1123 3405 1318 3476 ipsum
1368 3407 1676 3477 praefatum
1725 3410 2054 3466 cmnobium

411 3494 598 3552 sancti
632 3493 783 3549 Petri
815 3493 1062 3565 apostoli
1093 3511 1227 3548 cum
1255 3495 1533 3552 omnibus
1561 3497 1706 3566 suis,
1730 3515 1764 3553 a
1795 3501 1966 3555 modo
1998 3505 2058 3556 et

412 3602 598 3657 usque
630 3583 688 3637 in
714 3583 890 3638 finem
921 3583 1139 3652 saeculi,
1157 3584 1266 3639 sub
1294 3585 1616 3656 patrocinio
1641 3591 1700 3642 et
1719 3588 2056 3645 defensione

409 3677 625 3731 sanctas
656 3673 929 3729 Romanae
949 3675 1006 3728 et
1036 3672 1368 3744 apostolica:
1391 3676 1598 3731 matris
1627 3676 1894 3733 Ecclesia:
1927 3695 2055 3751 per-

409 3764 592 3837 petim
615 3761 1098 3836 permanendum,
1124 3765 1189 3816 ut
1210 3763 1319 3818 sub
1340 3763 1586 3820 tuitione
1611 3771 1823 3822 sanctae
1846 3772 2056 3824 nostra)

408 3852 502 3908 cui
537 3852 652 3908 Deo
686 3855 921 3907 auctore
954 3849 1317 3906 deservimus
1347 3851 1615 3908 Ecclesiae
1645 3857 2054 3925 constitutum,

409 3941 630 3998 nullius
663 3939 903 3996 alterius
916 3939 1040 4010 juri
1066 3944 1123 3995 et
1143 3939 1349 3995 ditioni
1381 3941 1788 4013 submittatur,
1813 3944 1926 4000 nisi
1946 3946 2056 4002 sub

409 4036 514 4087 tua
543 4035 900 4100 tuorumque
931 4045 1338 4086 successorum
1369 4030 1427 4086 in
1458 4036 1827 4104 perpetuum.

481 4119 913 4176 Confirmamus
946 4135 1204 4191 namque
1237 4119 1363 4190 tibi,
1394 4123 1451 4176 et
1479 4122 1916 4180 successoribus
1939 4124 2058 4180 tuis

410 4207 754 4281 praedictum
783 4208 1210 4263 monasterium
1240 4225 1374 4263 cum
1397 4208 1489 4265 his
1510 4211 1798 4281 terminis,
1824 4217 1880 4269 et
1902 4214 1970 4270 ad
1971 4215 2059 4285 ja-

410 4295 640 4366 centils,
663 4300 720 4352 et
749 4313 884 4352 cum
916 4297 1194 4352 omnibus
1224 4314 1352 4368 qua:
1385 4298 1630 4356 inferius
1661 4302 2056 4374 continentur,

407 4386 468 4442 id
491 4389 600 4454 est,
616 4386 687 4441 ab
711 4385 840 4458 ipsa
869 4389 1035 4456 petra
1059 4402 1185 4457 qua:
1209 4385 1426 4442 dicitur
1451 4387 1772 4462 Meda,quze
1797 4395 1886 4448 est
1908 4393 2061 4449 infra

2167 3232 2308 3288 Item
2343 3231 2492 3285 infra
2523 3229 2629 3285 hos
2669 3228 2949 3284 terminos
2979 3229 3398 3283 confirmamus
3437 3227 3545 3282 tibi
3578 3229 3816 3301 tuisque

2165 3319 2604 3382 successoribus
2623 3317 2930 3374 ecclesiam
2951 3321 3166 3372 sancta:
3183 3315 3386 3373 Crucis
3407 3333 3543 3373 cum
3566 3317 3816 3374 decimis

2165 3417 2223 3470 et
2252 3410 2550 3484 primitiis,
2574 3411 2630 3464 et
2659 3407 2846 3464 sancti
2876 3406 3122 3463 Joannis
3151 3422 3288 3462 cum
3318 3405 3563 3462 decimis
3597 3411 3663 3463 et
3704 3407 3816 3480 pri-

2165 3500 2371 3567 mitiis,
2399 3501 2454 3553 et
2485 3495 2882 3553 oblationibus
2913 3499 3089 3566 atque
3129 3494 3420 3564 alodibus,
3453 3500 3512 3550 et
3541 3496 3820 3552 omnibus

2166 3590 2341 3646 rebus
2366 3588 2437 3643 ad
2472 3588 2631 3660 ipsas
2659 3583 2936 3641 ecclesias
2958 3583 3411 3656 pertinentibus,
3433 3586 3491 3639 et
3509 3585 3818 3640 ecclesiam

2166 3678 2356 3736 sancti
2388 3675 2635 3733 Baudilii
2664 3675 2721 3729 in
2738 3673 2886 3730 valle
2908 3673 3256 3742 Tabellaria,
3281 3679 3339 3729 et
3356 3673 3675 3730 ecclesiam
3701 3691 3820 3729 san-

2168 3769 2243 3824 cti
2275 3766 2580 3840 Stephani,
2598 3782 2724 3837 qua)
2746 3769 2836 3821 est
2861 3764 2920 3820 in
2943 3762 3090 3819 valle
3122 3761 3624 3830 Subiradellos,et
3648 3762 3815 3820 eccle-

2167 3857 2317 3914 siam
2340 3855 2524 3913 sancti
2552 3853 2878 3922 Fructuosi,
2893 3857 2950 3910 et
2969 3851 3279 3909 ecclesiam
3300 3851 3487 3908 sancti
3506 3851 3814 3917 Vincentii,

2169 3964 2294 4021 qua:
2325 3950 2415 4003 est
2443 3944 2504 4002 in
2525 3943 2662 4000 villa
2692 3943 2986 3999 Lanciano
3008 3958 3143 3997 cum
3164 3941 3408 3998 decimis
3430 3945 3489 3997 et
3520 3941 3820 4014 primitiis,

2168 4042 2225 4094 et
2256 4052 2390 4092 cum
2413 4033 2690 4091 omnibus
2721 4032 2896 4088 rebus
2917 4032 2990 4088 ad
3018 4031 3284 4088 eamdem
3306 4029 3624 4088 ecclesiam
3653 4031 3815 4105 perti-

2169 4125 2466 4192 nentibus,
2493 4127 2550 4178 et
2579 4121 2885 4178 ecclesiam
2917 4119 3108 4176 sancti
3140 4119 3395 4188 Genesii,
3421 4122 3478 4175 et
3511 4119 3814 4176 ecclesiam

2169 4213 2356 4271 sancti
2410 4211 2561 4268 Petri
2602 4227 2736 4266 cum
2789 4210 2917 4282 ipso
2967 4213 3155 4265 castro
3204 4206 3488 4276 Miralias,
3520 4211 3582 4264 et
3629 4209 3814 4282 ipsum

2168 4307 2427 4360 castrum
2458 4299 2726 4355 Virdaria
2754 4315 2888 4354 cum
2923 4298 3049 4370 ipso
3079 4295 3402 4363 eastellare,
3435 4300 3494 4352 et
3525 4312 3668 4352 cum
3701 4297 3814 4366 ipso

2170 4391 2407 4456 Pitorio,
2425 4395 2636 4446 etcum
2662 4389 2846 4444 Pinna
2873 4387 3059 4459 nigra,
3089 4402 3224 4441 cum
3246 4384 3526 4441 omnibus
3549 4385 3747 4440 rochis
3765 4385 3814 4437 et

409 4479 642 4548 portum
668 4474 936 4540 Fraxani,
959 4479 1016 4529 et
1039 4475 1162 4546 ipso
1187 4492 1318 4531 raso
1350 4493 1536 4549 usque
1558 4476 1750 4534 locum
1774 4496 1946 4552 quem
1970 4482 2055 4536 di-
2086 4492 2134 4558 Β
2168 4479 2361 4546 terris,
2384 4483 2442 4532 et
2485 4475 2668 4545 silvis,
2695 4492 2820 4547 qua:
2873 4475 3023 4530 infra
3053 4473 3161 4529 hos
3201 4471 3483 4529 terminos
3529 4477 3695 4540 sunt,
3726 4488 3812 4526 ex-

408 4565 550 4622 eunt
571 4565 713 4620 Tres
747 4565 994 4631 Fratres,
1028 4581 1062 4619 a
1092 4569 1256 4637 parte
1287 4565 1555 4623 videlicet
1585 4567 1838 4625 Orientis
1869 4587 2055 4642 usque

409 4656 468 4711 in
498 4655 756 4710 medium
782 4670 965 4721 mare,
989 4658 1164 4726 atque
1187 4655 1322 4709 inde
1354 4655 1510 4710 vadit
1539 4657 1611 4712 ad
1642 4657 1836 4729 ipsum
1860 4659 2054 4718 locum

409 4761 583 4815 quem
615 4748 823 4798 vocant
855 4742 1139 4798 melinum
1172 4744 1243 4798 de
1284 4743 1542 4812 Balasco,
1576 4746 1827 4819 indeque
1860 4766 2055 4820 perve-

411 4835 497 4888 nit
517 4834 589 4889 ad
613 4833 801 4906 ipsam
819 4831 1107 4900 Tamariz,
1123 4837 1179 4886 et
1202 4833 1335 4887 inde
1355 4833 1543 4905 pergit
1563 4851 1750 4906 usque
1771 4839 1842 4892 ad
1867 4839 2054 4911 ipsam

410 4923 638 4978 Petram
673 4923 891 4988 fictam,
926 4927 982 4976 et
1015 4922 1274 4992 pervenit
1313 4922 1383 4976 ad
1428 4921 1613 4993 ipsam
1657 4926 1953 4982 matellam
1986 4930 2056 4984 de

408 5011 784 5077 Gomesindo,
819 5015 993 5081 atque
1026 5009 1160 5064 inde
1192 5011 1455 5066 ascendit
1486 5028 1588 5082 per
1621 5013 1808 5084 ipsam
1839 5021 2054 5073 terram

408 5117 596 5172 usque
630 5101 686 5154 in
721 5099 846 5171 ipso
890 5100 1070 5170 ﬁtorio
1120 5098 1190 5153 de
1239 5102 1435 5155 monte
1482 5100 1762 5170 Pinnello,
1796 5108 1852 5159 et
1897 5106 2055 5162 vadit

409 5189 776 5246 ascendendo
824 5205 1009 5260 usque
1070 5188 1127 5243 in
1186 5189 1588 5245 summitatem
1641 5191 1829 5264 ipsius
1882 5212 2051 5251 mon-

409 5279 484 5335 tis
551 5278 789 5347 Pinelli,
842 5282 1015 5350 atque
1074 5277 1479 5333 descendendo
1537 5280 1725 5352 pergit
1795 5301 1897 5356 per
1965 5286 2050 5358 ip-

407 5385 534 5425 sam
566 5369 719 5423 viam
771 5385 957 5439 usque
1008 5367 1066 5422 in
1118 5365 1310 5422 locum
1359 5384 1534 5439 quem
1584 5375 1790 5426 vocant
1841 5374 2051 5431 Sorbe-

407 5457 571 5525 rello,
603 5462 661 5513 et
691 5457 1096 5513 descendendo
1130 5455 1388 5527 pervenit
1419 5457 1477 5510 in
1517 5456 1645 5529 ipsa
1675 5457 1860 5530 clusa,
1891 5467 1948 5518 et
1979 5465 2050 5519 ad

409 5545 606 5622 ipsum
647 5545 836 5606 casale
880 5546 951 5607 de
991 5543 1268 5604 Friulani.
1304 5544 1442 5603 Inde
1479 5562 1612 5606 vero
1652 5551 1914 5611 ascendit
1948 5569 2053 5629 per

2167 4573 2334 4642 cepta
2361 4567 2492 4640 ipsa
2521 4565 2667 4622 silva
2696 4565 2765 4620 de
2786 4569 2991 4620 sancto
3020 4564 3301 4630 Romano,
3327 4561 3482 4616 sicut
3503 4565 3740 4616 resonat
3759 4558 3811 4612 in

2166 4659 2390 4723 charta,
2422 4671 2599 4728 quam
2632 4649 2892 4709 fecerunt
2921 4650 3284 4707 Gauzfredus
3325 4645 3546 4717 comes,
3572 4654 3632 4704 et
3665 4646 3810 4701 ﬁlius

2167 4765 2313 4804 suus
2344 4744 2653 4802 Suniarius
2685 4741 2980 4814 quondam
3013 4739 3322 4811 episcopus
3355 4738 3427 4794 ad
3459 4737 3811 4808 jamdictum

2167 4835 2517 4894 ccenobium.
2568 4833 2709 4888 Item
2762 4831 3182 4886 confirmamus
3232 4829 3292 4882 in
3343 4832 3693 4900 perpetuum
3743 4821 3809 4876 ad

2167 4927 2361 4998 ipsum
2391 4921 2721 4979 coenobium
2753 4924 3030 4993 stagnum
3074 4918 3145 4973 de
3176 4915 3490 4973 Castilione
3523 4931 3660 4970 cum
3689 4913 3812 4984 ipso

2166 5015 2348 5087 gradu
2369 5013 2439 5068 de
2463 5011 2632 5082 mari,
2647 5006 2858 5067 etcum
2885 5008 3031 5080 ipsis
3057 5005 3289 5074 insulis,
3310 5005 3464 5060 sicut
3485 5007 3722 5059 resonat
3754 5001 3810 5054 in

2165 5107 2447 5178 prmcepto
2463 5100 2732 5157 Ludovici
2751 5097 3048 5172 regis,sive
3061 5097 3120 5152 in
3133 5095 3540 5166 charta,quam
3556 5093 3814 5148 fecerunt

2164 5193 2522 5251 Gauzf‘redus
2553 5206 2749 5246 comes
2781 5191 3160 5255 memoratus,
3193 5189 3250 5240 et
3286 5182 3598 5240 Suniarius
3627 5197 3812 5253 quon-

2163 5287 2297 5347 dam
2322 5282 2630 5354 episcopus
2651 5278 2723 5334 ad
2747 5277 3166 5332 monasterium
3190 5272 3618 5346 praedictum,et
3631 5286 3811 5342 quan-

2162 5378 2288 5430 tum
2313 5371 2487 5426 habet
2503 5369 2699 5441 ipsum
2723 5365 3146 5422 monasterium
3167 5364 3226 5418 in
3238 5356 3811 5424 villaCastilione,vel

2161 5463 2314 5518 infra
2332 5461 2460 5534 ejus
2480 5456 2854 5526 tcrminos,et
2877 5455 2936 5510 in
2959 5453 3097 5511 villa
3118 5450 3387 5510 Palacioli
3409 5464 3587 5522 quem
3607 5451 3811 5506 vocant

2162 5552 2523 5622 Fortianum,
2550 5552 2608 5607 et
2646 5547 2706 5604 in
2743 5545 2941 5607 villam
2975 5543 3310 5602 Fortianum
3341 5539 3723 5616 superiorem,
3755 5540 3810 5594 et
