4034 6170
260 331 372 402 841

1429 332 1830 394 EPISTOLAZ
1874 332 1973 415 ET
2015 333 2484 397 PRIVILEGIA.

3545 346 3662 408 842

203 517 209 522 .
251 469 314 528 et
330 461 750 522 Furtianellum
773 461 1172 530 minorem,vel
1203 465 1568 521 infraeorum
1598 466 1901 530 terminos,
1932 468 1987 534 Α
2024 465 2318 536 Emiliani,
2351 475 2406 523 et
2439 469 2496 522 in
2528 468 2664 524 villa
2691 471 3026 542 Apiani,vel
3060 473 3210 528 infra
3242 489 3442 529 eorum
3473 479 3664 531 termi-

248 556 539 625 quantum
558 551 772 608 ibidem
790 551 1045 622 habet,et
1066 553 1311 608 Domino
1335 555 1683 626 propitiante
1703 555 1900 628 acqui-

245 640 471 698 siturus
485 644 660 708 est,et
671 640 867 712 ipsum
881 640 1072 696 ferum
1090 646 1280 697 totum
1295 641 1368 696 ab
1390 640 1614 714 integro
1628 658 1760 698 cum
1777 642 1902 697 {ini-

241 729 355 791 bus
371 734 428 785 et
450 728 718 784 terminis
735 728 894 797 suis;
927 729 1026 802 qui
1051 729 1324 786 atlrontat
1353 731 1422 786 de
1456 735 1615 803 parte
1646 731 1900 788 Orientis

240 819 302 873 in
331 816 578 874 termino
611 817 680 871 de
711 815 867 885 villa,
893 818 1271 892 quae'dieitur
1293 818 1365 875 de
1386 819 1652 885 Saccaro,
1687 817 1804 874 sive
1837 819 1896 874 in

237 904 492 960 termino
515 905 585 959 de
613 903 751 960 villa
773 921 899 976 quae
922 904 1136 960 dicitur
1158 905 1433 962 Furtiano
1451 925 1464 974 ;
1485 912 1541 962 et
1564 907 1633 962 de
1654 906 1900 962 meridie

237 995 300 1050 in
323 994 571 1048 termino
594 994 806 1065 dejam
829 994 986 1050 dicta
1005 993 1139 1049 villa
1165 995 1439 1050 Furtiano
1471 995 1651 1052 situm
1685 995 1742 1050 in
1766 996 1898 1068 ipsa

235 1082 415 1150 valle;
439 1089 495 1139 et
517 1085 586 1140 de
617 1083 859 1138 occiduo
889 1083 946 1137 in
980 1084 1230 1138 termino
1264 1084 1333 1138 de
1363 1084 1500 1140 villa
1533 1101 1659 1156 quae
1683 1084 1897 1140 dicitur

234 1174 436 1229 villare
477 1173 821 1240 Hildesindi,
858 1173 976 1229 sive
1009 1173 1068 1228 in
1101 1172 1220 1229 rivo
1252 1191 1427 1245 quem
1473 1175 1675 1229 dicunt
1707 1174 1891 1230 Mani-

233 1264 368 1320 volo
398 1264 578 1320 situm
609 1263 667 1318 in
705 1263 870 1318 alode
919 1264 1104 1318 sancti
1158 1263 1343 1328 Pauli,
1377 1263 1479 1336 qui
1537 1269 1626 1319 est
1680 1264 1892 1319 subtus

235 1353 426 1412 sancti
450 1353 683 1408 Martini
705 1352 1008 1408 Sambqu
1030 1371 1042 1419 ;
1064 1352 1132 1407 de
1158 1357 1320 1424 parte
1356 1369 1491 1409 vero
1512 1353 1650 1408 circi
1678 1353 1736 1408 in
1770 1370 1890 1409 me-

2016 571 2149 622 nos,
2180 560 2236 611 et
2275 555 2582 612 ecclesiam
2632 565 2848 615 sancta:
2899 560 3192 619 Columbae
3237 577 3370 619 eum
3421 564 3662 620 decimis

2017 645 2074 699 et
2103 642 2397 715 primitiis,
2435 650 2490 700 et
2518 645 2714 701 villam
2775 648 3148 720 conjunctam
3206 667 3340 707 cum
3393 651 3518 708 suis
3548 668 3666 707 meo

2013 731 2288 801 lcndinis,
2322 738 2377 789 et
2407 733 2602 790 villam
2635 736 2946 793 Pollestres
2994 755 3128 794 cum
3187 739 3431 796 ecclesia
3475 738 3662 796 sancti

2013 819 2270 888 Martini,
2305 826 2360 877 et
2393 823 2657 890 decimis,
2691 829 2748 881 et
2805 825 3082 898 primitiis
3132 833 3189 883 et
3245 828 3658 895 oblationibus,

2006 912 2182 980 atque
2214 909 2505 966 alodibus.
2539 913 2606 966 Et
2640 911 2695 967 in
2727 913 3176 986 villa_'l‘orrilias
3206 916 3511 972 ecclesiam
3533 934 3661 973 san-

2012 997 2087 1054 cti
2124 998 2274 1053 Petri
2334 1016 2467 1054 cum
2529 999 2693 1056 alode
2751 1002 2850 1074 qui
2910 1002 3127 1060 ibidem
3183 1009 3290 1059 est.
3322 1006 3391 1060 Et
3433 1005 3492 1059 in
3522 1005 3659 1062 villa

2008 1085 2347 1158 Bigaranas,
2374 1087 2682 1144 ecclesiam
2704 1090 2886 1145 sancti
2911 1092 3149 1146 Androm
3167 1109 3304 1147 cum
3336 1094 3581 1150 decimis
3602 1099 3659 1149 et

2007 1175 2308 1247 primitiis,
2339 1182 2397 1231 et
2428 1177 2656 1233 alodem
2689 1179 2786 1251 qui
2819 1179 3036 1234 ibidem
3070 1182 3262 1236 est.Et
3283 1181 3342 1236 in
3375 1181 3656 1238 comitatu

2000 1262 2148 1319 valle
2177 1265 2381 1336 Asperi
2413 1265 2639 1320 alodem
2675 1268 2745 1321 de
2778 1267 3111 1339 Campellis,
3143 1273 3200 1324 et
3229 1270 3299 1324 de
3332 1269 3479 1325 valle
3511 1270 3655 1325 Oro-

2003 1368 2105 1419 sa;
2143 1356 2199 1407 et
2229 1352 2426 1430 villam
2458 1371 2586 1426 quae
2638 1354 2854 1411 dicitur
2904 1357 3044 1412 Rivo
3077 1358 3146 1413 de
3180 1357 3484 1430 Hugarios,
3519 1376 3654 1415 cum

233 1442 332 1499 dio
351 1441 529 1500 rivolo
563 1440 871 1507 Manivolo,
904 1442 1023 1497 sive
1055 1442 1112 1496 in
1144 1442 1392 1498 termino
1425 1443 1494 1498 de
1523 1441 1682 1510 villa,
1715 1457 1889 1515 quem
2000 1440 2218 1497 ﬁnibus
2242 1446 2299 1497 et
2320 1443 2590 1498 terminis
2621 1444 2766 1510 suis,
2793 1449 2849 1500 et
2877 1461 3012 1504 eum
3045 1445 3172 1517 ipsa
3203 1446 3447 1503 ecclesia
3468 1445 3655 1504 sancti

229 1533 442 1589 dicunt
487 1530 724 1599 Timim,
760 1535 816 1586 et
845 1531 904 1586 in
934 1529 1194 1586 villarem
1240 1529 1584 1596 Hildesindi,
1620 1530 1707 1585 vel
1739 1529 1892 1586 infra
2001 1529 2301 1587 Michaelis
2323 1547 2457 1586 cum
2483 1532 2726 1588 decimis
2751 1537 2806 1588 et
2827 1533 3108 1604 primitiis
3130 1535 3581 1604 suis.Decimas,
3596 1541 3656 1593 et

229 1622 365 1692 ejus
391 1619 697 1689 terminos,
727 1623 1014 1692 quantum
1079 1617 1296 1674 ibidem
1354 1616 1530 1674 habet
1554 1617 1641 1672 vel
1673 1617 1888 1673 habere
1998 1617 2372 1692 primitias,et
2393 1618 2721 1677 oblationes
2739 1621 2811 1676 de
2821 1622 2948 1692 jam
2973 1624 3146 1679 dictis
3171 1623 3433 1681 ecclesiis
3447 1625 3520 1680 ad
3535 1640 3652 1681 mo-

227 1709 427 1775 debet,
461 1713 517 1766 et
546 1707 793 1765 Domino
852 1711 1146 1763 annuente
1203 1705 1602 1778 acquisiturus
1633 1709 1722 1762 est
1751 1723 1887 1763 cum
1999 1707 2324 1764 nasterium
2380 1710 2871 1783 suprascriptum,
2906 1715 2963 1767 et
3010 1712 3136 1768 loca
3183 1719 3240 1770 et
3289 1712 3481 1770 alodia
3513 1731 3648 1770 cum

224 1797 374 1870 ipsis
408 1797 632 1870 stagnis
666 1801 725 1855 et
753 1794 1110 1867 piscatoriis,
1143 1799 1202 1850 et
1241 1795 1300 1850 in
1347 1793 1484 1850 villa
1543 1794 1794 1857 Saccari,
1827 1799 1886 1850 et
1919 1847 1966 1875 η
1997 1797 2274 1852 omnibus
2306 1798 2546 1867 finibus,
2569 1800 2856 1869 terminis,
2894 1801 3182 1857 limitibus
3214 1807 3272 1858 et
3302 1803 3648 1875 adjacentiis

221 1886 378 1942 villa:
424 1903 582 1942 nova:
631 1884 719 1940 vel
778 1884 930 1941 infra
987 1901 1188 1941 carum
1248 1883 1546 1939 terminos.
1579 1882 1881 1949 Similiter,
1917 1882 1966 1911 ”
1995 1902 2315 1958 eorumque
2346 1888 2736 1959 pertinentiis,
2772 1896 3060 1960 quantum
3093 1890 3264 1947 hodie
3294 1891 3490 1963 ipsum
3520 1908 3645 1948 mo-

221 1981 282 2031 et
312 1975 579 2032 villarem
613 1973 1014 2046 Stagnejolum
1045 1989 1180 2028 cum
1211 1973 1355 2044 ipsis
1395 1972 1640 2044 stagnis,
1676 1977 1731 2026 et
1762 1972 1885 2026 suis
1996 1977 2319 2030 nasterium
2344 1977 2495 2031 infra
2517 1976 2622 2031 hos
2646 1979 2958 2034 comitatus
2982 1980 3252 2051 superius
3275 1982 3522 2052 scriptos
3544 1981 3646 2036 ha-

218 2064 725 2129 villaruneulis,et
757 2068 1042 2135 quantum
1074 2063 1246 2118 habet
1276 2063 1334 2116 in
1365 2060 1500 2116 villa
1533 2060 1797 2125 Petralta,
1831 2065 1887 2116 et
1996 2064 2174 2131 bet,et
2205 2064 2522 2120 auxiliante
2554 2065 2668 2121 Deo
2699 2068 3101 2138 acquisiturus
3130 2069 3408 2138 est,juris
3430 2074 3644 2124 sancta:

221 2155 283 2212 in
320 2155 458 2212 villa
507 2153 772 2218 Oleastri,
806 2159 862 2208 et
895 2154 954 2207 in
983 2152 1122 2208 villa
1149 2151 1335 2207 sancti
1366 2150 1701 2217 Clementis,
1737 2156 1793 2205 et
1825 2152 1882 2206 in
1995 2153 2291 2220 Romanae,
2324 2152 2416 2208 cui
2449 2155 2564 2209 Deo
2597 2161 2833 2212 auctore
2873 2156 3254 2226 deservimus,
3291 2157 3578 2225 Ecclesite,
3613 2175 3647 2212 a

218 2245 367 2300 villa
383 2243 682 2311 Dudulim,
718 2250 776 2299 et
798 2242 855 2298 in
875 2242 1012 2298 villa
1034 2242 1302 2309 Noves,ct
1332 2241 1388 2296 in
1422 2240 1557 2296 villa
1589 2240 1879 2312 Spedolia,
1993 2243 2263 2316 praesenti
2289 2243 2458 2297 tertia
2483 2243 3004 2316 indictioneipsum
3031 2245 3646 2312 monasterium,villas

1917 1847 1966 1911 B

221 2341 280 2392 et
316 2334 378 2390 in
409 2332 609 2390 villare
658 2349 833 2404 quem
865 2337 1073 2388 vocant
1104 2330 1396 2399 Solartila,
1429 2335 1486 2386 et
1516 2329 1575 2384 in
1607 2319 1744 2385 villa
1772 2329 1882 2384 Ju-

219 2423 417 2490 daica,
443 2429 500 2478 et
522 2423 580 2478 in
601 2421 740 2478 villa
761 2422 928 2489 Pavo,
952 2426 1009 2477 et
1039 2421 1098 2476 in
1129 2419 1267 2475 villa
1297 2417 1537 2486 Palatio,
1559 2424 1616 2473 et
1647 2418 1705 2473 in
1737 2417 1884 2473 valle

219 2516 295 2570 de
323 2510 636 2579 Rodas,vel
671 2511 822 2568 intra
851 2526 1054 2566 eorum
1085 2508 1386 2565 terminos.
1423 2507 1706 2564 Similiter
1736 2511 1792 2562 et
1823 2508 1882 2564 in

218 2601 514 2659 comitatu
535 2600 898 2673 Impuritano
920 2599 978 2655 in
998 2598 1134 2654 villa
1156 2597 1643 2668 Militiano,quem
1673 2601 1885 2652 vocant

221 2696 512 2748 sanctum
544 2689 778 2745 Petrum
805 2706 818 2756 ;
852 2693 910 2743 et
939 2687 999 2744 in
1028 2687 1166 2743 villa
1193 2687 1562 2742 Armentaria
1589 2703 1724 2741 cum
1755 2685 1885 2757 ipsa

214 2782 482 2837 sartione
505 2779 574 2834 de
596 2777 842 2834 ecclesia
862 2776 1050 2833 sancti
1093 2775 1362 2844 Martini;
1395 2779 1453 2830 et
1479 2774 1538 2829 in
1568 2774 1706 2830 villa
1733 2774 1880 2830 Cha-

213 2871 566 2938 niano,cum
587 2867 717 2940 ipsa
747 2865 993 2922 ecclesia
1022 2863 1207 2922 sancti
1231 2863 1488 2931 Martini,
1503 2867 1560 2919 et
1589 2880 1724 2918 cum
1754 2862 1884 2934 ipso

211 2964 432 3030 stagno
450 2976 463 3025 ;
481 2955 612 3012 etin
636 2955 773 3012 villa
793 2955 1080 3020 Suvrana,
1110 2958 1167 3008 et
1195 2953 1256 3007 in
1286 2951 1422 3008 villa
1453 2950 1774 3020 Dalmalia,
1792 2950 1880 3007 vel

214 3049 377 3103 infra
406 3062 608 3102 eorum
633 3043 1231 3116 terminos,quantum
1255 3041 1428 3096 modo
1445 3040 1664 3096 ibidem
1681 3039 1877 3107 habet,

211 3143 271 3192 ot
285 3136 540 3192 Domino
564 3133 880 3190 auxiliante
901 3132 1300 3205 acquisiturus
1319 3130 1574 3185 est.Etin
1597 3129 1878 3184 comitatu

1992 2333 2050 2385 et
2081 2329 2300 2396 alodes,
2333 2336 2390 2385 et
2424 2331 2701 2388 ecclesias
2733 2350 2868 2389 cum
2901 2334 3179 2390 omnibus
3209 2349 3411 2390 eorum
3467 2333 3644 2406 perti-

1993 2417 2226 2485 nentiis,
2262 2423 2328 2478 ut
2359 2435 2538 2490 supra
2591 2420 2824 2492 legitur,
2859 2422 2916 2476 in
2951 2427 3300 2494 perpetuum
3332 2438 3434 2495 per
3464 2421 3643 2495 hujus

1992 2504 2277 2582 privilegii
2302 2506 2510 2562 seriem
2542 2508 2877 2564 stabilimus
2901 2509 3006 2564 tibi
3027 2509 3261 2582 tuisque
3293 2511 3643 2568 successori-

1992 2593 2102 2650 bus
2133 2595 2602 2663 detinendum,et
2633 2597 2704 2652 de
2734 2614 2801 2652 eo
2833 2614 2969 2652 cum
3002 2598 3212 2654 timore
3245 2599 3562 2672 regendum
3585 2604 3644 2654 et

1990 2682 2570 2756 dispensandum,ita
2591 2690 2656 2740 ut
2679 2685 2878 2740 nullus
2911 2703 3171 2758 unquam
3204 2687 3640 2759 regum,nullus

1989 2771 2742 2845 opiscoporum,nullusque
2763 2773 3143 2831 hominumin
3165 2774 3424 2846 quolibet
3437 2775 3642 2832 ordine

1990 2865 2048 2937 et
2078 2861 2405 2916 ministerio
2459 2863 2818 2917 constitutus
2877 2863 3091 2919 audeat
3147 2862 3390 2919 moleste
3429 2879 3640 2920 causas

1989 2949 2252 3020 ejusdem
2286 2951 2625 3007 monasterii
2660 2951 3016 3020 incumbere,
3037 2952 3139 3008 sed
3169 2951 3291 3008 haec
3322 2952 3539 3020 omnia,
3573 2956 3650 3010 ut.

1989 3055 2169 3111 supra
2188 3039 2504 3109 jussimus,
2537 3042 2619 3095 ita
2650 3041 2710 3096 in
2741 3045 3087 3112 perpetuum
3127 3040 3467 3114 persistent.
3502 3041 3639 3098 Sta-

1989 3130 2220 3182 tucntes
2249 3128 2569 3200 apostolica
2597 3145 2846 3184 censura
2874 3130 2984 3186 sub
3020 3129 3200 3185 divini
3225 3128 3435 3201 judicii
3466 3129 3634 3188 obte-

215 3223 622 3282 Bisuldinensi
662 3227 951 3295 quantum
983 3221 1157 3277 habet
1185 3220 1246 3274 in
1279 3218 1416 3274 villa
1446 3219 1658 3285 Lertio,
1691 3217 1778 3272 vel
1811 3217 1870 3273 in
1901 3215 1946 3282 C
1984 3216 2251 3283 statione,
2284 3221 2342 3271 et
2401 3217 2794 3273 anathematis
2851 3217 3284 3285 interdictione,
3319 3223 3384 3274 ut
3427 3216 3628 3275 nullus

212 3314 361 3370 villa
384 3311 767 3378 Molendinos,
786 3309 876 3366 vel
906 3309 966 3364 in
997 3309 1268 3381 Tapiolas
1299 3325 1447 3380 quas
1471 3312 1678 3364 vocant
1707 3306 1878 3379 Figa-

215 3402 527 3474 rias,int'ra
547 3417 751 3457 eorum
775 3400 1078 3464 terminos,
1112 3402 1168 3454 et
1197 3398 1391 3470 ipsum
1420 3396 1670 3464 alodem,
1704 3412 1878 3469 quem

216 3494 436 3549 vocant
463 3491 685 3557 hortos,
717 3504 854 3544 cum
914 3487 1041 3559 ipsa
1094 3485 1337 3542 ecclesia
1387 3485 1575 3542 sancti
1622 3484 1877 3541 Christo-

217 3581 560 3654 phori,cum
590 3576 833 3634 decimis
855 3581 911 3631 et
942 3574 1220 3648 primitiis
1241 3574 1366 3630 suis
1383 3579 1559 3646 atquo
1585 3573 1876 3639 alodibus,

215 3667 578 3725 et.omnibus
599 3665 772 3720 rebus
795 3663 867 3719 ad
890 3663 1076 3734 ipsam
1101 3661 1405 3717 ecclesiam
1428 3661 1878 3733 pertinentibus.

215 3759 292 3814 Et
319 3756 377 3811 in
404 3755 683 3811 comitatu
715 3751 1078 3809 Gerundensi
1127 3750 1321 3821 ipsum
1353 3767 1626 3806 mansum
1660 3750 1758 3820 qui
1793 3753 1882 3805 est

216 3845 591 3902 inframuros
614 3841 878 3914 ejusdem
899 3838 1444 3911 civitatis,etipsum
1463 3837 1691 3895 alodem
1715 3837 1884 3893 Cum-

217 3935 435 4008 pinum
457 3933 528 3987 de
551 3929 800 3997 Burello,
834 3928 1038 4000 quiest
1060 3928 1210 3983 infra
1230 3927 1510 3984 terminos
1524 3927 1594 3984 de
1607 3925 1882 3991 villa.....,

220 4023 457 4080 alodem
480 4022 551 4077 de
574 4018 918 4088 Securunio,
951 4022 1008 4074 et
1038 4015 1265 4072 alodem
1296 4016 1368 4072 de
1401 4014 1694 4072 Burdulis.
1725 4017 1793 4072 Et
1825 4015 1884 4071 in

221 4111 515 4172 comitatu
550 4105 1102 4173 Barchinonensi,et
1134 4105 1193 4160 in
1221 4103 1478 4175 Valensi,
1512 4109 1569 4162 et
1599 4105 1657 4160 in
1690 4109 1886 4162 monte

223 4198 454 4273 Signio,
473 4202 529 4255 et
559 4197 618 4254 in
649 4195 798 4252 valle
828 4193 1130 4264 Tordaria,
1163 4198 1221 4250 et
1253 4193 1311 4249 in
1342 4192 1479 4249 villa
1512 4193 1796 4264 Laurona,
1831 4197 1891 4252 et

225 4291 290 4345 in
313 4287 535 4361 Agella,
560 4290 616 4342 et
646 4285 706 4340 in
736 4281 988 4340 termino
1021 4282 1092 4338 de
1124 4280 1417 4349 Olerdula,
1450 4287 1507 4338 et
1540 4282 1599 4337 in
1634 4282 1890 4340 Penedes

230 4377 488 4445 alodem,
523 4391 652 4448 quae
682 4373 794 4428 fuit
821 4372 894 4433 de
926 4369 1246 4428 Guidisclo.
1281 4371 1352 4428 Et
1381 4369 1440 4427 in
1473 4370 1753 4428 comitatu
1783 4373 1894 4428 Au-

232 4484 385 4524 sona
406 4469 693 4538 quantum
725 4461 900 4518 habet
931 4460 991 4516 in
1023 4457 1158 4515 villa
1190 4459 1531 4533 Berga,Cum
1563 4461 1691 4532 ipsa
1710 4460 1891 4517 eccle-

238 4557 332 4612 sia
354 4559 567 4615 sancte:
599 4551 911 4618 Ceciliaa,et
937 4548 1135 4604 villam
1165 4548 1630 4616 Nidummalum,
1654 4554 1711 4606 et
1725 4550 1896 4622 juxta

240 4649 506 4705 castrum
565 4640 969 4706 Bolciarenno,
1002 4643 1059 4694 et
1087 4635 1396 4694 ecclesiam
1429 4643 1644 4703 sanctis
1673 4637 1898 4695 Ceciliae

242 4750 382 4794 cum
405 4750 512 4790 suo
535 4730 720 4787 alode.
754 4729 825 4784 Et
848 4728 906 4783 in
928 4726 1209 4783 comitatu
1233 4725 1547 4783 Paliarensi
1562 4729 1733 4799 juxta
1762 4727 1900 4783 civi-

240 4831 424 4881 tatem
459 4819 788 4876 Liminiana
809 4815 1117 4873 ecclesiam
1141 4816 1326 4871 sancti
1347 4816 1676 4884 Andreze,et
1704 4817 1903 4872 omnia

243 4930 375 4984 quae
398 4912 575 4968 habet
599 4908 658 4964 in
683 4907 888 4964 eodem
921 4905 1230 4962 comitatu.
1263 4905 1334 4960 Et
1363 4905 1419 4960 in
1452 4905 1731 4962 comitatu
1764 4906 1901 4962 Ger-

245 5000 436 5056 dania:
485 5002 774 5071 quantum
823 4995 1002 5054 habet
1050 4993 1109 5052 in
1159 4993 1299 5048 villa
1350 4992 1474 5061 Exi,
1504 4994 1651 5050 etin
1682 4995 1902 5050 caeteris

245 5087 422 5148 villis.
457 5088 527 5142 Et
555 5086 615 5141 in
645 5083 794 5140 valle
824 5081 1143 5140 continenti
1186 5081 1384 5136 villam
1433 5080 1721 5138 Villellam
1766 5100 1902 5139 cum

248 5176 518 5233 terminis
547 5173 769 5232 suis.Et
796 5172 857 5228 in
888 5174 1170 5228 comitatu
1196 5169 1576 5227 Funiliotensi
1598 5171 1903 5228 ecclesiam

251 5264 439 5321 sancti
468 5264 711 5320 Andrei!)
743 5260 802 5316 in
833 5259 981 5319 valle
1011 5258 1296 5316 Pidiliano
1327 5276 1462 5315 cum
1496 5258 1660 5316 alode
1681 5261 1781 5332 qui
1803 5261 1906 5316 ibi~

251 5355 384 5410 dem
409 5359 519 5410 est.
551 5353 622 5410 Et
645 5352 818 5424 juxta
846 5364 1049 5408 muros
1079 5348 1328 5406 civitatis
1360 5348 1643 5406 Narbonaa
1668 5366 1904 5406 mansos

253 5443 420 5498 duos.
441 5442 513 5498 Et
538 5441 596 5498 in
619 5437 902 5499 comitatu
935 5436 1356 5497 Roesilionensi
1386 5436 1691 5495 ecclesiam
1715 5440 1904 5496 sancti

256 5530 577 5591 Salvatoris
602 5545 739 5590 cum
770 5526 940 5587 alode
968 5527 1072 5600 Qui
1101 5527 1319 5584 ibidem
1351 5532 1460 5598 est,
1488 5527 1576 5586 vel
1616 5528 1676 5586 in
1706 5528 1906 5589 villare

573 5646 842 5714 PATROL.
887 5645 1232 5714 CXXXVII.

1989 3321 2250 3377 unquam
2272 3309 2604 3362 nostrorum
2633 3323 3039 3362 successorum
3063 3306 3406 3379 pontificum
3420 3322 3632 3379 praasu-
3729 3372 3732 3376 ι

1987 3399 2110 3450 mat
2132 3393 2388 3467 aliquam
2439 3395 2554 3450 vim
2609 3400 2711 3451 aut
2753 3395 3113 3452 invasionem
3145 3396 3204 3450 in
3238 3395 3415 3451 rebus
3447 3395 3637 3467 ipsius

1988 3483 2328 3539 monasterii
2357 3484 2566 3540 facere.
2601 3485 2736 3541 Post
2765 3501 2899 3540 vero
2930 3485 3157 3540 obitum
3191 3484 3441 3554 abbatis,
3467 3500 3636 3540 nemo

1989 3572 2204 3628 ibidem
2238 3572 2513 3628 abbatem
2545 3573 2866 3629 constituat
2900 3573 3012 3628 nisi
3045 3589 3219 3645 quem
3243 3578 3639 3630 consensuset

1989 3660 2320 3716 communis
2359 3660 2631 3716 voluntas
2666 3663 2912 3716 fratrum
2940 3678 3006 3716 ex
3027 3661 3156 3733 ipsa
3188 3659 3636 3733 congregatione

1989 3747 2229 3822 elegerit
2267 3749 2590 3804 secundum
2635 3749 2820 3805 Deum
2850 3753 2907 3804 et
2927 3749 3115 3804 sancti
3148 3749 3439 3804 Benedicti
3465 3764 3636 3819 regu-

1991 3837 2107 3894 lam
2134 3855 2146 3892 :
2174 3836 2519 3910 nullumque
2549 3837 2875 3910 praamium,
2901 3837 3020 3893 sive
3049 3837 3269 3893 donum
3300 3853 3404 3908 pro
3434 3851 3636 3892 conse-

1992 3927 2248 3984 cratione
2271 3925 2427 3982 illius
2449 3926 2662 3998 aliquis
2684 3926 2944 3998 accipere
2974 3925 3302 3994 contendat,
3336 3931 3392 3981 et
3422 3925 3470 3982 si
3500 3941 3635 3981 eum

1993 4017 2302 4090 episcopus
2364 4017 2632 4072 ordinare
2692 4015 2962 4085 noluerit,
2995 4016 3068 4071 ad
3117 4015 3289 4088 cujus
3340 4014 3635 4072 dioecesim

1995 4105 2119 4178 ipse
2151 4105 2400 4178 pertinet
2445 4105 2628 4170 locus,
2663 4103 2750 4162 vel
2802 4122 2835 4161 a
2887 4111 3084 4176 nostra
3136 4104 3400 4162 Romana
3455 4107 3644 4160 matre

1996 4192 2272 4261 Ecclesia,
2308 4192 2463 4249 vela
2513 4208 2862 4265 quocunque
2912 4193 3162 4250 voluerit
3220 4193 3492 4265 episcopo
3545 4207 3648 4265 per

2000 4287 2260 4339 nostram
2293 4283 2701 4338 auctoritatem
2737 4280 2918 4338 libere
2949 4282 3270 4338 ordinetur.
3287 4282 3346 4338 Si
3381 4281 3513 4353 quis
3545 4298 3647 4338 au-

2002 4371 2303 4444 tem,quod
2338 4388 2452 4427 non
2483 4371 3006 4444 optamus,nefario
3036 4388 3185 4428 ausu
3214 4369 3652 4442 praesumpserit

2003 4462 2288 4534 haec,qua3
2318 4478 2352 4516 a
2385 4462 2553 4516 nobis
2585 4479 2690 4533 pro
2721 4461 3039 4517 stabilitate
3059 4462 3187 4532 jam
3204 4459 3341 4517 dicti
3365 4462 3657 4515 monaste—

2004 4551 2073 4606 rii
2105 4554 2327 4606 statuta
2385 4555 2527 4606 sunt
2582 4551 2934 4623 transgredi,
2970 4550 3118 4606 sciat
3165 4565 3228 4606 se
3259 4547 3655 4604 anathematis

2004 4638 2234 4698 vinculo
2256 4639 2688 4710 innodatum,et
2703 4656 2837 4696 cum
2853 4638 3082 4694 diabolo
3096 4636 3438 4695 etomnibus
3459 4636 3657 4708 impiis

2011 4728 2209 4782 zeterni
2233 4728 2483 4784 incendii
2507 4728 2874 4784 atrocissime
2901 4725 3186 4798 supplicio
3208 4727 3660 4798 deputatum.At

2010 4833 2142 4871 vero
2174 4817 2274 4888 qui
2307 4817 2401 4889 pio
2461 4816 2680 4872 intuitu
2738 4822 2936 4872 custos
2968 4820 3025 4870 et
3054 4815 3391 4870 observator
3447 4815 3658 4870 horum

2012 4903 2319 4968 exstiterit,
2354 4903 2754 4958 omnimodam
2807 4901 3233 4958 benedictionis
3263 4901 3513 4974 gratiam
3541 4918 3663 4958 om-

2014 4990 2294 5063 niumque
2322 5008 2562 5046 suorum
2598 4996 2968 5061 peccatorum
3003 4990 3523 5061 absolutionem,et
3552 5008 3658 5046 cce-

2013 5079 2175 5135 lestis
2205 5080 2334 5134 vitae
2382 5079 2806 5134 beatitudinem
2856 5097 2988 5134 cum
3039 5081 3261 5136 sanctis
3292 5085 3349 5134 et
3377 5079 3593 5147 electis,
3627 5098 3662 5135 a

2014 5166 2560 5226 misericordissimo
2593 5169 2838 5225 Domino
2871 5169 2986 5224 Deo
3020 5174 3218 5226 nostro
3249 5170 3658 5241 consequime-

2013 5262 2210 5312 reatur
2238 5257 2297 5311 in
2331 5256 2543 5314 saecula
2573 5256 2941 5313 saeculorum.
2974 5260 3178 5313 Amen.

2085 5353 2376 5426 Scriptum
2410 5371 2511 5427 per
2541 5370 2781 5410 manum
2817 5355 3097 5426 Stephani
3148 5356 3359 5413 notarii
3388 5362 3445 5413 et
3476 5355 3664 5430 regio-

2015 5443 2247 5516 narii,et
2267 5441 2556 5499 scriniarii
2579 5447 2790 5500 nostrae
2823 5441 3152 5515 apostolicae
3181 5444 3337 5502 sedis
3368 5445 3426 5500 in
3461 5459 3666 5507 mense

2016 5533 2350 5606 Februario,
2380 5536 2437 5592 et
2470 5532 2786 5594 indictione
2816 5533 2868 5594 3.
2904 5532 3056 5593 Bene
3085 5532 3290 5600 valete.

3241 5653 3319 5730 27
