4066 6172
428 376 641 465 δεμ

1767 371 2093 437 JOANNIS
2136 372 2257 435 ΧΥ
2286 373 2518 435 ΡΑΡᾸΞ

426 516 687 574 tiﬁcatus
710 510 939 568 Domini
962 508 1142 567 nostri
1164 507 1408 567 Joannis
1425 506 1779 565 sanctissimi
1799 520 1961 580 papa:
1982 504 2077 563 XV
2104 506 2162 574 Α
2191 504 2339 563 licus
2371 505 2565 572 fuerit,
2581 505 2752 561 liceat
2781 507 3123 563 auctoritate
3147 512 3345 563 nostra
3366 506 3565 581 ipsum
3593 508 3812 568 electum

320 624 327 631 '
427 610 650 674 octavo,
683 607 740 660 et
770 600 1084 659 indictione
1118 601 1298 655 sexta.

1184 688 1331 744 ΧΙῙΙ.

508 798 746 842 JOANNIS
786 796 946 838 ΡΑΡθΕ
977 796 1050 835 κν
1088 794 1463 834 PRIVILEGIUM
1504 794 1613 835 PRO
1655 792 2014 833 MONASTERIO

1018 883 1500 925 BREWNOWIENSI.

418 998 425 999 κ
1087 959 1272 1026 (Anno
1302 956 1455 1025 993.)

424 1051 614 1126 (Apud
646 1050 886 1117 Bocsek,
925 1046 1105 1104 Codex
1133 1045 1515 1118 diplomaticu:
1550 1044 1826 1111 Moravize,
1860 1047 2003 1098 tom.
2041 1041 2082 1110 Ι,

1108 1134 1456 1208 ρδε.104δ,
1991 1136 1994 1139 ’

500 1228 758 1285 Joannes
789 1224 1099 1298 episcopus
1131 1240 1333 1280 servus
1364 1238 1667 1279 servorum
1702 1220 1823 1288 Dei,
1859 1217 2087 1275 dilectis

434 1315 571 1372 {iliis
599 1317 918 1370 Amsmsro
950 1311 1148 1368 abbati
1178 1314 1236 1367 et
1265 1310 1572 1367 conventui
1594 1307 1942 1366 venerabilis
1973 1323 2090 1362 mo-

436 1402 677 1462 nasterii
727 1406 1062 1458 sanctorum
1110 1399 1346 1470 Christi,
1374 1399 1694 1468 Benedicti,
1723 1397 2002 1454 Bonifacii
2031 1400 2089 1452 et

429 1491 615 1549 Alexii
651 1492 709 1547 in
733 1490 1211 1558 Brewnow,sito,
1228 1488 1573 1545 charitatem
1594 1492 1648 1544 et
1670 1488 1844 1544 fidem
1867 1488 2092 1560 pacem-

418 1597 545 1654 que
577 1585 939 1654 perpetuam.

498 1668 658 1727 Solet
678 1670 847 1725 sedes
868 1667 1191 1742 apostolica
1211 1666 1326 1741 piis
1339 1665 1648 1723 desideriis
1664 1665 1979 1721 clementer
1995 1680 2092 1720 an-

428 1762 609 1816 nuere
629 1762 685 1815 et
702 1758 970 1814 honestis
992 1757 1317 1830 petentium
1342 1755 1615 1829 precibus
1635 1756 1885 1812 favorem
1909 1755 2090 1809 bene-

428 1848 632 1906 volum
661 1846 972 1920 impertiri.
993 1846 1139 1902 Cum
1172 1845 1350 1919 igitur
1370 1846 1798 1902 monasterium
1826 1848 2086 1899 vestrum

426 1937 488 1994 in
521 1938 739 1993 ducatu
758 1935 1047 1993 Bohemize
1069 1935 1327 2007 primum
1360 1940 1417 1989 et
1440 1933 1667 1990 novella
1686 1934 1761 1988 sit
1784 1932 2084 2005 pla’ntatio,

431 2026 586 2083 sicut
616 2024 933 2081 venerabili
974 2026 1150 2080 fratre
1200 2028 1398 2080 nostro
1447 2022 1779 2093 Adalborto,
1815 2021 2088 2094 Pragensi

432 2114 705 2188 episcopo
718 2113 1046 2185 ,fundatore
1067 2112 1332 2185 ejusdem
1354 2111 1656 2178 referente,
1670 2110 2085 2178 intelleximus,

432 2208 489 2259 et
518 2202 763 2275 dignum
796 2202 1027 2270 existat,
1061 2205 1128 2257 ut
1155 2201 1313 2256 idem
1360 2199 1804 2267 monasterium,
1838 2198 1993 2272 quod
2028 2198 2088 2253 in

432 2289 858 2365 temporalibus
888 2293 944 2346 et
974 2289 1033 2346 in
1065 2288 1476 2363 spiritualibus
1508 2305 1610 2362 per
1630 2288 1731 2345 Dei
1764 2286 2090 2343 misericor-

436 2380 570 2438 dem
602 2378 1027 2453 providentiam
1053 2380 1179 2451 jam
1212 2395 1279 2434 ex
1310 2383 1475 2452 parte
1503 2378 1708 2434 florere
1737 2376 1970 2445 dicitur,
1987 2391 2089 2447 per

434 2469 634 2525 sedem
666 2467 1047 2542 apostolicam
1079 2467 1428 2537 honoratur;
1454 2467 1643 2541 ipsius
1665 2465 1861 2522 dilecti
1892 2465 2088 2522 fratris

436 2557 620 2614 nostri
635 2556 932 2614 Adalberti
949 2558 1256 2630 Pragensis
1268 2556 1523 2630 episcopi
1539 2555 1810 2629 precibus
1822 2553 2086 2611 inclinati

435 2645 619 2715 vobis,
634 2650 700 2703 ut
721 2648 808 2714 tu,
821 2646 927 2703 filii
951 2646 1133 2703 abbas
1150 2651 1207 2702 et
1224 2646 1345 2715 alii,
1372 2646 1471 2719 qui
1490 2662 1594 2718 pro
1616 2650 1876 2718 tempore
1896 2644 2086 2700 eidem

435 2734 792 2794 monasterio
812 2736 1169 2810 priefuerint,
1184 2736 1383 2804 mitra,
1406 2732 2086 2806 cliirotbecis,sandaliis)

436 2823 695 2898 mapilla,
715 2823 1071 2897 baltheoque
1101 2824 1185 2880 uti
1205 2824 1447 2898 possitis
1466 2823 1814 2880 auctoritate
1833 2839 2085 2895 praesen-

431 2913 579 2970 tium
610 2912 1011 2987 indulgemus.
1034 2914 1106 2968 Et
1134 2916 1200 2969 ut
1226 2912 1486 2970 Ecclesia
1512 2912 1706 2968 vestra
1735 2910 1968 2986 dignior
1982 2927 2085 2968 seu

431 3002 621 3075 major
640 3000 771 3058 aliis
792 3000 1167 3058 monasteriis
1182 3002 1486 3070 habeatur,
1503 3000 1875 3057 decernimus
1895 3000 2084 3072 ipsam

430 3094 611 3161 caput
630 3105 762 3146 esse
779 3094 837 3145 et
866 3090 1212 3163 magistram
1244 3090 1306 3145 in
1337 3089 1693 3146 correctione
1715 3106 1780 3145 ac
1802 3088 2086 3145 reforma-

432 3175 593 3233 tione
614 3175 902 3249 regularis
923 3176 1247 3249 disciplinae
1264 3195 1443 3251 super
1453 3178 1651 3233 omnia
1665 3177 1922 3233 claustra
1938 3177 2087 3232 ordi-

433 3264 527 3320 nis
544 3266 730 3321 sancti
763 3265 1061 3320 Benedicti
1083 3265 1327 3338 posthac
1346 3267 1407 3321 in
1431 3265 1710 3321 Bohemia
1737 3270 2083 3322 construen-
2114 3253 2161 3321 Ο

432 3351 912 3426 da,primumque
941 3352 1135 3409 locum
1159 3360 1290 3428 post
1300 3354 1650 3428 Pragensem
1664 3354 2004 3427 episcopum
2022 3355 2088 3409 ti-

432 3442 490 3498 bi
507 3442 816 3498 Anastasio
847 3440 1315 3515 abbati,tuisque
1338 3444 1779 3499 successoribus
1810 3442 2086 3500 canonico

432 3529 883 3591 succedentibus
900 3547 1078 3604 super
1101 3548 1306 3588 omues
1337 3537 1393 3587 et
1422 3531 1481 3587 in
1510 3531 1788 3588 omnibus
1817 3534 2086 3589 concedi-

430 3636 567 3676 mus
590 3619 825 3676 habere.
839 3618 923 3675 Ad
947 3620 1065 3676 haec
1085 3621 1509 3677 monasterium
1526 3627 1785 3677 vestrum
1804 3622 1913 3678 sub
1933 3621 2085 3678 beati

430 3706 583 3763 Petri
608 3711 665 3764 et
680 3710 881 3763 nostra
901 3707 1258 3780 protectionc
1279 3713 1562 3781 ponentes
1586 3725 1791 3766 omnes
1810 3709 2085 3767 ecclesias

424 3799 671 3863 vestras,
693 3794 883 3865 villas,
924 3813 1115 3869 agros,
1140 3796 1338 3866 silvas,
1372 3814 1565 3866 casas,
1604 3815 1799 3855 servos
1825 3802 1881 3855 et
1911 3799 2086 3855 ancil-

424 3884 531 3953 las,
546 3885 809 3941 decimas
841 3900 1071 3958 quoque
1106 3886 1540 3959 provinciarum
1574 3887 2080 3957 Lutomiricensis,

422 3972 1183 4043 Belinensis,Bechinensis,
1215 3981 1274 4031 et
1304 3977 1569 4032 omnium
1602 3975 1908 4032 hominum
1933 3978 2082 4049 ejus-

423 4061 557 4120 dem
579 4061 918 4119 monasterii
941 4080 974 4119 a
992 4069 1314 4120 memorato
1336 4065 1515 4121 fratre
1539 4069 1737 4121 nostro
1748 4064 2079 4134 Adalberto,

424 4149 698 4222 episcopo
730 4150 1028 4223 Pragensi,
1054 4153 1225 4223 cujus
1249 4169 1445 4209 amore
1476 4153 1598 4209 hinc
1616 4154 1951 4222 scribimus,
1967 4171 2085 4211 mo-

426 4239 680 4295 nasterio
698 4242 891 4295 vestro
913 4240 1337 4296 rationabiliter
1357 4241 1620 4309 collatas,
1636 4247 1754 4298 tam
1779 4243 1839 4299 in
1872 4243 2081 4300 veteri-

427 4329 541 4385 bus
569 4326 765 4394 cultis,
788 4342 964 4400 quam
997 4328 1055 4384 in
1091 4328 1400 4386 novalibus
1422 4330 1480 4385 in
1504 4336 1806 4403 posterum
1828 4332 2085 4389 excolen-

429 4417 541 4485 dis,
565 4418 729 4475 vobis
760 4421 817 4473 et
847 4416 962 4486 his,
987 4417 1089 4490 qui
1118 4416 1283 4474 vobis
1313 4420 1718 4488 successerint,
1739 4421 2081 4478 auctoritate

429 4506 749 4580 apostolica
780 4506 1224 4563 confirmamus.
1258 4506 1537 4565 Praeterea
1574 4508 1845 4565 volumus
1892 4515 1950 4566 et
1979 4527 2082 4584 pro

426 4596 623 4653 divino
646 4613 844 4653 amore
865 4596 1111 4653 firmiter
1151 4595 1624 4669 praecipimus,ut
1652 4599 1789 4667 dux,
1814 4599 2083 4673 quisquis
2112 4625 2158 4692 Β

429 4684 826 4760 fuerit,ipsum
848 4692 1120 4743 sanctum
1143 4687 1570 4742 monasterium
1594 4692 1939 4760 patremque
1964 4707 2082 4747 mo-

426 4774 665 4832 nasterii
690 4791 825 4830 cum
847 4775 1123 4831 omnibus
1142 4775 1214 4831 ad
1231 4774 1375 4830 illud
1400 4775 1829 4847 pertinentibus
1843 4783 1900 4833 et
1916 4777 2083 4836 liber-

421 4868 574 4921 tates
602 4881 637 4919 a
666 4862 845 4920 nobili
897 4865 1043 4919 duce
1084 4862 1365 4932 Bolcslao,
1397 4865 1518 4920 viro
1551 4863 1855 4933 catholico,
1889 4867 2079 4923 eidem

421 4952 743 5010 liberaliter
773 4952 1054 5020 indultas,
1075 4951 1157 5008 ita
1187 4954 1498 5022 custodiat,
1527 4954 1752 5027 diligat,
1785 4970 1965 5012 manu
1995 4961 2077 5014 te-

424 5047 578 5110 neat,
594 5046 658 5097 ut
688 5042 991 5114 praesentis
1020 5042 1151 5096 vitae
1192 5042 1636 5114 prosperitatem
1681 5043 1989 5113 desideret,
2024 5050 2079 5102 et

420 5132 481 5187 in
528 5132 722 5187 l‘uturo
768 5130 907 5187 velit
956 5148 990 5186 a
1036 5130 1462 5205 benignissimo
1517 5131 1828 5189 Conditore
1878 5139 2077 5191 nostro

416 5224 645 5278 aeterna:
670 5218 1052 5276 beatitudinis
1080 5220 1347 5275 bravium
1379 5216 1659 5292 accipere.
1685 5221 1819 5278 Post
1850 5222 2077 5279 obitum

415 5326 551 5368 vero
584 5308 814 5365 abbatis
847 5323 1018 5365 nemo
1048 5308 1270 5365 bidem
1312 5308 1583 5366 abbatem
1635 5309 1927 5379 instituat,
1962 5311 2077 5369 nisi

420 5413 597 5472 quem
629 5398 759 5471 ipsa
784 5397 1154 5471 congregatio
1181 5399 1579 5456 communiter
1607 5402 1665 5455 et
1696 5401 1969 5458 cencordi
1990 5419 2079 5458 as-

415 5503 595 5544 sensu
627 5485 887 5559 elegerit.
920 5485 990 5543 Et
1020 5488 1159 5543 tunc
1192 5486 1469 5561 Pragonsi
1495 5487 1789 5562 episcopo,
1804 5488 1854 5546 si
1876 5489 2074 5550 catho-

2193 594 2499 651 charitatis
2528 594 2719 651 officio
2750 596 3385 664 consecrare,simonias
3408 598 3682 672 scrupulo
3700 616 3816 674 quo-

2194 682 2337 743 libet
2365 682 2503 741 hinc
2533 683 2669 740 inde
2690 684 2925 758 penitus
2955 685 3205 742 excluso.
3234 685 3395 743 Nulli
3426 705 3567 760 ergo
3606 690 3816 746 omnino

2194 772 2504 829 hominum
2527 772 2699 830 liceat
2719 774 2872 831 hanc
2894 774 3166 847 paginam
3187 780 3405 833 nostrae
3427 778 3815 848 concessionis,

2195 878 2300 919 seu
2331 862 2796 920 confirmationis
2819 863 3149 938 infringere,
3163 866 3250 921 vel
3279 866 3332 921 ei
3365 882 3516 923 ausu
3541 871 3820 925 temerario

2196 951 2506 1008 contraire.
2532 952 2591 1009 Si
2624 953 2758 1025 quis
2783 958 2980 1009 autem
3010 954 3118 1010 hoc
3149 960 3438 1012 attentare
3468 974 3823 1031 praesumpse-

2198 1042 2292 1110 rit,
2325 1040 2792 1116 indignationem
2837 1042 3248 1115 omnipotentis
3296 1044 3423 1115 Dei,
3457 1052 3516 1102 et
3544 1047 3823 1104 beatorum

2197 1130 2349 1186 Petri
2379 1136 2435 1187 et
2468 1130 2630 1187 Pauli
2660 1132 3060 1206 apostolorum
3092 1134 3139 1205 ej
3152 1151 3217 1189 us
3250 1151 3310 1190 se
3343 1135 3571 1192 noverit
3594 1138 3826 1193 incursu-

2198 1238 2351 1288 rum,
2387 1225 2561 1294 atque
2591 1238 2725 1277 cum
2755 1222 2909 1279 J'uda
2939 1222 3039 1295 qui
3082 1240 3407 1296 suspensus
3458 1224 3688 1282 medius
3727 1243 3826 1283 crc-

2197 1311 2325 1381 puit
2353 1312 2450 1383 (6),
2476 1314 2531 1367 et
2559 1328 2692 1367 cum
2723 1310 3001 1368 omnibus
3031 1313 3289 1386 reprobis
3328 1320 3558 1371 aeterna:
3608 1316 3826 1371 damna-

2196 1399 2342 1456 tioni
2373 1405 2650 1474 perpetuo
2682 1400 3006 1473 subjacere.

2269 1488 2378 1555 Qui
2407 1492 2539 1546 vero
2571 1488 2957 1546 custOdierint
2984 1496 3040 1546 et
3072 1490 3377 1547 observare
3408 1492 3824 1566 voluerlnt,que

2186 1578 2505 1651 ‘praamissa
2531 1583 2588 1635 et
2615 1579 2951 1659 conseripta
2979 1578 3037 1635 in
3071 1582 3339 1654 praesenti
3372 1586 3516 1638 sunt
3532 1582 3822 1657 privilegio,

2197 1667 2376 1724 vitam
2409 1668 2688 1742 consequi
2720 1674 3057 1726 mereantur
3086 1674 3381 1726 cateruam.
3399 1671 3559 1728 Bene
3577 1671 3767 1728 valete.

2271 1756 2567 1831 Scriptum
2590 1773 2694 1831 per
2722 1774 2965 1815 manum
2998 1758 3272 1831 Stephani
3308 1760 3605 1816 scriniarii
3644 1763 3825 1817 sancta

2200 1845 2472 1902 Romanae
2505 1847 2791 1904 Ecclesia}.

2271 1936 2483 1993 Datum
2517 1936 2681 1993 Beati
2702 1953 2804 2010 per
2824 1953 3065 1992 manum
3086 1937 3371 1993 Dominici
3410 1939 3669 2013 episcopi
3689 1939 3825 1996 Sabi-

2200 2026 2419 2093 nensis,
2455 2043 2495 2080 ιι
2544 2025 2665 2081 Kal.
2713 2026 3247 2094 Junii,'indictione
3278 2043 3401 2095 VIII,
3431 2028 3824 2084 Incarnationis

2200 2114 2514 2170 Dominieaz
2548 2131 2699 2170 anno
2727 2115 2854 2184 993,
2880 2115 3254 2187 pontiﬁcatus
3287 2117 3499 2186 nostri,
3527 2117 3640 2173 Deo
3668 2118 3827 2191 propi-

2199 2204 2300 2272 tio,
2336 2222 2488 2260 anno
2519 2207 2572 2272 8,
2608 2202 2809 2262 mense
2837 2206 2889 2259 8.

2955 2294 3096 2352 XIV.

2368 2397 2633 2440 EPISTOLA
2666 2401 2738 2441 AD
2769 2394 3151 2441 GRiMOALDUM
3189 2401 3692 2443 ARCHIEPISCOPUM

2795 2488 3260 2532 SALERNITANUM.

2846 2563 3031 2636 (Anno
3061 2565 3212 2637 994,)

2196 2653 2359 2726 Illum
2403 2654 2578 2726 pallio
2626 2652 2794 2726 dona;
2829 2661 2888 2726 iet
2935 2654 3178 2710 Ρωωηί
3224 2653 3603 2726 Acherontini,
3635 2654 3822 2720 Nolani,

2196 2736 2199 2737 '
2265 2724 3163 2800 Βίδίἡίαηθηδίεηιιαιιιιωηᾳηεὶε,
3211 2724 3539 2783 Consentini
3582 2730 3821 2800 episcopa-

2264 2803 2422 2852 tuum
2448 2797 2846 2869 metropoliam
2872 2798 3066 2853 sancit.

2266 2894 2455 2967 (Apud
2486 2893 2738 2968 Ughelli,
2772 2896 2934 2952 Italia
2960 2912 3138 2964 sacra,
3170 2899 3309 2952 tom.
3345 2896 3474 2964 VII,
3500 2897 3762 2964 001.378.)

2265 2984 2523 3059 Joannes
2550 2983 2881 3058 episcopus,
2916 3000 3119 3041 servus
3148 3001 3451 3042 servorum
3465 2986 3817 3053 Dci,dilectis-

2195 3073 2345 3130 simo
2381 3073 2552 3130 nobis
2573 3073 2758 3141 fratri,
2783 3073 3106 3146 meritoque
3127 3073 3459 3131 honorabili
3488 3076 3814 3143 Gsmoawo,

2194 3161 2572 3220 Salernitanaa
2605 3162 2765 3218 sedis
2796 3162 3251 3237 archiepiscOpo.

2269 3252 2416 3318 Quia
2442 3250 2621 3308 vestri
2647 3251 2865 3324 accepti
2898 3251 3163 3308 beneﬁcii
3197 3264 3494 3311 memores
3525 3270 3647 3311 esse
3672 3252 3814 3309 debe-

2195 3346 2423 3410 mus,et
2452 3340 2832 3398 reverentiam
2883 3340 3261 3397 fraternitatis
3293 3347 3507 3398 vestra:
3555 3359 3683 3415 erga
3708 3357 3813 3410 nos.

2194 3434 2251 3487 et
2280 3430 2339 3487 S.
2365 3430 2689 3488 Romanam
2710 3433 2768 3487 et
2798 3429 3178 3501 apostolicam
3200 3429 3548 3499 Ecclesiam,
3565 3430 3815 3503 precipue

2195 3519 2543 3576 exuberasse
2598 3519 2996 3592 cognovimus,
3029 3518 3270 3591 ideoque
3318 3520 3538 3577 merito
3576 3539 3638 3576 ac
3680 3522 3813 3591 justo

2195 3609 2796 3681 recompensationem
2826 3608 3129 3665 cbaritatis
3158 3613 3360 3665 vestrae
3384 3610 3812 3683 responderere-

2194 3698 2286 3755 bis
2334 3698 2672 3769 statuimus,
2705 3702 2997 3770 quatenus
3046 3697 3268 3770 liqueat
3307 3698 3592 3756 omnibus
3633 3693 3811 3754 Christi

2195 3787 2467 3847 fidelibus
2497 3788 2787 3847 immenso
2837 3787 3054 3844 honore
3102 3786 3525 3845 honorandum
3573 3790 3702 3854 fore,
3730 3783 3810 3856 qui

2191 3876 2474 3935 vicarium
2508 3876 2570 3934 Β.
2604 3876 2755 3935 Petri
2786 3875 3183 3949 apostolorum
3223 3876 3514 3949 principis
3546 3876 3810 3949 diligenter

2194 3965 2560 4023 honoraverit
2603 3966 2903 4031 Consensu
2938 3981 3003 4021 ac
3031 3964 3324 4021 voluntate
3358 3971 3687 4022 nostrorum
3714 3963 3807 4020 fw

2191 4061 2348 4112 trum
2375 4055 2772 4124 concedimus,
2796 4060 2853 4111 et
2883 4054 3301 4111 confirmamus
3332 4058 3389 4109 te
3438 4053 3806 4113 Grimoaldum

2190 4146 2541 4201 confratrem
2575 4149 2841 4202 nostrum
2875 4144 2933 4200 in
2966 4142 3164 4200 ordine
3195 4140 3810 4217 archiepiscopatus,si-

2191 4235 2310 4291 cuti
2361 4235 2662 4307 quondam
2709 4235 2936 4301 Amato,
2980 4234 3074 4288 cui
3125 4233 3403 4305 primitus
3454 4240 3654 4291 vestrae
3676 4228 3807 4287 sedis

2192 4322 2730 4397 archiepiscopatus
2749 4321 3153 4379 Salernitanus
3174 4338 3209 4377 a
3239 4327 3444 4379 nostra
3467 4323 3602 4380 sede
3623 4324 3807 4377 nostro-

2192 4430 2322 4468 rum
2356 4413 2697 4485 pontificum
2723 4412 2975 4468 donatus
2996 4411 3130 4478 fuit;
3163 4415 3246 4466 ita
3275 4427 3380 4467 vos
3412 4416 3613 4469 nostra
3639 4412 3803 4465 aucto-

2191 4502 2359 4559 ritate
2382 4502 2575 4575 quiete
2602 4500 2842 4558 valeatis
2873 4500 3167 4573 possidere
3197 4516 3264 4556 ac
3293 4499 3632 4573 vigilantius
3650 4500 3804 4555 custo-

2191 4592 2334 4649 dire.
2367 4591 2493 4648 Tali
2537 4606 2794 4663 namque
2838 4590 3060 4658 ordine,
3094 4593 3156 4645 ut
3200 4587 3307 4645 fati
3343 4606 3576 4658 sumus,
3607 4589 3661 4644 id
3702 4582 3801 4641 ﬁeri

2190 4680 2645 4749 decrevimus,et
2671 4684 2757 4747 tu,
2788 4685 2845 4735 et
2873 4694 3238 4736 successores
3267 4677 3353 4734 tui
3399 4678 3460 4733 in
3494 4683 3799 4752 perpetuum

2189 4771 2455 4828 habeatis
2481 4769 2869 4838 licentiam,et
2899 4771 3243 4842 potestatem
3268 4768 3578 4824 ordinandi
3609 4766 3799 4839 episco-

2189 4877 2315 4933 pos,
2331 4866 2389 4917 et
2409 4859 2789 4915 consecrandi
2820 4858 2879 4911 in
2901 4857 2993 4913 his
3026 4855 3309 4927 subjectis
3336 4857 3506 4914 vobis
3534 4856 3683 4922 locis,
3709 4853 3796 4907 hoc

2187 4956 2278 5007 est
2307 4948 2643 5006 Pestanensi
2674 4947 2851 5020 episc.
2884 4963 3016 5002 cum
3050 4944 3363 5019 parochiis~
3390 4952 3449 5003 et
3494 4938 3797 5017 adjacentiis

2188 5040 2574 5106 suis,nocnon
2604 5035 2784 5110 episc.
2824 5035 3309 5102 Acheruntinum,
3344 5035 3524 5091 simul
3571 5032 3728 5090 etiam
3750 5030 3797 5082 et

2186 5127 2366 5201 episc.
2399 5126 2710 5193 Nolanum,
2737 5129 2795 5181 et
2821 5126 3001 5198 episc.
3036 5124 3589 5193 Bisinianensem,et
3605 5119 3794 5193 episco-

2144 5265 2151 5274 .
2187 5224 2390 5292 patum
2406 5216 2918 5280 Maluttanenscm,
2935 5218 3111 5286 atque
3130 5213 3533 5287 episcopatum
3545 5203 3795 5292 Cusentie

2187 5291 2322 5365 cum
2353 5304 2628 5364 omnibus
2660 5302 2951 5377 parochiis
2972 5306 3027 5359 et
3058 5301 3402 5373 adjacentiis
3421 5291 3793 5389 eorum,sicuti

2186 5400 2247 5456 in
2275 5403 2468 5456 vestro
2500 5392 2775 5453 anteriori
2823 5408 2939 5451 usu
2985 5389 3147 5465 pallii
3192 5390 3543 5459 continetur,
3564 5392 3621 5444 et
3660 5390 3718 5441 ut
3742 5396 3791 5436 in

2185 5486 2430 5549 ecclesia
2459 5486 2517 5543 S.
2552 5482 2655 5544 Dei
2685 5478 3218 5556 genitricis‘Mariae,
3239 5483 3297 5535 et
3326 5473 3649 5537 B.Matthiei
3676 5485 3790 5544 apo-

489 5594 565 5669 (6)
598 5592 639 5648 Ε
689 5596 1069 5669 transumpto
1110 5592 1381 5669 originali
1431 5593 1667 5669 Otokari
1721 5594 1765 5662 Ι,
1798 5595 1951 5669 regis
2003 5597 2312 5667 Bohemize,
2368 5595 2437 5651 de
2487 5608 2637 5651 anno
2689 5591 2848 5658 1224,
2882 5587 3054 5647 bullae
3099 5588 3160 5647 in
3196 5586 3411 5648 Charta
3454 5587 3662 5648 Juncca
3702 5590 3788 5638 seu

417 5664 646 5743 pcirpea
664 5665 917 5737 scriptae,
932 5664 987 5721 et
1016 5664 1515 5724 nimia’vetustate
1538 5668 1667 5739 jam
1689 5664 2072 5743 consumptae.
