4044 6176
313 230 427 292 849

1435 218 1443 229 ‘
1482 239 1883 305 EPISTOL/E
1925 244 2028 307 n'r
2065 244 2540 319 PRIVILEGIA.

3596 236 3715 333 830

302 366 435 426 εἰοιί
455 370 512 465 et
531 367 1097 465 evangelistamcujus
1119 370 1585 465 sacratissimum
1603 391 1816 449 corpus
1827 392 1954 450 pos—
1981 384 2037 453 Α
2068 376 2186 439 fato
2218 385 2573 442 monasterio
2598 385 2877 449 ditionem
2899 393 3223 465 quamlibet
3239 392 3454 455 habere
3474 398 3561 459 vel
3583 410 3722 462 auc‘

301 456 523 523 sidetis,
541 461 715 530 atque
736 457 900 516 vobis
919 460 1245 534 vestrisque
1260 463 1700 520 successoribus
1721 482 1952 524 conces-

301 566 429 609 sum
448 554 555 606 est.
572 548 709 605 Post
730 547 1057 605 discessum
1081 549 1371 623 siquidem
1396 555 1566 609 tuum
1584 569 1950 612 successores

297 640 380 717 tui
404 637 745 712 perveniant
766 637 839 694 ad
864 638 1247 711 apostolicam
1275 642 1495 707 sedem,
1514 645 1571 697 et
1590 659 1765 699 usum
1787 643 1949 717 pallii

298 714 912 801 consecrationemque
933 728 1297 785 decretaliter
1314 730 1723 802 suscipiant,et
1743 714 1945 788 sisne-

296 835 555 877 cessares
580 815 762 874 nostri
789 833 1128 874 consecrare
1151 817 1463 886 noluerint,
1480 818 1714 875 licentia
1735 819 1940 878 sitves-

294 915 395 966 true
409 912 624 964 sanctis
637 906 892 973 ecclesiae
914 907 987 963 ab
1012 907 1301 981 episc0pis
1324 908 1538 965 nostris
1559 908 1947 987 suﬂ'raganeis

292 1000 643 1067 consecrari,
677 1004 736 1055 et
765 1014 880 1053 non
910 996 1163 1053 habeant
1194 999 1538 1069 potestatem
1579 1015 1945 1057 successores

293 1091 477 1147 nostri
491 1091 549 1144 in
567 1089 792 1145 cunctis
803 1087 1010 1143 vestris
1022 1085 1629 1159 episcopatibus,quos
1639 1086 1803 1144 vobis
1814 1089 1948 1145 sub-

282 1183 575 1255 jecerunt,
590 1175 935 1249 deincepsin
960 1178 1305 1248 perpetuum
1327 1174 1582 1247 aliquem
1601 1175 1944 1250 episcopum

290 1285 654 1335 consecrare,
672 1265 828 1339 quod
845 1265 973 1336 jam
989 1263 1153 1319 vobis
1174 1280 1520 1320 concessum
1551 1267 1656 1320 est.
1687 1264 1941 1331 Quicun-

288 1376 405 1436 que
434 1362 631 1416 autcm
653 1356 803 1413 hanc
836 1357 1044 1410 nostras
1068 1351 1505 1410 concessionem
1535 1354 1941 1426 praeceptionis

284 1452 502 1509 violare
521 1444 980 1521 praesumpserit,
996 1446 1275 1517 perpetuo
1298 1441 1692 1529 anathematis
1708 1442 1940 1499 vinculo

286 1541 589 1614 religetur,
614 1540 670 1593 et
699 1536 820 1591 haec
852 1537 1053 1589 nostra
1083 1547 1381 1589 concessxo
1417 1530 1645 1587 stabilis
1685 1537 1741 1587 et
1770 1532 1942 1589 firma

282 1632 347 1689 in
380 1631 727 1703 perpetuum
759 1627 1012 1679 maneat.
1033 1621 1260 1693 Scripta
1276 1637 1380 1694 per
1411 1637 1623 1677 manus
1645 1621 1941 1678 Benedicti

2060 468 2356 529 toritatem
2376 481 2585 547 praeter
2603 477 2802 534 sedem
2825 481 3208 553 apostolicam
3231 484 3610 558 prohibemus
3631 491 3713 548 ita

2059 563 2127 615 ut
2156 559 2271 617 nisi
2302 562 2374 618 ab
2407 564 2617 621 abbate
2648 570 2990 625 monasterii
3031 572 3157 643 jam
3204 573 3492 631 nominati
3537 578 3712 636 fuerit

2059 647 2337 706 invitatus
2355 668 2542 725 neque
2560 655 2876 713 missarum
2892 659 3177 717 solemnia
3195 660 3408 735 aliquis
3421 663 3713 725 celebrare

2057 743 2376 829 praisumat
2422 742 2782 813 omnimodo,
2815 751 2881 801 ut
2932 751 3187 819 profecto
3223 750 3396 822 juxta
3438 751 3497 808 id
3551 758 3706 829 quod

2056 826 2387 899 subjectum
2420 833 2752 903 apostolica:
2786 835 2908 891 sedi
2941 838 3216 895 ﬁrmitate
3246 839 3533 915 privilegii
3572 826 3709 901 con-

2055 915 2211 971 sistit
2227 917 2574 977 inconcusse
2596 924 2752 978 omni
2777 929 3037 998 tempore
3061 928 3327 985 dotatam
3347 937 3706 1003 permaneat,

2056 1002 2197 1060 locis
2219 1009 2276 1061 et
2298 1008 2471 1063 rebus
2492 1009 2902 1069 universalitcr
2919 1017 3036 1069 tam
3058 1017 3142 1071 eis
3165 1033 3292 1088 quae
3316 1002 3709 1090 aprimordiis

2054 1091 2165 1148 sibi
2187 1093 2483 1154 vindicare
2500 1098 2673 1154 debet
2691 1099 2780 1156 vel
2807 1118 2933 1173 qua:
2956 1104 3236 1160 moderns
3259 1108 3523 1179 tempore
3549 1112 3709 1166 tonet

2052 1184 2109 1236 et
2136 1182 2399 1255 possidet
2430 1202 2609 1258 quam
2640 1190 2698 1243 et
2727 1189 2811 1244 eis
2842 1206 2968 1262 quin
3001 1190 3217 1247 futuris
3248 1194 3614 1266 temporibus
3646 1196 3705 1253 in

2043 1269 2147 1341 jus
2163 1268 2350 1345 ipsius
2372 1274 2521 1331 sacri
2541 1278 2879 1334 monasterii
2899 1278 3095 1335 divina
3114 1280 3477 1353 providentia
3497 1299 3711 1358 augere

2051 1373 2120 1414 ex
2165 1358 2336 1417 donis
2402 1365 2460 1418 et
2517 1362 2830 1421 oblationis
2890 1366 3251 1441 decimisque
3308 1370 3708 1443 quorumlibet

2049 1445 2262 1519 Christi
2282 1448 2545 1508 fidelium
2565 1451 3065 1530 voluerit,absque
3090 1456 3271 1515 ullius
3292 1474 3553 1531 personae
3575 1477 3708 1517 con-

2051 1535 2397 1595 tradictione
2428 1541 2703 1599 ﬁrmitate
2725 1547 3003 1617 perpetua
3029 1547 3363 1619 perfruatur
3391 1564 3403 1601 :
3428 1553 3485 1604 et
3513 1548 3703 1607 isdem

2052 1623 2360 1683 Fuldensis
2389 1629 2573 1687 abbas
2604 1633 2738 1687 ante
2768 1631 2913 1688 alios
2946 1634 3186 1690 abbates
3208 1634 3405 1691 Galliis
3431 1653 3531 1693 seu
3564 1638 3701 1695 Ger-

282 1717 499 1781 notarii
522 1721 579 1774 et
600 1711 887 1773 scriniarii
912 1715 1123 1791 sancta:
1152 1711 1423 1781 Romana:
1440 1708 1938 1783 Ecclesim,mense
1965 1756 2014 1820 Β
2051 1714 2259 1768 manias
2278 1715 2601 1788 primatum
2626 1720 2867 1776 sedendi
2889 1721 2948 1776 in
2972 1724 3132 1779 omni
3151 1723 3274 1780 loco
3298 1731 3703 1800 conventuque

282 1807 504 1876 Martii,
525 1805 649 1862 ind.
676 1820 777 1858 v11.
814 1802 961 1858 Bene
984 1798 1185 1855 valete.

352 1901 570 1958 Datum
612 1898 813 1951 octavo
871 1887 1199 1960 Kal.April.
1233 1904 1336 1960 per
1380 1903 1622 1943 manum
1673 1888 1934 1966 Gregorii

277 1985 542 2064 episcopi
573 1985 631 2041 S.
657 1978 994 2038 Portuensis
1023 1975 1381 2047 Ecclesiae,et
1417 1975 1839 2034 bibliothecarii
1871 1977 1930 2035 S.

276 2079 441 2138 sedis
480 2070 831 2148 apostolicae,
881 2084 1053 2134 anno,
1089 2067 1202 2122 Deo
1252 2064 1519 2139 propitio,
1557 2067 1933 2139 pontificatus

275 2170 346 2228 D.
382 2163 627 2225 Joannis
654 2159 751 2218 XV
780 2175 940 2231 papae
970 2159 1022 2223 8,
1058 2172 1256 2213 mense
1290 2155 1515 2222 Martio,
1542 2155 1661 2213 ind.
1685 2172 1785 2212 vn.

1054 2244 1168 2301 XV.

346 2358 593 2414 Jomms
634 2362 795 2406 pars;
830 2363 903 2401 xv
944 2358 1319 2405 PRIVtLEGIUM
1352 2358 1468 2399 pse
1501 2360 1859 2403 noxasrzmo

950 2449 1020 2490 PU
1029 2447 1170 2489 LDEN
1178 2446 1250 2487 ει.

915 2524 1105 2591 (Anno
1141 2520 1291 2590 995.)

486 2618 759 2695 [Dronke,
786 2612 910 2670 Cod.
943 2611 1165 2683 diplom.
1201 2608 1383 2677 Fuld.,
1415 2626 1547 2682 pag,
1582 2611 1732 2685 339.}

345 2715 608 2772 Joannes
632 2705 963 2778 episcopus,
1000 2714 1199 2755 servus
1231 2714 1530 2754 servorum
1559 2698 1683 2767 Dei,
1708 2700 1926 2758 charis-

270 2806 432 2863 simo
464 2797 633 2854 nobis
680 2793 740 2848 in
786 2790 1015 2848 Christo
1060 2786 1178 2842 ﬁlio
1216 2788 1449 2855 Arrom,
1482 2788 1726 2844 caenobii
1775 2791 1928 2846 sacri

270 2886 589 2952 Fuldensis
612 2878 996 2954 religiossimo
1018 2880 1075 2932 et
1098 2893 1131 2931 a
1152 2874 1321 2930 nobis
1363 2881 1699 2932 consecrato
1729 2877 1926 2935 abbati

267 2988 326 3041 et
348 2994 567 3056 pervos
580 2970 807 3031 cunctis
828 2965 1139 3023 abbatibus
1152 2963 1927 3056 successoribusquoivcstris

266 3074 330 3129 in
351 3053 542 3125 laude
568 3068 624 3120 et
653 3059 753 3117 Dei
798 3054 1030 3112 servitio
1075 3053 1292 3108 ibidem
1338 3053 1818 3125 permanentibus
1865 3055 1924 3112 in

268 3159 623 3243 perpetuum
636 3192 648 3205 .
880 3236 894 3243 _
975 3233 988 3243 .
1234 3230 1268 3243 ἡ
1553 3238 1559 3243 Δ
1699 3233 1734 3243 ῃ

342 3230 720 3305 Πωὶἀετὶαω
738 3236 899 3308 quod
921 3233 993 3291 ad
1017 3230 1379 3305 propositum
1404 3238 1615 3288 sanetae
1634 3233 1931 3306 religionis

270 3339 737 3400 sanctorumque
765 3325 1026 3381 locorum
1046 3320 1423 3377 stabilitatem
1454 3321 1742 3394 pertinere
1772 3340 1934 3380 mon-

269 3429 523 3489 stratur,
556 3418 695 3481 sine,
714 3415 911 3486 aliqua
938 3409 1394 3466 contradictione
1423 3414 1513 3466 est
1551 3411 1931 3470 Dco'auctore

269 3507 727 3589 perﬁciendum.
752 3508 819 3561 ut
850 3518 918 3556 ex
948 3500 1056 3556 hoc
1084 3498 1247 3571 vigor
1268 3497 1565 3571 religionis
1594 3505 1807 3556 sanctae
1840 3519 1928 3559 ro-

269 3586 539 3663 boretur,
554 3599 614 3652 et
638 3592 861 3650 eisdem
894 3587 1113 3646 sanctis
1144 3586 1286 3643 locis
1308 3586 1469 3643 salus
1490 3592 1548 3643 et
1575 3588 1930 3647 indemnitas

270 3690 586 3752 solidetur,
600 3681 769 3739 nobis
785 3692 1020 3752 quoque
1038 3676 1268 3732 lucrum
1292 3676 1668 3748 potissimum
1690 3695 1724 3733 a
1740 3678 1934 3734 condi-

269 3788 405 3839 tore
431 3773 696 3834 omnium
729 3770 846 3826 Deo
878 3767 936 3822 in
970 3765 1165 3840 regnis
1214 3762 1549 3820 coelestibus
1581 3764 1928 3822 ascribatur.

271 3870 464 3945 Igitur
493 3862 631 3937 quia
650 3876 753 3934 per
776 3852 1389 3945 intewentuquomni
1407 3851 1934 3945 Dttonis_excellenf

271 3940 495 4017 ιῖεείιηὶ
526 3950 680 4025 regis
712 3944 1012 4017 nostrique
1044 3940 1368 4017 spiritualis
1396 3940 1502 3996 ﬁlii
1532 3945 1588 3998 et
1625 3942 1805 3999 futuri
1830 3943 1931 4000 Dei

274 4045 471 4122 gratia
498 4036 871 4113 imperatoris
903 4040 959 4090 et
993 4032 1511 4122 sanctseritomana:
1532 4030 1800 4122 Ecclesiae
1833 4034 1929 4122 des

277 4120 531 4194 tonsoris
553 4126 783 4203 pissimi
804 4131 1121 4194 votumque
1154 4120 1430 4193 piissimae
1453 4121 1591 4208 avia:
1614 4139 1732 4177 suae
1753 4121 1933 4178 Adal-

274 4225 464 4284 heidas
497 4214 884 4291 imperatricis
898 4215 1171 4286 Augusta:
1193 4209 1535 4267 solvendum
1558 4210 1728 4266 Hatto
1751 4211 1931 4267 abbas

279 4333 311 4372 a
340 4311 515 4371 nobis
534 4303 871 4381 postulavit,
887 4305 1197 4374 quatenus,
1205 4300 1331 4370 jam
1356 4298 1582 4354 dictum
1604 4298 1931 4356 venerabile

278 4397 702 4460 monasterium
718 4391 873 4465 quod
894 4389 1034 4446 olim
1049 4405 1082 4445 a
1100 4392 1314 4445 sanctze
1331 4385 1626 4442 memorias
1639 4386 1931 4444 Bonifacio

279 4486 718 4559 archiepiscopo
748 4481 821 4538 ad
853 4479 1133 4535 honorem
1165 4474 1263 4532 Dei
1295 4480 1353 4533 et
1389 4475 1590 4531 domni
1635 4476 1819 4532 nostri
1866 4493 1932 4532 ac
1962 4491 2009 4556 Ι)

280 4572 598 4637 Salvatoris
626 4571 686 4628 in
718 4570 843 4627 loco
874 4568 973 4640 qui
995 4571 1232 4622 vocatur
1264 4564 1513 4621 Boconia
1558 4580 1697 4637 erga
1743 4563 1931 4636 ripam

281 4664 548 4724 ﬂuminis
578 4661 733 4734 quod
765 4658 982 4716 dicitur
1002 4655 1187 4713 Fulda
1206 4657 1606 4711 constructum
1635 4658 1743 4721 est,
1768 4654 1939 4726 privi-

279 4754 418 4830 legii
449 4765 696 4809 summas
727 4746 884 4804 sedis
917 4742 1246 4819 apostolicae
1278 4740 1480 4830 infulis
1512 4741 1847 4830 decoretur;
1878 4747 1937 4798 et

281 4828 437 4901 sicut
456 4854 560 4915 per
580 4835 939 4895 sanctissimi
966 4849 1127 4906 papae
1149 4828 1435 4887 Zachariae
1457 4829 1934 4889 constitutionem

282 4923 1082 5000 aliorumquevenerabilium
1095 4920 1586 4994 praedecessorum
1600 4925 1935 4978 nostrorum

283 5018 632 5093 pontiﬁcum
653 5016 944 5087 precepts
961 5011 1167 5069 ditioni
1190 5013 1403 5066 sanctae
1436 5012 1671 5074 nostrae,
1693 5009 1788 5064 cui
1819 5009 1935 5066 Deo

285 5112 519 5164 auctore
547 5102 931 5167 deservimus,
967 5098 1238 5156 Ecclesiae
1288 5096 1666 5168 suppositum
1716 5101 1824 5165 est,
1855 5098 1939 5153 ita

286 5194 585 5270 perpetuis
604 5189 969 5264 temporibus
991 5188 1315 5262 perseveret
1343 5189 1401 5240 et
1424 5182 1645 5238 nullius
1674 5199 1937 5255 unquam

286 5283 527 5342 alterius
542 5279 812 5337 Ecclesiae
825 5274 1342 5351 jurisdictionibus
1367 5271 1771 5328 summitatur.
1794 5274 1940 5339 Qua-

288 5377 523 5446 propter
536 5369 647 5442 piis
658 5366 967 5425 desideriis
977 5366 1233 5423 faventes
1254 5362 1363 5418 hac
1383 5365 1583 5417 nostra
1595 5359 1939 5415 auctoritate

288 5460 345 5516 id
368 5461 518 5533 quod
541 5456 878 5532 exposcitur
897 5456 1072 5528 digno
1095 5451 1321 5510 ell'ectui
1346 5448 1535 5506 manci
1544 5464 1776 5522 paruus,
1791 5447 1944 5504 ideo-

293 5566 399 5621 que
431 5563 667 5608 omnem
687 5545 1002 5620 cujuslibet
1031 5542 1297 5602 Ecclesia:
1320 5539 1682 5599 sacerdotem
1705 5537 1766 5593 in
1797 5554 1942 5610 prae-

2050 1805 2248 1857 nostra
2278 1804 2597 1876 apostolica
2645 1809 2987 1865 auctoritate
3017 1810 3277 1868 obtineat
3310 1830 3322 1868 :
3357 1814 3701 1885 adjicientes

2044 1906 2147 1966 pro
2197 1907 2394 1948 amore
2441 1896 2701 1966 praedicti
2748 1896 2900 1969 regis
2950 1898 3181 1955 Ottonis
3233 1900 3559 1973 spiritualis
3586 1902 3699 1958 ﬁlii

2044 1980 2227 2034 nostri
2268 1982 2392 2051 jam
2445 1982 2599 2039 dicto
2640 1984 2873 2041 Hattoni
2923 1987 3145 2055 abbati,
3182 1993 3246 2042 ut
3289 1989 3347 2043 in
3381 1990 3699 2046 missarum

2042 2068 2346 2126 solemniis
2376 2071 2691 2129 dalmatica
2712 2078 2771 2129 et
2791 2074 3075 2131 sandaliis
3096 2092 3233 2136 cum
3255 2082 3456 2134 nostra
3476 2082 3703 2151 aposte

2038 2154 2164 2214 lica
2197 2156 2560 2217 auctoritatis
2586 2160 2822 2219 licentia
2842 2167 3063 2219 utatur.
3106 2164 3536 2222 Constituimus
3595 2184 3700 2240 per

2041 2244 2221 2318 hujus
2234 2247 2417 2303 nostri
2432 2249 2645 2311 decreti
2665 2250 2940 2325 paginam
2956 2252 3370 2327 utquicunque
3382 2256 3700 2328 cujuslibet

2040 2334 2309 2392 Ecclesia:
2361 2337 2575 2409 praasul
2616 2340 2702 2397 vel
2750 2357 3103 2415 quacunque
3142 2344 3427 2416 dignitate
3456 2346 3700 2417 praedita

2042 2438 2292 2495 persona
2308 2426 2468 2482 hunc
2489 2429 2671 2483 nostri
2694 2428 2983 2504 privilegii
3000 2435 3260 2487 tenorem
3284 2449 3458 2505 quem
3492 2439 3695 2491 aucto-

2040 2511 2214 2568 ritate
2243 2511 2720 2572 beatissimorum
2750 2516 3148 2589 apostolorum
3202 2521 3486 2595 principis
3525 2524 3696 2595 cujus

2037 2599 2165 2656 vice
2183 2601 2436 2658 fruimur
2457 2603 2879 2661 conﬁrmamus
2908 2610 2965 2662 et
2995 2608 3696 2676 corroboramus,violars

2038 2693 2097 2745 et
2126 2690 2458 2764 transgredi
2480 2693 2807 2761 tentaverit,
2833 2694 3148 2751 anathema
3166 2696 3242 2751 sit
3263 2702 3321 2752 et
3342 2697 3491 2753 iram
3514 2698 3695 2753 omni-

2038 2776 2290 2850 potentis
2321 2777 2419 2840 Dei
2454 2780 2762 2838 incurrens
2794 2800 2827 2838 a
2857 2784 3149 2840 consortio
3171 2783 3438 2841 omnium
3469 2791 3698 2843 sancto-

2038 2881 2169 2922 rum
2201 2866 2428 2924 alienus
2460 2868 2671 2926 existat
2701 2876 2756 2927 et
2788 2870 3172 2928 nihilominus
3204 2872 3427 2944 praefati
3458 2889 3691 2931 monas-

2036 2955 2165 3013 terii
2198 2955 2456 3029 dignitas
2486 2958 2760 3016 inviolata
2790 2965 3127 3032 permaneat
3155 2961 3473 3034 apostolica
3502 2966 3695 3021 aucto-

2037 3045 2203 3100 ritate
2236 3045 2506 3101 subnixa.

1959 3121 2001 3187 C
2112 3133 2408 3206 Scriptum
2441 3153 2543 3208 per
2574 3153 2813 3192 manum
2840 3138 3069 3212 Georgii
3092 3139 3379 3195 scriniarii
3403 3144 3458 3196 et
3480 3140 3690 3197 notarii

2041 3226 2255 3279 sanctae
2292 3223 2562 3280 Romanae
2600 3224 2891 3294 Ecclesiae,
2925 3227 2986 3283 in
3018 3244 3218 3285 mense
3264 3227 3555 3297 Octobrio,
3588 3246 3690 3288 νιιι

2042 3310 2198 3367 Idus.
2233 3312 2383 3368 Bene
2413 3313 2620 3371 valete.

2112 3400 2326 3456 Datum
2380 3419 2419 3457 ιι
2467 3401 2590 3458 Kal.
2623 3403 2978 3461 Novembres
3019 3422 3123 3478 per
3171 3422 3412 3462 manum
3444 3407 3689 3464 Jaannis

2041 3489 2295 3562 episcopi
2329 3496 2544 3547 sancta:
2575 3492 2922 3550 Albanensis
2952 3493 3219 3551 Ecclesia:
3242 3499 3298 3551 et
3318 3494 3693 3555 bibliotheca-

2040 3578 2110 3633 rii
2143 3584 2356 3636 sanctae
2389 3582 2545 3637 sedis
2574 3581 2905 3653 apostolicae
2936 3599 3137 3640 mense
3167 3583 3437 3641 Octobrio
3488 3585 3580 3642 die
3599 3566 3689 3654 3i,

2041 3666 2357 3724 indictione
2388 3685 2509 3724 vni.
3400 3691 3406 3695 ⁴

2039 3859 2275 3900 JOANNIS
2312 3863 2384 3901 XV
2424 3862 2585 3901 ΡΑΡΞ
2632 3863 2895 3903 EPISTOLA
2951 3865 3021 3904 AD
3082 3864 3399 3904 ARNULFL'M
3439 3864 3693 3907 COMITEM

2727 3953 2794 3992 ET
2830 3954 3011 3993 ALIOS.

2134 4069 2138 4073 .
2638 4025 2823 4089 (Anno
2852 4024 3094 4095 991-96.)

2152 4113 2213 4166 Ut
2240 4114 2567 4169 mmwsterio
2594 4117 2772 4168 sancti
2801 4114 3049 4170 Richarii
3086 4129 3206 4187 quae
3244 4114 3587 4171 abstulerunt

2715 4188 3019 4241 restituant.

2112 4288 2367 4346 Jomxss
2389 4291 2718 4364 episcopus,
2735 4309 2935 4348 servus
2953 4308 3253 4348 servorum
3274 4292 3395 4359 Dei,
3415 4295 3689 4348 Assumo

2042 4377 2576 4445 comiti,BAanNo
2618 4380 2813 4437 comiti
2847 4397 2980 4436 cum
3029 4385 3216 4436 matre
3244 4379 3691 4446 sua,Gosssa'ro

2040 4464 2578 4539 vicecomiti,atque
2599 4469 2865 4537 Iussum,
2886 4468 3286 4525 dilectissimis
3304 4468 3442 4524 filiis
3471 4468 3692 4525 nostris

2043 4551 2889 4626 spiritualibus,omnimodam
2920 4554 3189 4624 salutem,
3222 4559 3280 4611 et
3309 4553 3691 4627 apostolicam

2044 4641 2531 4709 benedictionem.

2116 4729 2420 4788 Monemus
2437 4750 2537 4789 vos
2558 4751 2590 4789 a
2609 4735 2801 4807 pravis
2822 4734 3096 4807 operibus
3127 4733 3411 4799 recedere,
3437 4736 3493 4788 et
3523 4730 3692 4788 bonis

2043 4820 2318 4892 operibus
2335 4822 2648 4890 adhwrere,
2664 4826 2953 4895 quatenus
2970 4822 3071 4878 Dei
3088 4820 3508 4894 omnipotentis
3523 4819 3695 4877 mise-

2044 4908 2354 4967 ricordiam
2377 4912 2654 4984 consequi
2684 4911 3051 4980 mereamini,
3072 4915 3129 4968 et
3148 4909 3328 4966 vitam
3349 4910 3709 4983 perpetuam

2043 5000 2343 5071 acquirere
2384 4999 2646 5055 valeatis.
2681 5002 3063 5072 Quapropter,
3078 4996 3691 5066 charissimi,manda-

2046 5104 2180 5144 mus
2195 5087 2358 5143 vobis
2380 5092 2447 5143 ut
2466 5104 2701 5144 omnem
2728 5088 3148 5156 hereditatem,
3164 5102 3341 5159 quam
3363 5084 3694 5144 abstulistis

2045 5192 2115 5231 ex
2139 5175 2491 5231 monasterio
2508 5176 2567 5232 S.
2593 5176 2848 5232 Richarii
2869 5174 3359 5247 confessoris,pro
3380 5174 3482 5230 Dei
3499 5173 3693 5229 omni-

2047 5264 2300 5336 potentis
2331 5280 2528 5320 amore
2558 5265 2798 5320 reddere
2826 5264 3169 5338 procuretis.
3202 5263 3350 5318 Nam
3400 5262 3450 5317 si
3504 5260 3693 5317 reddi-

2048 5351 2273 5422 deritis,
2306 5351 2597 5409 habebitis
2628 5353 3092 5409 benedictionem
3126 5350 3314 5409 sancti
3338 5349 3491 5405 Petri
3516 5353 3572 5405 et
3594 5365 3696 5404 no-

2051 5447 2261 5509 stram;
2297 5442 2343 5497 si
2364 5445 2561 5497 autem
2585 5441 3006 5497 monitionibus
3029 5439 3245 5497 nostris
3265 5455 3379 5495 non
3420 5435 3697 5494 obaudie-

2051 5516 2292 5599 ritis,ei
2346 5529 2690 5586 auctoritate
2734 5530 2835 5587 Dei
2886 5527 3303 5600 omnipotentis
3361 5530 3418 5581 et
3476 5527 3694 5592 nostra,
