4034 6170
262 204 382 268 853

1594 212 1957 275 GUIDONIS
2003 210 2339 276 CHARTA.

3544 218 3663 279 854

263 382 2707 425 mm

1401 544 1855 633 GUIDON
1863 545 1962 633 IS
2021 546 2537 637 STATUTA

1058 750 1156 812 Ad
1178 770 1381 831 pacem
1414 752 1569 812 inter
1603 749 1967 813 Christianos
1996 753 2429 815 conciliandam
2449 756 2858 837 promulgata.

1468 912 1630 983 (Gali.
1665 911 1862 968 Christ.
1897 915 2038 968 tom.
2064 913 2133 981 II,
2166 916 2455 987 Append.)

1778 1073 2147 1086 m

325 1200 388 1255 In
421 1198 657 1255 nomine
688 1199 785 1255 Dei
822 1215 1065 1255 summa:
1111 1205 1167 1253 et
1220 1198 1532 1254 individua:
1565 1199 1886 1254 Trinitatis.
1923 1201 1977 1266 Α
2008 1216 2111 1273 per
2141 1218 2314 1256 suum
2362 1202 2712 1257 sorsfactum
2744 1203 3165 1276 gforsfactum};
3200 1211 3256 1261 et
3289 1205 3346 1261 in
3380 1206 3653 1264 eumdem

246 1294 440 1356 ono,
464 1289 563 1344 Dei
597 1290 785 1360 gratia
814 1288 1141 1344 Aniciensis
1174 1288 1409 1360 praesul,
1436 1305 1698 1360 supernae
1721 1289 1899 1359 pieta-

242 1379 326 1435 tis
344 1377 809 1434 misericordiam
828 1378 1580 1451 exspectantibus,salutem
1597 1381 1653 1433 et
1669 1394 1892 1450 pacem.

319 1469 538 1524 Notum
568 1483 697 1523 esse
727 1465 998 1523 volumus
1029 1465 1304 1522 omnibus
1335 1466 1434 1522 Dei
1460 1466 1898 1538 ﬁdelibus,quo-

243 1557 409 1614 niam
440 1555 703 1612 videntes
736 1555 1023 1611 maleﬁcia
1054 1573 1179 1627 qua:
1206 1556 1262 1610 in
1288 1555 1501 1628 populo
1523 1554 1784 1627 quotidie
1808 1554 1921 1610 ac-‘

244 1649 978 1717 crescunt,congregamus
993 1660 1257 1715 quosque
1268 1644 1591 1715 episcopos,
1608 1644 1893 1699 domnum

241 1736 344 1793 Pe.
376 1733 796 1801 Vivariensem,
832 1732 1143 1805 Wigonem
1175 1731 1673 1801 Valentinensem,
1710 1732 1894 1805 Bego-

240 1841 383 1882 nem
395 1820 1245 1889 Arvernensem,Raimundum
1257 1820 1894 1889 Tolosensem,Deusde

240 1909 1047 1982 Rutenensem,Fredelonem
1060 1909 1750 1976 Elnensem,etdomnum
1766 1908 1894 1964 Ful-

239 2019 533 2061 crannum
567 1998 1379 2069 Ludevensem,etWidonem
1410 1999 1893 2065 Glandensem,ct

241 2092 395 2150 alios
424 2106 602 2163 quam
633 2088 829 2161 plures
858 2088 1181 2160 episcopos,
1217 2091 1275 2143 et
1303 2103 1568 2160 quosque
1597 2086 1891 2159 principes

239 2187 303 2240 et
332 2177 578 2247 nobiles,
613 2193 862 2251 quorum
897 2192 1181 2233 numerus
1211 2193 1328 2232 non
1356 2181 1447 2232 est
1495 2176 1787 2232 inventus.
1819 2176 1891 2231 Et

241 2270 386 2344 quia
414 2268 637 2326 scimus
668 2266 805 2340 quia
834 2267 960 2323 sine
991 2282 1131 2339 pace
1153 2282 1323 2322 nemo
1342 2265 1563 2321 videbit
1581 2264 1892 2331 Deum,ad-

239 2374 558 2416 monemus
588 2360 826 2429 propter
857 2371 1069 2410 nomen
1093 2354 1422 2423 Domini,et
1442 2358 1507 2409 ut
1530 2354 1650 2409 sint
1670 2352 1771 2408 ﬁlii
1795 2368 1893 2425 pa-

241 2448 351 2516 cis,
367 2450 433 2503 ut
445 2447 504 2501 in
518 2444 648 2502 istis
659 2443 1094 2517 episcopatibus
1114 2459 1262 2515 quos
1274 2441 1369 2499 isti
1382 2441 1638 2516 episcOpi
1654 2444 1888 2515 regunt,

242 2553 439 2610 neque
469 2534 528 2590 in
561 2534 690 2590 istis
718 2532 1116 2599 comitatibus,
1148 2532 1219 2587 de
1250 2528 1364 2588 ista
1391 2531 1536 2587 hora
1565 2536 1620 2586 et
1641 2531 1700 2585 in
1722 2534 1891 2585 antea

243 2624 553 2684 ecclesiam
585 2623 760 2678 homo
790 2637 906 2676 non
937 2620 1235 2694 infringat,
1258 2623 1419 2675 extra
1438 2618 1741 2675 ecclesiam
1765 2634 1891 2690 quae

243 2715 306 2771 in
325 2715 693 2769 ﬁrmamento
705 2709 1087 2776 Castellaniae,
1105 2726 1165 2766 se
1179 2708 1414 2777 sciente,
1430 2708 1541 2763 nisi
1557 2706 1836 2780 episcopi(
1842 2708 1894 2775 1)

245 2805 487 2879 propter
509 2816 710 2857 eorum
724 2815 988 2855 censum.
1006 2797 1265 2852 Praedam
1279 2797 1337 2853 in
1352 2796 1483 2853 istis
1496 2795 1891 2860 comitatibus,

246 2907 441 2964 neque
470 2890 529 2945 in
565 2888 694 2945 istis
723 2885 1160 2961 episcopatibus
1191 2885 1367 2941 homo
1418 2902 1533 2940 non
1584 2884 1793 2949 faciat;
1824 2883 1894 2938 de

247 2980 419 3054 equis
450 2977 662 3051 parvis,
698 2978 767 3032 de
800 2974 1067 3041 hovibus,
1104 2975 1174 3029 de
1200 2973 1410 3042 vaccis,
1435 2974 1507 3029 de
1524 2972 1703 3028 asinis
1720 2970 1805 3026 vel
1824 2972 1894 3026 de

248 3069 549 3135 asinabus,
572 3066 658 3122 vel
691 3067 761 3121 de
784 3063 1041 3120 fascibus
1061 3081 1208 3136 quos
1230 3062 1341 3135 ipsi
1360 3065 1598 3135 portant
1616 3078 1803 3134 neque
1824 3061 1895 3115 de

248 3158 479 3225 ovibus,
510 3155 597 3212 vel
628 3156 699 3212 de
730 3154 941 3227 capris,
969 3169 1157 3224 neque
1189 3152 1258 3207 de
1288 3150 1704 3224 porcis,neque
1725 3166 1793 3205 ea
1808 3165 1896 3204 oc-

247 3248 409 3304 cidat
423 3243 536 3300 nisi
556 3260 658 3317 per
674 3242 1027 3299 conductum
1046 3256 1220 3297 suum
1238 3240 1324 3295 vel
1338 3256 1601 3306 suorum,
1616 3238 1676 3294 in
1692 3239 1896 3293 itinere

248 3335 475 3409 potitus
505 3332 753 3405 accipiat
781 3330 1000 3386 victum
1022 3330 1174 3385 sicut
1196 3330 1267 3385 ad
1292 3345 1460 3385 suam
1478 3326 1896 3394 domum,nihi1

249 3427 462 3498 portet,
494 3421 582 3482 vel
616 3421 686 3477 ad
719 3417 1026 3475 castellum
1058 3417 1298 3484 bastire,
1329 3421 1433 3473 aut
1464 3417 1751 3479 obsidere,
1783 3415 1894 3471 nisi

249 3512 663 3585 unusquisque
689 3510 760 3564 de
790 3525 897 3563 sua
929 3512 1104 3571 terra,
1138 3509 1239 3561 aut
1268 3507 1338 3561 de
1370 3522 1475 3561 suo
1508 3504 1801 3571 alode,vcl
1828 3504 1897 3559 de

251 3618 361 3659 suo
392 3598 695 3664 beneficio,
725 3597 811 3652 vel
845 3597 915 3652 de
965 3613 1072 3651 sua
1122 3595 1504 3660 commanda;
1541 3592 1733 3648 clerici
1782 3609 1895 3646 non

252 3674 488 3764 portent
518 3686 820 3743 saecularia
849 3701 1044 3752 arma;
1074 3682 1381 3739 monachis
1402 3681 1678 3753 injuriam
1702 3678 1899 3734 nullus

251 3777 456 3849 (ullus)
474 3775 649 3831 homo
669 3773 925 3847 aliquam
951 3788 1064 3828 non
1086 3771 1293 3837 faciat;
1315 3786 1503 3842 neque
1525 3768 1616 3824 his
1640 3768 1739 3840 qui
1763 3784 1898 3823 cum

250 3884 319 3923 eo
352 3863 728 3940 porrexerint,
763 3862 864 3934 qui
896 3877 1059 3916 arma
1091 3876 1205 3915 non
1228 3858 1603 3931 portaverint,
1636 3855 1749 3913 nisi
1778 3855 1896 3927 epi-

2003 1289 2285 1346 villanum
2319 1292 2415 1363 qui
2451 1290 2692 1347 alterius
2714 1298 2928 1348 terram
2955 1295 3201 1349 araverit
3233 1295 3323 1349 vel
3363 1295 3654 1353 laborave-

2006 1378 2099 1445 rit,
2133 1381 2289 1451 quod
2320 1386 2409 1436 est
2451 1380 2511 1435 in
2556 1382 2945 1447 contentione,
2980 1382 3092 1437 nisi
3145 1383 3549 1455 unusquisque
3581 1385 3652 1440 de

2005 1471 2160 1523 terra
2188 1486 2317 1534 sua,
2332 1473 2434 1525 aut
2450 1470 2519 1525 de
2537 1486 2643 1525 suo
2675 1469 2953 1526 beneﬂcio
2975 1490 2987 1537 ;
3007 1475 3190 1527 terras
3202 1471 3647 1541 ecclesiasticas,

2005 1556 2785 1628 episcopales,canonicales,
2801 1559 3195 1626 monachales,
3221 1560 3417 1616 nullus
3440 1579 3650 1634 praesu-

2003 1662 2160 1701 mere
2177 1648 2407 1715 audeat,
2422 1664 2611 1719 neque
2627 1646 2823 1719 aliqua
2844 1647 2999 1703 mala
3014 1651 3436 1705 consuetudine
3456 1650 3653 1707 disho-
3676 1692 3681 1697 .

2005 1751 2210 1790 norare
2243 1735 2356 1791 nisi
2388 1736 2459 1791 de
2490 1752 2668 1791 manu
2689 1737 2947 1809 episcopi
2969 1741 3069 1792 aut
3089 1737 3333 1795 fratrum
3352 1738 3647 1797 voluntate

2002 1840 2105 1896 per
2133 1826 2454 1896 precariam
2487 1824 2828 1896 acquisierit
2856 1825 2927 1879 de
2957 1824 3072 1880 ista
3101 1826 3243 1882 hora
3271 1832 3329 1882 et
3361 1829 3417 1882 in
3440 1834 3643 1895 antea;

2001 1913 2393 1985 negotiatores
2421 1912 2597 1968 etiam
2631 1912 2830 1969 nullus
2874 1914 3309 1985 apprehendere
3338 1915 3425 1971 vel
3456 1917 3526 1973 de
3557 1935 3645 1973 re-

1998 2001 2111 2057 bus
2143 2002 2267 2057 suis
2304 2000 2554 2073 spoliare
2598 2005 2915 2074 praesumat
2958 2019 3021 2058 se
3066 2003 3304 2060 sciente.
3340 2004 3646 2061 Interdici-

2000 2106 2134 2145 mus
2163 2090 2342 2146 etiam
2375 2094 2441 2146 ut
2472 2090 2669 2146 nullus
2700 2089 2983 2147 laicorum
3010 2108 3074 2148 se
3094 2092 3448 2150 intromittat
3471 2096 3542 2150 de
3563 2111 3648 2152 se-

1998 2177 2255 2251 pulturis
2285 2178 2562 2246 ecclesia,
2586 2177 2674 2235 vel
2702 2179 3034 2247 efferendis,
3053 2183 3110 2236 et
3131 2181 3332 2238 nullus
3355 2183 3647 2255 presbyte-

1999 2281 2199 2337 rorum
2227 2266 2483 2339 pretium
2513 2267 2583 2322 de
2612 2266 2953 2340 baptisterio
2983 2269 3251 2342 accipiat,
3266 2272 3405 2344 quia
3424 2273 3647 2329 donum

1998 2355 2254 2427 Spiritus
2284 2354 2470 2411 sancti
2503 2356 2610 2411 est.
2645 2355 2707 2412 Si
2734 2372 2868 2411 vero
2899 2356 3113 2429 aliquis
3135 2363 3333 2432 raptor
3352 2360 3526 2416 fuerit
3546 2366 3650 2417 aut

1999 2442 2323 2500 maledicus
2334 2444 2433 2516 qui
2452 2443 2602 2499 hanc
2620 2443 3050 2501 institutionem
3069 2447 3369 2520 infregerit
3385 2454 3441 2505 et
3454 2454 3650 2506 tenere

2004 2528 2277 2596 noluerit,
2301 2529 2378 2586 sit
2397 2529 2520 2603 ipse
2550 2531 3110 2600 excommunicatus,
3128 2539 3186 2589 et
3202 2535 3651 2595 anathematiza-

2005 2621 2122 2695 tus,
2156 2622 2211 2673 et
2244 2635 2277 2673 a
2305 2616 2609 2673 liminibus
2639 2624 2851 2674 sancta:
2875 2618 2973 2675 Dei
2996 2620 3263 2677 Ecclesiae
3286 2628 3647 2695 segregatus,

2002 2694 2161 2777 (nisi)
2194 2723 2379 2779 usque
2409 2707 2479 2761 ad
2513 2706 2972 2764 satisfactionem
3010 2710 3222 2765 veniat.
3256 2694 3418 2777 Quod
3452 2694 3514 2767 si.
3532 2729 3648 2768 non

2003 2794 2221 2860 fecerit,
2255 2796 2557 2868 presbyter
2584 2796 2636 2851 ei
2666 2796 2909 2852 missam
2943 2813 3057 2852 non
3079 2799 3572 2866 cantet,divinum
3595 2801 3647 2856 ei

2003 2883 2264 2939 officium
2296 2900 2411 2939 non
2442 2883 2646 2949 faciat;
2680 2887 2734 2939 et
2757 2886 2804 2940 si
2828 2889 3097 2941 mortuus
3129 2886 3324 2953 fuerit,
3346 2888 3652 2961 presbyter

2004 2988 2137 3028 eum
2172 2988 2285 3027 non
2318 2971 2579 3045 sepeliet,
2600 2988 2786 3044 neque
2808 2974 2878 3029 ad
2906 2974 3208 3029 ecclesiam
3241 2975 3319 3031 sit
3347 2975 3647 3050 sepultus;

2004 3061 2477 3117 communionem
2528 3078 2643 3116 non
2693 3064 2789 3117 det
2831 3063 2880 3118 ei
2912 3078 2974 3118 se
3004 3062 3241 3132 sciente,
3276 3070 3333 3120 et
3358 3064 3407 3119 si
3437 3064 3651 3136 aliquis

2005 3151 2305 3223 presbyter
2333 3150 2442 3206 hoc
2470 3150 2768 3224 infregerit
2797 3169 2859 3207 se
2889 3151 3126 3219 sciente,
3160 3152 3232 3208 ab
3260 3153 3463 3209 ordine
3485 3155 3655 3226 depo-

2006 3244 2198 3294 natur.
2233 3239 2546 3295 Precamur
2572 3239 2747 3296 etiam
2794 3240 2884 3296 vel
2935 3243 3321 3298 admonemus
3353 3246 3417 3297 ut
3446 3242 3506 3298 in
3539 3243 3653 3298 isto

2004 3332 2283 3401 tempore,
2305 3328 2527 3384 scilicet
2546 3329 2839 3385 mediante
2860 3330 3131 3385 Octobrio
3156 3331 3454 3398 mense,ad
3473 3330 3654 3388 istum

2006 3417 2105 3472 Dei
2138 3416 2419 3489 placitum
2452 3435 2585 3472 eum
2609 3419 2760 3473 bono
2787 3420 2983 3473 animo
3003 3424 3059 3473 et
3076 3419 3228 3474 bona
3244 3419 3541 3476 voluntate
3563 3435 3655 3474 ve-

2007 3505 2296 3570 niatis,.in
2329 3506 2427 3560 Dei
2461 3507 2715 3569 nomine,
2751 3513 2815 3560 ut
2845 3507 3247 3561 remissionem
3282 3512 3656 3578 peccatorum

2004 3596 2331 3656 vestrorum
2363 3592 2641 3663 consequi
2670 3592 2935 3659 valeatis,
2955 3598 3269 3663 prmstante
3290 3594 3536 3648 Domino
3560 3610 3658 3650 no-

2008 3682 2127 3735 stro
2155 3679 2294 3734 Jcsu
2327 3679 2577 3743 Christo,
2614 3681 2711 3751 qui
2745 3696 2880 3734 cum
2914 3680 3079 3735 Patre
3112 3685 3169 3735 et
3201 3680 3420 3753 Spiritu
3452 3686 3653 3737 sancto

2005 3767 2145 3821 vivit
2173 3771 2230 3822 et
2258 3772 2480 3837 regnat.
2511 3768 2826 3823 Conﬁrmat
2847 3768 2955 3823 hoc
2977 3767 3450 3839 archiepiscopus
3472 3768 3655 3839 Dago-

2006 3856 2212 3910 bertus
2265 3854 2641 3909 Bituricensis
2688 3855 2862 3920 sedis,
2896 3860 2954 3910 et
2984 3854 3236 3910 domnus
3283 3853 3655 3911 Theobaldus

220 3983 225 3988 -
253 3932 418 4028 scopi
436 3958 535 4009 aut
557 3932 948 4008 archidiaconi
975 3953 1210 4021 propter
1229 3963 1431 4003 eorum
1450 3961 1689 4002 censum
1708 3962 1721 4012 ;
1740 3943 1898 3999 villa-
1927 3932 1972 4001 C
2009 3941 2357 3997 Viennensis
2387 3939 2781 4011 archiprazsul.

254 4061 400 4101 num
433 4048 533 4098 aut
560 4039 838 4096 villanam
869 4041 1105 4109 propter
1147 4035 1629 4108 redemptionem,
1663 4032 1896 4089 nonnisi

330 4184 410 4254 (i)
439 4182 681 4238 Videtur
706 4181 908 4237 deesse
935 4178 1179 4249 aliquid.

1432 4497 1992 4586 GUIDONIS
2058 4497 2515 4585 CHARTA

360 4711 614 4790 Scripta
641 4728 772 4770 cum
801 4707 983 4769 abbas
1012 4714 1217 4786 ageret
1244 4706 1304 4766 in
1332 4703 1687 4765 monasterio
1717 4701 1789 4763 S.
1821 4700 2010 4762 Pauli
2037 4698 2523 4763 Cormaricensis.
2559 4734 2636 4747 --
2662 4701 3038 4763 Monasteries
3068 4699 3266 4762 ablata
3294 4702 3580 4761 restituit.

1293 4855 1480 4927 (Apud
1513 4852 1733 4911 Mabill.
1768 4853 1965 4909 Annal.
1998 4850 2101 4906 lib.
2134 4867 2304 4920 xum,
2339 4867 2473 4925 pag.
2504 4828 2655 4921 est.)

1757 5006 2156 5025 -ᾑι

341 5146 534 5220 Egoin
548 5142 898 5200 Deinomine
916 5140 1091 5197 Wido
1116 5141 1297 5197 abbas
1320 5155 1387 5194 ex
1410 5138 1764 5195 monasterio
1786 5154 1915 5194 san-
1943 5144 1991 5210 Β
2020 5137 2143 5193 fieri
2176 5136 2347 5209 cupio
2392 5135 2666 5192 omnibus
2696 5138 2908 5191 sancta:
2940 5135 3038 5191 Dei
3073 5134 3339 5192 Ecclesia:
3373 5136 3667 5206 ﬁdelibus,

270 5236 351 5294 cti
378 5232 541 5290 Pauli
581 5230 1038 5298 Cormaricense,
1072 5244 1175 5285 seu
1218 5244 1288 5285 ex
1330 5225 1683 5283 monasterio
1730 5226 1916 5283 sancti

269 5320 588 5382 Salvatoris
616 5319 942 5392 Villalupw,
975 5319 1087 5375 sub
1116 5318 1245 5388 ejus
1275 5314 1595 5389 patrocinio
1639 5317 1914 5389 degente;

270 5427 500 5470 necnon
529 5426 599 5465 ex
628 5408 983 5464 monasterio
1014 5406 1201 5463 sancti
1233 5404 1383 5460 Petri
1408 5402 1811 5469 Ferrariensis,
1841 5406 1920 5458 at-

273 5518 389 5573 que
401 5516 470 5557 ex
482 5497 834 5554 monasterio
852 5495 1039 5553 sancti
1054 5493 1247 5551 Albini
1262 5492 1917 5559 Andecavensis,notum

1978 5252 1983 5257 ι
2025 5231 2148 5282 tam
2169 5224 2576 5297 praesentibus,
2592 5239 2768 5295 quam
2788 5223 3433 5296 futuris,qualiterlocis
3457 5225 3515 5281 in
3541 5241 3671 5283 meo

2026 5311 2307 5385 regimine
2323 5310 2782 5368 consistentibus
2804 5311 2963 5367 omni
2986 5312 3288 5368 alfectione
3308 5318 3482 5386 atque
3504 5331 3675 5370 cona-

2027 5403 2185 5457 mine
2206 5400 2505 5457 consulere
2527 5399 2719 5455 velim.
2736 5400 2851 5472 Ego
2872 5400 3161 5472 siquidem
3186 5402 3481 5472 quondam
3501 5402 3671 5458 bonis

2028 5490 2301 5548 omnibus
2340 5488 2606 5556 affluens,
2642 5488 3130 5561 prosperitatibus
3180 5489 3375 5547 saeculi
3421 5490 3673 5564 fulgens,
