4044 6176
292 186 473 291 ἐδδ

1428 233 1666 294 cunno
1707 232 1763 294 II
1803 232 2214 298 PODIENSIS
2260 201 2706 303 Episcopus.

3651 243 3783 306 35,,

353 368 565 447 cuncta
595 368 973 439 postponens,
993 362 1260 421 tirocinio
1280 362 1496 420 Christi
1518 379 1613 420 me
1633 361 2000 438 mancipans,
2029 369 2088 438 Α
2112 367 2400 441 ptionem,
2432 375 2499 429 ut
2527 371 2577 428 si
2608 371 2906 446 quispiam
2932 374 3157 448 aliquid
3187 374 3387 434 illicite
3416 380 3598 445 tenet,
3612 379 3807 451 quod:

354 454 750 513 monasticum
783 454 912 510 ideo
952 470 1194 510 sumens
1244 468 1393 508 onus
1429 468 1442 507 ξ
1478 451 1578 507 sed
1628 451 2009 511 saecularibus

355 544 712 618 praepeditus
743 543 1012 616 negotiis,
1048 543 1292 614 insuper
1320 540 1545 596 inimici
1588 541 2009 600 tentationibus

355 632 691 705 instigatus,
707 630 1071 686 multimodis
1086 633 1424 702 susceptum
1445 629 1836 684 monastieum
1860 630 2009 685 ordi-

356 738 489 777 nem
522 736 658 787 non,
694 722 757 774 ut
787 719 1047 787 decebat,
1073 718 1361 774 hactenus
1382 716 1806 784 custodivi,scd
1832 717 2009 790 pluri-

357 810 469 866 mis
487 807 972 864 interlabentibus
994 807 1184 880 culpis
1206 805 1861 880 przevaricavi.Deniquc
1883 805 2010 862 loca

353 898 415 955 in
432 913 560 954 meo
582 896 835 970 rgimine
857 896 1366 968 eonsistentia,qui
1390 896 1705 952 debueram
1729 896 1884 951 bona
1905 913 2008 968 pro

354 1004 528 1061 posse
549 986 816 1058 augendo
830 985 901 1040 ad
916 985 1158 1041 meliora
1173 984 1429 1057 provehi,
1447 983 1704 1056 plurima
1720 984 1857 1040 inde
1868 984 2006 1040 sub-

357 1076 617 1143 trahens,
636 1074 872 1147 quassiyi
889 1075 961 1130 ad
980 1074 1099 1130 ima
1115 1074 1488 1130 relabi.Nunc
1500 1089 1633 1128 vero
1646 1072 2009 1145 paenitudine

360 1167 590 1233 ductus,
612 1164 764 1238 quod
790 1164 985 1220 minus
1006 1165 1221 1237 peregi,
1242 1164 1513 1236 supplere
1532 1162 2009 1234 cupio.Hortante

360 1271 590 1329 quoque
618 1253 870 1311 Widone
913 1252 1204 1326 episcopo,
1240 1250 1526 1309 avunculo
1571 1267 1722 1320 meo,
1757 1267 1862 1307 nec
1891 1267 2007 1306 non

360 1341 559 1401 domui
590 1341 819 1411 abbatis
850 1336 1119 1415 Hycmari
1142 1340 1422 1415 impulsu,
1438 1340 1580 1414 quin
1601 1339 1796 1414 potius
1815 1338 2009 1397 divino

359 1432 895 1501 instinctu,terram
928 1448 1105 1504 quam
1137 1431 1206 1487 de
1228 1428 1656 1502 hisloeis,prob
1672 1426 1862 1485 nefas!
1886 1445 2009 1486 sus-

358 1517 485 1590 tuli,
520 1521 770 1595 benigno
803 1521 997 1579 animo
1028 1520 1144 1577 iliis
1176 1520 1354 1578 reddo
1381 1537 1392 1575 :
1419 1519 1643 1592 fecique
1692 1519 1845 1575 hanc
1867 1517 2008 1574 scri-

2117 473 2224 532 ego
2247 458 2298 514 ei
2332 459 2590 533 maligno
2621 462 2969 534 depravatus
2988 464 3233 522 consilio
3254 466 3629 539 contuli,jam
3654 485 3774 524 non

2118 548 2331 604 audeat
2360 550 2628 607 retinere.
2660 551 2777 607 Hoc
2822 569 3053 625 quoque
3102 554 3389 627 scriptum
3440 556 3607 612 fratri
3642 574 3775 614 meo

2118 637 2393 694 Gaufrido
2422 638 2858 696 Andecavorum
2887 644 3087 698 comiti
3118 644 3323 711 direxi,
3356 645 3458 717 qui
3499 649 3779 718 gratante

2118 726 2315 782 animo
2345 745 2480 783 eum
2512 746 2690 784 manu
2714 732 2951 804 propria
2970 732 3512 802 firmavitﬁdelium
3537 752 3779 808 quoque

2119 816 2394 873 manibus
2425 818 2818 875 roborandum
2848 836 2977 876 esse
3007 821 3543 897 dccrevit.Signum
3566 825 3777 880 domui

2117 905 2389 963 Widonis
2422 908 2673 974 abbatis,
2706 908 2807 980 qui
2835 909 2987 966 hanc
3017 910 3332 967 editionem
3380 913 3502 968 fieri
3544 914 3778 986 jussit;

2119 995 2177 1051 S.
2214 996 2479 1052 Widonis
2529 998 2804 1070 episcopi,
2841 998 2899 1055 S.
2932 998 3135 1055 domui
3184 1000 3461 1074 Hyumari
3514 1003 3779 1071 abbatis,

2118 1085 2175 1142 S.
2211 1085 2438 1159 Neﬁngi
2470 1086 2748 1159 episcopi,
2783 1088 2876 1143 Fr.
2899 1088 3068 1144 Wido
3099 1105 3277 1145 manu
3311 1091 3548 1164 propria
3580 1093 3786 1148 ﬁrma-

2096 1176 2220 1243 .vit,
2248 1175 2306 1231 S.
2341 1175 2617 1232 Gaufredi
2647 1177 2901 1246 comitis,
2935 1178 2993 1234 S.
3028 1178 3371 1247 Marcoardi,
3393 1179 3451 1237 S.
3474 1180 3780 1251 Raiualdi,

2120 1265 2175 1320 S.
2221 1264 2462 1333 Warini,
2513 1265 2572 1322 S.
2623 1265 2915 1336 Widonis,
2966 1267 3025 1323 S.
3078 1265 3350 1333 Guatoni,
3404 1269 3463 1326 S.
3529 1269 3781 1338 Odonis,

2120 1354 2178 1411 S.
2212 1353 2526 1428 Odolgarii,
2555 1355 2614 1413 S.
2650 1354 2900 1424 Griferii,
2936 1356 2994 1415 S.
3030 1356 3372 1426 Burcbardi,
3396 1358 3454 1420 S.
3478 1357 3779 1432 Ernegisi,

2119 1449 2177 1500 et
2208 1443 2457 1501 aliorum
2487 1461 2580 1505 xv.

1421 1848 1566 1941 DE
1628 1844 2090 1933 CHARTA
2149 1842 2708 1932 GUIDONIS

1570 2051 1700 2127 Qua
1732 2050 2030 2131 Treugam
2060 2047 2179 2111 Dei
2202 2049 2580 2130 conﬁrmavit

1856 2227 2016 2298 (Gali.
2051 2226 2277 2295 Christ.)

1854 2378 2253 2405 ὴ

434 2519 567 2579 Fuit
595 2519 682 2575 vir
713 2518 953 2593 quidam
980 2534 1049 2575 ex
1096 2517 1278 2575 nobili
1332 2519 1687 2576 Francorum
1736 2516 2013 2590 progenie
2038 2514 2090 2585 B
2117 2512 2203 2573 eis
2228 2513 2401 2588 quale
2429 2515 2541 2572 sibi
2574 2516 2647 2572 de
2687 2515 2945 2588 regenda
2991 2530 3132 2588 pace
3181 2515 3389 2577 darent
3434 2515 3779 2577 consilium.

366 2600 553 2679 ortus,
589 2607 778 2666 Guido
814 2607 1074 2675 uomiue,
1107 2608 1228 2681 qui,
1261 2605 1623 2681 providentia
1669 2605 1772 2663 Dei
1818 2605 2013 2677 dispo-

364 2703 563 2791 nente,
590 2698 844 2764 traditus
871 2715 907 2754 a
935 2696 1281 2771 parentibus
1310 2695 1638 2791 litterarum
1669 2694 1905 2791 studiis,
1919 2711 2013 2752 re-

362 2788 517 2847 lictis
538 2783 928 2846 'saacularibus
958 2785 1211 2860 pompis,
1244 2785 1572 2843 monachus
1600 2784 1791 2842 factus
1808 2783 1869 2840 in
1901 2802 2013 2840 ca:-

362 2880 538 2937 nobio
569 2877 725 2952 quod
761 2879 1004 2932 vocatur
1050 2874 1435 2942 Cormarium,
1468 2873 1714 2930 viriliter
1744 2873 2015 2930 militavit

360 2969 444 3026 ibi
478 2967 587 3027 sub
618 2964 822 3039 regula
866 2963 1054 3020 sancti
1107 2964 1423 3019 Benedicti.
1454 2964 1623 3019 Patre
1672 2978 1806 3019 vero
1853 2962 2013 3027 illius

364 3054 707 3117 monasterii
740 3053 1030 3126 migrante
1061 3069 1131 3106 ex
1160 3051 1270 3108 hac
1309 3050 1466 3119 luee,‘
1490 3051 1738 3108 fratrum
1769 3068 2012 3108 concor-

363 3146 539 3203 dante
569 3155 882 3209 cousensu,
917 3139 1099 3195 abbas
1131 3138 1352 3195 ibidem
1382 3138 1634 3212 eligitur,
1659 3142 1832 3211 atque
1843 3140 2014 3211 juxta

364 3216 588 3290 morem
619 3227 969 3286 canonicum
1000 3226 1383 3284 benedicitur.
1417 3226 1783 3284 Sublimatus
1813 3233 2012 3284 autem

364 3323 449 3381 ita
476 3320 649 3379 bonis
679 3316 847 3374 fulsit
875 3316 1161 3383 moribus,
1194 3320 1263 3371 ut
1304 3317 1480 3372 etiam
1532 3317 1689 3373 fama
1733 3315 2012 3374 bonitatis

361 3406 493 3484 ejus
522 3407 848 3483 perveniret
876 3406 949 3462 ad
987 3422 1161 3462 aures
1209 3404 1362 3478 regis
1409 3406 1684 3473 Francia,
1715 3407 1885 3479 cujus
1915 3426 2013 3465 rex

362 3499 519 3557 idem
551 3495 789 3554 innixus
820 3493 1088 3562 consilio,
1121 3493 1471 3566 disponebat
1502 3495 1656 3567 quod
1704 3495 1851 3552 bene
1882 3495 2009 3571 pla-

362 3586 546 3643 citum
576 3589 702 3641 erat
728 3583 866 3653 Deo,
897 3586 964 3639 ut
1010 3581 1156 3638 utile
1204 3581 1441 3656 populo.
1473 3584 1596 3650 Quo
1643 3582 1703 3639 in
1750 3588 2012 3658 tempore

358 3672 651 3743 Aniciensi
681 3671 925 3730 ecclesia
952 3670 1195 3727 viduata
1236 3687 1344 3727 suo
1393 3670 1674 3740 antistite,
1707 3690 1741 3728 a
1770 3672 1922 3729 clero
1953 3678 2011 3730 et

358 3763 642 3839 populo...
677 3759 1036 3819 unanimiter
1079 3758 1256 3832 legati
1305 3759 1623 3816 mittuntur
1667 3761 1739 3816 ad
1788 3778 2006 3836 regem,

358 3858 425 3910 ut
449 3854 613 3911 daret
637 3849 755 3908 illis
784 3848 1170 3907 utilissimum
1201 3852 1519 3921 pastorem,
1554 3850 1858 3923 praefatum
1891 3851 2009 3907 sci-

347 3942 484 3999 licet
512 3942 808 4006 abbatem,
834 3939 929 3994 cui
960 3942 1085 3994 erat
1114 3937 1294 3993 frater
1338 3953 1656 4010 germanus
1706 3938 2001 3995 nobilissi-

350 4048 488 4088 mus
518 4046 714 4086 comes
764 4027 1103 4093 Gaufridus,
1136 4030 1525 4099 cognomento
1576 4026 1996 4100 Grisagenella.

349 4118 514 4176 Unde
545 4133 645 4172 rex
677 4115 929 4171 nimium
954 4114 1216 4187 gavisus,
1252 4131 1597 4183 convocans,
1631 4114 1881 4172 electum
1911 4108 1999 4172 vi—

346 4223 502 4273 rum,
532 4203 717 4262 multa
743 4219 914 4275 prece
937 4202 1168 4258 monuit
1190 4218 1344 4270 eum,
1362 4208 1706 4277 ut,pergcns
1728 4205 1994 4273 Pedium,

344 4297 509 4353 ﬁeret
542 4295 621 4349 ibi
656 4292 989 4349 animarum
1035 4295 1238 4364 pastor
1267 4291 1402 4359 sibi,
1431 4297 1488 4347 et
1517 4292 1730 4366 populo
1781 4292 1996 4350 fidelis-

342 4385 531 4443 simus
591 4384 954 4456 procurator.
998 4380 1131 4435 Haac
1187 4379 1285 4436 ille
1343 4380 1610 4449 audiens,
1662 4399 1767 4438 nec
1821 4383 1997 4440 citius

342 4466 740 4542 consentiens,
773 4485 907 4541 rege
938 4473 1181 4542 cogente
1210 4467 1351 4525 velit
1391 4468 1558 4538 nolit,
1593 4471 1870 4531 fratribus
1898 4489 1995 4528 va-

340 4561 619 4629 ledicens,
653 4558 912 4632 sumptis
943 4558 1079 4617 inde
1107 4556 1307 4625 sociis,
1342 4575 1476 4615 cum
1507 4559 1709 4616 missis
1735 4560 1996 4618 Anician-

342 4651 511 4709 sibus
540 4651 651 4707 iter
678 4648 1036 4722 aggreditur.
1053 4648 1172 4704 Hoc
1186 4647 1406 4704 factum
1431 4648 1734 4705 audientes
1755 4650 1995 4708 Pontius

345 4756 411 4799 ac
443 4737 798 4796 Bertrandus
830 4738 960 4810 ejus
1010 4740 1276 4809 nepotes,
1304 4737 1631 4809 Aquitania:
1681 4736 1995 4795 clarissimi

344 4827 637 4896 consules,
666 4843 800 4883 cum
834 4831 1021 4883 matre
1042 4842 1246 4883 eorum
1266 4825 1543 4885 Adelaide
1565 4842 1761 4882 sorore
1783 4826 1990 4901 ipsius,

341 4919 630 4974 venerunt
658 4915 711 4972 ei
742 4913 993 4981 obviam,
1028 4932 1089 4970 se
1120 4918 1177 4971 et
1207 4930 1317 4972 sua
1345 4914 1397 4971 ei
1427 4914 1666 4983 dantes;
1697 4930 1831 4971 cum
1865 4916 1991 4989 qui-

343 5006 457 5064 bus
488 5005 732 5062 Podium
764 5005 1086 5078 ingressus,
1114 5004 1182 5059 fit
1212 5003 1263 5059 ei
1297 5019 1511 5076 magna
1549 5005 1842 5076 processio
1871 5004 1995 5062 cle-

341 5094 620 5161 ricorum,
682 5092 750 5149 ﬁt
805 5091 1046 5165 grandis
1103 5091 1413 5148 exsultatio
1471 5091 1775 5162 laicorum,
1834 5095 1992 5166 quod

341 5182 499 5241 Deus
528 5181 615 5239 eis
644 5180 819 5237 talem
847 5184 1161 5251 patronum
1209 5180 1489 5236 dedisset.
1523 5181 1846 5237 Pontiﬁcali
1876 5183 1989 5256 igi-

338 5262 726 5329 turcathedra
736 5267 1115 5337 sublimatus,
1128 5268 1393 5342 cogitans
1410 5268 1643 5326 assidue
1655 5271 1725 5326 de
1736 5273 1989 5329 tenenda

2124 2606 2255 2679 Ipse
2281 2622 2417 2662 vero
2445 2604 2601 2677 apud
2632 2604 3031 2662 Brivatensem
3060 2603 3257 2661 vicum
3304 2602 3620 2677 nepotibus
3652 2606 3779 2663 suis

2124 2695 2417 2752 mandans
2445 2709 2802 2767 congregare
2826 2693 3171 2759 exercitum,
3222 2692 3501 2751 omnibus
3532 2693 3606 2752 de
3637 2712 3781 2768 pon-

2124 2783 2348 2841 tificatu
2380 2800 2488 2840 suo
2528 2782 2873 2840 coadunatis
2913 2783 2972 2838 in
3022 2798 3231 2852 unum,
3264 2782 3325 2839 in
3372 2786 3540 2856 prata
3586 2784 3776 2841 sancti

2123 2872 2398 2930 Germani
2429 2889 2557 2945 quae
2588 2876 2728 2929 sunt
2754 2888 2934 2946 prope
2981 2870 3249 2940 Pedium,
3284 2870 3551 2945 quasivit
3581 2873 3656 2928 ab
3691 2873 3776 2929 eis

2122 2967 2189 3018 ut
2219 2978 2423 3035 pacem
2454 2961 2777 3029 firmarent,
2810 2977 2903 3018 res
2942 2974 3269 3034 pauperum
3301 2965 3359 3017 et
3389 2960 3774 3019 ecclesiarum

2123 3068 2239 3106 non
2288 3049 2706 3123 opprimerent,
2756 3049 2953 3111 ablata
3009 3049 3339 3118 redderent,
3372 3055 3437 3107 ut
3480 3050 3590 3120 sic,
3620 3052 3777 3108 sicut

2123 3140 2288 3196 decet
2313 3138 2928 3207 ﬁdeles.Christianos,
2953 3138 3035 3195 ita
3066 3152 3127 3195 se
3158 3138 3472 3208 haberent;
3499 3142 3657 3213 quod
3691 3140 3774 3197 illi

2123 3228 2529 3302 dedignantes,
2550 3227 2735 3300 jussit
2762 3226 3079 3285 exercitum
3120 3244 3296 3284 suum
3327 3244 3361 3284 a
3390 3227 3623 3286 Brivate
3652 3235 3774 3287 tota

2122 3321 2288 3373 nocte
2313 3318 2509 3375 venire
2540 3333 2734 3387 mane,
2760 3316 2962 3374 volens
2990 3332 3090 3373 eos
3141 3315 3542 3390 constringere
3573 3323 3641 3375 ut
3670 3336 3769 3392 pa-

2121 3422 2247 3463 cem
2271 3407 2560 3478 jurarent,
2588 3410 2648 3463 et
2676 3422 2780 3479 pro
2811 3404 2940 3479 ipsa
2968 3406 3223 3463 tenenda
3265 3404 3500 3463 obsides
3542 3407 3766 3476 darent,

2119 3513 2258 3552 rura
2286 3499 2344 3552 et
2371 3494 2613 3552 castella
2651 3495 2832 3551 beatae
2877 3494 3093 3563 Marias,
3127 3500 3185 3550 et
3214 3510 3307 3550 res
3337 3493 3769 3553 ecclesiasticas

2119 3601 2269 3657 quas
2299 3589 2635 3658 rapuerant,
2660 3583 3059 3652 dimitterent;
3092 3584 3249 3656 quod
3274 3584 3498 3640 factum
3522 3585 3638 3641 fuit
3657 3586 3767 3642 Deo

2119 3673 2455 3730 auxiliante.
2477 3673 2796 3746 Postquam
2815 3689 2948 3730 vero
2978 3672 3135 3729 Deus
3164 3671 3537 3745 omnipotens
3559 3679 3771 3731 cuncta

2118 3763 2232 3819 sibi
2281 3761 2625 3835 subjiciens,
2658 3763 2819 3818 dedit
2863 3762 2917 3820 ei
2966 3761 3345 3835 tranquillam
3392 3766 3452 3820 et
3499 3778 3769 3821 serenam

2119 3869 2344 3924 pacem,
2372 3851 2710 3909 convocavit
2738 3852 2991 3923 majores
3020 3850 3309 3919 Ecclesiae,
3340 3850 3543 3908 dicens
3574 3853 3773 3910 volun-

2090 3966 2093 3969 ·
2114 3944 2295 3999 tatem
2327 3956 2497 3996 suam
2529 3956 2658 3997 esse
2676 3944 2742 3995 ut
2758 3939 2952 3996 clerici
2968 3939 3187 3997 ibidem
3203 3940 3318 3996 Deo
3337 3940 3666 3999 servientes
3681 3943 3773 4000 ha-

2109 4029 2313 4085 berent
2342 4029 2735 4085 communiter
2753 4027 2973 4084 victum
2993 4033 3052 4085 et
3066 4028 3342 4086 vestitum
3365 4028 3766 4100 sufﬁcienter;

2107 4114 2215 4170 hac
2232 4116 2303 4171 de
2319 4132 2378 4171 re
2399 4132 2577 4172 causa
2600 4116 2880 4188 bipertita
2899 4115 3191 4173 oblatione
3206 4116 3412 4174 altaris
3433 4118 3627 4174 beata:
3650 4120 3769 4176 Ma-

2106 4203 2224 4273 rize,
2259 4204 2421 4260 dedit
2452 4221 2629 4259 unam
2653 4208 2880 4276 partem
2899 4204 3199 4261 canonicis
3232 4205 3348 4262 Deo
3372 4207 3584 4278 et‘ejus
3604 4210 3775 4281 geni-

2105 4291 2235 4348 trici
2269 4292 2658 4350 servientibus
2684 4312 2697 4361 ;
2729 4293 2974 4350 alteram
3003 4310 3137 4351 vero
3164 4295 3477 4351 reservavit
3497 4297 3629 4354 suis
3652 4299 3769 4355 usi-

2103 4382 2236 4439 bus.
2270 4382 2554 4438 Praeterea
2601 4397 2736 4438 cum
2788 4384 3024 4439 Truano
3073 4383 3317 4453 decano,
3348 4384 3575 4456 optimo
3621 4388 3762 4455 viro,

2105 4487 2318 4544 magno
2368 4470 2622 4551 ingenio,
2656 4471 2793 4527 fecit
2838 4471 3016 4527 incidi
3069 4488 3275 4546 rupem
3325 4488 3505 4544 quam
3554 4482 3764 4532 vocant

2103 4560 2409 4617 Arculeam
2428 4559 2518 4630 (de
2538 4560 2836 4632 l’A‘iguiltc)
2854 4560 2916 4616 in
2933 4561 3025 4631 cui
3034 4577 3103 4617 us
3125 4560 3432 4618 cacumine
3452 4561 3763 4621 aediﬁcavit

2103 4650 2409 4707 ecclesiam
2438 4648 2499 4704 in
2530 4648 2811 4705 honorem
2842 4648 2998 4705 beati
3048 4648 3351 4706 Michaelis
3399 4650 3759 4721 dedicatam,

2103 4732 2574 4810 quam'similiter
2594 4752 2730 4794 cum
2751 4736 2985 4810 magnis
3004 4738 3415 4812 appendentiis
3436 4739 3602 4796 dedit
3622 4756 3762 4815 pra-

2102 4826 2274 4885 dictis
2304 4826 2602 4884 canonicis
2627 4825 3032 4904 (clericis).His
3062 4827 3145 4883 ita
3173 4827 3517 4902 compositis
3561 4831 3763 4888 divina

2100 4916 2425 4988 inspirante
2456 4914 2789 4983 clementia,
2824 4916 2967 4971 dum
3001 4917 3256 4975 domnus
3300 4917 3490 4975 Guido
3541 4924 3758 4976 sancta:

2101 5004 2460 5061 Vallavensis
2472 5003 2726 5061 ecclesia:
2740 5021 2992 5077 superno
3006 5009 3151 5060 nutu
3165 5005 3496 5079 episcopus,
3506 5007 3762 5066 sollicita

2097 5093 2543 5169 investigatione
2572 5093 2790 5149 mentis
2811 5111 3024 5151 arcano
3046 5109 3250 5169 secum
3269 5094 3593 5152 discuteret
3612 5114 3758 5168 qua-

2098 5181 2231 5240 liter
2258 5181 2535 5255 pastorali
2566 5181 2758 5239 oflieio
2788 5200 2821 5238 a
2854 5182 2970 5239 Deo
3000 5180 3112 5239 sibi
3146 5180 3463 5240 commisso
3491 5184 3567 5239 ad
3594 5184 3758 5241 utili-

2014 5257 2063 5324 D
2097 5276 2216 5329 tem
2255 5287 2501 5327 suarum
2543 5269 2948 5344 ecclesiarum,
2978 5272 3081 5329 seu
3113 5271 3541 5342 cinndbio'rum,
3572 5277 3752 5346 atque

340 5378 500 5434 pace,
526 5361 598 5416 de
620 5360 794 5417 rebus
814 5357 1080 5415 Ecclesia:
1098 5375 1247 5430 quas
1264 5358 1312 5412 vi
1333 5357 1704 5414 abstulerunt
1723 5363 1985 5431 raptores
2093 5361 2300 5418 animus
2339 5377 2458 5417 suae
2507 5360 2852 5433 profectum,
2885 5364 2939 5417 et
2988 5361 3217 5418 casteria
3267 5377 3399 5443 qua
3446 5362 3749 5433 prmulati

337 5449 517 5522 hujus
545 5453 710 5505 terra:
734 5447 917 5520 jussit
947 5452 1013 5503 ut
1047 5464 1251 5504 omnes
1300 5447 1518 5503 milites
1563 5464 1629 5503 ac
1677 5449 1880 5505 rustici
1913 5451 1983 5507 de
2092 5467 2242 5505 cura:
2274 5464 2591 5521 congruere
2629 5448 2924 5519 videntur,
2956 5449 3049 5505 die
3098 5452 3393 5522 noctuque
3440 5449 3747 5523 invigilare

338 5537 675 5610 episcopatu
707 5552 815 5619 suo
845 5536 1218 5594 convenirent
1249 5536 1308 5592 in
1341 5552 1547 5606 unum,
1566 5536 1875 5595 auditurus
1908 5540 1980 5596 ab
2090 5539 2346 5606 deberet,
2377 5536 2759 5610 semetipsum
2787 5552 2923 5610 erga
2953 5537 3013 5594 id
3045 5537 3221 5596 ofﬁcii
3255 5539 3315 5595 in
3338 5536 3546 5595 multis
3564 5539 3741 5597 offen-
