4044 6176
231 320 345 386 869

1780 323 2081 386 PASSIO.

3514 330 3633 390 8'70

231 454 413 513 milite
444 456 559 513 huc
586 454 1053 525 venerat,volens
1069 458 1869 526 ultumiredamnavictoriaa,
1904 459 1960 524 Α
1989 455 2209 529 plumis
2240 462 2295 513 et
2323 463 2478 515 ostro
2510 460 2734 531 rigidus
2764 460 2826 527 ον,
2861 460 2951 516 die
2983 460 3182 518 oculos
3214 461 3517 517 hominum
3541 479 3635 533 pa-

231 546 328 601 sed
364 546 652 615 nesciens,
686 545 825 620 quia
864 565 1024 605 mors
1068 565 1203 605 eum
1253 548 1517 622 proxima
1545 547 1759 621 pulsat.
1793 546 1878 602 Ad

229 634 385 689 hunc
413 650 553 707 ergo
583 634 921 691 Sclavonica
946 637 993 673 7°
1022 654 1234 693 manus
1274 637 1542 709 perrexit,
1577 636 1767 692 ferens
1797 634 1877 691 le-

229 722 524 795 gationem
556 724 627 780 de
659 728 822 797 parte
851 726 896 760 ⁸ο
927 726 1115 793 ducis,
1149 731 1207 782 et
1237 725 1447 781 obtulit
1476 725 1725 781 electum
1759 723 1877 795 epi-

230 828 497 883 scopum,
530 829 743 886 rogans
775 812 904 883 ejus
937 831 1116 869 manu
1157 813 1496 887 popularem
1545 811 1877 869 confirmari

229 900 597 955 electionem.
622 900 744 955 Non
779 903 979 958 minus
1012 903 1328 975 imperator
1357 920 1555 957 eorum
1580 902 1765 975 dignm
1791 916 1883 973 pe-

230 988 432 1045 ticioni
464 988 871 1061 adquiescens,
907 992 1010 1046 dat
1040 992 1091 1046 ei
1125 991 1478 1062 pastoralem
1511 991 1766 1064 virgam;
1801 995 1877 1056 et,

231 1079 403 1150 cujus
434 1077 840 1151 suﬁ‘raganeus
864 1084 1009 1147 erat,
1036 1080 1369 1151 Mogontino
1403 1078 1797 1151 archiprrcsuli
1822 1078 1881 1132 in

230 1166 574 1240 eplscopum
603 1166 815 1222 direxit
856 1170 1338 1225 consecrandum.
1373 1168 1755 1223 Consecratus
1789 1166 1883 1222 ille

231 1255 383 1328 (Jun.
396 1254 488 1325 29)
502 1255 649 1310 festo
661 1256 984 1313 amicorum
998 1257 1284 1313 domiuini
1298 1256 1478 1312 nostri
1493 1257 1523 1312 J
1530 1273 1631 1311 esu
1648 1255 1881 1323 Christi,

232 1344 387 1401 Petri
418 1348 475 1401 et
505 1342 688 1411 Pauli,
723 1344 910 1400 multo
944 1346 1222 1402 comitatu
1274 1345 1498 1418 equitat
1547 1346 1606 1400 in
1654 1344 1884 1401 dulcem

232 1431 504 1506 patriam.
540 1433 741 1505 Equus
771 1439 969 1490 autem
1004 1435 1173 1507 cujus
1212 1439 1371 1507 tergo
1423 1434 1734 1501 insederat,
1772 1449 1885 1488 non

232 1537 399 1578 more
429 1521 803 1578 frementium
835 1540 1118 1596 equorum
1147 1540 1247 1579 nec
1272 1524 1533 1596 properis
1551 1525 1593 1558 δι
1616 1523 1885 1578 cursibus

230 1609 633 1685 gradiebatur,
658 1628 847 1684 neque
879 1629 1019 1667 auro
1050 1617 1105 1668 et
1129 1616 1367 1685 argento
1390 1618 1582 1686 portat
1605 1612 1888 1685 fulgentia

230 1699 429 1767 frena;
464 1699 565 1755 sed
598 1699 656 1753 in
689 1700 978 1755 rusticum
1032 1717 1252 1757 morem
1284 1706 1434 1757 torta
1465 1718 1681 1773 canape
1714 1704 1757 1735 ⁸³
1788 1718 1889 1757 ora

232 1785 501 1853 strictus,
527 1786 765 1844 incessit
797 1788 869 1844 ad
902 1789 1210 1844 arbitrium
1245 1790 1775 1846 serlentis.\'entum
1800 1794 1889 1844 est

232 1875 309 1930 ad
343 1880 608 1931 sanctam
640 1876 931 1934 civitatem
966 1879 1507 1951 Pragam,ubi,dux
1538 1879 1825 1950 prtecluus
1845 1879 1890 1913 ⁸³

230 1962 621 2019 Wencezlaus
652 1966 697 1999 ⁸⁸
728 1966 1023 2037 quondam
1067 1983 1309 2039 regnum
1360 1967 1565 2033 tenuit,
1599 1983 1663 2021 ac
1698 1966 1753 2020 in
1789 1966 1888 2021 Dei

231 2052 477 2108 servitio
506 2052 692 2108 vivere
726 2070 899 2108 suum
934 2055 1161 2127 egregie
1193 2055 1493 2128 perduxit;
1528 2061 1728 2126 postea
1759 2071 1889 2110 vero

230 2141 353 2197 sub
380 2139 544 2214 impii
579 2141 774 2197 fratris
804 2143 955 2197 ferro
997 2142 1190 2198 nobile
1224 2144 1567 2217 martyrium
1615 2160 1888 2198 consum-

232 2243 413 2286 mans
442 2229 509 2297 “5,
530 2229 858 2286 manifestis
888 2231 1114 2288 inditiis
1137 2248 1201 2286 ac
1228 2232 1562 2305 ingentibus
1588 2249 1771 2305 usque
1795 2233 1891 2288 ho-

232 2318 336 2375 die
366 2318 666 2374 miraculis
697 2337 805 2375 sua
846 2320 1056 2376 merita
1101 2321 1325 2393 probat.
1364 2321 1445 2377 lbi
1479 2326 1605 2376 tum
1630 2323 1675 2357 ⁸⁸
1707 2338 1891 2377 novus

229 2407 339 2463 ille
365 2406 622 2481 pontifex
648 2408 839 2464 vincla
865 2408 1081 2481 pedum
1105 2407 1528 2476 solvens,nudo
1549 2410 1694 2482 pede
1713 2411 1893 2465 intrat

230 2496 485 2564 urbem;
517 2495 653 2553 hinc
682 2496 891 2552 humili
921 2502 980 2553 et
1000 2497 1248 2554 contrito
1270 2499 1441 2554 corde
1462 2499 1741 2555 orationis
1754 2500 1894 2571 jura

230 2584 599 2659 persolvens,
633 2601 847 2658 magno
879 2586 1093 2660 gaudio
1124 2586 1338 2643 civium
1371 2587 1762 2661 episcopalem
1795 2605 1890 2645 ca-

228 2674 512 2730 thedram
542 2673 799 2730 obsedit.

310 2762 367 2817 9.
397 2762 538 2818 Erat
562 2766 759 2818 autem
808 2764 1036 2820 cunctis
1085 2765 1285 2821 ciebus
1336 2767 1716 2837 pontificatus
1768 2766 1890 2838 epi-

229 2850 426 2923 scopii
457 2850 550 2907 sui
574 2852 678 2924 pia:
711 2869 777 2907 ac
820 2853 1068 2910 ﬁdeliter
1116 2855 1371 2911 serviens
1417 2855 1685 2923 Domino,
1720 2857 1818 2911 sed
1848 2856 1893 2890 ⁸⁷

229 2936 429 2993 multo
476 2941 737 3010 tempore
763 2939 808 2973 ⁸⁸
839 2956 906 2995 ac
953 2941 999 2975 '9
1039 2941 1363 3014 inproficuo
1391 2945 1436 2978 ⁹⁰
1464 2944 1659 3007 labore
1709 2944 1892 3001 chris-

228 3024 530 3082 tianitatis
574 3042 839 3083 normam
874 3045 1146 3086 exercens
1195 3032 1251 3086 in
1302 3033 1536 3105 populo.
1571 3033 1683 3089 Res
1713 3033 1893 3091 cccle-

229 3113 512 3172 siasticas
543 3115 654 3171 sub
685 3132 851 3188 aequa
892 3117 1174 3173 divisione
1222 3120 1521 3176 distribuit
1552 3122 1610 3175 in
1644 3127 1896 3193 quatuor

230 3208 475 3278 partes;
507 3202 758 3277 primam
790 3210 1016 3278 partem
1049 3224 1152 3278 pro
1197 3210 1542 3264 necessariis
1590 3210 1677 3264 vel
1725 3229 1892 3268 orna-
1921 3196 1963 3262 C

230 3293 406 3349 tibus
462 3291 751 3362 ecclesiae;
800 3295 1119 3351 secundam
1180 3299 1591 3354 canonicorum
1635 3302 1701 3368 9‘,
1734 3317 1890 3356 com-

232 3380 633 3437 moditatibus
660 3383 706 3417 ⁹²
735 3384 1074 3456 asscripsit;
1106 3387 1347 3441 terciam
1398 3404 1527 3443 vero
1567 3388 1625 3442 in
1659 3389 1894 3461 agmina

232 3484 571 3542 pauperum
602 3469 827 3541 proﬂua
865 3464 1237 3530 miseratione
1285 3476 1635 3547 expendens,
1672 3476 1889 3533 ultimae

229 3557 430 3632 partis
474 3558 837 3614 summulam
897 3577 999 3632 pro
1059 3563 1183 3617 suis
1240 3564 1443 3618 usibus
1500 3570 1708 3621 servat.
1744 3566 1889 3620 Prm-

226 3652 399 3703 terea
426 3647 472 3682 ⁸³
499 3646 661 3703 omni
709 3648 802 3703 die
851 3649 997 3705 festo
1055 3649 1342 3721 plurimos
1373 3652 1417 3685 9‘
1453 3668 1736 3724 pauperes
1784 3653 1891 3708 eli-

225 3734 591 3792 mosinarios
620 3737 666 3771 9⁵
694 3737 766 3793 ad
794 3737 1206 3793 misericordiae
1239 3756 1415 3812 opera
1443 3746 1773 3812 vocat,quae
1806 3742 1892 3799 eis

220 3825 598 3881 necesssaria
623 3829 791 3882 erant
819 3827 1095 3883 affluente
1126 3829 1294 3901 copia
1344 3828 1705 3886 ministrans.
1745 3830 1889 3887 Item

221 3912 545 3971 cotidianis
577 3913 786 3970 diebus
819 3919 906 3970 ter
936 3921 1253 3988 quaternos
1281 3918 1394 3987 (33)
1426 3918 1640 3973 habere
1681 3919 1888 3975 solitus

221 4005 375 4069 erat,
410 4017 558 4074 quos
590 4002 650 4057 in
682 4001 985 4075 apostolici
1035 4005 1290 4061 nominis
1341 4006 1623 4062 honorem
1656 4008 1803 4081 dape
1833 4013 1890 4063 et

222 4092 376 4161 potu
409 4088 592 4145 saciat
616 4090 663 4126 “
693 4090 842 4147 Raro
876 4096 1072 4148 autem
1107 4097 1268 4148 extra
1314 4095 1528 4150 festum
1580 4094 1816 4168 aliquod
1845 4098 1888 4132 ⁸⁷

222 4176 522 4233 viditeum
536 4179 897 4236 meridianus
910 4179 995 4236 sol
1009 4182 1480 4250 manducantem,
1497 4187 1552 4238 ct
1565 4200 1886 4256 numquam

222 4264 428 4321 media
457 4282 571 4322 nox
600 4283 811 4324 somno
844 4267 1270 4342 indulgentem.
1298 4269 1421 4325 Stat
1441 4269 1628 4327 lectus
1658 4273 1889 4345 paleis“

1988 563 2189 615 seens;
2223 551 2387 604 nocte
2415 564 2549 603 vero
2580 553 2681 604 aut
2707 548 2914 605 habuit
2952 550 3189 606 fratrem
3241 550 3635 607 Gaudentium

1989 638 2089 691 aut
2119 653 2335 691 caseum
2366 640 2568 692 natum
2603 638 2691 705 ¹⁰⁰,
2722 642 2885 693 extra
2914 655 3061 711 quos
3090 656 3196 695 suo
3215 638 3639 695 eubiliamicis-

1989 724 2138 780 sima
2193 726 2588 781 familiaritate
2637 727 2899 797 junctos,
2949 731 3005 783 et
3051 745 3111 783 se
3159 728 3429 794 tercium,
3464 745 3636 784 nemo

1989 818 2234 885 quartus
2258 815 2589 870 recubuitin
2606 834 2721 871 una
2735 817 2928 871 domo.
2944 815 3058 889 Ipsi
3070 833 3203 871 vero
3216 818 3371 872 nuda
3395 815 3637 897 humus,

1988 902 2072 957 vel
2110 902 2233 958 lene
2265 905 2327 939 ¹⁰¹
2360 904 2631 971 cilitium,
2666 909 2721 959 ct
2751 905 2902 976 lapis
2932 923 3034 977 pro
3085 906 3291 977 capitis
3344 910 3634 960 sustenta-

1992 991 2143 1058 culo,
2189 1010 2464 1047 somnum
2520 993 2758 1048 dabant.
2796 994 3130 1065 Numquam
3190 998 3390 1048 saturo
3437 998 3637 1049 ventre

1990 1079 2089 1134 ivit
2123 1080 2189 1114 ¹⁰²
2217 1080 2555 1145 dormitum,
2579 1084 2635 1135 et
2666 1081 2927 1135 nondum
2962 1080 3186 1152 expleto
3218 1081 3638 1153 sopore,surgit

1994 1170 2065 1223 ad
2090 1168 2271 1224 solita:
2303 1169 2584 1224 orationis
2613 1169 2887 1225 convivia.
2927 1170 3148 1242 Corpus
3178 1186 3311 1224 vero
3340 1174 3398 1225 et
3434 1186 3638 1242 corpo-

1993 1259 2075 1313 ris
2121 1257 2411 1313 incentiva
2452 1258 2753 1314 acerrimis
2796 1259 3096 1314 attriverat
3136 1258 3402 1330 jejuniis,
3437 1275 3542 1314 nec
3573 1258 3640 1294 ¹⁰³

1994 1346 2098 1402 ulli
2131 1347 2199 1381 ¹⁰⁴
2243 1363 2524 1420 umquam
2573 1345 2854 1420 voluptati
2905 1346 3169 1402 animum
3212 1348 3350 1403 dare
3389 1345 3637 1402 volebat.

1997 1434 2175 1491 Parva
2204 1435 2369 1508 quies
2399 1434 2584 1490 oculis
2615 1439 2670 1491 et
2702 1434 2863 1490 nulla
2896 1436 3063 1491 venia
3112 1438 3199 1491 est
3249 1434 3489 1492 defectis
3540 1452 3637 1509 pe-

1996 1522 2189 1579 dibus.

2069 1615 2153 1667 10.
2190 1613 2561 1670 Lustraverat
2603 1614 2756 1668 enim
2810 1629 3101 1669 carcerem
3134 1614 3199 1648 ¹⁰⁶
3231 1618 3288 1669 et
3319 1614 3383 1649 ¹⁰⁶
3413 1630 3641 1670 carcere

1996 1700 2237 1773 positos,
2270 1718 2518 1773 quorum
2551 1700 2724 1773 longa
2755 1700 2934 1756 series
2982 1705 3038 1756 et
3084 1700 3381 1756 infinitum
3431 1717 3641 1774 agmen

1997 1796 2140 1844 erat.
2169 1788 2322 1844 Nulli
2349 1789 2481 1862 plus
2504 1794 2642 1845 nota
2664 1789 2897 1861 propria
2917 1789 3147 1857 domus,
3164 1806 3340 1861 quam
3364 1789 3473 1845 sibi
3496 1794 3639 1857 erat,

1998 1878 2151 1949 quis,
2189 1896 2301 1950 quo
2334 1878 2567 1933 nomine
2596 1877 2733 1933 etin
2766 1894 2881 1949 qua
2907 1882 3067 1949 parte
3092 1877 3328 1932 euberet
3348 1877 3639 1944 infirmus,

1999 1972 2099 2022 aut
2131 1972 2273 2039 quot
2293 1967 2485 2040 capita
2506 1966 2758 2021 rediviva
2780 1964 2938 2020 salus
2965 1966 3111 2033 vita),
3129 1970 3271 2036 quot
3290 1964 3484 2021 fatalis
3502 1965 3647 2021 hora

2000 2055 2254 2111 mitteret
2276 2055 2423 2111 lzeto.
2444 2057 2700 2122 Quorum
2725 2055 2989 2110 omnium
3008 2059 3138 2125 post
3156 2054 3251 2126 pia
3272 2054 3641 2126 obsequiam,

1999 2144 2047 2200 si
2083 2143 2324 2199 seminis
2355 2148 2587 2215 tempus
2617 2145 2757 2209 erat,
2793 2130 2863 2196 ad
2895 2158 3169 2213 campum
3200 2142 3539 2208 decurrit,et
3560 2159 3647 2197 sa-

2000 2232 2163 2288 cione
2194 2236 2426 2304 peracta
2455 2232 2611 2287 unde
2641 2230 2855 2286 viveret
2885 2232 2968 2299 ¹⁰⁸,
2995 2232 3247 2304 propriis
3279 2231 3551 2287 manibus
3583 2248 3645 2288 se

2000 2321 2297 2377 laborasse
2323 2319 2634 2393 gaudebat.
2669 2318 2813 2375 Hinc
2844 2319 3031 2375 viator
3071 2319 3400 2392 intrepidus
3447 2320 3649 2376 aderat

2001 2410 2183 2466 sacris
2202 2408 2423 2464 uadibus
2444 2427 2458 2477 ;
2483 2409 2697 2481 saepius
2718 2408 2966 2464 Domino
2987 2413 3254 2481 precator
3275 2408 3647 2482 importunus

2002 2499 2256 2554 cazlestes
2288 2498 2438 2553 fores
2469 2495 2702 2570 pulsat:
2738 2512 2894 2551 nunc
2922 2495 3115 2568 longis
3136 2496 3538 2569 genuflexibus
3559 2499 3645 2563 ¹⁰⁹,

2002 2589 2326 2643 orationem
2360 2585 2666 2659 protrahit,
2702 2603 2860 2641 nunc
2891 2600 3045 2657 aegra
3075 2586 3142 2620 ¹¹⁰
3172 2585 3428 2657 suspiria
3455 2587 3648 2641 cordis

2002 2678 2186 2732 multo
2218 2676 2459 2732 ﬂumine
2489 2674 2641 2746 rigat
2670 2674 2755 2727 1“.
2780 2673 2859 2729 De
2882 2673 2948 2707 ¹¹²
2968 2673 3343 2745 completorio
3366 2691 3553 2751 usque
3574 2674 3647 2729 ad

2001 2767 2251 2839 primam
2288 2782 2400 2820 non
2442 2764 2583 2820 exiit
2628 2755 2820 2818 εονωὸ
2852 2763 2918 2797 ¹¹³
2947 2761 3018 2816 de
3066 2778 3165 2817 ore
3212 2762 3359 2832 ejus,
3393 2767 3449 2817 et
3478 2763 3549 2818 ad
3582 2763 3650 2797 “‘

2002 2856 2189 2911 instar
2207 2853 2560 2909 monachica
2578 2849 2957 2925 professionis
2974 2855 3263 2906 nocturna
3281 2849 3514 2907 silentia
3534 2868 3648 2907 ser-

1998 2948 2114 3001 vat.
2140 2945 2276 3000 Post
2297 2944 2547 3016 primam
2572 2939 2965 3014 pastoralibus
2986 2939 3180 2995 causis
3207 2939 3405 2994 studia
3421 2939 3645 2996 suaim-

2002 3035 2204 3108 pendit
2233 3034 2318 3100 “5,
2353 3031 2599 3087 audiens
2645 3029 2972 3102 diligenter,
3020 3027 3161 3100 quid
3211 3044 3344 3084 cum
3393 3029 3646 3100 predato

2003 3140 2253 3196 paupere
2287 3120 2627 3194 peregrinus
2657 3122 2715 3174 et
2752 3118 2927 3173 vidua
2968 3116 3255 3188 ejularent
3287 3118 3371 3171 ηδ.
3406 3118 3646 3183 Quando

2003 3215 2197 3266 autem
2229 3208 2508 3265 exteriore
2536 3224 2675 3263 cura
2703 3205 2964 3273 vacabat,
2987 3221 3175 3278 usque
3197 3206 3267 3261 ad
3292 3204 3486 3261 missas
3507 3206 3648 3262 cele—

2000 3300 2323 3355 brationcm
2355 3296 2645 3354 Davidicis
2676 3295 2861 3350 utitur
2907 3293 3233 3366 colloquiis.
3267 3295 3499 3350 Homini
3532 3313 3647 3351 non

2001 3388 2229 3444 locutus
2260 3393 2349 3443 est
2377 3386 2639 3452 verbum,
2676 3383 2959 3456 quamdiu
2985 3382 3647 3440 dominicmmmensae‘“

2002 3476 2287 3532 infulatus
2319 3474 2503 3531 astitit
2520 3478 2575 3529 et
2594 3490 2773 3545 supra
2792 3475 2995 3528 sancta
3020 3475 3358 3526 sanctorum
3378 3471 3648 3529 immolat

2000 3564 2329 3637 angelicum
2362 3578 2593 3634 panem.
2620 3560 2755 3615 Post
2776 3564 2879 3614 aut
2901 3576 3075 3630 opera
3092 3575 3375 3613 manuum
3398 3558 3645 3630 laborat,

2000 3658 2101 3708 aut
2131 3669 2263 3708 cum
2290 3651 2440 3706 caris
2471 3647 2789 3720 capellanis
2820 3663 2996 3702 sacrae
3026 3645 3292 3701 lectionis
3312 3646 3532 3703 cibaria
3553 3648 3647 3704 de-

1999 3747 2197 3815 gustat
2228 3741 2311 3793 ¹¹⁹.
2347 3738 2447 3794 His
2479 3736 2622 3792 ociis
2646 3735 2887 3807 longum
2920 3733 3096 3799 diem,
3130 3732 3348 3788 talibus
3396 3735 3642 3807 negotiis

1997 3837 2179 3887 totam
2203 3832 2269 3865 ¹²⁰
2284 3830 2494 3884 ducere
2516 3829 2762 3880 noctem.
2782 3823 2848 3878 ili
2863 3821 2975 3876 sibi
2998 3837 3208 3889 mores,
3225 3821 3332 3878 hoc
3356 3822 3640 3891 studium,

1999 3921 2119 3977 haec
2150 3924 2275 3976 erat
2304 3921 2459 3972 meta
2487 3912 2735 3969 vivendi.

2072 4011 2156 4065 11.
2190 4008 2323 4063 Post
2354 4006 2415 4040 ¹²¹
2450 4001 2894 4075 completorium
2916 4016 3049 4055 cum
3072 3998 3258 4055 solitis
3279 4000 3642 4058 orationibus

1999 4097 2321 4163 incubaret,
2357 4093 2598 4167 quidam
2640 4106 2881 4164 pauper,
2913 4088 3005 4144 cui
3032 4087 3112 4143 nil
3143 4092 3353 4160 praeter
3377 4089 3557 4145 vitam
3587 4094 3644 4145 et

1998 4186 2261 4242 membra
2292 4181 2509 4254 impius
2552 4179 2698 4236 latro
2748 4177 3006 4251 reliquit,
3039 4177 3271 4234 miseris
3318 4177 3643 4237 ululatibus

1995 4268 2197 4348 templi
2229 4272 2381 4329 ostia
2419 4269 2634 4344 pulsat.
2668 4270 2791 4335 Quo
2842 4267 3043 4323 audito
3090 4283 3225 4322 cum
3274 4267 3344 4323 de
3390 4269 3641 4341 erogatis

1590 4397 1831 4456 VARI/E
1873 4364 2290 4458 Lseriosss.

299 4488 349 4522 79
378 4487 687 4571 bohemica
716 4491 1139 4571 3c_sclavonica
1168 4491 1555 4571 habemur-um
1587 4495 1725 4571 cleri
1757 4502 1814 4571 et
1839 4498 2037 4571 populi
2072 4497 2398 4571 manus/1b:
2473 4495 2519 4571 cf
2537 4510 2596 4571 p.
2624 4490 3066 4571 Boleslaimducis
3097 4490 3180 4571 ab.
3243 4490 3294 4571 f‘
3320 4466 3636 4571 prosperis.

225 4556 288 4643 έει
324 4561 714 4643 ΡθῐῬῖοΡΘΓίεὲ,
750 4564 814 4617 [Ib
887 4564 936 4643 ⁸ξ
950 4565 1289 4643 _9311_ab8_3a
1323 4566 1405 4643 ζιι).
1439 4566 1699 4643 cgnnabe
1746 4570 1808 4623 3c
1835 4556 2063 4643 eauapa
2111 4570 2237 4625 Cod.
2270 4556 2597 4643 S._chilj:z'
2645 4562 2809 4643 (46⁸2).⁸
2872 4563 2918 4643 ’ξεί
2946 4559 3214 4643 praecluis
3241 4564 3297 4615 2.
3320 4556 3634 4643 prteélivis.

223 4630 289 4704 3a
323 4630 639 4702 praeclarus
668 4634 749 4689 41).
786 4634 1154 4704 przedilectus
1185 4637 1265 4690 3c.
1300 4635 1446 4691 deest
1471 4638 1525 4691 5.

1602 4639 1648 4672 ⁸⁸
1682 4630 2023 4697 υυθςθΖΙίιιίδ
2058 4644 2105 4696 1.
2138 4637 2473 4696 wenezlaus
2502 4637 2576 4689 3-.
2611 4630 3017 4689 uuentisclauo
3050 4633 3124 4686 4a.
3151 4630 3518 4686 wenzeslaus
3548 4633 3629 4687 41).

223 4699 271 4781 ff
302 4699 662 4781 cpnsu‘meAns
690 4699 834 4781 cor}.
868 4722 1227 4781 consumans
1260 4708 1308 4781 1.
1333 4708 1415 4761 3a.
1443 4723 1799 4766 consumans
1827 4716 1883 4767 2.
1908 4715 1987 4781 4a,
2011 4718 2060 4768 b.
2137 4713 2180 4747 εδ
2209 4711 2353 4766 deest
2384 4708 2674 4781 1.7dum‘2.
2701 4711 2825 4760 tum
2857 4706 2937 4781 3c.
2962 4706 3040 4781 4a.
3064 4708 3206 4781 tunc
3237 4703 3321 4781 ζιὶξἶ
3395 4704 3438 4736 ⁸⁷
3460 4720 3527 4781 a_c
3550 4702 3633 4781 4P-

222 4770 269 4843 ῨΫ
304 4771 454 4843 deest
475 4777 531 4826 2.
574 4775 656 4843 3a,
706 4795 751 4830 c.
802 4777 883 4841 4:1,
935 4778 993 4832 b.

222 4842 270 4875 ³³
302 4842 616 4915 Propterea
642 4842 645 4843 ⁷
669 4848 719 4900 1.
754 4863 894 4927 corr.
971 4849 1018 4883 π
1048 4848 1493 4975 quinquagenos
1544 4853 1623 4919 43,
1659 4856 1704 4907 b.

225 4929 408 4975 quem
459 4916 539 4970 4a.
615 4916 827 4974 “altis
871 4922 924 4973 2.
975 4921 1057 4975 3a.
1109 4938 1153 4975 c.
1237 4938 1283 4975 a.
1352 4961 1364 4974 .
1396 4920 1543 4975 deest
1585 4924 1638 4975 5.

222 4916 827 5018 ξὶξ²εέξ¹¹ηὲἱ¹·,,.⁹ῗ.;³ἒ¹ξῖ⁵
871 4922 946 5018 ἰ..
975 4916 1084 4987 ³³ῗ
1109 4938 1153 4975 ε·
1203 4916 1283 4987 ⁴²¹ν
1315 4916 1364 4974 δ·
1396 4920 1543 5018 ἀξεδε
1585 4916 1638 5018 ἱ·

327 4985 375 5039 it
422 4985 509 5041 vel
556 4987 718 5042 vadit
745 4989 807 5043 3c
883 4991 946 5024 ¹⁰³
975 4985 1124 5045 ηζιι.
1156 5009 1213 5046 u.
1243 4985 1295 5044 ν.
1328 5008 1381 5044 a.
1417 4993 1473 5046 d.
1506 5010 1557 5047 v.
1593 4993 1787 5050 desunt

223 5056 293 5090 “’7
327 5072 378 5112 0.
416 5056 566 5112 sacri
593 5058 859 5125 seminis,
894 5077 1098 5117 servus
1147 5067 1290 5128 erat,
1326 5063 1397 5116 ad
1449 5062 1748 5119 caminum
1800 5067 2057 5123 decurrit
2098 5070 2179 5123 3a.

563 5130 629 5164 ¹⁰⁰
658 5146 917 5206 genuum
949 5133 1298 5206 ﬂexionibus
1326 5135 1381 5186 2.
1413 5133 1497 5197 3a,
1529 5151 1573 5187 c.
1600 5137 2103 5206 genuﬂexionibus
2136 5140 2217 5206 lia,
2250 5140 2299 5191 b.

222 5132 484 5198 peracta.

1070 4780 1201 4856 “et
1249 4779 1331 4832 41).
1366 4795 1584 4856 erasum
1634 4783 1695 4836 in
1745 4786 1823 4856 1η
1872 4785 1918 4856 ἕο
1945 4779 2203 4856 proﬁcuo
2246 4784 2330 4836 41),

1785 4855 1828 4889 9⁵
1856 4854 1999 4912 deest
2043 4860 2097 4910 2.
2147 4857 2227 4921 3a,
2261 4869 2304 4906 c.

1717 4925 1761 4959 99
1790 4926 2020 4982 rigulus
2051 4931 2104 4980 2.

1880 5016 1904 5050 a
1981 4999 2047 5033 ³0³
2068 5013 2287 5052 erasum
2320 4997 2367 5048 1.

3138 4775 3183 4809 ⁹²
3213 4773 3420 4828 usibus
3471 4775 3549 4838 4a,
3582 4772 3630 4827 b.

3089 4846 3132 4879 97
3164 4843 3384 4915 aliquid
3432 4848 3485 4899 2.
3528 4840 3632 4898 ali-

3093 4957 3105 4969 .
3184 4917 3248 4950 ⁴⁰¹
3281 4914 3402 4971 leve
3431 4917 3511 4971 3c.
3545 4917 3626 4971 41).

2407 4780 2447 4814 ⁹¹
2480 4777 2821 4834 clericorum
2872 4777 2952 4842 4a,
2986 4778 3034 4830 b.

2382 4852 2424 4885 ⁹⁶
2454 4849 2715 4905 saciabat
2762 4850 2844 4914 lia,
2878 4847 2926 4899 b.
2958 4847 3012 4901 5.

2185 4917 2248 4959 ισο
2283 4942 2337 4977 n.
2388 4920 2475 4976 vel
2526 4920 2794 4986 alterum,
2837 4920 2996 4973 extra
3026 4917 3105 4970 3c.

2447 4993 2513 5027 ¹⁰⁵
2542 5006 2803 5046 carceres
2848 4991 2904 5042 2.
2937 4990 3016 5042 4³.
3095 4988 3163 5022 ¹⁰⁶
3193 4990 3253 5044 in
3302 5003 3353 5041 c.
3385 4990 3440 5041 2.
3466 4988 3545 5054 4a,
3580 4988 3631 5043 b.

2258 5067 2323 5102 ιυθ
2356 5068 2431 5119 ita
2474 5061 2914 5133 distingyuntl.
2950 5059 3116 5133 2._3c.
3151 5059 3469 5133 4a.__r_eliqui
3513 5065 3635 5129 post

2378 5075 2431 5119 ta
2474 5075 2821 5133 azsttngyunt
2868 5075 2914 5114 1.
2950 5075 3003 5114 Ζ.
3036 5075 3116 5112 δε.
3151 5075 3233 5114 4a.
3265 5075 3467 5183 remp“
3513 5075 3630 5129 post

2377 5137 2443 5169 ¹¹⁰
2472 5134 2614 5189 deest
2641 5136 2721 5189 3c.
2801 5132 2862 5166 ¹¹¹
2900 5148 2946 5185 r.
2980 5129 3081 5184 His
3122 5128 3353 5201 studiis
3377 5200 3383 5201 ί
3409 5145 3630 5201 ongum

221 5197 409 5275 diem,
444 5197 945 5275 talibus'negotiis
977 5208 1159 5259 totam
1193 5204 1403 5259 ducere
1429 5197 1691 5275 noctem;
1725 5207 1807 5261 hii
1839 5208 1949 5264 sibi
1982 5197 2335 5272 moresfhoc
2369 5205 2653 5271 studium,
2688 5204 2797 5275 hoc
2825 5206 2949 5275 erat
2980 5200 3409 5275 metavivendi.
3436 5197 3516 5275 De
3546 5201 3627 5255 4a.

248 5268 356 5324 His
383 5270 573 5347 ostiis.
617 5313 633 5347 _.
678 5313 692 5327 .
738 5268 1039 5347 .Hucebat
1200 5275 1459 5347 .)41).;Ᾱυ.
1496 5276 1666 5347 infra.

218 5409 404 5468 dituni
433 5412 758 5472 ministerio
791 5434 959 5472 manu
987 5434 1107 5473 διες.
1143 5417 1273 5474 XVI.
1310 5418 1359 5473 1.

302 5606 410 5688 (33)
436 5609 498 5667 Id
529 5615 618 5671 est
646 5613 979 5673 duodecim.

1746 5279 1811 5312 112

258 5281 356 5324 tus
383 5281 573 5325 ostus.
619 5313 633 5326 .
678 5313 692 5327 .
738 5314 751 5328 .
785 5281 1039 5330 ducebat
1081 5317 1093 5330 .
1140 5316 1152 5329 .
1200 5281 1239 5343 .)
1270 5281 1376 5329 4b.:
1409 5291 1459 5328 υ.
1496 5281 1666 5347 infra.
1746 5281 1879 5334 “’A
1907 5281 1993 5335 41).
2024 5283 2078 5334 5.

258 5354 311 5414 a.
347 5341 587 5414 agendis
613 5343 1044 5401 immorabatur
1074 5346 1138 5401 41»
1212 5346 1278 5380 ¹¹³
1309 5345 1423 5400 bei.
1457 5347 1694 5403 secunda
1722 5366 1891 5405 manu
1923 5353 1974 5406 1.
2050 5353 2078 5384 ¹τ

1440 5418 1504 5453 ιη
1534 5418 1854 5493 degustans
1887 5423 1937 5479 1.

1814 5546 2045 5645 NCT/ﬁ.

2157 5270 2224 5313 “3
2250 5277 2491 5331 verbum
2521 5277 2661 5329 2.3c.
2740 5274 2806 5309 ¹¹⁴
2834 5273 2980 5328 deest
3010 5274 3057 5326 1.
3136 5272 3201 5306 ¹¹⁶
3231 5289 3281 5326 S-
3306 5288 3354 5325 8-
3379 5270 3417 5325 ἱ.
3437 5270 3632 5326 desunt

2050 5352 2116 5385 ¹¹⁷
2148 5347 2458 5405 dominicis
2487 5361 2628 5400 corr.
2663 5344 2956 5400 dominico
2984 5344 3033 5397 1.
3110 5343 3176 5377 ¹¹³
3206 5341 3351 5397 deest
3381 5343 3429 5395 1.
3463 5349 3514 5397 et
3530 5341 3627 5396 ad-

2018 5423 2081 5458 ¹²⁰
2111 5420 2333 5480 solebat
2360 5420 2610 5475 inserunt
2635 5420 2688 5472 2.
2723 5418 2802 5473 3c.
2881 5417 2942 5451 m
2976 5414 3233 5490 quadam
3263 5412 3354 5469 die
3375 5416 3508 5486 post
3539 5413 3624 5472 41).
