4044 6176
317 391 435 454 877

1922 400 2135 461 VITA.

3615 412 3734 473 878

317 525 501 581 scitur
532 528 665 597 (45),
701 526 1106 584 atrocissimus
1140 529 1391 584 febrium
1422 530 1587 585 dolor
1614 548 1819 587 vexare
1850 549 1961 587 cce-
1993 534 2047 600 Α
2076 532 2333 589 ecclesia:
2377 539 2609 593 custodi
2661 540 2914 598 ﬁdeliter
2952 543 3348 612 commendat,
3380 544 3642 611 credens,
3671 557 3738 608 ut,

314 615 422 689 pit.
457 617 643 682 Quam
673 633 808 671 cum
838 616 1014 672 homo
1046 618 1148 673 Dei
1199 619 1603 675 sacratissima
1644 638 1751 675 sua
1793 637 1973 676 manu

314 708 597 777 tangeret,
614 705 807 760 omnis
840 704 1090 779 languor
1115 707 1375 780 corporis
1404 708 1532 780 ejus
1564 708 1808 782 imperio
1839 709 1971 765 abs-

312 794 513 849 cessit.

384 885 471 940 18.
505 885 630 955 (An.
676 885 829 954 994.)
859 885 1353 958 Archicpisc0pus
1400 903 1534 942 vero
1597 886 1972 960 Mogontinus

310 974 464 1029 beati
498 974 764 1046 prmsulis
795 991 1031 1047 gregem
1066 976 1193 1030 sine
1217 980 1449 1047 pastore
1478 976 1558 1031 ire
1580 977 1968 1049 conspiciens,

309 1064 473 1121 misit
496 1064 720 1135 legatus
741 1081 876 1119 cum
899 1062 1132 1136 litteris,
1150 1082 1255 1137 per
1272 1083 1419 1137 quos
1440 1066 1725 1119 domnum
1745 1070 1972 1137 aposto-

304 1152 488 1208 licum
511 1154 583 1208 de
604 1152 791 1208 sancti
822 1152 931 1207 viri
959 1153 1150 1207 reditu
1188 1152 1541 1225 interpellat.
1560 1154 1851 1226 Factaque
1882 1159 1971 1210 est

305 1242 502 1297 Roma;
534 1241 781 1297 sinedus
802 1243 918 1310 (46)
950 1258 1053 1313 pro
1084 1240 1192 1301 hac
1225 1258 1433 1309 causa;
1467 1246 1524 1297 et
1543 1242 1966 1299 oriturutrim-

305 1348 418 1404 que
448 1330 705 1403 litigium
731 1331 973 1403 grande,
991 1347 1060 1384 ex
1092 1348 1208 1384 una
1227 1335 1393 1402 parte
1419 1347 1622 1386 eorum
1645 1330 1745 1404 qui
1769 1348 1969 1388 mena-

304 1420 482 1475 chum
524 1419 767 1492 perdere
807 1417 1155 1487 timuerunt,
1171 1434 1239 1473 ex
1266 1418 1382 1474 alia
1408 1436 1609 1475 eorum
1642 1420 1742 1492 qui
1770 1424 1963 1492 pasto-

299 1526 423 1564 rem
450 1525 625 1565 suum
658 1524 790 1563 cum
814 1507 1160 1563 auctoritate
1182 1507 1847 1581 qumsierunt.Cumque
1871 1508 1963 1564 in-

296 1598 484 1654 vicem
515 1595 918 1671 pugnantibus
951 1596 1264 1653 sententiis
1291 1602 1541 1670 utraque
1570 1615 1709 1671 pars
1738 1597 1840 1653 diu
1862 1598 1961 1654 de-

2082 622 2300 678 femina
2328 624 2481 681 inter
2527 628 2777 684 feminas
2808 629 3027 686 solacia
3056 630 3276 687 doloris
3307 636 3367 688 et
3395 632 3507 688 sub
3536 632 3739 689 altaris

2081 710 2415 769 defensione
2426 715 2557 771 vitae
2583 716 2957 774 securitatem
2975 718 3483 776 haberet.Crimen
3506 737 3739 794 quoque

2082 798 2138 853 in
2170 816 2235 855 se
2263 802 2477 859 referre
2512 803 2716 873 voluit,
2738 811 2802 861 ut
2832 823 2894 863 se
2926 806 3162 864 sceleris
3192 812 3427 865 auctore
3455 825 3738 882 magnum

2081 887 2303 960 aliquid
2333 891 2495 946 ﬁeret
2519 909 2530 947 :
2558 894 2784 950 scilicet
2802 896 2871 931 ³³⁸
2900 901 2966 951 ut
2995 914 3100 969 per
3120 898 3188 932 "5
3218 897 3572 970 pmnitentize
3610 898 3735 954 fru-

2079 980 2209 1031 ctus
2241 982 2342 1032 aut
2364 978 2524 1034 illam
2555 982 2685 1037 vita:
2719 989 2995 1053 servaret,
3026 990 3129 1040 aut
3158 986 3331 1041 ambo
3360 984 3537 1041 simul
3586 987 3734 1057 jussi

2080 1070 2446 1121 morerentur
2466 1070 2552 1123 ³2⁸.
2586 1071 2711 1136 Qua
2743 1072 3040 1128 voluntate
3085 1074 3225 1145 quia
3270 1073 3530 1144 martyrii
3569 1091 3731 1130 coro-

2079 1170 2213 1208 nam
2237 1172 2555 1227 exposcens
2577 1165 2720 1225 erat,
2736 1159 3085 1233 adimpleret
3116 1161 3318 1233 utique
3347 1163 3502 1234 quod
3523 1163 3727 1232 voluit,

2077 1241 2190 1296 nisi
2223 1260 2357 1299 eum
2401 1248 2719 1318 prudenter
2750 1250 3004 1305 domnus
3032 1249 3260 1307 Willice
3275 1252 3342 1285 ’³⁷
3372 1250 3723 1322 prohiberet.

2075 1328 2259 1403 impia
2290 1351 2501 1391 manus
2532 1328 2752 1394 interea
2781 1339 3078 1394 absconsze
3110 1339 3341 1395 mulieri
3373 1340 3591 1396 ferrum
3625 1358 3726 1397 ne-

2074 1434 2319 1493 cemque
2346 1440 2583 1495 parans,
2611 1431 2838 1483 armato
2870 1426 3058 1494 milite
3087 1427 3417 1501 episcopale
3432 1429 3500 1464 ³³⁸
3529 1421 3722 1487 forum

2072 1506 2430 1581 irruperunt.
2465 1515 2744 1580 Qumrunt
2790 1515 2969 1573 minis
2997 1517 3065 1552 ²²⁹
3093 1521 3151 1574 et
3192 1518 3725 1575 contumacibus“

2070 1596 2245 1654 dictis
2275 1600 2637 1675 episcopum,
2652 1604 2751 1676 qui
2774 1610 2978 1662 contra
2998 1605 3263 1662 divinum
3284 1608 3350 1644 ³³⁸
3384 1607 3473 1664 fas
3495 1611 3553 1664 et
3572 1607 3724 1682 lega-

298 1690 547 1743 certaret
565 1687 653 1756 ²¹⁵,
674 1686 911 1742 tandem
943 1685 1186 1741 dubiam
1223 1686 1576 1742 nunciorum
1612 1686 1837 1760 primas
1867 1688 1960 1743 vix
2069 1682 2148 1740 lia
2165 1687 2305 1757 jura
2337 1689 2663 1747 adulteram
2696 1693 3007 1751 defendere
3036 1694 3228 1751 vellet.
3262 1696 3425 1764 Quod
3455 1696 3552 1753 ille
3583 1697 3723 1755 divi-

294 1776 622 1850 promeruit
666 1774 991 1830 victoriam.
1024 1775 1126 1832 Hic
1172 1775 1299 1849 ipse
1355 1774 1578 1848 primas
1628 1776 1805 1832 frater
1833 1780 1959 1832 erat
2067 1790 2154 1829 nte
2186 1777 2698 1851 contemplationis
2730 1782 2855 1839 ocio
2876 1799 3095 1840 vacans
3122 1783 3223 1840 ubi
3255 1801 3395 1842 aure
3432 1786 3716 1859 percepit,

292 1865 669 1936 ducis,cujus
700 1869 865 1920 terrae
886 1864 985 1936 qui
1008 1864 1350 1938 exigebatur
1369 1865 1684 1937 episcopus
1725 1865 1957 1937 prazfuit
1985 1902 2032 1942 η
2065 1879 2199 1918 cum
2229 1865 2389 1921 velut
2416 1867 2611 1925 divisa:
2644 1871 2833 1927 noctis
2862 1872 3007 1929 hora
3037 1878 3211 1942 esset,
3226 1874 3380 1931 dicto
3400 1892 3571 1933 versu
3603 1876 3720 1932 fre-

290 1956 427 2027 (47).
446 1956 598 2010 Tum
634 1951 992 2025 apostolicus
1013 1970 1128 2008 non
1155 1957 1274 2008 tam
1295 1952 1596 2009 voluntate
1617 1970 1795 2024 quam
1818 1954 1952 2025 jure
1984 1951 2032 1968 ”
2061 1951 2147 2023 git
2178 1952 2504 2024 silentia,et
2527 1957 2584 2012 in
2609 1975 2723 2031 quo
2745 1959 2984 2017 clausus
3015 1967 3140 2017 erat
3178 1962 3351 2018 exivit
3374 1964 3444 2020 de
3476 1964 3716 2038 templo.

293 2043 398 2101 Dei
429 2047 758 2117 permotus,
789 2040 930 2096 talia
957 2041 1256 2113 respondit
1292 2058 1304 2097 :
1340 2041 1629 2097 Reddimus
1655 2042 1795 2114 quod
1803 2043 1953 2114 juste
2059 2039 2279 2098 Deinde
2307 2043 2406 2115 qui
2439 2061 2639 2101 secum
2669 2052 2836 2102 erant
2866 2048 3147 2106 fratribus
3199 2051 3361 2122 pacis
3400 2050 3604 2108 oscula
3649 2052 3716 2109 li-

283 2139 564 2207 quaerunt,
596 2132 844 2205 quamvis
891 2131 957 2186 de
997 2131 1130 2187 bono
1173 2139 1329 2203 patre
1366 2133 1486 2204 jam
1539 2130 1952 2203 degenerassent
2057 2127 2205 2185 bans
2238 2147 2250 2185 ε
2286 2132 2428 2188 Bene
2474 2134 2665 2203 valete,
2700 2134 2929 2207 inquid,
2962 2145 3014 2192 et
3056 2155 3156 2210 pro
3195 2141 3395 2207 misero
3440 2141 3577 2211 Γενιε
3620 2142 3715 2213 pia

281 2224 412 2295 ﬁlii,
444 2230 497 2277 et
521 2220 773 2276 dabimus
802 2236 928 2275 eum
957 2220 1059 2275 hac
1090 2221 1203 2292 lege
1233 2238 1251 2274 :
1281 2219 1343 2275 Si
1381 2220 1661 2276 audierint
1700 2236 1844 2288 eum,
1877 2228 1947 2276 te-
2052 2226 2173 2274 vota
2199 2219 2451 2278 Christo!
2483 2223 2620 2279 Inde
2664 2228 2823 2280 totus
2871 2226 3077 2282 ardore
3116 2227 3380 2301 martyrii
3430 2218 3707 2303 ﬂagrans,

282 2321 447 2369 neant
474 2328 598 2367 cum
626 2311 726 2365 Dei
772 2308 1157 2375 benedictione,
1205 2310 1519 2382 faciantque
1562 2309 1662 2364 sub
1710 2325 1770 2365 eo
1826 2312 1944 2381 fru-
2053 2324 2168 2363 non
2194 2310 2447 2365 tardiore
2470 2312 2760 2369 desiderio
2784 2316 2841 2369 et
2862 2331 3255 2388 cursu,quam
3283 2317 3382 2389 qui
3408 2318 3558 2391 fugit
3577 2318 3709 2377 hos-

279 2411 427 2458 ctum
455 2400 785 2471 centuplum.
818 2397 880 2454 Si
908 2406 1089 2454 autem
1134 2415 1168 2453 a
1206 2405 1460 2453 consueta
1503 2399 1794 2470 iniquitate
1838 2415 1942 2453 sua
2050 2398 2413 2469 tem,sponte
2431 2399 2593 2456 venit
2630 2401 2689 2456 in
2730 2401 2957 2459 hostem
2981 2404 3068 2473 ³³³,
3102 2421 3169 2460 ac
3200 2404 3461 2462 medium
3494 2422 3706 2481 agmen

281 2490 528 2548 recedere
554 2489 768 2555 nolunt,
786 2488 874 2543 hic
900 2496 1083 2543 noster
1109 2487 1311 2560 absque
1335 2488 1579 2560 periculo
1608 2490 1699 2542 sui
1744 2490 1938 2559 capitis
2046 2484 2336 2558 intrepide
2368 2504 2576 2560 gressu
2610 2490 2886 2547 incedens
2919 2509 2933 2546 :
2966 2492 3029 2548 Si
3054 2509 3142 2549 me
3170 2496 3435 2566 quwritis,
3464 2494 3695 2568 inquid,

280 2582 556 2637 malorum
601 2578 880 2635 consorcia
928 2576 1177 2632 declinet.
1213 2576 1341 2631 Haec
1401 2575 1499 2631 ubi
1551 2576 1706 2631 dicta
1752 2576 1932 2645 dedit,
2038 2582 2243 2646 prazsto
2272 2592 2414 2630 sum.
2451 2576 2613 2633 Unus
2643 2583 2841 2634 autem
2874 2596 2942 2635 ex
2983 2580 3121 2651 illis,
3137 2582 3231 2638 cui
3274 2600 3410 2639 cum
3432 2584 3602 2642 bonis
3629 2587 3699 2621 ’³³

282 2671 454 2726 finita
472 2672 562 2725 est
579 2667 851 2735 sinedus;
885 2670 943 2721 et
963 2664 1154 2720 soluto
1176 2669 1348 2733 ccetu,
1365 2664 1665 2720 redierunt
1684 2664 1934 2737 quisque
2042 2679 2275 2735 semper
2303 2663 2443 2719 lzeva
2471 2664 2741 2722 voluntas
2761 2667 2831 2702 ’3‘
2860 2672 3005 2737 erat,
3026 2669 3291 2726 omnium
3323 2688 3421 2727 ore
3440 2673 3582 2728 talia
3607 2691 3693 2730 re-

281 2762 343 2816 in
374 2760 618 2815 domum
649 2772 841 2812 suam.
872 2755 1208 2811 Abscedent
1250 2754 1446 2827 legati,
1478 2754 1782 2810 monachis
1828 2756 1931 2810 tri-
2040 2752 2280 2823 spondit
2311 2769 2325 2807 :
2360 2752 2525 2809 Cassa
2551 2770 2670 2826 spes
2698 2758 2958 2828 martyrii
2976 2766 3025 2812 te
3047 2765 3188 2813 tenet
3208 2767 3261 2814 et
3285 2759 3489 2816 nobilis
3517 2761 3696 2832 gloria

278 2848 565 2917 stibus,et
592 2845 720 2901 laeto
742 2844 937 2900 animo
958 2860 1023 2898 ac
1046 2859 1261 2916 magna
1279 2842 1930 2914 exultatione.Cumque
2012 2841 2151 2896 fleti.
2186 2842 2346 2898 Errat
2369 2858 2470 2914 pro
2492 2853 2632 2900 certo
2661 2844 2777 2900 ha’c
2794 2848 3072 2915 sanctitas,
3107 2862 3232 2920 qua:
3275 2850 3528 2904 nosirum
3575 2851 3697 2906 vult

275 2953 518 2994 emenso
566 2935 771 2991 itinere
819 2933 1064 3005 Pragam
1094 2932 1379 2998 venirent,
1411 2937 1553 2988 eunt
1594 2932 1645 2988 ei
1696 2932 1926 2987 obviam
2034 2929 2160 2999 ﬁeri
2179 2938 2477 3000 peccatum.
2509 2932 2628 2987 Non
2659 2934 2977 3005 implebitur
3005 2942 3100 2991 tua
3134 2937 3405 3006 voluntas,
3432 2938 3525 2994 sed
3570 2941 3692 3011 agi-

273 3026 471 3083 omnis
489 3029 628 3080 tetas
658 3026 717 3079 et
745 3025 1011 3089 sexus,et
1030 3021 1198 3093 quasi
1222 3037 1356 3076 cum
1379 3019 1682 3093 ingentim
1711 3021 1925 3093 gaudio
2034 3024 2125 3073 tur
2153 3018 2385 3090 aliquid,
2422 3019 2563 3091 quod
2588 3021 2715 3092 plus
2743 3022 2915 3090 dolet;
2950 3025 3080 3095 quia
3117 3026 3233 3081 nisi
3269 3025 3383 3081 haec
3428 3029 3693 3083 meretrix

268 3117 621 3188 acceperunt
648 3128 804 3168 eum.
836 3110 989 3166 Dant
1014 3127 1226 3166 manus
1275 3126 1340 3164 ac
1393 3110 1748 3182 promittunt
1793 3126 1923 3165 om-
2031 3107 2187 3162 nobis
2216 3109 2379 3163 citius
2403 3108 2681 3178 reddatur,
2697 3110 2957 3167 habemus
2983 3114 3183 3183 fratres
3212 3121 3353 3180 tuos,
3381 3122 3441 3171 tn
3461 3131 3691 3188 quorum

268 3205 370 3261 nia
388 3206 476 3272 3",
506 3201 665 3258 velut
695 3201 793 3273 qui
845 3200 916 3256 de
959 3217 1067 3256 sua
1114 3198 1441 3255 reversione
1489 3198 1662 3272 opido
1704 3200 1920 3271 gaude-
1968 3269 1997 3273 _
2033 3196 2295 3251 uxoribus
2320 3196 2475 3267 prole
2496 3205 2548 3253 et
2569 3198 2802 3270 praediis
2823 3199 2923 3255 hoc
2950 3201 3164 3257 malum
3183 3203 3534 3259 ulciscamur.
3559 3205 3689 3261 Haec

266 3297 398 3350 rem
416 3269 503 3361 te,
538 3269 864 3347 seem—dum
909 3288 1038 3359 ejus
1087 3291 1375 3361 praecepta
1430 3269 1683 3360 priorem
1711 3269 1919 3344 _vitam
1955 3269 1998 3336 C
2038 3286 2180 3341 dum
2214 3285 2414 3340 furens
2445 3269 2686 3342 Sclavus
2734 3292 2938 3344 contra
2984 3290 3325 3363 episcopum
3373 3292 3686 3364 dilatravit,

270 3380 612 3457 plenissime
632 3378 944 3436 emendare
962 3376 1177 3433 vellent
1191 3379 1279 3432 "9.

340 3471 428 3527 19.
462 3470 575 3526 Sed
605 3466 781 3541 paulo
809 3470 942 3539 post
972 3465 1124 3538 cepit
1171 3482 1271 3521 eos
1292 3466 1359 3501 ²²⁰
1405 3466 1615 3539 ignava
1633 3468 1698 3502 ²²¹
1731 3466 1922 3523 molli-

265 3561 482 3629 cies,ct
507 3555 787 3631 neglectis
817 3554 1331 3627 prmdicationibus
1358 3555 1479 3610 itur
1526 3556 1585 3610 in
1625 3572 1799 3611 omne
1830 3573 1924 3612 ne-

266 3648 669 3706 fas.Veterum
702 3644 919 3717 quippe
950 3642 1231 3699 viciorum
1254 3643 1756 3699 recordationibus
1777 3662 1920 3717 prae-

262 3738 526 3807 venti,iu
573 3734 866 3792 carnalem
916 3738 1143 3806 partem
1193 3731 1556 3799 relabuntur,
1591 3737 1647 3788 et
1676 3738 1922 3806 pereunt

263 3829 432 3884 labor
462 3823 772 3899 pastoralis
800 3827 857 3878 et
885 3821 1140 3894 diligens
1170 3838 1313 3876 cura
1347 3821 1483 3877 boni
1535 3822 1736 3892 patris.
1766 3822 1922 3877 Inter

262 3918 388 3974 haec
417 3915 752 3971 luctuosum
774 3916 832 3969 et
852 3909 1183 3967 miserabile
1205 3909 1424 3964 crimen
1450 3910 1709 3965 exeritur
1728 3910 1916 3981 (anc.

258 4008 389 4062 Ain.
421 4023 497 4074 ιν,
530 4005 680 4074 226).
715 4000 925 4058 Mulier
955 3999 1263 4071 cujusdam
1304 3998 1519 4056 nobilis
1567 4016 1701 4054 cum
1747 3998 1918 4055 cleri-

257 4111 327 4151 co
346 4096 416 4129 ²²²
445 4092 807 4149 adulterasse
836 4088 1067 4162 publice
1089 4088 1375 4160 arguitur.
1397 4089 1581 4153 Quam
1602 4105 1734 4143 cum
1758 4105 1918 4145 more

256 4183 567 4240 barbarico
598 4184 872 4255 parentes
902 4175 1232 4234 dedecorati
1282 4176 1550 4249 conjugis
1590 4178 1919 4250 decapitare

253 4274 607 4347 quaererent,
633 4270 786 4342 fugit
814 4265 915 4323 illa
943 4283 1048 4340 per
1078 4264 1298 4322 celeres
1328 4282 1527 4333 auras,
1559 4265 1742 4321 donec
1780 4284 1916 4323 voce

252 4366 315 4419 et
344 4378 524 4418 cursu
555 4375 745 4432 usque
776 4356 849 4413 ad
880 4359 1149 4429 optatum
1177 4358 1522 4426 pervenerat
1552 4354 1913 4428 episcopum.

254 4450 473 4508 Valens
485 4453 683 4506 autem
696 4448 767 4503 de
781 4446 1018 4502 illorum
1036 4442 1311 4500 manibus
1328 4440 1633 4498 mulierem
1648 4442 1916 4512 liberare,

254 4539 472 4596 clausit
500 4555 630 4595 eam
670 4537 730 4592 in
778 4532 1136 4591 monasterio
1168 4530 1725 4601 sanctimonialium,
1760 4534 1915 4605 quod

2033 3391 2166 3430 ecce
2196 3378 2508 3447 corruptus
2539 3392 2680 3432 auro
2712 3378 2977 3449 proditor
3001 3380 3197 3449 adest;
3222 3380 3323 3453 qui
3372 3398 3687 3454 excerpens

2032 3478 2131 3518 eos
2179 3461 2329 3518 clam
2380 3478 2449 3517 ex
2494 3464 2729 3536 agmine
2766 3468 2953 3532 vocat,
2978 3483 3156 3539 seque
3192 3467 3420 3526 itineris
3468 3470 3679 3527 ducem

2034 3552 2320 3625 praebens,
2352 3552 2615 3620 domum,
2649 3553 2708 3607 in
2752 3571 2869 3625 qua
2924 3555 3125 3612 clausa
3178 3561 3323 3626 erat,
3355 3559 3686 3632 domusque

2032 3641 2336 3695 custodem
2368 3640 2726 3696 manifestat.
2761 3642 2972 3698 Custos
3000 3661 3133 3699 vero
3179 3649 3376 3702 tentus
3425 3648 3498 3703 ab
3544 3648 3682 3717 illis,

2031 3744 2189 3782 nunc
2220 3726 2420 3795 minis,
2454 3744 2609 3781 nunc
2641 3728 2848 3784 amicis
2879 3729 3258 3799 aﬂ‘atibus,ut
3287 3731 3449 3789 illam
3472 3733 3530 3788 in
3565 3752 3683 3791 ma-

2031 3834 2143 3872 nus
2192 3832 2394 3871 eorum
2445 3815 2729 3884 redderet,
2763 3816 2865 3871 diu
2910 3819 3221 3890 probatur;
3276 3820 3349 3875 ad
3407 3821 3683 3879 ultimum

2031 3906 2235 3962 mortis
2267 3903 2475 3960 timore
2508 3904 3005 3976 perterritus,non
3027 3908 3097 3941 ²⁸⁵
3126 3906 3213 3962 sic
3243 3908 3355 3964 sibi
3396 3911 3681 3967 creditam

2029 3995 2288 4052 cruentis
2310 3993 2581 4050 hostibus
2611 3994 2868 4065 prodidit
2886 3994 3186 4051 feminam.
3209 3995 3456 4069 Rapitur
3484 3997 3685 4056 infelix

2028 4085 2129 4141 illa
2162 4085 2380 4139 frustra
2411 4082 2630 4155 pressis
2652 4081 3029 4151 altaribus,et
3051 4085 3161 4140 sub
3194 4102 3374 4141 manu
3412 4088 3682 4162 conjugis

2029 4172 2339 4246 capitalem
2363 4172 2534 4244 jussa
2565 4174 2653 4225 est
2688 4172 2887 4227 subire
2936 4173 3319 4229 sentenciam.
3353 4176 3516 4241 Quod
3546 4193 3681 4233 cum

2028 4262 2145 4329 ille,
2179 4260 2336 4317 velut
2359 4259 2448 4316 vir
2467 4260 2691 4333 justus,
2719 4260 2905 4316 facere
2937 4260 3136 4334 nollet,
3171 4261 3282 4318 sub
3314 4262 3510 4336 gladio
3549 4265 3684 4321 vilis

2025 4349 2275 4408 vernula:
2306 4353 2600 4416 truncata,
2636 4364 2838 4420 pmnas
2870 4348 3023 4405 male
3055 4366 3166 4406 usu
3197 4350 3456 4423 corporis
3494 4352 3684 4424 capite

2098 4439 2291 4495 solvit.

2061 4457 2291 4496 xsomt.

2026 4457 2056 4497 ϐ
2094 4531 2167 4585 20
2193 4529 2279 4582 ³³⁸.
2312 4526 2414 4582 His
2444 4531 2618 4598 atque
2671 4526 2883 4582 horum
2932 4526 3259 4599 majoribus
3277 4527 3344 4563 ²³⁷
3380 4528 3680 4602 popularis

254 4629 369 4685 sub
382 4626 664 4684 vocabulo
678 4623 1117 4682 etveneratione
1144 4620 1332 4677 sancti
1356 4620 1586 4692 Georgii
1613 4637 1914 4678 consecra-
1947 4633 1994 4698 D
2027 4618 2301 4691 nequitia:
2325 4616 2539 4672 studiis
2571 4632 2704 4669 cum
2736 4632 2929 4672 sermo
2958 4616 3225 4672 docentis
3245 4615 3504 4690 episcopi
3535 4634 3678 4673 con-

254 4722 408 4785 tum,
434 4714 793 4772 ﬁrmissimis
826 4712 1120 4769 mmnibus
1150 4708 1496 4765 vallaturm.
1531 4708 1746 4766 Clavim
1781 4729 1915 4768 vero

2027 4710 2203 4765 traire
2238 4704 2642 4777 nequiret,flet
2681 4704 2871 4761 bonus
2915 4709 3133 4777 pastor,
3153 4704 3291 4776 quia
3321 4704 3383 4760 in
3414 4706 3681 4762 morbido

1616 4836 1857 4893 VARLE
1897 4834 2203 4895 LECTION
2212 4833 2315 4888 ES.

328 4968 397 5002 ³³⁵
425 4966 750 5023 decertaret
778 4965 860 5033 3a,
892 4984 938 5033 c,
972 4960 1052 5017 lia.
1122 4961 1188 4996 ²¹⁶
1217 4960 1361 5017 deest
1392 4962 1441 5015 1.
1520 4962 1585 5033 ’³7
1609 4963 1922 5019 emendare
1953 4965 2033 5019 3c.
2111 4962 2177 4996 ²¹⁸
2210 4976 2247 5032 g

2256 5000 2268 5013 .
2300 4960 2357 5014 et
2386 4974 2435 5011 s.
2457 4956 2538 5022 3a,
2563 4972 2609 5021 c,
2644 4955 2722 5027 lla,
2749 4957 2798 5027 t1.
2830 4954 2885 5010 5.
2958 4953 3030 5027 Α²¹ᾼ⁹
3051 4953 3259 5011 deest2.
3282 4954 3363 5013 3c.
3440 4954 3594 5012 meo
3627 4957 3681 5027 1,

251 5039 329 5111 ²²¹ν
346 5038 582 5111 ignavia
598 5041 653 5093 2.
678 5040 759 5092 3a.
781 5024 860 5093 ta;
883 5024 939 5090 5'.
966 5033 1200 5111 ignavia
1228 5036 1285 5111 et
1420 5033 1511 5111 fi
1532 5032 1685 5111 clero
1719 5036 1866 5111 1.5?
1903 5024 2301 5111 ’fvelaturvi‘.
2343 5030 2413 5063 ’3‘
2507 5024 3111 5111 (qppditolut-sci'licet
3246 5028 3330 5111 :5
3349 5043 3464 5111 pro
3484 5024 3681 5111 p._fru4

251 5098 455 5165 ctib‘us
484 5113 539 5164 2.
580 5111 649 5143 ²²⁶
672 5125 731 5163 re
751 5123 924 5162 manu
952 5098 1189 5177 secunda
1217 5104 1271 5177 1.
1331 5104 1395 5177 2f”
1420 5102 1861 5177 Wiollitona3c.
1920 5108 1987 5141 ²²⁸
2006 5100 2419 5177 episcopalem.
2448 5099 2498 5151 1.
2542 5099 2609 5131 ²²⁹
2640 5098 2843 5177 nimiis
2859 5098 2914 5151 5.
2936 5098 3097 5177 deest.
3123 5098 3314 5177 33.1ao
3346 5098 3680 5177 tumacibus

253 5183 309 5236 1.
423 5182 488 5215 ²³¹
511 5180 654 5237 deest
683 5181 765 5235 3a.
879 5178 947 5212 ³³³
977 5194 1027 5233 s.
1058 5194 1114 5231 v.
1147 5175 1208 5230 in
1241 5174 1300 5229 h.
1333 5173 1528 5229 desunt
1549 5176 1603 5228 5.

246 5253 320 5287 ³³³
350 5251 495 5309 deest
520 5256 575 5307 2.
690 5251 756 5284 ²³⁶
788 5250 887 5305 Hic
915 5249 996 5305 3a.
1031 5263 1141 5304 non
1172 5245 1484 5316 distinguit.

1717 5176 1786 5210 ²³³
1816 5178 1971 5234 bona
1996 5166 2059 5232 2:
2086 5176 2179 5231 cui
2208 5166 2413 5227 minus
2444 5184 2678 5239 semper
2709 5166 2849 5223 laeva
2878 5167 2991 5223 vol.
3023 5170 3105 5224 3c.

1599 5246 1662 5279 ’37
1695 5248 1986 5318 majorum
2015 5251 2071 5303 2.

3216 5168 3281 5204 ²³⁴
3303 5168 3569 5242 voluptas
3598 5171 3678 5228 42.

1852 5371 2086 5428 NOT/E.

328 5483 442 5555 (45)
472 5482 729 5555 Joannes
759 5480 934 5555 Glosa
966 5480 1308 5555 praefectura
1337 5478 1713 5555 fungebatur_
1730 5477 1915 5555 etiam

255 5549 404 5627 post
421 5549 645 5627 obitum
687 5549 1171 5627 Leonisqabbatis
1201 5568 1295 5607 an.
1332 5549 1491 5617 1002,
1526 5551 1583 5605 d.
1616 5552 1650 5604 8
1694 5549 1916 5617 Martii;

259 5625 319 5682 ἢ.
352 5625 563 5681 Marini
594 5625 785 5699 Papiri
857 5665 869 5679 .
906 5625 1027 5679 127.

334 5695 449 5755 (46)
478 5697 563 5755 Cf.
593 5642 881 5755 Vitam
912 5694 1027 5753 Ade

334 5695 449 5779 (46)
478 5697 563 5756 Cf.
593 5691 790 5756 Vitam
811 5691 881 5755 'S.
912 5692 1209 5753 Adalberti
1232 5696 1467 5752 auctore
1498 5691 1791 5753 Brunone.

2100 5475 2210 5548 (1.7)
2239 5470 2629 5548 Christianus,
2658 5466 2905 5548 Doleslai
2940 5468 3448 5548 I_filius,_Bo_leslai
3480 5470 3529 5548 ιι
3560 5431 3703 5548 ἥατ’

2028 5540 2151 5615 ter;
2186 5540 2380 5601 socius
2410 5543 2538 5615 ejus
2571 5540 2773 5608 Radla,
2808 5540 2907 5615 qui
2940 5546 2997 5597 et
3018 5542 3364 5615 Anastasius
3392 5544 3681 5615 etVAsteri-

2029 5613 2153 5683 cus,
2179 5614 2473 5687 Adalberti
2508 5617 2842 5687 praeceptor,
2858 5613 2928 5668 de
2949 5630 3064 5687 quo
3085 5613 3160 5670 cf.
3194 5613 3677 5687 HartwiciVitam

2029 5691 2089 5754 S.
2123 5685 2404 5769 Stephani
2425 5684 2598 5764 regis.
