4050 6172
246 289 368 358 885

1800 277 2019 347 VITA.

3574 282 3693 355 886

252 427 366 484 bus
397 429 454 482 et
483 426 792 480 vectorum
836 419 1078 479 domina
1120 437 1322 496 agens,
1357 418 1642 477 remansit
1669 415 1749 475 ibi
1781 430 1917 474 cum
1946 413 2007 483 Α
2036 415 2095 472 in
2125 416 2193 454 ³⁸⁸
2214 418 2543 478 naviculam
2577 420 3056 495 imponebantur,
3081 423 3140 478 et
3168 423 3324 479 retro
3348 419 3512 479 ducti
3535 439 3696 482 man-

250 514 507 591 geminis
556 513 837 569 frtribus:
884 528 1138 584 quorum
1190 511 1337 567 alter
1382 511 1685 583 presbyter
1734 509 1917 563 Bene-

252 607 476 671 dictus,
506 602 656 659 alter
688 601 941 658 dilectus
973 606 1032 656 et
1063 618 1098 657 a
1127 604 1306 673 puero
1353 599 1465 655 sibi
1515 615 1711 654 comes
1742 596 1922 652 frater

254 691 618 752 Gaudentius
640 694 790 747 erat.
806 692 972 746 Tunc
998 706 1216 762 magna
1233 687 1447 744 fiducia
1462 687 1760 744 Christum
1783 702 1923 757 pra:-

254 784 537 847 dieantes,
572 780 803 835 intrant
842 779 912 813 ³⁸³
962 794 1202 850 parvam
1254 775 1535 845 insulam,
1570 792 1697 848 quae
1746 790 1921 830 curvo

254 889 427 929 amne
474 868 586 941 (58)
640 868 1056 933 circumvecta,
1100 866 1350 921 formam
1399 865 1604 921 circuli
1652 863 1922 920 adeunti-

256 960 447 1016 bus366
461 960 771 1013 monstrat.
782 955 1096 1011 Venientes
1107 970 1239 1009 vero
1256 953 1365 1009 loci
1387 968 1921 1026 possessores,cum

257 1047 473 1119 pugnis
521 1044 874 1116 expulerunt
922 1058 1021 1098 eos
1069 1043 1157 1096 ³⁵⁷.
1190 1043 1261 1097 Et
1291 1042 1561 1114 quidam,
1594 1044 1825 1112 arrepto
1856 1040 1923 1074 ⁵⁸⁸

258 1133 541 1190 naviculae
571 1148 755 1199 remo,
781 1130 968 1187 astitit
996 1130 1270 1203 episeopo
1304 1131 1572 1202 propius,
1593 1135 1650 1184 et
1684 1134 1750 1183 ut
1778 1128 1924 1184 forte

259 1222 519 1296 psalmos
543 1222 601 1275 in
624 1220 773 1276 libro
796 1220 1225 1287 decantaverat,
1241 1219 1547 1291 ingentem
1570 1218 1752 1273 ictum
1774 1216 1926 1272 inter

258 1309 534 1383 scapulas
565 1310 747 1365 dedit.
773 1309 1072 1364 Excussus
1114 1307 1390 1363 manibus
1421 1306 1578 1363 volat
1608 1307 1667 1361 in
1698 1305 1927 1361 diversa

257 1401 523 1467 codex,ot
544 1398 668 1471 ipse
688 1402 927 1454 extenso
950 1397 1145 1469 capite
1165 1402 1223 1453 et
1245 1396 1534 1452 membris
1554 1397 1715 1468 jacet
1743 1393 1923 1449 humo

257 1492 624 1562 prostratus;
659 1485 761 1541 sed
793 1483 1051 1541 exterius
1074 1484 1294 1561 afﬂicto
1314 1501 1557 1558 corpore
1579 1483 1720 1556 quid
1743 1482 1840 1554 pia
1858 1482 1926 1517 3“

259 1595 429 1635 mens
449 1577 517 1611 37°
548 1575 706 1631 intus
749 1577 964 1647 ageret,
1003 1574 1162 1630 risus
1193 1573 1391 1630 cordis
1430 1589 1537 1645 per
1571 1571 1728 1628 vocis
1757 1586 1924 1642 orga-

256 1684 406 1725 num
438 1681 572 1721 mox
588 1664 652 1699 ³⁷⁸
694 1662 988 1736 patefecit.
1012 1661 1226 1719 Gratias
1254 1663 1377 1731 tibi,
1410 1660 1644 1732 inquid,
1677 1660 1922 1726 Domine,

257 1759 394 1832 quia
422 1756 523 1811 etsi
549 1753 786 1825 amplius
816 1766 925 1807 non
952 1752 1077 1819 erit,
1101 1753 1289 1808 saltim
1310 1753 1396 1808 vel
1426 1766 1607 1805 unum
1636 1752 1802 1805 ictum
1828 1762 1927 1819 pro

259 1846 535 1916 Cruciﬁxo
587 1856 703 1898 meo
762 1841 1006 1912 accipere
1056 1842 1257 1896 merui.
1311 1839 1643 1896 Transiens
1686 1852 1820 1891 vero
1868 1834 1928 1889 in

258 1934 440 1993 aliam
473 1934 699 2004 partem
731 1927 994 1985 ﬂuminis
1017 1928 1126 2000 (59)
1149 1928 1314 1984 stetit
1332 1927 1417 1984 ibi
1456 1927 1707 1983 sabbato
1728 1923 1926 1997 (April.

259 2027 375 2093 17).
403 2026 653 2093 Vespere
677 2022 870 2075 autem
896 2018 1070 2083 facto,
1092 2017 1367 2073 dominus
1386 2016 1552 2072 villae
1580 2015 1843 2071 divinum
1864 2012 1931 2046 ³⁷³

258 2114 442 2170 heroa
460 2111 528 2145 373
548 2106 926 2164 Adalbertum
957 2105 1288 2161 transduxit
1329 2107 1392 2161 in
1427 2103 1663 2161 villam.
1687 2103 1933 2176 Congre-

261 2205 370 2277 gat
419 2217 482 2256 se
530 2196 789 2269 undique
834 2194 1033 2250 inhers
1080 2193 1311 2267 vulgus,
1340 2199 1402 2250 et.
1453 2194 1602 2267 quid
1632 2194 1701 2228 37‘
1730 2193 1802 2249 de
1831 2191 1929 2247 illo

260 2292 417 2347 foret
466 2292 704 2345 acturus
741 2286 831 2353 ³⁷⁵,
863 2283 1182 2340 furibunda
1216 2283 1283 2318 3"“
1327 2300 1475 2339 voce
1506 2284 1576 2317 ³⁷⁷
1616 2287 1674 2338 et
1723 2281 1930 2338 canino

270 2380 430 2436 rictu
456 2378 809 2450 exspectant.
833 2377 997 2428 Tunc
1035 2377 1274 2428 sanctus
1309 2373 1691 2441 Adalbertus,
1716 2371 1849 2443 quis
1875 2374 1935 2427 et

273 2470 438 2526 unde
468 2471 641 2535 esset,
673 2462 761 2519 vel
793 2463 865 2519 ob
899 2478 1077 2535 quam
1115 2476 1355 2516 causam
1395 2460 1539 2517 illuc
1568 2460 1811 2530 veniret,
1843 2460 1931 2515 in-

276 2559 633 2630 terrogatus,
667 2552 809 2609 talia
860 2554 1098 2608 econtra
1140 2548 1270 2605 miti
1298 2550 1366 2584 ⁸⁷⁸
1395 2566 1536 2606 voce
1585 2549 1884 2621 respondit
1917 2565 1930 2602 :

264 2647 409 2704 Sum
460 2645 749 2701 nativitate
799 2641 1023 2697 Sclavus
1047 2640 1116 2673 37°
1156 2640 1377 2695 nomine
1437 2638 1752 2694 Adalbertus
1804 2654 1934 2710 pro-

270 2737 514 2810 fessione
538 2731 857 2796 monachus,
887 2728 1079 2786 ordine
1109 2727 1380 2801 quondam
1420 2730 1721 2800 episcOpus,
1755 2729 1935 2799 ofﬁcio

271 2840 430 2881 nunc
476 2830 646 2879 vester
692 2819 964 2892 apostolus
993 2817 1082 2872 ³⁸0.
1127 2816 1302 2872 Causa
1354 2817 1528 2872 nostri
1587 2817 1803 2873 itineris
1856 2823 1935 2872 est

269 2922 455 2971 vestra
481 2892 663 2982 salus,
676 2916 740 2965 ut
761 2908 1129 2978 relinquentes
1155 2905 1456 2961 simulacra
1485 2904 1654 2960 surda
1681 2913 1733 2961 et
1758 2912 1929 2973 muta,

269 3001 581 3075 agnoscatis
641 2998 947 3054 Creatorem
1003 3002 1261 3063 vestrum,
1319 2996 1414 3067 qui
1458 2995 1627 3063 solus,
1685 3002 1736 3050 et
1778 3002 1936 3050 eartra

2031 512 2236 565 serunt
2265 511 2526 583 quinque
2558 512 2683 567 dies
2710 512 2769 566 in
2803 513 3063 584 quodam
3092 512 3217 567 vico
3250 512 3386 585 (60).

2099 598 2191 653 29.
2223 600 2355 655 Haec
2385 601 2527 655 dum
2559 601 2617 655 in
2649 600 2748 656 illa
2778 605 2945 673 parte
2976 605 3287 673 geruntur,
3319 618 3453 657 ecce
3484 600 3543 656 in
3575 617 3698 658 mo-

2032 688 2308 758 nasterio,
2340 688 2442 743 ubi
2474 688 2569 745 ille
2601 688 2736 744 talis
2766 689 3030 744 nutritus
3059 690 3270 757 fuerat,
3297 689 3534 745 cuidam
3565 705 3698 745 eon-

2030 791 2196 831 verso
2242 778 2457 833 Joanni
2489 778 2811 850 Canapario
2831 779 2900 813 ³⁸⁷
2933 777 3076 833 talia
3123 778 3413 835 Dominus
3460 795 3563 850 per
3608 776 3697 832 vi-

2033 881 2165 921 sum
2192 868 2468 922 ostendit.
2486 868 2526 922 Ε
2546 883 2779 921 summo
2797 867 2940 922 cmlo
2958 867 3116 923 velut
3129 867 3398 923 volancia
3417 868 3695 923 deorsum

2030 955 2274 1010 veniunt
2302 973 2493 1028 usque
2535 957 2605 1011 ad
2658 961 2875 1012 terram
2909 958 3025 1011 duo
3056 957 3123 991 ³⁸⁸
3163 956 3531 1022 linteamina,
3564 954 3699 1011 alba

2034 1043 2188 1099 sicut
2220 1044 2319 1100 nix
2349 1049 2407 1100 et
2438 1046 2661 1101 munda
2692 1046 2917 1117 absque
2946 1046 3105 1101 omni
3147 1046 3321 1101 sorde
3353 1050 3411 1101 et
3442 1043 3693 1100 macula.

2031 1133 2218 1188 Ambo
2269 1152 2377 1188 sua
2424 1134 2645 1189 honera
2679 1135 2769 1201 ³⁸9,
2806 1133 3074 1206 singulos
3126 1133 3368 1206 quidem
3417 1133 3591 1201 viros,
3627 1133 3698 1188 de

2035 1225 2191 1277 terra
2220 1222 2448 1289 levant;
2484 1224 2656 1278 ambo
2708 1222 3048 1278 felicissimo
3080 1223 3147 1257 ³⁹⁰
3178 1240 3359 1279 cursu
3408 1222 3595 1277 nubes
3644 1224 3702 1277 et

2036 1326 2212 1365 aurea
2255 1312 2463 1382 sydera
2510 1316 2885 1367 transnatant
2913 1313 3000 1367 39‘.
3036 1311 3222 1368 Unius
3273 1327 3490 1367 nomen
3538 1314 3701 1367 extra

2035 1395 2311 1469 ipsum”
2327 1400 2430 1470 qui
2452 1400 2575 1456 haec
2589 1400 2734 1456 vidit
2753 1401 3075 1457 admodum
3099 1400 3446 1472 paucissimi
3472 1400 3698 1471 sciuntj;

2037 1484 2185 1542 alter
2208 1488 2277 1522 393
2305 1504 2441 1543 vero
2488 1493 2632 1556 erat,
2670 1494 2735 1545 ut
2785 1490 2978 1545 adhuc
3009 1488 3183 1545 hodie
3234 1488 3365 1560 ipse
3393 1488 3462 1524 39‘
3490 1487 3699 1543 memi-

2036 1574 2142 1643 nit,
2176 1576 2390 1632 domus
2437 1577 2808 1646 Adalbertus,
2844 1579 2937 1634 cui
2990 1575 3270 1650 angclcus
3309 1578 3380 1612 395
3430 1575 3701 1632 minister

2028 1664 2157 1734 jam
2189 1665 2443 1722 cmlestis
2476 1683 2692 1723 mensae
2731 1667 2994 1723 convivia
3033 1665 3400 1738 praeparavit.
3434 1666 3505 1721 At
3533 1668 3698 1738 pater

2036 1752 2203 1809 Nilus
2235 1754 2502 1827 ignotum
2530 1756 2778 1828 estquid
2799 1757 2869 1811 de
2915 1770 2982 1811 eo
3002 1754 3254 1821 videret;
3289 1756 3394 1810 sed
3425 1753 3696 1810 dulcibus

2038 1841 2272 1914 scriptis
2324 1844 2578 1899 eundem
2623 1844 2815 1899 virum
2862 1845 2930 1879 ³⁹⁶
2977 1843 3059 1898 ita
3106 1840 3475 1914 alloquitur:
3520 1843 3693 1908 Scias,

2037 1928 2354 1987 dulcissime
2381 1934 2488 2003 ﬁli,
2522 1936 2655 2006 quip
2679 1935 2889 1988 amicus
2931 1939 3113 1987 noster
3140 1930 3463 1987 Adalbertus
3501 1931 3694 1988 ambu-

2041 2021 2118 2075 lat
2146 2036 2270 2075 cum
2299 2021 2516 2092 Spiritu
2542 2030 2747 2087 saneto,
2779 2030 2832 2078 et
2861 2022 3169 2076 beatissimo
3216 2020 3328 2090 ﬁne
3368 2027 3697 2093 prazsentem

2040 2111 2208 2165 vitam
2235 2112 2342 2165 erit
2362 2113 2776 2167 terminaturus.
2806 2111 2949 2166 Item
2983 2108 3146 2163 fratri
3178 2109 3530 2176 Gaudentio,
3567 2125 3695 2181 quae

2040 2214 2212 2271 opere
2240 2199 2307 2234 397
2334 2199 2535 2255 futura
2565 2204 2751 2268 erant,
2780 2202 3067 2256 nocturna
3098 2196 3267 2269 quies
3288 2200 3355 2235 ³⁵³⁸
3379 2197 3551 2254 textis
3578 2213 3698 2253 am-

2040 2287 2291 2361 bagibus
2323 2289 2490 2344 dixit.
2526 2289 2975 2362 Expergefactus
3020 2304 3176 2359 ergo,
3213 2288 3263 2343 si
3292 2287 3463 2344 vellet
3491 2286 3696 2342 audire

2041 2378 2339 2433 somnium
2359 2378 2429 2413 399
2457 2394 2658 2446 suum,
2690 2378 3010 2450 interrogat
3047 2375 3326 2433 dilectum
3381 2381 3609 2450 patrem
3629 2375 3697 2410 ⁴⁰⁰

2042 2466 2367 2538 ReSpondit
2396 2470 2594 2522 autem
2624 2467 2749 2538 ipse
2783 2482 2795 2521 :
2830 2467 2942 2533 Dic,
2976 2467 3029 2521 si
3068 2466 3199 2538 quid
3244 2466 3426 2523 habes.
3450 2496 3519 2506 --
3553 2464 3694 2529 Vidi,

2039 2554 2267 2627 inquid,
2320 2556 2381 2609 in
2422 2555 2599 2611 medio
2645 2556 2839 2610 altaris
2897 2554 3122 2609 calicem
3167 2571 3420 2623 aureum,
3455 2562 3507 2610 et
3551 2553 3698 2609 hunc

2039 2648 2167 2700 vino
2193 2644 2592 2715 semiplenam,-
2621 2651 2796 2699 custos
2834 2657 2956 2699 vero
2984 2644 3094 2715 ejas
3127 2658 3287 2700 nemo
3325 2652 3458 2700 erat.
3490 2643 3570 2699 Me
3598 2644 3697 2697 ita-

2041 2749 2143 2806 que
2184 2733 2391 2788 volente
2440 2733 2620 2789 bibere
2662 2748 2895 2799 merum,
2928 2733 3176 2803 opposuit
3218 2747 3276 2787 se
3319 2733 3463 2787 mihi
3490 2731 3554 2767 ⁸⁰¹
3585 2731 3695 2785 mi-

2038 2824 2211 2877 nister
2239 2822 2456 2888 altaris,
2491 2829 2543 2877 et
2568 2820 2868 2876 audacibus
2910 2821 3046 2876 meis
3073 2821 3257 2892 emptis
3286 2820 3432 2875 velut
3460 2818 3696 2892 quadam

2042 2913 2335 2983 imperiosa
2382 2911 2703 2966 auctoritate
2749 2908 3102 2974 contradixit,
3147 2909 3279 2981 quia
3314 2908 3383 2943 ⁴⁰²
3411 2923 3508 2964 nee
3555 2906 3698 2963 mihi

2039 3018 2138 3058 nec
2164 3002 2339 3055 alicui
2369 3000 2653 3056 hominum
2685 2999 2825 3054 hanc
2853 2999 3130 3054 licentiam
3155 2997 3285 3053 dare
3311 2998 3486 3064 vellet,
3506 3012 3606 3069 pro
3634 3010 3695 3053 eo

272 3070 439 3167 quem
465 3091 607 3146 alter
632 3088 765 3144 deus
813 3102 923 3142 non
951 3093 1061 3153 est;
1091 3092 1142 3141 et
1185 3092 1246 3140 ut
1292 3083 1560 3140 credentes
1604 3085 1665 3139 in
1710 3084 1928 3139 nomine

2042 3090 2181 3164 quod
2211 3090 2312 3144 tibi
2362 3092 2423 3145 in
2467 3091 2767 3145 crastinum
2812 3103 2912 3160 pro
2961 3087 3178 3142 mistiea
3225 3088 3512 3159 refectione
3559 3087 3699 3157 foret
3794 3070 3801 3081 ’

270 3154 395 3256 ejus
427 3181 593 3236 vitam
624 3176 888 3248 habeatis)
917 3184 967 3233 et
1006 3176 1066 3231 in
1097 3175 1258 3231 atriis
1304 3173 1832 3229 inmarcescibilibus
1861 3174 1925 3208 ³⁸¹

2041 3154 2334 3236 servatum.
2358 3178 2490 3233 Haec
2521 3194 2586 3234 eo
2617 3178 2911 3249 loquente,
2936 3174 3083 3248 fugit
3104 3156 3351 3232 somnus
3380 3176 3452 3230 ab
3485 3154 3692 3245 oculis,

270 3271 573 3327 σωιεδιίωη
612 3266 941 3340 gaudiorum
982 3266 1219 3336 prannia
1261 3265 1540 3335 percipere
1581 3267 1927 3321 mereamini.
2042 3274 2100 3325 et
2129 3272 2375 3339 occupat
2406 3265 2726 3322 tremencia
2755 3264 3022 3321 membra
3050 3268 3250 3336 torpor
3275 3262 3505 3335 ingens.
3528 3263 3689 3331 Deus,

272 3360 412 3417 Hinc
451 3360 691 3414 sanctus
738 3353 1108 3410 Adalbertus.
1154 3352 1241 3408 Illi
1293 3355 1490 3407 autem
1530 3352 1657 3424 jam
1708 3354 1933 3410 dudum
2043 3357 2257 3430 inquit,
2292 3357 2399 3427 fili,
2446 3363 2726 3428 prosperet
2770 3355 2915 3409 hunc
2961 3355 3182 3409 visum!
3228 3353 3437 3408 Fallaei
3481 3353 3692 3409 somnio

273 3449 661 3521 indignantes
701 3449 759 3501 et
801 3461 933 3500 cum
975 3442 1227 3498 clamore
1265 3440 1642 3513 blasphemia:
1662 3442 1730 3476 ³⁸²
1759 3444 1936 3499 verba
2040 3449 2316 3503 neminem
2344 3445 2561 3501 credere
2583 3452 2804 3516 oportet.

272 3539 560 3595 adversus
581 3551 715 3591 eum
740 3532 1195 3606 proclamantes,
1210 3534 1459 3586 mortem
1477 3529 1587 3585 sibi
1606 3531 1929 3588 minantur.

269 3628 347 3685 Et
367 3627 437 3661 ³⁸³
466 3622 747 3696 extimplo
786 3626 1003 3678 terram
1036 3619 1264 3675 baculis
1303 3618 1713 3691 percutientes,
1747 3621 1934 3678 fustes

270 3715 454 3788 capiti
478 3715 607 3786 ejus
630 3715 957 3784 apponunt,
969 3713 1028 3765 et
1054 3708 1397 3764 infrendunt
1419 3707 1542 3762 dire
1563 3708 1841 3765 dentibus
1872 3711 1933 3765 in

212 3862 229 3877 ,
269 3822 415 3863 eum
467 3819 481 3858 :
533 3801 789 3873 Magnum
840 3801 915 3855 sit
964 3798 1083 3868 tibi,
1126 3795 1422 3868 inquiunt,
1470 3796 1611 3869 quod
1658 3797 1936 3871 hucusque

270 3897 505 3966 impune
533 3892 751 3958 venisti,
786 3896 837 3944 et
880 3890 1023 3944 sicut
1061 3888 1203 3943 celer
1230 3885 1435 3943 reditus
1483 3902 1633 3957 spem
1680 3890 1822 3957 viae,
1858 3892 1935 3946 ita

272 3982 381 4039 tibi
425 3994 617 4052 parvae
660 3992 835 4034 morae
884 3977 1033 4032 necis
1080 3975 1319 4047 dampna
1363 3974 1639 4030 creabant.
1674 3976 1836 4032 Nobis
1884 3987 1936 4034 et

274 4079 386 4128 toto
416 4070 486 4104 ³⁸⁸
514 4068 643 4123 huic
688 4080 877 4137 regno,
906 4066 1062 4137 cujus
1090 4079 1188 4120 nos
1216 4065 1400 4135 fauces
1448 4080 1658 4133 sumus,
1693 4082 1931 4123 commu-

272 4160 369 4215 nis
402 4159 492 4213 lex
520 4157 754 4227 imperat
803 4161 855 4210 et
901 4169 1044 4209 unus
1074 4152 1202 4210 ordo
1251 4151 1497 4220 vivendi;
1528 4169 1617 4209 vos
1661 4171 1804 4223 vero,
1837 4159 1935 4229 qui

2113 3538 2202 3591 30.
2253 3535 2385 3590 Jam
2443 3538 2789 3605 exsurgente
2836 3533 2903 3567 ⁴⁰³
2934 3548 3225 3604 purpureo
3257 3532 3379 3599 die,
3435 3520 3689 3604 emptum

2042 3626 2152 3680 iter
2179 3626 2360 3696 agunt
2390 3622 2584 3694 (April.
2608 3624 2721 3690 23),
2739 3626 2795 3675 et
2825 3619 3081 3675 Davitico
3107 3619 3363 3674 carmine
3391 3619 3545 3674 viam
3578 3619 3692 3675 sibi

2044 3710 2383 3768 adbreviant
2399 3710 2465 3743 ‘0‘
2481 3714 2538 3764 et
2553 3709 2743 3764 dulcis
2760 3708 2887 3762 vita:
2904 3707 3184 3779 gaudium
3206 3707 3484 3762 continuo
3501 3706 3693 3777 appel-

2040 3799 2472 3858 lantChristum
2484 3839 2496 3852 .
2514 3798 2651 3852 Inde
2668 3812 2929 3852 memora
2939 3796 3006 3829 ‘05
3024 3799 3080 3850 et
3096 3794 3239 3850 feria
3254 3793 3440 3850 lustra
3456 3793 3691 3865 loquen-

2040 3895 2149 3957 tes,
2185 3887 2305 3945 sole
2335 3887 2683 3943 ascendente
2724 3885 2794 3939 ad
2837 3882 3161 3953 meridiem,
3195 3880 3547 3953 campestria
3576 3880 3688 3952 (61)

2041 3980 2170 4036 loca
2186 3978 2476 4034 adierunt.
2500 3975 2580 4030 lbi
2600 3975 2774 4029 fratre
2787 3971 3111 4028 Gaudentio
3132 3971 3378 4026 missam
3401 3970 3689 4026 celebran-

2041 4073 2117 4136 te,
2151 4072 2391 4124 sanctus
2429 4065 2524 4121 ille
2574 4061 2899 4118 monachus
2948 4059 3420 4127 communicavit,
3454 4063 3513 4115 et
3559 4062 3691 4130 post

2042 4173 2270 4214 sacram
2324 4152 2797 4210 communionem
2852 4167 2956 4222 pro
3015 4148 3338 4205 alleviando
3378 4149 3444 4184 ⁶⁰⁶
3492 4147 3711 4205 Ιθ,1)οιόιε⁴

273 4248 408 4305 estis
438 4245 668 4301 alterius
696 4252 746 4299 et
775 4244 974 4313 ignotae
1002 4242 1154 4313 legis,
1182 4242 1297 4297 nisi
1315 4240 1414 4296 hac
1442 4248 1594 4297 nocte
1620 4242 1928 4314 diseedatis,

276 4340 345 4394 in
402 4335 703 4392 crastinum
760 4330 1207 4403 decapitabimini
1256 4331 1343 4384 ³⁸⁵.
1398 4330 1533 4386 Insa
1577 4348 1711 4388 vero
1767 4340 1933 4392 nocte

2041 4245 2269 4302 itineris
2312 4240 2635 4315 pauxillum
2681 4238 2910 4295 obsonii
2942 4237 3183 4311 accepit.
3218 4240 3289 4295 Et
3335 4237 3489 4294 dicto
3518 4254 3689 4294 versu

2041 4340 2098 4391 et
2127 4330 2394 4405 sequenti
2427 4329 2676 4403 psalmo,
2709 4327 2897 4400 surgit
2934 4327 3003 4383 de
3042 4327 3342 4400 gramineo
3373 4324 3608 4398 cespite,
3632 4329 3692 4381 et

1636 4456 1880 4514 VARI/E
1920 4458 2337 4517 LECTIONES.

352 4559 422 4630 3‘?
451 4556 809 4630 intravit}.
848 4554 914 4589 3“
954 4554 1353 4630 adeuntes_2._
1394 4555 1461 4588 ³⁸⁷
1496 4553 1732 4630 μαθέ-2.
1808 4557 2105 4630 ³⁸³431⁸89ῐο
2159 4558 2209 4630 1.
2267 4554 2353 4630 ᾉ³⁶⁹
2384 4553 2480 4630 pia
2530 4568 2598 4630 ea:
2645 4552 2847 4630 eorr.A1
2884 4550 3016 4630 diva
3122 4548 3241 4630 "37°
3272 4563 3351 4630 m.
3403 4547 3600 4630 ejus

279 4632 354 4711 f“
383 4629 538 4711 deest
551 4632 607 4683 2.
647 4627 1065 4711 “ﬁndor-unum
1089 4627 1147 4711 2,
1318 4624 1467 4711 deest
1486 4628 1540 4680 2.
1619 4626 1688 4661 ⁸⁷⁸
1716 4617 2130 4711 q.“pr‘imans_‘de
2170 4627 2324 4711 {1a,b.
2384 4617 2467 4711 '31")
2498 4628 2765 4711 actarum
2797 4625 2851 4676 2.
2894 4693 2908 4711 ‘
2928 4622 2995 4657 37‘
3026 4617 3517 4711 furibupdacorr.
3544 4617 3689 4711 furi-

280 4701 485 4758 bundo
519 4702 570 4755 1.
645 4699 712 4733 3'”
743 4698 887 4753 deest
916 4698 967 4751 1.
998 4700 1053 4751 2.
1086 4689 1141 4752 5.
1216 4696 1284 4731 ³⁷⁸
1315 4696 1471 4752 mitti
1519 4714 1661 4753 corr.
1707 4689 1835 4753 miti
1868 4702 1920 4755 1.
1996 4701 2065 4735 37°
2095 4689 2380 4755 bohemus
2408 4699 2495 4750 2c.
2573 4694 2640 4728 ³⁸⁰
2670 4693 2838 4766 aplus
2890 4693 2914 4746 1
2966 4707 3138 4745 manu
3183 4689 3300 4745 alia
3346 4690 3604 4760 inscripto
3635 4706 3686 4744 c.

281 4770 691 4804 ιηηηριηιίηηακ
817 4769 882 4804 381
917 4767 1301 4804 inmnrnoanik
1356 4769 1375 4804 4
1510 4770 1579 4804 ss:
1608 4768 1946 4804 λιοοηιηοηηη
1999 4774 2033 4804 ο
2103 4773 2168 4804 9..
2239 4787 2267 4804 η
2343 4769 2404 4804 tn
2474 4767 2510 4804 ιι
2564 4768 2600 4804 5
2722 4765 2789 4799 333
2818 4763 2962 4804 {Inng
2989 4765 3040 4804 9.
3073 4762 3138 4804 2n
3196 4777 3244 4804 η,
3350 4761 3419 4794 384
3458 4760 3562 4804 tnti
3596 4760 3686 4804 3n-

281 4770 711 4914 sgittis?-
728 4767 1474 4913 χιῖξίιξξξιάξξῑθῖξξξλέε..
1510 4770 1579 4895 :‘i’
1606 4768 1956 4898 blaesis:
2474 4765 2789 4907 δέεῆιοεῑϊ
2815 4762 3181 4914 satis
3196 4761 3580 4914 insta;
3596 4760 3688 4886 ἓξὲξ

279 4917 339 4972 5.
385 4903 483 4948 ’³⁸⁸
513 4912 657 4968 deest
684 4912 735 4966 1.
770 4903 903 4986 4b:
938 4910 1008 4944 3”
1040 4912 1117 4986 ita
1143 4911 1232 4964 11a.
1265 4910 1552 4986 h‘erasum
1576 4913 1624 4966 1.
1650 4913 1852 4986 reliqui
1881 4929 2077 4986 onera.
2153 4914 2221 4948 39°
2251 4914 2330 4986 ita
2361 4913 2410 4965 1.
2434 4910 2522 4986 3_a_,
2548 4903 2711 4986 0.71:1,
2737 4906 2792 4986 b.
2813 4907 2871 4960 5.
2893 4903 3259 4986 velocissimo
3278 4903 3357 4957 2.7
3409 4904 3472 4937 3"
3502 4905 3692 4985 trans-

325 4956 339 4969 .
513 4949 655 4968 ιιουο.
687 4949 735 4966 ι.
770 4949 864 4966 τυ.
1040 4949 1114 4965 ι...
1143 4949 1232 4964 τι..
1266 4949 1302 4964 ι.
1334 4949 1552 4966 υ,
1577 4949 1624 4966 ι.
1650 4949 1752 4968 ,νη
1793 4949 1850 4967 ι..
1881 4949 2011 4969 νυνι
2065 4956 2077 4968 ,
2254 4949 2330 4967 ι...
2362 4949 2410 4965 ι.
2434 4949 2504 4964 υ...
2549 4949 2598 4962 υ.
2634 4949 2694 4961 ...
2738 4949 2792 4960 ν.
2813 4949 2871 4960 ν.
2905 4949 3257 4959 mum..."
3279 4949 3333 4957 _.
3509 4949 3667 4957 ---κη

282 4949 430 5043 Ιέιιῐιῒ.
465 4988 519 5039 2.
545 4986 857 5038 transnant
876 4983 965 5048 3a,
993 4997 1042 5036 c.
1069 4981 1161 5036 lib.
1263 4981 1391 5035 39’i.
1415 4982 1735 5039 onicrotem
1756 4949 2101 5040 qadmoduum
2134 4986 2215 5039 4ο.
2250 4985 2359 5039 Vox
2389 4950 2540 5036 valde
2581 4949 2838 5041 modesta,
2870 4977 2921 5030 si
2961 4975 3263 5048 Iohannem
3300 4990 3362 5048 ea
3409 4975 3692 5048 scripsisse

1946 5056 2015 5091 sat
2042 5056 2187 5111 ἀεεςε
2213 5056 2283 5109 3a
2310 5053 2401 5106 4b,
2502 5050 2570 5084 395
2601 5048 2842 5116 angelus
2874 5050 2963 5101 3:1.
3016 5084 3026 5091 ς
3064 5047 3132 5081 ³9⁸
3162 5063 3214 5099 v.
3241 5045 3563 5116 johannem
3594 5046 3687 5100 4b.

2502 5050 2570 5084 ³9⁵
2601 5048 2842 5120 angelus
2874 5050 2963 5101 3a.

1874 5320 2107 5381 NOTAE.

360 5423 472 5497 (58)
502 5421 716 5548 Preqel,
765 5424 832 5476 ut
874 5419 1122 5474 videtur.
1171 5418 1254 5474 Cf.
1289 5417 1372 5474 Cl.
1404 5418 1595 5492 Voigt,
1630 5419 1934 5476 Geschichte

360 5509 587 5548 'eussens
646 5535 661 5548 .
695 5509 752 5548 ι).
782 5492 888 5547 266
916 5508 1047 5548 sua.

288 5492 587 5574 Press;er
606 5492 661 5574 1:
695 5509 760 5574 9-.
782 5492 888 5574 266
916 5508 1096 5574 ειμι..

364 5568 477 5642 (59)
510 5565 575 5623 In
605 5561 927 5631 Safnbiam,
963 5561 1136 5620 hodie
1163 5561 1444 5619 Samland.

2116 5421 2229 5492 (60)
2257 5420 2297 5492 Ε
2314 5413 2757 5492 ᾼΓθεὶοΠθ-υτὺίε
2787 5414 2994 5469 Pillau.

2112 5480 2227 5560 (61)
2283 5480 2500 5546 Nemus
2557 5488 2905 5544 Pruzzorum
2966 5500 3248 5552 sacrum;
3319 5484 3449 5539 vide
3516 5480 3689 5554 Voigt

2041 5578 2100 5633 p.
2126 5562 2251 5618 660.
