4044 6176
1767 306 2195 372 MIRACULA.

932 726 1452 817 MIRACULA
1513 723 1864 815 SANGTI
1928 724 2494 814 ADALBERTI
2560 725 3044 815 MARTIRIS

352 1141 404 1196 1.
440 1140 574 1195 Post
604 1143 851 1194 mortem
883 1155 1016 1194 vero
1045 1155 1157 1194 non
1191 1138 1503 1194 defuerunt
1544 1137 1739 1192 divina
1788 1153 1923 1209 pro-
1957 1137 2009 1203 Α
2041 1153 2267 1191 necnon
2301 1141 2357 1191 et
2387 1135 2549 1190 locus
2582 1136 2638 1190 in
2692 1136 3018 1192 reverencia
3066 1137 3411 1205 habebatur,
3448 1140 3682 1212 illicque

279 1229 443 1302 digia
472 1229 529 1283 in
565 1227 868 1283 miraculis
897 1228 1079 1283 eciam
1132 1227 1282 1282 inter
1322 1232 1547 1299 gentes.
1582 1227 1727 1281 Nam
1780 1225 1927 1298 digi-

279 1320 379 1372 tus
412 1315 522 1386 (65)
553 1315 681 1385 ejus
732 1314 791 1368 in
821 1331 1036 1386 aquam
1067 1313 1342 1370 decidens
1389 1320 1447 1370 et
1478 1332 1511 1369 a
1541 1313 1699 1386 pisce
1733 1314 1928 1385 ipsum

279 1403 544 1477 rapiente
575 1403 995 1469 devoratus,de
1023 1406 1219 1458 ventre
1250 1404 1378 1475 ejus
1410 1404 1481 1458 ad
1514 1403 1702 1458 instar
1729 1404 1932 1458 arden-

276 1492 359 1548 tis
376 1491 613 1547 candele
635 1491 787 1547 inter
803 1492 1017 1547 ﬂuctus
1038 1493 1268 1548 cunctis
1282 1492 1612 1547 videntibus
1632 1490 1926 1547 rutilabat.

281 1583 409 1648 Quo
439 1579 723 1636 miraculo
755 1580 988 1636 attoniti
1035 1582 1125 1616 ⁴²⁸¹
1167 1581 1508 1653 piscatores,
1543 1580 1702 1637 omni
1735 1581 1929 1636 studio

281 1686 419 1726 eum
469 1685 674 1741 capere
720 1669 1042 1742 cupientes,
1096 1686 1465 1742 quocumque
1507 1686 1568 1725 se
1625 1668 1933 1725 diverteret

282 1759 701 1832 sequebantur.
735 1759 850 1815 Nec
883 1776 1065 1826 mora,
1092 1760 1312 1831 piscem
1344 1759 1585 1832 capiunt
1614 1762 1670 1814 et
1698 1775 1931 1815 excuce-

282 1852 419 1905 rant
447 1852 507 1904 et
532 1864 602 1904 ex
629 1847 951 1904 ventriculo
983 1848 1173 1920 ipsius
1202 1864 1438 1904 sacrum
1460 1847 1711 1921 digitum
1743 1848 1930 1903 sancti

282 1937 599 2011 pontiﬁcis,
634 1937 1033 1994 ﬂammantem
1067 1938 1126 1993 in
1157 1938 1415 1993 ardentis
1445 1937 1683 1993 candele
1723 1936 1931 1992 simili-

282 2026 510 2092 tudine,
540 2029 934 2082 extraxerunt.

353 2118 411 2170 2.
444 2114 609 2171 Circa
639 2114 795 2171 idem
825 2119 1060 2187 tempus
1092 2116 1380 2173 Prutenus
1429 2114 1671 2188 quidam
1721 2114 1933 2171 nobilis

282 2221 356 2260 ex
387 2203 723 2260 Pomeranis
744 2205 1137 2276 quorumdam
1168 2222 1345 2260 causa
1376 2205 1749 2277 negociorum
1778 2203 1935 2259 venit

284 2294 347 2349 in
379 2291 679 2349 Sambiam
700 2293 1167 2360 terram,scilicet
1186 2295 1246 2350 in
1279 2294 1512 2350 Pruscie
1530 2294 1795 2367 partibus
1813 2311 1938 2366 spe-

286 2382 498 2438 cialem
530 2383 617 2450 “9,
653 2381 713 2436 in
745 2399 864 2454 qua
894 2384 965 2438 ab
998 2382 1205 2438 incolis
1238 2384 1445 2449 beatus
1493 2386 1717 2455 martyr
1762 2382 1934 2437 Adal-

285 2471 491 2527 bertus
522 2470 868 2544 martyrium
901 2471 1301 2539 consumavit;
1335 2471 1436 2527 ubi
1466 2488 1601 2526 cum
1633 2490 1667 2526 a
1697 2470 1935 2526 dicenti-

285 2561 403 2616 bus
424 2560 810 2633 cognovisset,
837 2561 992 2632 quod
1022 2560 1259 2632 ignotus
1280 2559 1721 2631 quidam.cujus
1742 2559 1938 2632 loque-

284 2648 346 2704 la
375 2649 447 2705 ab
478 2647 563 2704 eis
592 2665 708 2705 non
739 2647 1355 2725 intelligebatur,apud
1372 2647 1532 2721 ipsos
1564 2648 1939 2704 fueratinter-

285 2738 495 2805 fectus,
542 2754 611 2793 ex
656 2737 955 2810 proposito
1001 2738 1387 2811 cognoscendi
1435 2738 1798 2805 defunctum,
1831 2754 1937 2793 nec

284 2826 534 2882 dubium
566 2826 708 2898 quin
740 2825 953 2899 spiritu
984 2826 1086 2881 Dei
1108 2825 1599 2899 agente,pervenit
1627 2827 1698 2882 ad
1718 2826 1934 2884 locum.

285 2914 604 2987 Reperiens
634 2914 813 2988 igitur
840 2919 1018 2986 caput
1046 2918 1338 2983 sanctum,
1358 2914 1583 2970 audivit
1610 2914 1667 2969 id
1692 2913 1849 2987 loqui
1876 2932 1939 2971 se

284 3019 355 3059 oc
384 3003 576 3059 dicere
604 3002 715 3059 sibi
751 3021 764 3059 ε
801 3004 951 3060 Tolle
977 3020 1066 3059 me
1102 3003 1357 3076 deferque
1384 3020 1470 3060 me
1519 3004 1580 3059 in
1628 3006 1933 3072 Poloniam,

286 3095 349 3149 in
368 3094 642 3149 civitatem
673 3110 773 3164 que
805 3092 1011 3148 Gowsen
1040 3101 1280 3161 vocatur,
1312 3100 1364 3150 et
1388 3096 1440 3149 si
1476 3094 1612 3149 illuc
1654 3096 1721 3129 ‘30
1767 3111 1938 3167 usque

283 3181 489 3237 munde
537 3190 587 3237 te
628 3198 950 3238 conservans
997 3199 1085 3237 me
1113 3181 1393 3250 delatoris,
1427 3191 1733 3239 reverenter
1759 3185 1937 3256 gloria

284 3278 338 3326 et
364 3270 585 3327 divieiis
615 3279 673 3327 tu
701 3278 753 3326 et
767 3272 971 3342 posteri
985 3272 1068 3326 tui
1084 3273 1479 3342 inperpetuum
1496 3271 1939 3329 sublimabimini

284 3376 452 3431 super
477 3375 661 3416 omnes
694 3362 791 3432 qui
820 3360 1069 3415 habitant
1096 3362 1153 3415 in
1186 3360 1296 3415 hiis
1325 3363 1506 3416 terris.
1548 3361 1612 3416 Si
1656 3377 1781 3417 vero
1814 3363 1935 3433 pol-

288 3449 463 3504 lueris
493 3451 640 3504 viam
671 3457 842 3513 tuam,
875 3451 1160 3520 generacio
1189 3457 1282 3505 tua
1310 3450 1503 3515 ultima
1546 3467 1655 3506 non
1691 3452 1937 3522 proﬁciet

285 3540 346 3595 in
376 3539 577 3595 melius
604 3554 704 3594 nec
730 3537 994 3593 decrescet
1014 3539 1075 3592 in
1097 3538 1352 3605 deterius,
1376 3537 1469 3594 sed
1487 3538 1750 3594 mediocri
1778 3539 1935 3595 modo

280 3643 559 3699 compares
587 3628 754 3683 vestri
771 3626 1050 3683 similibus
1076 3628 1393 3698 persistetis.
1415 3626 1539 3682 Hiis
1570 3628 1934 3699 stupefactus

275 3716 452 3772 homo
484 3715 727 3789 gentilis
744 3714 884 3772 tulit
910 3715 1078 3782 illud,
1116 3732 1522 3788 reponensque
1554 3717 1612 3771 in
1644 3734 1933 3790 vase,pro-

270 3804 463 3859 fectus
491 3806 584 3858 est
613 3818 817 3859 versus
847 3802 1148 3859 Poloniam
1180 3804 1447 3859 tendens.
1474 3803 1619 3859 Cum
1651 3808 1846 3861 autem
1867 3805 1928 3862 in

2039 1224 2193 1280 facta
2219 1223 2464 1297 pulchra
2496 1224 2782 1280 miracula
2814 1225 3163 1281 referuntur.

2108 1316 2161 1369 3.
2198 1302 2433 1385 Legitur
2463 1314 2667 1381 eciam,
2693 1316 2847 1386 quod
2881 1315 2935 1369 in
2970 1315 3221 1388 Ungaria
3252 1317 3685 1391 Christumprc—

2039 1403 2259 1458 dicaret
2307 1404 2513 1460 beatus
2558 1403 2945 1472 Adalbertus;
2993 1405 3249 1477 primum
3296 1407 3532 1478 quidem
3583 1425 3686 1480 per

2040 1493 2290 1548 nuncios
2322 1510 2480 1560 suos,
2506 1491 2714 1548 deinde
2746 1510 2847 1565 per
2879 1510 2940 1549 se
2969 1493 3184 1566 ipsum,
3206 1499 3262 1551 et
3291 1494 3687 1553 innumerabi-

2039 1579 2154 1636 lem
2174 1580 2457 1653 populum
2477 1581 2650 1636 verbo
2670 1581 3091 1653 predicacionis
3104 1588 3277 1656 atque
3296 1584 3498 1643 multis
3514 1586 3683 1643 mira-

2040 1668 2190 1725 culis
2220 1670 2293 1725 ad
2327 1670 2501 1725 ﬁdem
2535 1674 2913 1727 converteret.
2946 1672 3172 1727 Accidit
3208 1690 3343 1729 eum
3388 1676 3685 1747 pervenire

2040 1760 2111 1814 ad
2144 1758 2361 1825 locum,
2394 1759 2496 1814 ubi
2529 1759 2696 1815 sedes
2727 1764 2784 1815 et
2816 1759 3157 1834 principalis
3188 1764 3368 1819 totius
3408 1765 3682 1837 regionis.

2038 1848 2179 1904 Erat
2207 1852 2404 1903 autem
2424 1847 2503 1904 ibi
2527 1848 2763 1921 ydolum
2784 1850 3077 1920 quoddam
3098 1851 3320 1907 celebre
3342 1870 3443 1926 pre
3459 1855 3684 1925 ceteris,

2040 1951 2109 1992 ex
2128 1953 2244 2008 quo
2266 1937 2546 1992 demones
2569 1936 2903 2009 frequenter
2919 1939 3056 1995 dare
3079 1941 3387 1997 manifeste
3410 1960 3690 2016 responsa

2042 2024 2327 2082 solebant.
2345 2025 2463 2080 Hac
2493 2026 2674 2098 igitur
2703 2044 2881 2083 causa
2911 2029 3079 2084 turbe
3100 2029 3421 2086 vicinarum
3453 2032 3689 2088 urbium

2042 2115 2113 2170 ad
2146 2113 2325 2187 hujus
2356 2114 2437 2169 rei
2468 2114 2866 2186 spectaculum
2899 2116 3133 2172 statutis
3152 2112 3515 2192 temporibus
3546 2120 3690 2176 illud

2043 2203 2352 2259 adorature
2374 2204 3074 2261 conveniebant.Maxima
3095 2205 3291 2280 itaque
3312 2208 3693 2266 multitudine

2044 2291 2245 2364 populi
2270 2292 2508 2364 ydolum
2536 2293 2977 2361 circumstante,
3012 2298 3254 2353 sanctus
3282 2298 3559 2370 pontifex,
3579 2300 3693 2356 ﬁde

2044 2381 2231 2449 fortis,
2266 2384 2508 2453 paratus
2539 2399 2642 2453 pro
2675 2381 2906 2438 Christo
2938 2385 3164 2440 tradere
3195 2385 3255 2441 in
3297 2391 3542 2444 mortem
3574 2388 3693 2445 ani-

2046 2486 2201 2524 mam
2232 2487 2422 2536 suam,
2441 2471 2718 2526 audacter
2745 2472 3008 2538 accessit,
3031 2476 3087 2528 et
3115 2458 3449 2533 videntibus
3466 2477 3693 2535 cunctis

2043 2559 2167 2614 face
2192 2575 2435 2614 accensa
2468 2559 2522 2613 in
2549 2564 2866 2632 conspectu
2895 2564 3291 2618 sarcerdotum
3314 2565 3694 2638 ydoli,omni-

2043 2649 2154 2703 bus
2202 2647 2414 2703 virtute
2463 2648 2563 2703 Dei
2624 2649 3013 2706 consternatis
3064 2656 3238 2724 atque
3288 2656 3685 2726 stupentibus,

2045 2742 2206 2793 tante
2236 2737 2601 2792 auctoritatis
2633 2739 3033 2795 constanciam
3050 2740 3209 2798 nullo
3228 2744 3689 2815 contradicente,

2045 2826 2190 2882 illud
2223 2826 2457 2899 penitus
2488 2827 2897 2883 concremavit.

2119 2918 2170 2971 4.
2206 2916 2586 2971 Postmodum
2617 2933 2749 2973 vero
2781 2934 2914 2973 cum
2949 2919 3157 2991 pagani
3190 2919 3435 2992 proximi
3462 2921 3693 2981 Polonie

2046 3005 2515 3078 predicacionem
2556 3006 2683 3077 ejus
2735 3006 2989 3080 recipere
3037 3007 3277 3078 nollent,
3313 3011 3472 3066 adire
3515 3011 3700 3069 voluit

2047 3093 2419 3167 metropolim
2452 3093 2826 3163 Polonorum,
2853 3112 2964 3167 que
2986 3096 3213 3152 Gnesen
3235 3098 3580 3171 appellatur,
3602 3102 3717 3167 de-,

2043 3182 2315 3253 venitque
2333 3181 2389 3235 in
2406 3182 2704 3254 quandam
2726 3180 3061 3251 villam,ubi
3093 3185 3165 3239 de
3194 3184 3286 3240 via
3308 3187 3378 3242 ad
3402 3187 3693 3245 civitatem

2044 3270 2382 3342 przedictam
2416 3270 2768 3342 requirebat.
2803 3272 2915 3328 Sed
2949 3271 3219 3329 homines
3250 3272 3359 3330 loci
3391 3277 3695 3336 audientes

2044 3359 2305 3432 linguam
2340 3360 2468 3432 ejus
2500 3378 2532 3415 a
2563 3377 2671 3416 sua
2700 3359 3021 3433 plurimum
3054 3362 3389 3434 dessonare,
3415 3366 3697 3439 aspicien-

2042 3453 2247 3520 tesque
2287 3448 2557 3504 habitum
2606 3448 2813 3523 ipsius,
2848 3450 3071 3507 scilicet
3118 3454 3548 3528 monachalcm,
3580 3456 3692 3512 sibi

2043 3536 2283 3592 omnino
2304 3537 2772 3605 invisum,risum
2797 3546 3321 3611 commoverunt,et
3340 3543 3599 3617 loquenti
3621 3546 3693 3601 ad

2043 3643 2141 3682 eos
2191 3643 2256 3681 ac
2306 3626 2691 3700 interroganti
2752 3628 2825 3683 de
2869 3628 3074 3685 itinere
3126 3648 3239 3686 non
3296 3633 3696 3704 dignabantur

2044 3715 2412 3787 respondere.
2446 3716 2613 3770 Tunc
2667 3720 2908 3772 sanctus
2950 3717 3050 3772 Dei
3083 3719 3293 3790 spiritu
3325 3721 3557 3792 plenus,
3593 3723 3694 3794 qui

2044 3819 2148 3876 per
2178 3803 2374 3876 ipsum
2404 3803 2574 3877 signa
2604 3808 2661 3860 et
2691 3805 2957 3878 prodigia
3006 3805 3274 3876 faciebat,
3309 3808 3391 3863 ait
3438 3810 3511 3865 ad
3560 3809 3693 3868 illos

271 3896 491 3950 terram
543 3909 713 3948 suam
762 3908 941 3965 prope
995 3910 1029 3948 a
1077 3893 1249 3948 domo
1282 3892 1516 3965 propria
1546 3894 1927 3966 pervenisset,
1958 3867 2003 3935 Ο
2043 3867 2219 3965 .Quia-
2233 3908 2334 3963 pro
2383 3867 2584 3948 Ιιοῆονθ
2632 3867 2730 3947 ι)έὶ
2781 3867 2932 3965 10un
2976 3909 3084 3949 non
3134 3867 3319 3964 vultis,
3352 3897 3422 3951 ad
3459 3898 3695 3970 gloriam

271 3979 432 4054 cepit
460 3980 733 4054 cogitatio
764 3979 1001 4054 pulsare
1050 3982 1316 4037 animum
1365 3982 1493 4053 ejus
1544 3983 1614 4038 de
1663 3983 1929 4041 videndis

269 4068 473 4142 pueris
503 4069 628 4126 suis
658 4074 717 4125 et
737 4068 1037 4139 uxoribus,
1072 4087 1220 4142 quas
1251 4071 1400 4126 duas
1430 4070 1701 4127 habebat.
1725 4071 1931 4131 Victus

271 4157 617 4230 huiusmodi
650 4157 832 4232 igitur
847 4158 1356 4232 aﬂ'ectione,caput
1384 4161 1781 4217 venerandum
1793 4180 1928 4218 cum

269 4262 409 4304 vase
437 4245 499 4301 in
531 4248 785 4319 quadam
818 4263 1069 4303 concava
1088 4264 1309 4320 quercu
1339 4249 1929 4318 recondens,domum

269 4335 349 4391 ad
376 4352 521 4392 suos
549 4335 803 4408 perrexit
830 4352 966 4391 cum
996 4336 1297 4392 voluntate
1325 4354 1503 4409 quam
1530 4337 1712 4395 cicius
1734 4357 1953 4397 rever»

282 4424 471 4480 tendi.
504 4424 763 4480 Mandati
797 4424 1051 4496 denique
1078 4420 1481 4498 transgressor
1512 4426 1926 4497 etl‘ectus,cum

270 4512 506 4568 rediens
537 4517 718 4586 caput
742 4529 977 4570 sacrum
1007 4514 1351 4585 requireret,
1386 4514 1446 4569 in
1477 4513 1603 4571 loco
1648 4517 1747 4573 ubi
1780 4517 1923 4574 illud

266 4598 614 4674 reposuerat
642 4618 756 4658 non
789 4601 1040 4671 invenit;
1071 4602 1348 4675 cognacio
1368 4618 1501 4659 vero
1532 4603 1794 4663 hominis
1826 4625 1925 4663 su-

267 4689 547 4763 pradicti,
579 4694 645 4746 ut
672 4690 857 4747 eciam
887 4691 999 4764 ipsi
1029 4692 1126 4764 qui
1158 4709 1228 4748 ex
1256 4709 1335 4749 ea,
1370 4698 1508 4749 sunt
1555 4695 1922 4767 proﬁtentur,

266 4796 472 4836 rerum
491 4780 907 4854 temporalium
924 4797 1209 4838 successn-
1231 4797 1425 4856 usque
1436 4783 1609 4840 hodie
1637 4785 1698 4841 in
1721 4788 1925 4844 eodem

264 4871 429 4925 statu
459 4872 780 4941 permanet,
814 4868 969 4926 sicut
1012 4887 1116 4942 per
1145 4869 1293 4926 illud
1327 4870 1589 4928 divinum
1621 4875 1925 4933 oraculum

264 4956 498 5013 dudum
530 4958 724 5014 fuerat
751 4958 1137 5017 declaratum.
1173 4960 1237 5015 In
1285 4958 1413 5016 loco
1444 4965 1664 5031 autem,
1698 4963 1759 5020 in
1809 4983 1924 5038 quo

263 5050 447 5120 caput
477 5047 751 5120 martyris
781 5048 1017 5121 gentilis
1046 5053 1405 5122 reposuerat,
1438 5048 1627 5105 extitit
1655 5051 1795 5109 olim
1826 5070 1924 5110 ec-

2039 3983 2155 4054 ejus
2192 3983 2254 4037 in
2299 3983 2523 4037 nomine
2568 3982 2743 4052 ipsius
2781 3981 2949 4053 jubeo
2980 3989 3040 4037 ut
3068 3985 3309 4039 taceatis.
3344 3983 3461 4041 Hoc
3512 3987 3690 4055 dicto,

2040 4070 2177 4126 inde
2209 4069 2374 4137 abiit,
2405 4073 2464 4126 et
2493 4073 2646 4125 recte
2679 4067 2831 4125 viam
2874 4068 3104 4126 Christo
3151 4072 3398 4128 ducente
3448 4074 3689 4132 invenit.

2041 4159 2213 4235 lmpii
2242 4159 2326 4215 illi
2359 4175 2492 4214 mox
2520 4158 2668 4214 muti
2700 4157 2908 4228 ell'ecti,
2929 4160 3151 4231 pertriti
3183 4177 3250 4217 ac
3282 4165 3614 4221 conturbati
3634 4166 3693 4221 in

2039 4266 2106 4305 eo
2137 4249 2291 4321 quod
2324 4248 2612 4304 acciderat
2638 4246 2806 4320 ipsis,
2840 4247 2897 4302 in
2931 4247 3127 4305 dolore
3157 4254 3330 4324 atque
3373 4254 3692 4326 gemitibus

2040 4339 2123 4394 sic
2152 4338 2487 4394 manebant.
2522 4335 2684 4394 Ultra
2714 4337 2786 4392 ad
2818 4336 2992 4394 aliam
3027 4337 3227 4395 villam
3271 4342 3451 4409 venit,
3483 4346 3540 4399 et
3586 4360 3690 4416 pro

2034 4428 2128 4483 via
2159 4426 2483 4499 inquirens,
2509 4424 2785 4481 similiter
2812 4430 2870 4482 et
2899 4428 3258 4501 contemptui
3310 4429 3547 4486 habitus
3577 4435 3687 4499 est,

2038 4517 2316 4589 ipsosque
2348 4514 2521 4570 sicuti
2542 4512 2767 4586 primos
2792 4515 2995 4570 eodem
3018 4515 3291 4572 multavit
3312 4517 3692 4591 supplicio,ut

2037 4622 2185 4678 quos
2217 4600 2543 4661 consimilis
2584 4602 2753 4676 culpe
2804 4608 3000 4659 reatus
3045 4603 3341 4678 obligabat
3388 4620 3492 4678 pro
3541 4622 3689 4680 pena

2037 4696 2212 4767 digne
2260 4692 2709 4765 constringeret,
2736 4691 2795 4747 in
2846 4693 3112 4765 utrisque
3162 4711 3275 4749 non
3327 4695 3541 4767 injurie
3584 4712 3689 4753 sue

2033 4784 2354 4841 vindictam
2388 4781 2536 4838 mira
2567 4786 2899 4855 expectans,
2952 4782 3055 4837 sed
3088 4782 3147 4837 in
3179 4782 3389 4854 spiritu
3435 4784 3687 4842 levitatis

2035 4872 2401 4931 occasionem
2426 4870 2635 4927 salutis
2658 4886 2860 4926 eorum
2884 4874 2940 4925 et
2960 4870 3206 4943 gloriam
3229 4871 3447 4929 christo
3472 4872 3686 4929 Christi

2035 4978 2307 5036 querens.
2340 4959 2560 5017 Deinde
2589 4960 2661 5015 ad
2694 4959 2937 5015 terciam
2968 4957 3165 5014 villam
3197 4959 3315 5016 Deo
3347 4961 3494 5017 duce
3520 4962 3685 5018 deve-

2034 5055 2224 5119 niens,
2260 5053 2331 5107 de
2362 5049 2568 5104 itinere
2598 5048 2936 5104 sciscitatus
2967 5052 3077 5119 est,
3111 5064 3178 5105 ac
3207 5048 3405 5105 villani
3437 5050 3686 5124 benigne

264 5134 448 5193 etesia
475 5135 537 5192 in
568 5130 789 5194 honore
818 5136 1004 5211 ipsius
1035 5138 1310 5210 martyris
1341 5142 1761 5207 oonsecrata,et
1790 5130 1995 5215 ipsa'D
2028 5136 2639 5215 respondentes,viam
2665 5136 2776 5193 sibi
2806 5136 3112 5195 humiliter
3140 5140 3539 5197 ostenderunt.
3556 5141 3688 5208 Qui.

1619 5237 1862 5297 VARL‘E
1901 5238 2325 5299 LECTIONES.

335 5332 429 5368 ιη’
460 5331 693 5389 ottoniti
726 5349 769 5388 ο.
851 5333 920 5369 ⁸²⁹
950 5333 1196 5407 spialem
1226 5350 1273 5389 ο.
1351 5335 1419 5370 ⁴³⁰
1448 5333 1593 5390 illud
1622 5352 1670 5391 c.

335 5530 456 5599 (65)
486 5527 567 5602 Cf,
601 5528 783 5602 libros
815 5530 885 5585 de
916 5529 1047 5586 Vita
1077 5531 1135 5587 S.
1163 5529 1459 5602 Adalberti
1491 5533 1647 5602 apud
1689 5437 2108 5593 Dobng‘ogffr.
2141 5532 2305 5595 Boh.,
2342 5530 2412 5597 II,
2449 5546 2505 5602 p.
2540 5531 2629 5596 56,
2683 5529 2772 5595 59,
2829 5534 2885 5585 et
2934 5530 3144 5587 Chron.
3201 5532 3492 5589 Bohemiie
3543 5551 3675 5590 saec.

266 5617 387 5672 xxv,
417 5600 573 5673 apud
601 5600 886 5658 Mencken
918 5602 1019 5660 SS.
1054 5603 1187 5660 Sex.
1222 5601 1317 5670 III,
1355 5620 1412 5675 p.
1449 5600 1606 5658 1647.
