4052 6180
390 267 503 335 891

1419 266 1482 331 S.
1531 264 1978 330 ADALBERTI
2021 259 2294 330 EPISGO
2335 262 2770 330 PRAGENSIS

388 401 503 460 bus
531 399 759 478 gracias
789 415 989 476 agens,
1022 405 1221 459 exacto
1251 399 1456 457 itinere
1485 399 1660 474 longo
1690 399 1848 457 brevi
1881 403 2034 456 tern-
2060 400 2118 468 Α
2149 398 2452 472 gracieDei
2471 416 2574 472 per
2588 399 2828 456 beatum
2847 397 3227 456 Adalbertum
3241 395 3608 471 praedicante
3629 392 3814 452 multa

391 509 531 565 pore
560 491 764 565 angelo
797 492 948 548 bono
971 490 1577 562 comitante,pervenit
1607 507 1792 562 usque
1815 490 2042 544 Gnesen

389 579 862 652 urbem,plenam
884 579 1116 651 populo,
1138 579 1606 652 potentissimam
1631 595 1696 633 ac
1721 579 2030 633 famosam.

389 669 678 725 Continuo
709 669 778 723 ad
812 669 1000 722 forum
1027 684 1294 740 pergens,
1315 667 1680 722 multitudini
1707 686 1818 740 que
1843 667 2045 723 aderat

387 759 687 814 Christum
715 757 1076 812 conﬁdenter
1123 756 1402 828 predicat,
1439 757 1662 829 premia
1691 756 1808 811 vite
1837 759 2036 811 eterne

385 847 704 902 annunciat
731 846 1063 918 ‘3‘,Deoque
1096 851 1439 918 cooperante
1461 850 1516 899 et
1535 861 1801 900 sermone
1835 844 2039 899 conﬁr-

384 939 603 1002 mante,
651 935 1030 1006 sequentibus
1086 934 1272 1005 signis
1323 933 1592 1006 plurimis
1641 938 1697 988 et
1753 933 2023 1000 diversis,

384 1023 622 1080 Christo
647 1023 889 1078 domino
925 1022 1214 1077 innumeri
1241 1022 1803 1077 crediderunt.Unde
1826 1023 2042 1077 factum

385 1116 493 1178 est,
530 1116 596 1166 ut
645 1111 804 1164 fama
852 1110 981 1180 ejus
1029 1111 1202 1164 modo
1252 1127 1354 1182 per
1385 1109 1716 1165 universam
1748 1110 2042 1183 regionem

382 1215 730 1272 percurrens
780 1199 852 1253 ad
905 1197 1035 1253 illos
1088 1199 1156 1232 ⁴³²
1188 1199 1566 1272 pertingeret,
1609 1217 1756 1262 quos
1805 1203 2043 1255 sanctus

385 1286 580 1360 presul
613 1287 672 1342 in
705 1288 939 1342 nomine
970 1287 1186 1343 Christi
1219 1288 1450 1343 dudum
1500 1306 1642 1344 voce
1697 1287 2040 1360 privaverat,

382 1393 499 1432 non
533 1375 762 1440 auditu,
799 1376 998 1447 sicque
1024 1375 1409 1447 persisterant
1438 1376 1598 1431 nullo
1646 1393 1887 1448 prorsus
1936 1394 2039 1431 va-

381 1464 568 1522 lentes
601 1463 869 1520 subsidio
903 1463 1163 1519 relevari.
1200 1464 1388 1537 Igitur
1433 1465 1506 1520 ad
1549 1465 1740 1520 virum
1790 1464 1888 1520 Dei
1939 1481 2042 1537 spe

377 1554 573 1628 gracie
595 1553 782 1626 ipsius
811 1552 1156 1608 inveniendo
1181 1553 1537 1608 unanimiter
1555 1553 2028 1626 proﬁciscuntur,

377 1641 789 1716 reperiuntque
811 1641 1006 1714 ipsum
1033 1641 1217 1696 multo
1236 1642 1450 1714 populo
1470 1642 1905 1714 przedicantem.
1925 1643 2030 1698 Re-

2153 487 2439 544 miracula
2470 487 2944 556 faciente,-ﬁdem
2979 486 3363 543 christianam
3418 490 3545 542 tota
3577 483 3816 540 Polonia

2153 575 2494 648 suscepit,et
2515 577 2758 633 fundata
2785 582 2876 633 est
2891 575 3068 632 veluti
3101 593 3204 649 per
3225 592 3410 631 unum
3435 575 3510 630 de
3529 573 3814 647 apostolis

2153 682 2330 738 super
2359 665 2674 738 apostolica
2705 665 2836 722 ﬁdei
2861 667 3093 721 ﬁrmam
3125 668 3374 738 petram,
3394 663 3817 736 prefatumque

2153 759 2388 827 tempus
2417 771 2484 810 ac
2515 755 2758 810 modum
2791 753 3153 811 abstinencie
3182 757 3315 808 ante
3348 751 3582 826 pascha
3596 767 3706 824 pro
3737 767 3820 807 re-

2152 843 2412 898 verentia
2442 844 2629 898 sancti
2655 843 2952 898 Adalberti
2983 846 3279 916 gratenter
3327 847 3382 895 et
3415 839 3819 896 communiter

2153 931 2604 987 custodiendum
2629 935 2962 1004 acceptans,
2999 929 3286 1003 plurimos
3335 945 3528 984 annos
3576 927 3817 984 circiter

2151 1022 2259 1075 230
2291 1019 2766 1092 irrel'ragabiliter
2795 1019 3142 1087 observavit,
3183 1019 3365 1074 donec
3399 1017 3638 1090 legatus
3688 1017 3817 1088 qui-

2153 1109 2289 1162 dam
2315 1109 2470 1163 sedis
2502 1107 2817 1180 apostolico
2849 1125 3060 1180 magne
3090 1105 3478 1172 auctoritatis,
3513 1105 3735 1162 nolens
3755 1105 3818 1140 ⁸³⁸

2153 1200 2384 1269 gentem
2419 1197 2767 1252 Polonorum
2797 1197 3030 1252 diucius
3059 1195 3190 1251 aliis
3220 1193 3493 1250 ﬁdelibus
3519 1195 3581 1250 in
3611 1195 3818 1250 obser-

2152 1285 2388 1340 vacione
2407 1285 2680 1341 annualis
2696 1285 2909 1357 jejunii
2936 1285 3057 1340 fore
3075 1283 3450 1350 dissimilem,
3471 1299 3664 1355 super
3678 1300 3816 1356 pra:-

2153 1372 2268 1428 fato
2301 1377 2518 1430 statuto
2550 1374 2704 1430 circa
2729 1391 2952 1430 annum
2977 1375 3050 1409 “0
3080 1371 3311 1428 Domini
3347 1373 3503 1440 1247,
3542 1371 3816 1427 auctori-

2149 1464 2268 1517 tate
2297 1461 2617 1534 apostolica
2637 1461 3015 1535 dispensavit.
3477 1516 3484 1522 .

2219 1551 2274 1606 5.
2307 1549 2503 1606 Eciam
2523 1551 2770 1624 legitur,
2789 1551 2946 1624 quod
2977 1549 3176 1606 volens
3207 1551 3414 1606 beatus
3443 1547 3816 1605 Adalbertus

2151 1637 2402 1694 transire
2433 1640 2504 1694 ad
2535 1643 2720 1695 terras
2753 1638 2899 1695 alias
2927 1637 3558 1712 paganorum,socium
3589 1637 3816 1694 laboris

377 1735 796 1804 cognoscentes
829 1732 1025 1785 autem
1057 1746 1213 1797 eum,
1248 1746 1445 1784 coram
1495 1730 1624 1801 ipsa
1657 1729 2034 1786 multitudine
2063 1771 2110 1838 Β
2150 1731 2206 1782 et
2235 1726 2460 1784 itineris
2491 1728 2584 1784 sui
2613 1727 2804 1784 virum
2837 1733 3109 1785 sanctum
3141 1729 3376 1784 nomine
3396 1727 3813 1785 Gaudencium

471 1819 528 1838 1⁸1
559 1837 565 1838 ,
678 1837 683 1838 ,
719 1819 730 1838 9
795 1837 811 1838 η
835 1836 882 1838 HA
920 1819 1071 1838 ,_I,,-!
1110 1837 1192 1838 ,,,,,
1217 1819 1285 1838 ,_!,
1310 1819 1365 1838 9!,
1416 1835 1468 1838 κ-
1492 1819 1625 1838 ηκιξι
1656 1837 1681 1838 ,,
1704 1837 1717 1838 η
1740 1837 1767 1838 ρ
1843 1819 1902 1838 9!,
1929 1835 2025 1838 mn-
2141 1813 2192 1838 2..
2231 1815 2453 1838 n__-___
2494 1833 2591 1838 μ---
2631 1833 2685 1838 _-
2733 1816 3230 1838 -__._L:-__!_--___...
3292 1815 3598 1838 _-_-121-_2A
3677 1833 3783 1838 ..--

378 1819 626 1894 pedibus
644 1819 766 1876 suis
791 1819 1379 1892 provoluti,suspiriis
1409 1835 1475 1874 ac
1491 1819 1722 1875 fletibus
1739 1819 2032 1891 variisque
2063 1813 2110 1838 υ
2139 1813 2198 1870 in
2231 1815 2461 1872 Gnesen
2493 1833 2596 1890 pro
2627 1833 2692 1872 sc
2729 1816 3236 1890 archiepiscopum
3286 1815 3627 1884 constituit,
3677 1833 3812 1888 per-

377 1909 699 1981 gemitibus
729 1907 928 1963 delicti
960 1907 1052 1962 sui
1103 1907 1336 1962 veniam
1386 1907 1784 1978 postulabant.
1820 1907 1937 1963 Hoc
1969 1909 2035 1942 ⁸³³

375 1997 581 2053 videns
613 1996 820 2051 beatus
865 1993 1240 2064 Adalbertus,
1269 1995 1529 2051 obmisso
1579 1995 1814 2051 interim
1862 2012 2034 2067 opere

381 2082 845 2156 praedicacionis,
879 2083 972 2137 cui
1001 2086 1124 2148 toto
1175 2081 1483 2138 conanime
1531 2082 1862 2151 insistebat,
1897 2101 2032 2140 con-

375 2189 580 2228 versus
609 2171 681 2227 ad
714 2169 864 2239 illos,
899 2174 965 2225 ut
995 2171 1194 2226 animo
1226 2168 1582 2226 mitissimus
1627 2176 1770 2240 erat,
1806 2171 2036 2244 placide

375 2261 698 2334 alloquitur
726 2277 846 2326 eos,
877 2259 1080 2315 dicens
1113 2276 1124 2313 :
1159 2259 1301 2328 Scio,
1333 2261 1554 2332 fratres,
1585 2263 1717 2330 scio,
1755 2262 1852 2334 qui
1874 2264 2029 2318 estis.

379 2351 558 2416 Video,
591 2349 730 2423 quod
758 2365 956 2404 manus
989 2349 1218 2404 Domini
1266 2351 1442 2422 tetigit
1487 2366 1576 2406 vos
1624 2351 1880 2424 vobisque
1931 2353 2034 2407 tri-

377 2440 494 2496 buit
514 2439 863 2506 intellectum,
885 2445 946 2493 ut
973 2444 1253 2509 peccatum
1293 2446 1528 2494 vestrum
1557 2447 1930 2510 cognoscentes
1964 2439 2037 2494 ad

373 2530 546 2585 Deum
574 2527 987 2600 approxinwtis,
1020 2527 1116 2598 qui
1162 2535 1324 2583 sanat
1351 2529 1611 2584 contritas
1641 2528 1817 2595 corde,
1849 2547 1914 2584 ac
1938 2544 2040 2602 per

378 2617 478 2675 hoc
533 2619 714 2690 ipsum
776 2613 1187 2671 misericordem
1237 2617 1430 2684 Deum,
1483 2619 1642 2690 cujus
1699 2634 1794 2690 ego
1849 2635 2038 2674 servus

380 2723 526 2774 sum,
556 2705 816 2762 denuntio
847 2705 915 2739 ‘3‘
951 2719 1129 2760 errori
1178 2713 1352 2762 vestro
1401 2705 1800 2778 indulgentiam
1838 2709 2039 2780 prosti-

379 2797 529 2853 tisse.
563 2797 790 2867 Propter
818 2793 958 2866 quod
987 2810 1178 2850 servus
1207 2795 1324 2867 ejus
1355 2795 1415 2849 in
1451 2797 1673 2851 nomine
1718 2797 1894 2868 ipsius
1942 2798 2042 2853 Dei

373 2893 428 2942 et
469 2885 696 2940 Domini
749 2883 926 2938 nostri
965 2882 1095 2937 Jesu
1146 2880 1352 2938 Christi
1399 2883 1659 2938 creatoris
1720 2885 1876 2938 omni
1928 2885 2038 2939 lin-

371 2990 500 3048 gua:
547 2975 614 3008 ⁸³⁸
661 2973 908 3044 ofﬁcium
952 2969 1142 3027 reddo.
1180 2970 1302 3026 Hiis
1353 2971 1526 3027 dictis
1557 2976 1616 3027 et
1647 2971 1814 3044 signo
1847 2956 2040 3029 crucis

375 3079 560 3134 super
581 3077 680 3116 eos
705 3057 1194 3127 facto,conl‘eslim
1219 3057 1484 3114 solutum
1509 3059 2041 3133 vinculumlinguaa

2143 1904 2472 1976 ductusque
2501 1905 2560 1960 in
2595 1905 3000 1960 Pomeraniam
3047 1923 3082 1960 a
3112 1905 3258 1960 duce
3288 1908 3438 1960 terre
3469 1903 3804 1960 honoriﬁce

2141 1997 2436 2064 exceptus.
2470 1993 2734 2049 Eundem
2767 1993 2982 2066 quippe
3023 1992 3346 2066 principem
3389 1993 3519 2065 jam
3565 1993 3801 2066 pridem

2143 2086 2382 2138 sanctus
2412 2081 2764 2138 Adalbertus
2812 2083 2872 2138 in
2924 2081 3164 2138 Polonia
3209 2081 3628 2154 baptizaverat,
3663 2097 3801 2136 cum

2143 2169 2282 2226 illuc
2308 2171 2374 2206 ⁴⁴¹
2405 2169 2738 2226 advenisset
2774 2187 2879 2243 pro
2929 2169 3052 2226 ﬁlia
3093 2169 3261 2226 ducis
3312 2169 3577 2238 Polonie,
3609 2169 3801 2242 ipsam

2143 2259 2254 2316 sibi
2286 2259 2594 2333 postulans
2625 2260 2686 2314 in
2717 2276 2987 2328 uxorem;
3021 2275 3199 2332 quam
3231 2258 3316 2314 illi
3348 2259 3581 2314 tradere
3613 2258 3806 2314 noluit

2143 2355 2460 2422 antequam
2486 2348 2567 2405 ibi
2599 2349 2670 2405 ab
2713 2349 3122 2422 compontiﬁce
3151 2347 3463 2404 Adalberto
3510 2347 3796 2420 baptismi

2144 2439 2484 2495 lavachrum
2512 2437 2886 2511 percepisset.
2922 2437 3172 2494 Proinde
3201 2440 3481 2509 convocat
3521 2437 3648 2493 dux
3698 2437 3802 2493 Po-

2145 2526 2404 2584 meranie
2433 2527 2718 2600 pepulum
2750 2543 2946 2595 suum,
2978 2531 3044 2582 ut
3073 2543 3108 2582 a
3135 2530 3336 2583 sancto
3384 2525 3663 2599 episcopo
3693 2543 3802 2582 au-

2146 2617 2312 2672 diant
2342 2616 2586 2672 verbum
2609 2615 3057 2672 Dei.Audientes
3087 2614 3268 2688 igitur
3293 2614 3624 2670 Pomeranii
3645 2615 3800 2688 quod

2146 2705 2494 2779 pmdicaret,
2529 2704 2668 2776 quia
2699 2703 2780 2759 dii
2815 2719 3016 2760 eorum
3067 2721 3215 2776 quos
3245 2701 3535 2771 colebant,
3571 2703 3653 2767 dii
3686 2721 3801 2759 non

2147 2796 2346 2850 essent
2375 2793 2478 2854 sed
2511 2793 2812 2861 demones,
2830 2809 2937 2848 nec
2967 2791 3188 2865 aliquid
3225 2796 3491 2866 prostare
3514 2792 3655 2848 boni
3677 2809 3802 2866 pos-

2148 2888 2298 2954 sent,
2329 2883 2702 2939 vehementer
2731 2881 3022 2956 indignati
3053 2885 3194 2938 sunt
3225 2886 3428 2938 contra
3474 2898 3615 2937 eum
3646 2881 3797 2938 blas-

2148 2973 2514 3046 phemantes,
2548 2971 3015 3044 conveniuntque
3041 2970 3101 3026 in
3130 2987 3316 3026 unum
3355 2972 3458 3044 qui
3501 2971 3658 3027 inter
3701 2987 3797 3027 eos

2149 3061 2568 3134 prudenciores
2601 3061 3043 3132 reputabuntur,
3075 3076 3212 3116 eum
3243 3077 3420 3132 super
3447 3059 3646 3116 verbis
3676 3059 3796 3115 suis

374 3150 670 3222 ipsorum,
722 3151 779 3202 et
827 3147 1056 3202 cunctis
1097 3145 1472 3218 stupentibus
1521 3153 1800 3220 ceperunt
1845 3148 2025 3220 loqui,
2057 3139 2100 3206 C
2140 3151 2488 3223 redarguere
2517 3150 2935 3220 attemptantes
2966 3149 3054 3202 “'.
3085 3149 3198 3205 Sed
3238 3151 3440 3205 sancto
3471 3147 3791 3204 Adalberto

377 3237 456 3294 Cb
467 3236 794 3307 ristumque
814 3252 1015 3291 verum
1037 3251 1167 3290 esse
1188 3234 1362 3290 deum
1383 3236 1616 3307 magnis
1635 3236 1872 3292 vocibus
1895 3254 2025 3292 con-

378 3327 651 3383 clamare.
676 3323 960 3396 Baptismi
990 3322 1171 3396 igitur
1200 3323 1459 3394 graciam
1491 3324 1752 3396 accipere
1781 3325 2024 3398 cupien-

376 3419 486 3482 tes,
500 3413 666 3486 prius
682 3413 854 3468 verbo
876 3411 1008 3468 ﬁdei
1031 3415 1272 3483 precatu
1296 3411 1559 3484 ipsorum
1584 3413 1884 3470 instruens
1904 3431 2026 3484 eos,

379 3501 514 3560 fecit
539 3519 607 3558 ex
637 3518 790 3573 aqua
820 3504 877 3556 et
905 3499 1114 3573 spiritu
1149 3499 1473 3572 regenerari
1504 3501 1592 3556 ⁸³³.
1628 3501 1690 3556 Ιη
1723 3502 1836 3558 ﬁde
1865 3503 2027 3559 deni-

377 3609 492 3664 que
507 3589 856 3658 conﬁrmati,
871 3588 1246 3645 sanctissimo
1263 3588 1522 3661 pontiﬁci
1541 3589 1811 3646 alacriter
1827 3609 2030 3649 omnes

377 3682 437 3737 in
507 3695 820 3736 commune
888 3676 1246 3750 supplicant,
1309 3677 1620 3734 dicentes:
1680 3679 2033 3736 Sanctita’em

377 3779 548 3835 tuam,
579 3769 790 3840 famule
816 3769 1199 3840 omnipotentis
1228 3767 1346 3836 Dei,
1379 3769 1718 3824 unanimiter
1765 3770 2032 3841 implora-

375 3877 518 3928 mus,
547 3867 608 3916 ut
648 3873 750 3931 pro
803 3858 1118 3930 iniquitate,
1154 3873 1319 3928 quam
1357 3857 1577 3928 quidem
1607 3859 1672 3892 ‘37
1702 3875 1822 3914 ecca
1851 3875 1915 3914 ac
1939 3861 2030 3930 fu-

378 3951 526 4006 riosa
553 3955 730 4005 mente
758 3948 814 4002 in
847 3953 896 4003 te
924 3947 1320 4012 commisimus,
1352 3946 1555 4019 aliquit
1580 3964 1844 4019 mugnum
1879 3949 2034 4005 nobis

380 4040 438 4094 in
467 4037 897 4108 satisfactionem
925 4035 1173 4105 imponas
1201 4033 1272 4090 ad
1315 4037 1640 4090 memoriam
1674 4043 2030 4106 posterorum.

377 4125 466 4180 Ad
511 4139 659 4194 quos
695 4123 904 4177 beatus
950 4119 1210 4194 praesul:
1264 4121 1450 4178 Laudo
1494 4138 1606 4189 vos,
1655 4123 1870 4197 inquit,
1901 4126 2028 4197 ﬁlii,

381 4211 521 4284 quod
548 4209 649 4264 sub
695 4223 869 4263 manu
893 4208 992 4263 Dei
1038 4208 1138 4278 pia
1167 4207 1456 4264 devocione
1502 4209 1909 4268 humiliamini.
1942 4213 2036 4268 Ve-

378 4305 688 4354 rumtamen
714 4295 1016 4352 certissime
1049 4294 1150 4350 hoc
1173 4295 1378 4360 scitote,
1411 4298 1544 4368 quia
1593 4297 1728 4352 illuc
1770 4307 1822 4354 et
1863 4307 2038 4356 cetera

373 4394 594 4462 peccata
623 4390 802 4442 vestra
829 4384 1018 4440 omnia
1048 4383 1197 4438 vobis
1224 4385 1286 4438 in
1313 4383 1603 4456 baptimatc
1631 4394 1760 4442 sunt
1785 4387 2034 4456 dimissa,

379 4473 746 4534 tantummodo
799 4475 1000 4530 mentis
1067 4473 1422 4545 vigilanciam
1477 4474 1786 4544 observetis,
1843 4495 1914 4534 ne
1967 4479 2038 4535 ad

373 4567 616 4638 pristina
643 4563 794 4618 mala
820 4578 917 4618 seu
959 4561 1076 4618 alia
1105 4570 1430 4620 revertentes
1456 4573 1765 4637 perceptam
1791 4569 2036 4638 graciam

385 4655 673 4710 amittatis.
725 4650 988 4724 Cumque
1039 4650 1229 4724 magis
1278 4667 1344 4707 ac
1393 4651 1584 4725 magis
1631 4653 1920 4712 instarent
1946 4658 2034 4728 ‘33,

375 4740 583 4800 statuit
611 4739 788 4808 eis,ut
820 4743 954 4794 ante
977 4738 1493 4812 quadragesimam
1515 4755 1550 4794 a
1569 4744 2030 4816 septuagesima,

391 4832 555 4906 prius
583 4846 760 4903 quam
792 4827 890 4884 alii
913 4827 1230 4884 Christiani
1243 4827 1538 4900 jejunium
1557 4829 1938 4902 inchoarent,i
1946 4835 2035 4907 psi

389 4923 461 4978 ab
491 4937 595 4976 esu
624 4916 890 4974 carnium
923 4934 1112 4990 usque
1151 4917 1224 4972 ad
1275 4916 1430 4972 diem
1479 4917 1741 4974 cinerum
1779 4921 2035 4979 abstine-

380 5013 524 5065 rent.
561 5007 723 5074 Quod
755 5011 1094 5078 preccptum
1127 5006 1326 5061 devote
1376 5006 1787 5080 suscipientes,
1822 5011 1883 5066 in
1918 5013 2037 5070 vita

380 5114 490 5155 sua
520 5093 770 5151 ﬁdeliter
797 5093 1205 5149 custodierunt
1233 5111 1300 5148 ac
1327 5093 1654 5166 posteritati
1705 5113 1810 5154 sue
1835 5100 2032 5157 obser-

379 5184 641 5242 vandum
669 5181 838 5254 quasi
856 5183 991 5254 jure
1019 5179 1370 5237 hereditario
1401 5182 1790 5241 tradiderunt.
1811 5187 2033 5261 Spiritu

2130 3239 2307 3296 verba
2335 3239 2447 3294 vite
2489 3237 2721 3310 plenius
2769 3241 3175 3310 prosequente,
3229 3255 3293 3294 se
3337 3237 3399 3293 in
3446 3238 3792 3312 deceptione

2133 3326 2390 3384 devictos
2416 3327 2790 3394 conﬁtentur,
2817 3342 2924 3381 nec
2945 3330 3144 3383 tamen
3165 3343 3201 3382 a
3228 3325 3391 3382 cultu
3421 3330 3709 3384 consueto
3732 3343 3794 3383 ac

2134 3415 2344 3490 primis
2373 3413 2797 3470 tradicionibus
2828 3431 2891 3470 se
2920 3413 3067 3470 velle
3104 3415 3371 3472 recedere
3411 3413 3783 3488 pollicentur.

2134 3505 2530 3562 Ammirautes
2551 3503 2732 3577 igitur
2751 3503 2918 3559 valde
2935 3521 3114 3576 super
3134 3505 3456 3576 prudencia
3475 3509 3537 3560 et
3557 3521 3794 3578 respon-

2137 3595 2221 3651 sis
2243 3595 2373 3666 cjus
2392 3596 2450 3648 et
2469 3591 2786 3648 venerabili
2805 3608 3053 3664 persons
3074 3591 3264 3666 ipsius
3284 3593 3620 3649 reverencia
3645 3591 3792 3649 illec-

2138 3683 2182 3739 ti
2213 3684 2300 3753 “3,
2321 3683 2638 3755 ipsumque
2663 3699 2838 3754 super
2851 3698 3224 3738 communem
3242 3685 3461 3738 statum
3485 3682 3792 3740 hominum

2140 3789 2268 3828 esse
2299 3770 2510 3844 aliquit
2539 3770 2912 3840 arbitrantes,
2945 3771 3242 3842 petebant,
3265 3775 3332 3828 ut
3359 3788 3496 3827 cum
3523 3770 3662 3828 aliis
3683 3771 3792 3828 diis

2141 3877 2344 3918 eorum
2374 3861 2446 3915 ab
2479 3859 2625 3932 ipsis
2655 3876 2717 3916 se
2747 3859 3110 3932 permitteret
3139 3859 3392 3916 adorari.
3416 3861 3541 3927 Quo
3568 3859 3792 3927 audito,

2141 3950 2230 4004 vir
2257 3949 2360 4005 Dei
2394 3947 2646 4004 nimium
2677 3949 3058 4005 contristatus
3091 3965 3157 4004 ac
3185 3951 3348 4005 tanto
3378 3949 3563 4004 errori
3595 3965 3792 4005 eorum

2143 4037 2481 4106 condolens,
2537 4037 2790 4110 graviter
2847 4036 3155 4110 ingemuit,
3218 4036 3496 4094 lacrimas
3563 4053 3794 4110 quoque

2144 4126 2398 4184 ubertim
2427 4126 2789 4198 profundens
2819 4127 2908 4196 “‘,
2932 4125 3018 4182 sic
3045 4127 3133 4182 eis
3162 4126 3516 4200 respondet:
3549 4127 3670 4182 Heu
3693 4127 3796 4182 mi-

2141 4217 2293 4272 seri!
2327 4231 2494 4288 quam
2521 4216 2633 4271 ceci
2671 4217 2801 4272 estis
2847 4222 2902 4271 et
2946 4231 3113 4288 quam
3155 4213 3380 4288 perditi,
3423 4222 3794 4288 quaeautque

2141 4305 2419 4378 plorandi,
2473 4305 2570 4377 qui
2615 4320 2726 4360 non
2772 4303 2952 4360 solum
2998 4304 3316 4360 demonibus
3365 4305 3649 4377 pessimis,
3705 4302 3793 4360 sed

2145 4397 2318 4450 eciam
2347 4393 2560 4450 homini
2599 4394 2823 4449 nwrtali
2849 4392 3104 4450 deitatem
3137 4393 3304 4449 vultis
3349 4392 3668 4462 ascribere,-
3697 4407 3792 4466 qua

2067 4505 2114 4570 Β
2146 4485 2260 4540 nisi
2287 4483 2394 4539 soli
2423 4487 2531 4538 Deo
2562 4482 2738 4538 inesse
2759 4488 2950 4554 potest,
2981 4485 3078 4554 qui
3105 4489 3303 4539 cuncta
3329 4483 3555 4539 ereavit.

2212 4572 2268 4626 6.
2303 4571 2443 4626 Inde
2473 4569 2772 4626 Prusciam
2795 4587 2957 4627 mare
2984 4570 3587 4642 transiens,adjunxit
3602 4586 3668 4626 se
3683 4569 3792 4626 cui-

2145 4661 2281 4716 dam
2315 4659 2587 4726 Pruteno,
2618 4658 2720 4731 qui
2753 4657 3085 4715 Polonicam
3117 4658 3384 4733 linguam
3416 4657 3597 4727 novit,
3622 4673 3790 4732 quem

2146 4749 2218 4805 ad
2249 4748 2426 4804 ﬁdem
2455 4746 2568 4804 cito
2599 4747 2900 4803 convertit.
2930 4747 3036 4814 Qui
3067 4745 3332 4820 hospicio
3375 4747 3616 4803 beatum
3646 4763 3788 4819 pon-

2142 4837 2360 4892 tiﬁcem
2389 4833 2704 4908 excipiens,
2755 4833 2871 4907 ipsi
2920 4837 3276 4890 revertenter
3323 4835 3702 4906 sequebatur,
3736 4835 3792 4889 et

2144 4925 2216 4982 de
2247 4925 2524 4980 mandato
2556 4924 2707 4995 ejus,
2735 4923 3138 4980 Christianum
3171 4940 3234 4979 se
3264 4939 3394 4979 esse
3436 4923 3509 4978 ad
3562 4926 3790 4994 tempus

2143 5014 2380 5075 abaliis
2409 5011 2762 5070 occultabat.

2211 5107 2266 5158 7.
2301 5101 2539 5176 Legitur
2566 5105 2625 5158 et
2653 5102 2740 5170 “5,
2775 5101 2932 5174 quod
2971 5099 3316 5157 imminente
3363 5099 3641 5172 passione
3689 5113 3792 5156 sua

2144 5207 2280 5248 cum
2310 5191 2556 5246 missam
2587 5187 2907 5246 celebraret
2935 5189 3143 5246 beatus
3170 5187 3544 5255 Adalbertus,
3569 5187 3790 5261 indigni

1735 5299 1975 5361 VARle
2016 5305 2412 5364 LECTIONES
2425 5345 2438 5363 .

455 5395 520 5430 ⁸³¹
553 5393 875 5468 annunciat
899 5411 946 5450 c.
1025 5396 1091 5430 ‘33
1193 5411 1338 5468 quos
1372 5412 1427 5467 p.
1463 5411 1518 5468 q.
1553 5413 1599 5453 c.
1676 5398 1743 5432 ‘33
1769 5397 1864 5456 hic
1896 5419 1939 5458 c.
1964 5409 1990 5460 .9
2070 5407 2140 5442 ⁴³⁴
2168 5402 2481 5461 denuntcio
2511 5419 2559 5458 c.

381 5467 458 5551 qd
490 5483 536 5551 (ξ.
711 5467 958 5551 instaret
983 5483 1031 5551 ρ.
1109 5466 1180 5551 ιθξ
1205 5465 1405 5551 volens
1435 5465 1496 5522 cf
1559 5469 1628 5504 “0
1657 5487 1842 5529 annos
1871 5492 1916 5530 c.
1995 5478 2060 5513 ιιι
2095 5475 2240 5534 illud
2266 5493 2312 5532 c.
2390 5476 2458 5510 ⁸⁸³
2487 5465 2882 5547 αιοωριαηῐθέ
2914 5489 2960 5528 c.
3039 5474 3106 5510 ’διδ
3136 5465 3368 5545 ἰιιθείἴιὶ
3399 5489 3446 5528 c.

385 5537 697 5596 fundentes
725 5553 774 5594 c.
849 5539 916 5574 “5
945 5542 1003 5594 et
1030 5537 1186 5611 quod
1216 5541 1344 5594 etc.

2655 5403 2723 5437 ‘35
2753 5399 2957 5474 lingua
2984 5419 3033 5458 c.
3128 5401 3196 5474 ἓξ
3227 5399 3556 5474 regenerati
3574 5417 3631 5474 _c_.
3728 5401 3789 5436 ⁸³⁷

3541 5472 3614 5506 ιιι
3662 5488 3786 5544 Ριιο,
