4044 6176
189 233 305 300 893

1712 230 2143 296 MIRACULA.

3489 239 3607 302 894

193 364 412 443 pagani
440 364 551 423 hoc
572 364 861 440 videntes,
880 364 1035 424 inter
1056 379 1118 423 se
1150 361 1436 437 clamores
1458 362 1855 419 excitaverunt
1882 366 1937 434 Α
1966 367 2105 433 tem,
2139 381 2207 421 ex
2227 364 2452 436 judicio
2481 364 2540 421 in
2570 363 2760 422 virum
2793 362 3015 441 impetu
3048 365 3218 438 facto,
3253 367 3454 427 multis
3475 388 3609 429 eum

192 457 453 513 dicentes
488 472 501 510 :
534 457 666 513 Ecce
695 456 786 513 hic
830 456 900 512 ad
947 473 1048 512 nos
1094 457 1317 512 veniens
1370 455 1772 509 inmutarioncs
1802 460 1852 509 et

190 546 463 617 maleﬁcia
516 562 618 601 sua
665 544 737 600 ad
791 544 1188 601 maledicendos
1236 561 1334 601 uos
1380 552 1431 599 et
1466 543 1851 599 morbidandos

191 642 421 691 exercet.
455 635 655 689 Eamus
698 635 870 705 igitur
916 641 968 689 et
1009 650 1109 706 pro
1147 634 1531 689 conservanda
1593 639 1781 687 nostra
1808 638 1861 686 et

190 726 370 797 patrie
387 725 563 779 salute
592 723 902 779 oceidamus
933 740 1079 779 eum.
1113 723 1259 778 Cum
1311 725 1507 777 autem
1558 720 1727 776 velud
1766 720 1853 775 in-

196 812 328 871 sani
367 814 646 869 adversus
696 816 971 868 sanctum
1020 816 1403 868 sacrosancta
1451 809 1713 865 Inistcria
1759 827 1862 883 per

204 904 474 975 agentem
507 901 574 936 “5
605 904 1040 966 concurrerent,
1077 918 1231 955 unus
1263 916 1332 954 ex
1363 898 1508 970 ipsis
1542 898 1861 970 respiciens

199 995 336 1064 post
366 994 598 1062 tergum
630 988 775 1044 vidit
803 989 1152 1044 immensam
1192 989 1491 1044 ﬂammam
1541 987 1713 1059 ignis,
1750 1005 1862 1059 que

203 1084 386 1137 totam
442 1078 644 1133 villam
706 1079 1046 1134 comburere
1097 1077 1421 1146 videbatur,
1457 1081 1514 1131 et
1541 1076 1863 1133 vociferans

202 1170 434 1226 fortiter
467 1167 650 1226 sociis
683 1167 934 1235 indicat;
970 1171 1205 1240 propter
1232 1166 1388 1238 quod
1436 1183 1639 1222 omnes
1686 1182 1864 1237 quam

205 1258 477 1315 celeriter
510 1261 900 1314 revertuntur.
925 1256 1115 1312 Niehil
1145 1256 1341 1328 itaque
1371 1255 1609 1328 dampni
1643 1254 1753 1311 sibi
1777 1271 1868 1311 ac-

210 1347 429 1403 cidisse
456 1350 897 1421 cognoscentes.
930 1346 1032 1401 sed
1060 1345 1322 1402 videntes
1352 1346 1493 1417 quia
1523 1344 1679 1401 illusi
1704 1348 1864 1413 sunt,

208 1436 473 1509 amplius
507 1452 687 1508 quam
721 1440 892 1492 antea
913 1436 1171 1490 furentes
1192 1435 1264 1490 ad
1288 1434 1533 1490 invicem
1556 1433 1867 1506 loqueban-

212 1531 315 1582 tur
347 1541 361 1580 :
395 1526 759 1581 Fantasticum
804 1525 915 1596 fuit
958 1523 1099 1597 quod
1144 1525 1479 1596 aspeximus,
1512 1531 1564 1579 et
1591 1540 1660 1579 ea:
1690 1524 1746 1578 vi
1777 1524 1864 1578 in-

204 1614 550 1672 ‘cantacionis
590 1614 707 1686 ejus
756 1612 864 1668 tale
908 1611 1049 1684 quod
1089 1612 1349 1684 apparuit
1390 1611 1567 1668 nobis.
1600 1610 1868 1667 Secundo

208 1702 399 1776 igitur
426 1705 627 1758 contra
670 1702 942 1757 sanctum
992 1699 1095 1756 Dei
1143 1699 1416 1756 atrociter
1464 1703 1860 1768 accurrerunt,

202 1791 506 1863 similique
553 1790 776 1846 visione
822 1793 886 1845 ut
935 1789 1102 1863 prius
1151 1776 1527 1862 expavefacti,
1560 1788 1619 1843 in
1662 1788 1862 1843 villam

178 1897 384 1950 cursu
403 1896 646 1953 propero
664 1879 995 1947 redeuntes,
1012 1878 1219 1934 domos
1239 1894 1377 1933 suas
1401 1877 1600 1934 illesas
1621 1877 1861 1933 omnino

198 1988 343 2027 cum
364 1969 641 2025 omnibus
663 1985 777 2041 que
798 1968 1095 2024 habebant
1111 1967 1649 2040 reperierunt,quas
1673 1968 1863 2023 incen-

201 2060 304 2116 dio
356 2059 591 2131 penitus
639 2060 985 2131 putaverant
1032 2057 1275 2128 perisse.
1310 2056 1354 2112 Ο
1399 2056 1549 2112 mira
1595 2055 1866 2128 potencia

202 2148 345 2204 Deit
379 2148 423 2203 Ο
453 2145 857 2203 inscrutabilis
905 2144 1153 2201 altitudo
1203 2145 1497 2216 sapicncie
1529 2149 1585 2201 ct
1615 2145 1865 2200 sciencic

203 2238 361 2310 ejus,
393 2253 506 2309 que
533 2236 792 2291 suaviter
821 2234 1139 2306 disponens
1171 2236 1388 2302 omnia,
1422 2233 1568 2289 illud
1600 2233 1862 2288 divinum

213 2342 287 2382 ac
317 2325 525 2381 celeste
558 2328 996 2379 sacramentum
1029 2322 1351 2378 ludibrium
1384 2323 1748 2390 estimantes,
1782 2321 1867 2377 sic

210 2415 329 2471 levi
363 2413 615 2469 ludibrio
646 2412 883 2480 delusit,
917 2417 985 2467 ut
1014 2411 1314 2468 delusores
1345 2412 1585 2484 maligni
1629 2428 1732 2484 per
1760 2411 1869 2466 hoc

209 2503 429 2575 corripi
458 2506 515 2558 et
545 2501 835 2558 sacrificia
863 2504 1066 2557 sancta
1094 2517 1230 2556 cum
1263 2500 1635 2556 sanctissimo
1675 2499 1863 2573 ponti-

207 2594 325 2647 fice
354 2591 666 2647 assistente
697 2589 1023 2645 conservari
1058 2588 1283 2645 illibata
1311 2589 1587 2644 valerent.

284 2682 342 2736 8.
373 2679 616 2753 Legitur
656 2678 863 2747 eciam,
900 2679 1054 2750 quod
1107 2682 1284 2751 caput
1332 2678 1520 2751 ipsius
1568 2679 1865 2734 abscisum

204 2785 394 2842 super
422 2785 701 2825 cacumen
733 2767 981 2836 arboris,
1014 2768 1127 2823 sub
1160 2784 1278 2840 qua
1317 2767 1561 2824 missam
1612 2767 1865 2823 celebra-

201 2862 401 2927 verat,
435 2858 886 2930 suspenderunt,
921 2860 979 2912 et
1004 2860 1067 2911 ut
1095 2856 1553 2929 circumquaque
1583 2858 1655 2912 ab
1687 2856 1871 2912 omni-

202 2948 328 3004 bus
360 2945 596 3018 alonge
623 2944 805 3001 videri
851 2943 1191 3018 iniquorum
1239 2944 1600 3001 exultacione
1648 2948 1864 3017 posset,

198 3039 400 3094 totam
451 3033 644 3091 trunci
703 3036 928 3106 partem
986 3033 1312 3105 proximam
1367 3033 1568 3089 vertici
1618 3034 1868 3089 desectis

1962 453 2299 510 verberibus
2329 455 2612 524 afficiunt,
2636 474 2704 512 ac
2735 455 2792 512 in
2823 458 3057 513 vincula
3086 461 3414 531 conjectum
3436 460 3613 517 variis

1965 543 2236 616 afﬂigunt
2257 543 2579 616 suppliciis,
2597 549 2907 602 utsanctas
2921 546 3291 619 reliquiaseis
3303 553 3610 605 monstret.

1966 632 2225 704 Denique
2258 632 2594 706 relinquens
2636 635 2980 690 mandatum
3027 636 3153 704 Dei,
3184 637 3496 693 derelictus
3526 642 3617 695 est

1967 721 2039 775 ab
2071 738 2170 789 eo;
2205 726 2263 777 et
2293 723 2547 777 traditus
2568 723 2785 794 injuste
2810 724 3078 795 potestati
3105 725 3618 796 impiorum,satis-

1970 811 2105 865 fecit
2136 810 2398 882 ipsorum
2445 811 2751 866 voluntati.
2787 813 3125 867 Traduntur
3172 818 3369 869 tamen
3416 820 3619 871 sancta

1970 900 2235 954 membra
2264 900 2581 971 prophanis
2613 900 2885 955 manibus
2918 903 3305 974 asportanda;
3340 920 3452 975 que
3482 921 3616 960 cum

1971 989 2360 1060 disposicione
2391 1005 2645 1061 superna
2676 994 3001 1044 reverenter
3032 990 3139 1061 ipsi
3166 991 3397 1047 barbari
3422 998 3617 1048 custo-

1972 1077 2226 1145 dierunt,
2260 1077 2341 1132 vel
2375 1077 2511 1150 quia
2540 1077 2587 1133 si
2620 1079 2727 1133 hoc
2762 1096 2871 1133 non
2901 1080 3154 1134 facerent
3178 1080 3401 1152 ﬂagello
3424 1081 3621 1137 divino

1974 1166 2196 1238 percuti
2220 1166 2743 1234 formidabant,aut
2760 1167 2897 1239 quia
2919 1166 3266 1224 Christianis
3288 1186 3357 1224 ea
3375 1171 3622 1226 vendere

1974 1254 2329 1327 cogitabant.
2359 1254 2446 1310 Illi
2479 1272 2610 1311 vero
2642 1256 2740 1327 qui
2765 1255 3012 1329 digitum
3036 1257 3221 1313 sancti
3244 1258 3538 1330 pontiﬁcis
3562 1259 3621 1315 in

1976 1343 2154 1417 piscis
2184 1347 2382 1399 ventre
2421 1349 2823 1417 reperuerunt,
2860 1350 3241 1418 prOperanter
3268 1348 3353 1415 ‘53,
3390 1352 3453 1402 ut
3482 1347 3621 1422 legi-

1976 1437 2092 1501 tur,
2127 1432 2279 1501 illos,
2313 1433 2469 1505 apud
2501 1450 2648 1505 quos
2679 1435 3009 1489 veneranda
3031 1436 3295 1491 membra
3310 1452 3438 1492 esse
3459 1453 3624 1493 nove-

1978 1527 2130 1591 rant,
2164 1523 2455 1590 adierunt,
2491 1540 2812 1595 omnesque
2844 1523 3032 1579 sancti
3064 1524 3323 1596 corporis
3371 1524 3622 1599 digitum

1978 1611 2200 1668 lumine
2221 1612 2418 1668 celesti
2445 1613 2818 1686 conspiciunt
2837 1613 3162 1683 radiare,ad
3184 1615 3340 1687 quod
3363 1619 3627 1688 spectau-

1983 1702 2123 1757 dum
2156 1700 2504 1757 miraculum
2526 1705 2649 1757 tota
2667 1701 2806 1757 villa
2827 1703 3127 1759 conﬂuens
3148 1707 3205 1758 et
3225 1707 3624 1776 slupens,cor-

1973 1808 2085 1863 pus
2117 1791 2351 1845 beatum
2383 1794 2545 1845 tanto
2575 1789 2959 1846 clariﬁcatum
2989 1790 3254 1863 prodigio
3277 1792 3623 1866 “‘deinccps

1973 1878 2240 1951 ampliori
2289 1878 2617 1934 reverencia
2664 1880 3112 1934 confirmabant.
3147 1880 3320 1935 Porro
3370 1880 3620 1938 scientes

1974 1966 2207 2023 Prutcni
2240 1966 2518 2039 reliquias
2549 1967 2824 2038 martyris
2854 1967 3091 2039 gloriosi
3134 1967 3383 2041 principi
3434 1970 3622 2026 chris-

1973 2055 2305 2112 tianissimo
2339 2056 2470 2111 duci
2506 2054 2740 2111 Polonie
2770 2072 2983 2129 magno
3014 2056 3276 2113 Boleslao
3326 2058 3625 2130 preciosas

1974 2146 2238 2212 existere,
2272 2145 2516 2199 mittunt
2546 2144 2617 2199 ad
2650 2161 2785 2199 eum
2819 2145 3098 2201 nunccios
3131 2146 3387 2203 dicentes
3420 2164 3432 2202 :
3466 2147 3629 2203 Nove-

1973 2236 2073 2301 ris,
2107 2235 2271 2289 illum
2310 2234 2473 2289 deum
2517 2241 2691 2301 tuum,
2726 2250 2885 2306 quem
2915 2236 3305 2306 interfecimus,
3338 2236 3484 2308 apud
3526 2253 3626 2293 nos

1972 2340 2103 2379 esse.
2137 2324 2198 2378 Si
2226 2324 2308 2378 vis
2353 2340 2611 2393 magnam
2656 2323 2814 2378 nobis
2860 2324 2991 2379 dare
3032 2327 3349 2396 pecuniam,
3388 2329 3630 2398 prompti

1973 2430 2163 2468 sumus
2194 2414 2562 2468 transmittere
2595 2413 2757 2467 illum
2783 2413 2903 2468 tibi.
2926 2413 3185 2470 Audiens
3207 2415 3315 2471 hoc
3339 2415 3629 2471 nobilissi-

1976 2519 2109 2557 mus
2135 2501 2424 2573 princeps,
2458 2500 2694 2574 gavisus
2716 2506 2806 2556 est
2828 2503 3042 2575 gaudio
3064 2509 3361 2575 magno,et
3388 2504 3629 2563 mittens

1977 2590 2236 2663 precium
2268 2590 2655 2662 postulatum,
2678 2590 2936 2663 suscepit
2964 2607 3099 2646 cum
3130 2593 3507 2650 veneracione
3528 2596 3627 2651 de-

1976 2680 2097 2735 bita
2127 2696 2339 2751 corpus
2371 2696 2625 2735 sacrum.
2662 2680 2867 2734 Fertur
2898 2681 3115 2735 factum
3148 2681 3414 2738 mirabile
3434 2683 3493 2738 in
3513 2685 3627 2739 vir-

1978 2772 2101 2824 tute
2131 2767 2252 2836 Dei,
2288 2767 2425 2840 quia
2449 2784 2662 2839 corpus
2711 2767 2877 2835 illud,
2913 2770 3067 2840 quod
3118 2770 3402 2843 templum
3455 2776 3629 2845 atque

1976 2872 2261 2929 organum
2290 2856 2543 2929 Spiritus
2575 2857 2761 2911 sancti
2785 2857 3072 2924 extiterat,
3097 2874 3165 2912 ex
3186 2862 3353 2930 pacto
3372 2877 3626 2933 pagano-

1978 2962 2107 3001 rum
2140 2945 2212 3001 de
2241 2944 2489 3017 pecunia
2536 2944 2907 3017 reponderari
2957 2946 3196 3002 deberet
3225 2963 3239 3002 :
3274 2948 3532 3019 positum
3566 2949 3626 3004 in

1977 3038 2213 3100 statera,
2244 3033 2607 3090 levissimum
2642 3035 2859 3089 factum
2893 3036 3161 3107 est,quod
3194 3035 3627 3108 quasi‘“nichil

200 3123 396 3182 ramis
454 3123 711 3179 totaliter
767 3123 1154 3177 nudaverant.
1188 3122 1450 3195 Cumque
1504 3139 1715 3194 corpus
1766 3139 1863 3179 sa-
1894 3110 1938 3178 C
1977 3123 2214 3180 omnino
2246 3123 2435 3179 indice
2468 3140 2619 3196 equa
2649 3123 2812 3179 lance
2834 3125 3163 3196 appendere
3184 3124 3626 3182 videatur.Cum

198 3230 379 3272 crum
410 3210 785 3269 membratim
818 3209 1176 3284 discerptum
1209 3211 1324 3266 huc
1354 3211 1609 3283 illucque
1639 3212 1862 3285 disper-

201 3303 462 3371 dissent,
496 3302 709 3374 hospes
732 3299 922 3374 ipsius
967 3317 1070 3372 per
1114 3298 1389 3373 angelum
1434 3301 1536 3356 Dei
1586 3300 1867 3356 divinitus

200 3391 577 3450 ammonitus
592 3392 656 3426 “7
674 3393 785 3458 est,
811 3394 877 3445 ut
899 3390 1162 3445 membra
1188 3389 1273 3445 sic
1303 3389 1613 3463 diligenter
1641 3389 1865 3463 collige-

202 3485 623 3554 ret,quatenus
654 3479 735 3534 nil
758 3481 829 3535 de
850 3478 998 3552 ipsis
1021 3478 1308 3552 deperiret
1324 3484 1382 3534 et
1398 3483 1593 3535 mente
1614 3480 1870 3535 recondi-

200 3576 277 3629 ta
302 3568 769 3626 reverentissime
799 3572 1169 3625 conservaret
1196 3570 1269 3623 At
1296 3567 1395 3623 ille
1421 3567 1615 3624 celesti
1648 3567 1869 3624 visione

204 3658 522 3727 obcdiens,
542 3658 601 3713 in
628 3657 837 3714 timore
860 3661 1062 3714 sancto
1085 3656 1347 3713 studiose
1369 3657 1683 3729 peragebat
1714 3658 1867 3728 quod

202 3748 331 3806 sibi
364 3749 546 3804 fuerat
575 3747 952 3820 imperatum.
986 3746 1445 3817 Verumptamen
1487 3762 1620 3800 cum
1652 3746 1719 3780 “8
1749 3745 1866 3802 sin-

203 3838 357 3913 gula
388 3837 606 3893 frustra
655 3835 896 3893 solerter
933 3834 1345 3892 coherentibus
1395 3834 1640 3890 artubus
1685 3835 1869 3907 adap-

204 3930 390 3995 taret,
406 3926 582 3981 unius
600 3941 812 3981 manus
833 3926 1036 3981 deesse
1057 3923 1167 3981 sibi
1192 3924 1443 3997 digitum
1465 3923 1865 3996 deprehendit,

203 4031 392 4090 quem
405 4014 647 4088 quidam
662 4030 731 4070 ex
746 4013 983 4087 perﬁdis
996 4012 1295 4070 abscisum
1310 4016 1547 4085 propter
1559 4012 1867 4082 annulum,

201 4105 507 4162 abstracto
537 4102 759 4171 eum,in
793 4102 1036 4158 ﬂumine
1068 4103 1391 4175 projecerat
1409 4102 1646 4158 “9Hunc
1672 4101 1871 4175 itaque

200 4191 502 4251 sollicitus
531 4191 803 4264 pluribus
835 4191 1044 4247 diebus
1073 4191 1209 4247 hinc
1241 4191 1376 4247 inde
1415 4190 1778 4263 perquirens,
1813 4195 1871 4246 et

203 4283 344 4339 loca
388 4296 619 4354 queque
662 4283 1061 4353 perscrutans,
1096 4279 1340 4335 minime
1388 4280 1743 4353 reperiebat;
1778 4279 1870 4335 die

204 4374 414 4427 autem
447 4370 700 4443 quedam
730 4386 877 4426 uxor
905 4369 1035 4442 ejus
1068 4369 1282 4424 mirata
1302 4385 1479 4441 super
1499 4368 1608 4424 hoc
1630 4370 1870 4424 interro-

186 4450 376 4534 gavit
401 4475 561 4527 cum,
586 4458 868 4530 quidnam
892 4458 1059 4525 foret,
1084 4457 1241 4530 quod
1264 4461 1385 4512 tam
1407 4455 1614 4512 anxius
1635 4461 1865 4512 tantum
1902 4480 1946 4544 D

210 4546 522 4621 queritans
552 4546 844 4603 circuirct.
878 4546 987 4612 Qui
1015 4546 1205 4618 primo
1237 4544 1356 4601 ullo
1397 4545 1570 4601 modo
1619 4544 1871 4601 revelare

210 4636 409 4693 noluit
435 4636 524 4701 ιω,
556 4636 656 4692 sed
689 4636 929 4692 tandem
952 4634 1144 4690 vietus
1165 4633 1319 4690 tedio
1341 4650 1411 4690 ex
1430 4633 1869 4706 improbitatem

210 4723 510 4798 conjugis,
543 4729 833 4781 secretum
861 4724 973 4780 sibi
1005 4723 1327 4797 propalavit
1348 4742 1361 4793 ;
1385 4740 1497 4796 que
1519 4741 1652 4779 mox
1671 4728 1872 4797 utpote

211 4813 476 4871 infidelis
505 4812 712 4870 vicinis
740 4812 1017 4886 prodidit,
1034 4811 1286 4885 qualiter
1304 4813 1459 4884 apud
1480 4812 1671 4868 virum
1694 4830 1871 4869 suum

213 4921 382 4960 sacre
398 4902 602 4957 exuvie
617 4903 685 4937 ‘5’
701 4901 941 4958 collecte
962 4906 1138 4973 atque
1168 4901 1463 4957 recondita
1494 4901 1868 4957 haberentur.

212 4993 402 5064 Cujus
434 4990 789 5063 prodicionis
820 4990 962 5064 quia
988 4990 1076 5046 vir
1122 4994 1326 5046 auctor
1374 4990 1584 5055 fuerat,
1616 4988 1773 5046 illico
1804 5008 1869 5047 os

210 5082 347 5153 ejus
378 5081 462 5137 ita
493 5080 790 5136 inversum
822 5084 913 5136 est
962 5083 1352 5145 monstruose,
1386 5080 1451 5132 ut
1494 5077 1588 5133 vix
1636 5095 1869 5135 sumere

211 5169 415 5226 cibum
448 5172 504 5224 et
530 5168 1099 5241 potum,nullatenus
1130 5165 1288 5238 loqui
1311 5166 1749 5239 posset.Pagani
1773 5183 1871 5222 au-

1976 3214 2300 3270 deferretur
2329 3215 2394 3248 ‘55
2425 3214 2497 3269 ad
2530 3213 2838 3269 eenobium
2873 3214 3026 3286 quod
3061 3214 3295 3269 Gnesna
3325 3231 3628 3288 nuncupa-

1978 3308 2078 3360 tur
2106 3304 2388 3376 pervenit,
2420 3303 2618 3375 ibique
2649 3303 2719 3358 de
2749 3318 2995 3357 assensu
3026 3303 3269 3375 predicti
3304 3303 3470 3360 ducis
3492 3322 3627 3361 cum

1978 3410 2237 3466 congrua
2264 3392 2639 3448 veneracionc
2669 3396 2758 3447 est
2787 3391 3063 3464 primitus
3093 3392 3463 3449 collocatum.
3496 3396 3628 3451 Cre-

1978 3482 2384 3538 brescentibus
2415 3481 2597 3555 igitur
2615 3481 2859 3554 etlonge
2889 3481 3121 3554 lateque
3149 3481 3630 3539 circumsonanti-

1977 3571 2090 3626 bus
2110 3571 2175 3606 “7
2199 3569 2435 3643 gloriosi
2468 3569 2762 3642 pontiﬁcis
2782 3570 3084 3643 signorum
3108 3571 3511 3642 preconiis,vir
3531 3572 3629 3629 ille

1979 3658 2077 3730 qui
2110 3659 2322 3730 hospes
2354 3658 2412 3711 in
2446 3657 2683 3712 Pruscia
2714 3658 2919 3725 fuerat,
2946 3658 3036 3712 cui
3072 3662 3269 3713 reatus
3292 3676 3439 3715 suus
3460 3677 3525 3715 os
3549 3661 3631 3715 in-

1977 3749 2245 3811 torscrat,
2276 3745 2346 3799 ad
2382 3745 2671 3816 prefatum
2706 3745 3126 3800 monasterium
3161 3762 3295 3801 eum
3321 3746 3630 3803 devocione

1976 3835 2155 3902 venit,
2180 3839 2236 3890 et
2266 3834 2413 3890 fusis
2446 3833 2718 3906 precibus
2751 3851 2884 3889 cum
2916 3833 3176 3889 lacrimis
3198 3834 3255 3888 in
3280 3833 3474 3891 animo
3498 3853 3630 3892 eou-

1979 3923 2115 3978 trito
2146 3923 2217 3977 ad
2250 3925 2521 3977 sanctum
2551 3920 2931 3976 Adalbertum
2962 3919 3239 3975 continuo
3274 3938 3382 3975 usu
3414 3938 3631 3979 sermo-

1981 4012 2071 4067 nis
2104 4011 2213 4068 sibi
2237 4012 2532 4067 rcddcndo
2564 4009 2901 4083 plenissime
2933 4012 3022 4065 est
3049 4012 3310 4078 curatus,
3335 4013 3391 4065 et
3419 4008 3629 4067 confir-

1978 4104 2177 4156 matus
2207 4100 2266 4155 in
2297 4100 2469 4167 bono,
2505 4116 2691 4171 usque
2722 4098 2781 4153 in
2815 4098 2988 4153 tinem
3020 4097 3133 4154 vite
3164 4116 3269 4154 sue
3302 4099 3418 4155 Deo
3448 4104 3506 4157 et
3533 4100 3632 4157 ho.

1980 4189 2117 4263 spiti
2150 4206 2255 4245 suo
2296 4193 2496 4244 sancto
2547 4188 2785 4260 martyri
2832 4188 2890 4242 in
2943 4192 3147 4244 sancta
3194 4191 3631 4246 conversatione

1980 4278 2237 4335 serviens
2269 4276 2593 4351 permansit
2622 4276 2859 4332 ibidem.
2888 4276 3025 4333 Post
3046 4276 3475 4349 aliquantulum
3498 4296 3631 4335 vero

1979 4368 2263 4441 temporis
2294 4370 2417 4422 orto
2450 4366 2600 4422 bello
2630 4365 2781 4421 inter
2807 4382 3069 4439 paganos
3101 4366 3383 4422 finitimos
3398 4366 3628 4423 etPolo-

1980 4460 2382 4524 nos,metuens
2403 4456 2673 4528 princeps
2691 4461 3072 4525 memoratus,
3091 4472 3162 4511 ne
3181 4456 3325 4511 forte
3347 4454 3541 4528 aliquo
3559 4456 3630 4512 si-

1982 4547 2167 4602 nistro
2199 4544 2485 4600 bellorum
2519 4549 2728 4600 eventu
2760 4548 2992 4600 tantum
3026 4544 3369 4600 thesaurum
3391 4545 3632 4617 perdere

1982 4639 2197 4710 posset,
2224 4651 2421 4690 sacras
2444 4633 2721 4706 reliquias
2742 4651 2876 4689 eum
2900 4633 3122 4707 ingenti
3141 4633 3328 4706 gloria
3347 4651 3447 4690 vm
3469 4635 3631 4691 Ydus

1980 4723 2323 4781 Novembris
2354 4723 2412 4777 in
2445 4724 2670 4779 Gnesen
2700 4723 3023 4791 transtulit,
3038 4723 3137 4778 ubi
3157 4723 3463 4795 peripsius
3485 4741 3634 4779 mar-

1979 4814 2124 4888 tyris
2153 4812 2390 4887 gloriosi
2424 4811 2635 4867 merita
2664 4810 2956 4866 mirabilia
2988 4811 3172 4866 multa
3202 4811 3353 4867 ﬁunt
3381 4813 3467 4867 ‘53.

2049 4904 2104 4958 9.
2138 4902 2400 4974 Denique
2430 4901 2560 4955 Otto
2590 4899 2924 4970 imperator,
2954 4899 3055 4970 qui
3087 4899 3323 4954 beatum
3354 4899 3629 4955 Adalber-

1980 4993 2106 5045 tum
2122 4990 2180 5045 in
2200 4989 2319 5043 vita
2338 5004 2445 5043 sua
2468 4989 2884 5057 preceptorcm,
2906 4983 2965 5039 in
2981 4985 3507 5056 justiﬁeationibus
3530 4988 3630 5044 Dei

1979 5078 2328 5133 familiarem
2360 5079 2534 5146 atque
2566 5072 3043 5129 amantissimum
3076 5074 3380 5144 habuerat,
3415 5075 3474 5130 in
3506 5093 3632 5149 gra-

1976 5185 2106 5224 vem
2129 5164 2517 5239 cgritudinem
2540 5163 2721 5218 Rome
2742 5162 2999 5218 existens
3021 5162 3256 5232 decidit,
3271 5168 3329 5219 et
3349 5181 3451 5237 spe
3472 5164 3629 5221 salu-

1570 5291 1813 5349 VARI/l3
1852 5292 2274 5351 LECTIONES.

290 5394 357 5430 ⁴⁴⁶
386 5397 831 5450 concurrentem
876 5410 922 5450 ο.
998 5393 1066 5427 ⁶⁴⁷
1112 5389 1408 5447 amonitus
1451 5408 1497 5447 e.

218 5465 289 5593 ς’
320 5465 531 5594 eatimie
560 5482 610 5522 c.
689 5466 756 5500 δι’
787 5467 1171 5538 properantur
1215 5479 1263 5518 ε.
1295 5463 1323 5517 ?
1396 5464 1464 5497 ‘5‘
1498 5462 1773 5535 prodigiti
1821 5480 1864 5521 ο.

246 5553 368 5593 ueri
427 5553 476 5592 ο.

246 5553 400 5593 “erit
427 5553 476 5592 0.

1573 5391 1641 5425 ⁴⁶⁸
1687 5391 1848 5447 deest.
1883 5410 1912 5449 c
1982 5391 2052 5428 “9
2105 5390 2414 5462 projicerat
2461 5402 2509 5440 ε.

1573 5462 1773 5514 odiaiti
1821 5480 1864 5514 θ.
1944 5464 2012 5500 ⁵⁸³
2042 5463 2181 5514 auia
2228 5476 2274 5514 ο.
2351 5459 2419 5492 ⁸⁵⁸
2470 5458 2505 5513 d

2042 5479 2181 5535 quia
2228 5479 2274 5514 c.

2586 5387 2653 5420 ‘50
2688 5385 2869 5441 voluit
2915 5403 2963 5439 ο.

3040 5387 3104 5421 ⁸⁸¹
3138 5386 3581 5458 importunitate
3601 5388 3628 5442 ?

2351 5459 2419 5492 ⁸⁵⁵⁸
2470 5457 2760 5514 deferetur
2807 5475 2853 5513 c.

2934 5456 2998 5490 ⁸⁵⁷
3041 5456 3383 5515 circumdon
3431 5476 3478 5514 ε.
3558 5460 3625 5493 ⁸⁵⁸
