4050 6172
220 314 338 385 897
1249 320 1584 384 HOMILIA
1627 322 1729 383 DE
1773 318 2062 381 ALEXIO
2107 319 2642 384 CONFESSORE.
3546 338 3665 416 898

219 480 633 569 antiquitatem
667 495 845 569 qpam
868 482 1435 569 proptcr‘meritum,
1459 498 1605 569 2pm
1637 480 1787 569 nihil
1824 481 1954 536 novi
1991 480 2060 569 de
2091 485 2433 569 sancto‘nos
2455 483 2684 566 dqceat,
2720 485 2993 569 rescissis
3016 487 3108 555 iis,
3136 505 3263 561 quae
3285 490 3345 569 in_
3378 494 3666 569 principio

218 551 423 632 scribit
451 554 668 632 auctor.
689 551 767 632 de.
791 551 1032 632 prtemio
1063 551 1296 632 illorum
1314 554 1426 632 _q_ui
1458 554 1763 632 (_1h_ris_tum
1795 556 2127 632 sequuntur
2155 552 2214 632 in
2237 553 2587 632 voluntaria.
2606 562 2975 632 paupertate,
2996 551 3244 632 quaeque
3276 563 3349 618 ad
3382 551 3668 621 asceticos

212 622 419 707 potius
441 622 1288 707 quamhbistoricos-spectant‘.
1314 622 1583 707 Meminit
1614 626 1684 680 de
1715 642 1786 681 ea
1818 622 2207 707 Baronius‘ad
2252 642 2494 707 annum
2526 622 2690 691 1001,
2724 622 3323 707 uitalia-additque
3374 634 3563 707 ipsam
3610 638 3670 692 in

214 692 594 767 ecclesiaiSS.
629 692 1001 767 Bonifaciiet
1025 692 1205 751 Alexii
1238 696 1433 751 Romae
1462 696 1704 762 dictam,
1740 695 1901 767 quod
1933 695 2151 767 repetit
2173 713 2329 751 anno
2363 698 2523 764 1004,
2549 715 2718 752 num.
2752 700 2805 754 8.
2840 700 2913 754 Et
2942 692 3076 757 vero
3111 692 3328 761 dictam
3359 692 3539 764 tuisse
3559 708 3673 765 isto

218 766 364 832 loco,
398 764 700 836 colligitur
728 782 795 819 ex
826 766 1021 821 verbis
1054 767 1268 839 quibus
1299 767 1512 822 all‘atur
1544 764 1845 823 auctor—in
1877 764 2319 823 {inclauditores
2351 785 2514 823 suos.

1724 900 2127 908 —.——_——

602 997 971 1080 HOMlLlA
1026 1011 1096 1078 S.
1154 1009 1631 1080 ADALBERTI
1687 1010 2060 1081 EPlSCOPl
2114 1011 2598 1081 PRACENSIS
2654 1012 2759 1081 AC
2816 1017 3287 1091 MAll'l'YlllS.

301 1196 348 1213 ..
370 1198 383 1212 .
407 1197 418 1212 .
443 1198 454 1211 .
479 1197 489 1211 .
514 1198 526 1212 .
548 1156 754 1235 .Huius
778 1157 859 1213 rei
890 1161 950 1212 et
979 1157 1039 1213 in
1069 1158 1258 1226 nobis,
1289 1159 1494 1215 fratres
1525 1158 1886 1226 charissimi,
1919 1170 1973 1237 Α
2004 1160 2254 1225 Romani
2293 1159 2492 1232 pepuli
2526 1167 2773 1234 accepta
2815 1180 2947 1221 esse
2996 1167 3309 1223 diceretur.
3344 1169 3538 1242 Magni
3590 1176 3674 1226 et-

221 1262 370 1318 saepe
402 1245 742 1317 exemplum
761 1246 1303 1318 sumpsimus,cum
1328 1247 1544 1303 alicubi
1567 1265 1671 1320 pro
1695 1264 1896 1303 rerum
2006 1248 2164 1304 enim
2197 1249 2389 1305 meriti
2421 1253 2532 1315 est,
2570 1250 2782 1306 fratres
2816 1254 2953 1319 mei,
2978 1255 3277 1312 hominem
3328 1258 3430 1312 Dei
3480 1258 3676 1316 divina

220 1333 572 1390 necessitate
625 1333 1048 1407 digredientes,
1068 1339 1279 1391 cuncta
1314 1336 1484 1392 nobis
1515 1335 1900 1392 monasterio-
2005 1354 2142 1393 voce
2173 1337 2781 1410 appellari,quoniam
2804 1358 2939 1397 cum
2964 1344 3258 1415 prophetis
3279 1345 3383 1401 ﬁlii
3415 1346 3674 1404 hominis

221 1440 351 1479 rum
383 1421 731 1479 habitacula
761 1423 935 1496 quasi
976 1424 1213 1499 propria
1244 1428 1456 1496 patere
1489 1424 1895 1497 cognovimus.
2006 1430 2063 1482 et
2093 1444 2209 1483 non
2240 1427 2514 1483 homines
2560 1426 2663 1482 Dei
2687 1428 2757 1484 ab
2796 1432 3001 1487 eodem
3033 1431 3282 1488 Domino
3313 1437 3453 1488 sunt
3471 1434 3671 1507 appel-

223 1513 471 1568 Cunctos
489 1510 550 1567 in
569 1510 1215 1583 nostrumobsequium
1233 1512 1903 1569 sincerissimadevotio-
2006 1513 2144 1583 lati;
2177 1514 2289 1570 iste
2336 1515 2505 1587 quasi
2560 1517 2816 1587 quodam
2867 1518 3169 1592 privilegio
3220 1520 3397 1577 homo
3446 1522 3546 1578 Dei
3582 1527 3673 1579 est

224 1617 294 1658 ne
313 1617 531 1674 pronos
558 1599 1001 1673 aspeximus,et
1021 1601 1275 1658 maxime
1302 1601 1360 1655 in
1395 1601 1576 1657 beatae
1599 1601 1897 1675 memoriae
2007 1604 2369 1677 nominatus.
2398 1605 2564 1660 Sicut
2594 1604 2720 1677 ipse
2742 1606 3027 1680 singulari
3050 1625 3165 1679 prae
3191 1609 3413 1666 caeteris
3433 1609 3669 1668 dimica-

225 1695 387 1765 patre
403 1693 604 1746 nostro
621 1689 1028 1762 Alexio,cujus
1051 1689 1223 1745 hodie
1246 1691 1635 1746 venerandam
1669 1707 1899 1746 assum-
2003 1694 2085 1748 vit
2114 1692 2455 1761 certamine,
2490 1694 2574 1749 ita
2605 1694 2843 1766 speciali
2872 1695 3154 1752 vocabulo
3184 1714 3217 1751 a
3248 1698 3496 1755 Domino
3546 1716 3667 1757 me-

233 1779 452 1853 ptionis
481 1778 638 1837 diem
676 1778 877 1837 debita
924 1778 1296 1836 solemnitate
1335 1780 1667 1847 recolimus,
1704 1785 1895 1835 totum
2006 1781 2122 1836 ruit
2155 1784 2503 1854 nuncupari.

225 1866 492 1924 lectionis
512 1866 699 1939 hujus
720 1872 987 1924 tenorem
1007 1867 1277 1924 videmus
1301 1868 1726 1941 perfectissime
1768 1885 1896 1925 esse
2076 1871 2222 1926 Cum
2247 1872 2403 1926 enim
2432 1872 2697 1928 carnales
2730 1874 2966 1946 nuptias
2989 1891 3186 1930 amore
3208 1875 3402 1932 divino
3443 1876 3666 1934 inﬂam-

226 1955 606 2030 completum.
642 1954 952 2013 Derelictis
1001 1955 1157 2011 enim
1211 1958 1487 2033 omnibus
1524 1963 1762 2012 secutus
1807 1962 1897 2013 est
2003 1964 2201 2015 matus
2230 1961 2603 2033 contempsit,
2624 1961 2926 2016 Dominico
2956 1963 3169 2017 meruit
3200 1962 3458 2019 thalamo
3488 1982 3667 2038 copu-

226 2046 549 2114 Christum,
584 2045 824 2117 quando
861 2045 1076 2117 spretis
1109 2045 1405 2112 omnibus,
1440 2051 1599 2117 patre
1628 2045 1897 2101 videlicet
2001 2047 2110 2102 lari
2167 2052 2346 2120 atque
2398 2049 2549 2105 inter
2596 2049 2697 2104 illa
2746 2051 3126 2106 innocentum
3168 2053 3406 2124 agmina
3431 2056 3665 2125 Agnum
3724 2038 3727 2039 ν

226 2140 285 2191 et
316 2139 520 2202 matre,
540 2151 647 2190 nec
680 2151 797 2190 non
820 2150 1042 2206 sponsa
1071 2150 1209 2189 cum
1241 2134 1459 2189 carnali
1491 2151 1688 2190 amore
1721 2140 1893 2206 atque
2004 2138 2312 2208 sequentia
2345 2138 2778 2204 connumerari,
2814 2139 2913 2211 qui
2946 2143 3185 2194 cantant
3216 2141 3512 2196 canticum
3562 2159 3664 2197 no-
3732 2168 3739 2173 -

226 2224 409 2291 servis
452 2228 510 2279 et
558 2222 793 2279 ancillis
836 2223 1227 2295 universaque
1258 2223 1613 2289 substantia,
1649 2224 1893 2278 marinis
2000 2241 2138 2279 vum
2173 2231 2307 2280 ante
2340 2227 2540 2281 sedem
2566 2227 2665 2282 Dei
2691 2232 2747 2282 et
2775 2228 2945 2299 Agni.
2971 2228 3037 2282 Hi
3062 2233 3202 2282 sunt
3226 2230 3382 2284 enim
3408 2232 3505 2302 qui
3529 2247 3664 2289 cum

228 2313 508 2368 fluctibus
566 2312 750 2368 nimio
800 2328 937 2368 cum
987 2311 1185 2366 labore
1243 2312 1559 2384 superatis,
1620 2312 1891 2368 Edestam
2003 2313 2356 2369 mulieribus
2401 2332 2518 2370 non
2570 2320 2709 2370 sunt
2764 2315 3126 2388 coinquinati
3161 2334 3173 2371 :
3208 2318 3463 2388 virgines
3507 2318 3663 2375 enim

227 2402 407 2474 Syria:
438 2401 677 2456 tandem
712 2400 977 2474 pervenit
1033 2401 1106 2455 ad
1157 2401 1392 2468 urbem;
1427 2401 1527 2456 ubi
1577 2400 1890 2473 perfectam
2003 2407 2162 2470 sunt,
2197 2408 2254 2457 et
2284 2409 2617 2474 sequuntur
2636 2407 2868 2476 Agnum
2892 2422 3248 2478 quocunque
3275 2407 3427 2462 ierit.
3456 2407 3662 2463 Merito

224 2490 456 2547 vivendi
516 2506 787 2546 normam
847 2489 1022 2561 longo
1073 2506 1184 2545 usu
1233 2488 1460 2556 didicit,
1506 2494 1563 2545 et
1619 2490 1892 2561 despecto
1922 2541 1965 2566 η
2006 2490 2182 2546 homo
2213 2491 2331 2558 dei,
2358 2491 2418 2546 id
2453 2498 2543 2547 est
2574 2492 2859 2564 templum
2892 2494 3016 2558 Dei,
3042 2494 3256 2566 hospes
3298 2495 3531 2563 Christi,
3567 2496 3665 2556 ha-

226 2580 472 2649 mundo,
505 2579 742 2650 injuriis
772 2541 1244 2652 opprobriisque,
1272 2579 1424 2634 fame
1447 2541 1512 2634 'ct
1542 2541 1889 2650 siti,frigore
1922 2541 1967 2605 Β
1997 2541 2331 2636 bitaculum,
2357 2581 2615 2653 Spiritus
2646 2541 2830 2638 sal-neti
2860 2541 3101 2638 effectus
3132 2541 3242 2638 elst.
3275 2584 3308 2639 J
3316 2602 3416 2640 ure
3465 2541 3661 2641 dictus

225 2672 403 2740 atque
432 2667 715 2736 nuditate,
750 2666 1105 2722 mortiﬁcato
1137 2682 1376 2739 corpore
1405 2666 1702 2723 Cbrisium
1752 2666 1890 2722 totis
1997 2675 2086 2725 est
2117 2687 2220 2742 pro
2254 2672 2440 2726 Roma
2470 2672 2690 2727 orando
2722 2672 3004 2740 exaudiri,
3026 2673 3125 2744 qui
3146 2672 3205 2727 in
3239 2674 3424 2729 Roma
3454 2674 3659 2746 singu-

225 2757 537 2813 desideriis
564 2757 942 2829 sequebatur.
1996 2757 2181 2814 larem
2230 2759 2460 2815 studuit
2507 2760 2721 2816 ducere
2766 2761 2981 2827 vitam;
3015 2764 3072 2816 et
3107 2761 3254 2816 bene
3303 2761 3353 2817 ei
3395 2762 3660 2834 congrait

240 2882 243 2885 »
299 2845 531 2901 Sciebat
558 2845 717 2900 enim
753 2845 950 2916 ipsum
1000 2844 1061 2900 in
1111 2844 1422 2918 Evangelio
1466 2845 1685 2901 dixisse
1719 2861 1731 2898 :
1766 2842 1891 2899 Nisi
1999 2864 2191 2903 sermo
2223 2847 2587 2916 Dominicus,
2609 2848 2711 2921 qui
2743 2848 2885 2904 dicit
2917 2853 2940 2906 Ρ
2971 2848 3077 2915 Qui
3101 2849 3392 2904 dimiserit
3418 2866 3656 2904 uxorem

225 2932 365 3006 quis
382 2933 804 2990 renuntiaverit
825 2933 1104 2989 omnibus
1126 2951 1253 3005 quae
1276 2932 1631 3005 possidet,et
1653 2937 1890 2988 secutus
1999 2942 2100 2991 aut
2125 2935 2276 2993 ﬁlios
2304 2942 2544 3010 prepter
2570 2955 2783 2995 nomen
2807 2955 3025 3008 meum,
3042 2938 3382 3010 centuplum
3407 2938 3657 3011 accipiet

225 3039 325 3078 me
356 3022 684 3090 fuerit,non
708 3026 901 3095 potest
919 3039 1089 3077 mcus
1111 3038 1239 3078 esse
1261 3021 1891 3095 discipulus.Cumque
1998 3030 2056 3081 et
2083 3027 2263 3081 vitam
2296 3030 2574 3082 aeternam
2603 3026 2947 3099 possidebit.

224 3111 355 3168 hac
384 3110 700 3169 Dominicaa
743 3115 1033 3183 prmcepta
1060 3110 1340 3166 diuturno
1378 3115 1640 3183 tempore
1672 3109 1888 3165 ibidem
2069 3115 2231 3180 Quod
2281 3115 2439 3170 cnim
2478 3131 2580 3187 pro
2613 3115 2843 3170 Christo
2890 3115 3138 3183 dimisit,
3173 3114 3284 3170 hoc
3310 3114 3655 3188 centuplum

231 3205 676 3274 exsequeretur,
694 3200 891 3255 divina
909 3216 1047 3256 voce
1079 3199 1487 3267 manifestatur
1506 3198 1849 3255 hominibus
1873 3216 1886 3254 :
1999 3204 2253 3276 accepit;
2287 3204 2426 3276 quia
2450 3204 2730 3260 nimirum
2760 3202 3033 3277 centuplo
3056 3205 3253 3276 majus
3274 3204 3324 3260 ei
3358 3204 3469 3259 fuit
3491 3204 3656 3260 meri-

231 3306 323 3356 ac,
356 3306 428 3345 ne
455 3306 619 3344 vanaa
649 3287 845 3361 glorias
875 3288 1201 3344 incurreret
1230 3287 1485 3360 culpam,
1520 3288 1655 3343 inde
1698 3288 1893 3343 absce-
2001 3299 2128 3349 tum
2158 3293 2446 3350 castitatis
2493 3295 2642 3350 inter
2692 3294 3059 3349 continentes
3110 3298 3348 3366 propter
3398 3294 3655 3349 fructum

231 3378 372 3433 dere
405 3376 726 3449 disposuit;
762 3394 829 3432 ac
859 3377 943 3433 sic
974 3378 1116 3432 dum
1149 3377 1441 3433 Tharsum
1481 3393 1659 3432 causa
1706 3376 1894 3432 occul-
2000 3382 2263 3455 spiritus,
2297 3400 2475 3454 quam
2509 3383 2661 3439 inter
2692 3383 3059 3440 lascivientes
3094 3383 3392 3455 quondam
3422 3386 3658 3455 propter

228 3466 399 3522 tandi
446 3465 917 3539 proficisceretur
973 3466 1091 3522 Deo
1138 3465 1384 3533 volente,
1417 3466 1471 3521 vi
1523 3466 1595 3521 ad
1639 3465 1827 3537 patria

2055 3471 2356 3528 asiderium
2390 3473 2583 3528 carnis
2618 3489 2631 3528 :
2666 3471 2818 3527 ﬁlios
2839 3471 2993 3527 inter
3010 3488 3159 3544 quos
3181 3470 3493 3527 carnaliter
3516 3476 3654 3526 tunc

223 3570 498 3610 reversus
536 3558 645 3609 est.
681 3553 945 3625 Cumque
978 3571 1012 3609 a
1043 3559 1208 3627 patre
1240 3572 1343 3627 pro
1389 3570 1646 3627 paupere
1694 3570 1892 3610 susce-
2002 3561 2213 3616 habere
2246 3561 2529 3632 despexit,
2560 3577 2717 3616 nunc
2749 3559 3091 3632 centuplum
3141 3560 3401 3632 accipere
3442 3560 3656 3616 meruit

224 3648 370 3716 ptus
400 3648 575 3712 esset,
610 3647 676 3701 ut
708 3643 977 3710 audistis,
1013 3644 1071 3699 in
1102 3645 1275 3699 domo
1308 3642 1543 3716 propria
1563 3647 1628 3698 ut
1646 3644 1894 3715 peregri-
2001 3647 2318 3721 spiritales.
2353 3650 2732 3704 Centenarius
2780 3648 2999 3719 quippe
3049 3665 3352 3716 numerus,
3390 3654 3455 3703 ut
3502 3664 3654 3720 saepe

225 3748 346 3787 nus
377 3732 673 3787 manebat.
708 3731 752 3787 Ο
785 3737 1005 3804 quanta
1034 3733 1363 3788 constantia
1392 3736 1731 3804 quantaque
1763 3733 1892 3803 ejus
2003 3738 2225 3793 dictum
2286 3742 2393 3805 est,
2428 3737 2839 3809 perfectionem
2873 3736 3119 3809 ﬁgurate
3150 3737 3477 3792 denuntiat.
3536 3736 3653 3793 Nos

222 3820 343 3877 fuit
371 3820 684 3891 patientia!
720 3820 861 3885 Quis
911 3821 1067 3876 cnim
1114 3836 1351 3876 narrare
1391 3819 1608 3891 poterit
1638 3824 1890 3890 quantas
2003 3842 2256 3897 namque
2286 3825 2421 3881 licet
2452 3840 2557 3879 nec
2586 3823 2735 3880 servi
2777 3823 3057 3896 appellari
3088 3825 3270 3897 digni,
3302 3824 3406 3879 filii
3455 3828 3651 3880 tamen

219 3898 600 3975 (entationes,
637 3912 959 3980 quantosve
1020 3908 1232 3965 fluctus
1275 3908 1334 3964 in
1369 3909 1459 3964 sui
1502 3908 1889 3965 sacratissimi
1919 3910 1962 3977 C
2000 3916 2127 3987 ejus
2145 3932 2381 3981 sumus;
2407 3915 2545 3986 quia
2568 3930 2674 3969 nos
2695 3913 2753 3967 in
2777 3912 2927 3968 hanc
2947 3930 3114 3968 suam
3139 3912 3378 3969 domum
3400 3915 3514 3983 (72)
3537 3913 3661 3985 sub.

218 3996 480 4070 pectoris
511 4013 725 4054 arcano
761 3997 1067 4069 pertulerit
1089 3999 1231 4054 dum
1270 4003 1502 4071 patrem
1527 4013 1631 4070 pro
1653 4013 1715 4053 se
1734 4001 1898 4055 tanto
2003 4004 2322 4060 monastica
2357 4003 2715 4076 professione
2746 4002 2878 4074 pius
2910 4002 3064 4073 apud
3096 4001 3281 4056 Deum
3332 4001 3661 4057 intecessor'

218 4101 475 4140 miner
532 4084 689 4140 afﬁci
750 4085 1135 4157 conspiceret,
1174 4088 1351 4142 Sciret
1408 4086 1584 4143 etiam
1642 4090 1892 4143 matrem
2001 4094 2393 4166 congregavit.
2417 4092 2535 4149 Nos
2564 4107 2772 4149 sumus
2803 4091 2931 4162 ejus
2961 4089 3066 4145 ﬁlii
3099 4106 3246 4162 quos
3267 4089 3511 4156 diversis
3531 4106 3651 4145 car-

220 4178 400 4230 nocte
434 4172 644 4249 dieque
661 4173 720 4230 in
754 4173 893 4231 ﬂetu
923 4178 980 4230 et
1006 4174 1228 4247 gemitu
1252 4173 1614 4249 perdurare?
1645 4174 1896 4242 Videbat
2001 4182 2211 4239 naliter
2239 4181 2427 4239 editos
2448 4180 2792 4254 parentibus
2814 4179 2873 4234 in
2898 4195 3077 4235 unam
3098 4182 3314 4235 sancta:
3335 4178 3645 4252 professio-

221 4264 476 4335 insuper
500 4279 696 4341 servos
727 4263 993 4336 proprios
1023 4264 1253 4341 deliciis
1283 4264 1584 4321 abundare
1609 4265 1897 4339 vestibus-1
1999 4272 2092 4328 nis
2115 4271 2403 4327 famitiam
2425 4268 2766 4342 spiritaliter
2796 4285 2911 4325 non
2943 4272 3136 4324 cessat
3157 4268 3505 4324 coadnnare.
3529 4268 3646 4324 Nos

220 4367 343 4425 que
375 4351 647 4424 pretiosis
676 4351 914 4408 indutos
962 4351 1252 4422 incedere,
1287 4358 1346 4410 et
1377 4369 1438 4409 se
1486 4352 1557 4407 ab
1612 4355 1890 4413 omnibus
1997 4377 2206 4418 sumus
2256 4358 2359 4414 filii
2418 4359 2565 4430 ejus,
2600 4357 2648 4413 si
2698 4357 2808 4412 iter
2851 4356 3133 4411 virtutum
3179 4357 3309 4429 ejus
3358 4356 3661 4412 imitando.

217 4434 585 4512 contemptlﬁ
645 4440 847 4496 haberi
884 4457 897 4496 ε
932 4439 1218 4497 tOIGI‘ahat
1268 4442 1339 4497 ad
1398 4441 1519 4496 11830
1577 4443 1889 4514 opprobria
1995 4454 2293 4515 tenemus;
2328 4448 2376 4503 si
2411 4465 2525 4502 non
2566 4464 2600 4502 a
2629 4445 2908 4518 patientia
2938 4461 3115 4517 quam
3160 4443 3219 4499 in
3269 4460 3331 4499 se
3362 4443 3639 4511 ostendit,

218 4527 643 4607 irrisionesque
679 4535 979 4597 eorum,et
1009 4529 1177 4603 quasi
1199 4531 1327 4602 jam
1353 4534 1620 4586 mortuus
1651 4532 1881 4602 saeculo,
1995 4539 2275 4610 torpendo
2306 4535 2689 4593 deflectimus.

216 4616 349 4674 8010
379 4620 609 4695 tantum
641 4617 854 4697 Spiritu
880 4618 1108 4693 Christo
1139 4620 1385 4677 vivebat
2065 4627 2227 4683 Unde
2261 4641 2495 4681 necesse
2523 4628 2631 4689 est,
2648 4623 2856 4679 fratres
2886 4622 3240 4690 charissimi,
3260 4625 3328 4676 ut
3358 4625 3642 4692 tanquam

293 4706 445 4769 Nam
473 4706 771 4778 quomodo
822 4706 947 4779 ipse
994 4708 1186 4765 adhuc
1234 4705 1429 4785 fragili
1486 4708 1884 4769 circumdatus
1992 4716 2128 4773 boni
2160 4716 2264 4771 ﬁlii
2296 4719 2354 4771 et
2379 4718 2538 4769 tanto
2572 4717 2807 4786 parente
2837 4709 3301 4784 digni,exempla
3325 4708 3483 4766 illius
3504 4727 3640 4766 san-

216 4811 461 4866 corpore
510 4794 632 4851 hazc
685 4800 772 4851 tot
818 4797 1190 4853 incommoda
1238 4800 1451 4854 suﬁere
1498 4798 1732 4866 valeret,
1768 4800 1882 4861 nisi
1992 4805 2266 4861 ctissimze
2297 4803 2422 4859 vita:
2450 4801 2612 4873 sequi
2642 4817 2934 4856 curemus.
2988 4799 3111 4854 Non
3164 4815 3269 4854 nos
3318 4814 3352 4852 a
3381 4795 3639 4868 vestigiis

215 4883 418 4940 divino
440 4901 638 4940 amore
661 4885 791 4955 ejus
813 4902 911 4940 cor
943 4885 1105 4942 intus
1136 4902 1451 4943 accensum
1475 4887 1739 4943 arderet?
1771 4890 1880 4946 Sed
1990 4895 2137 4950 tanti
2172 4892 2354 4965 patris
2386 4889 2702 4963 scquendis
2731 4889 2849 4944 ulla
2880 4888 3088 4943 anima:
3117 4886 3204 4943 vel
3238 4887 3430 4942 carnis
3457 4885 3641 4940 illece-

215 4971 336 5029 ista
366 4973 567 5029 omnia
595 4974 793 5031 divina
823 4976 1149 5046 agebantur
1176 4976 1490 5048 prudentia
1522 4980 1585 5031 ut
1614 4977 1664 5031 ei
1696 4994 1882 5036 accre-
1991 4984 2095 5039 bra
2125 4986 2368 5048 revocet,
2403 4983 2693 5050 quatenus
2725 4982 2781 5033 et
2818 4977 2929 5048 ipsi
2961 4978 3059 5049 qui
3081 4974 3347 5032 carnales
3394 4975 3639 5035 allectus

216 5065 412 5118 sceret
456 5061 666 5135 gloria,
700 5067 759 5119 et
802 5080 909 5120 nos
958 5065 1224 5138 exemplo
1274 5065 1571 5137 patientia:
1619 5064 1779 5122 iliius
1807 5070 1880 5125 ad
1989 5070 2513 5139 substantiamque
2547 5066 2895 5138 reliquimus
2926 5071 3246 5135 terrenam;
3281 5065 3381 5136 qui
3429 5080 3638 5122 uxores

214 5149 426 5213 eadem
457 5151 738 5221 sectanda
784 5153 1120 5210 instrueret.
1145 5154 1329 5211 Nosse
1357 5152 1572 5208 ctenim
1617 5156 1882 5212 convenit
1990 5162 2200 5218 ducere
2230 5175 2296 5213 ac
2326 5156 2481 5212 filios
2512 5154 2824 5211 carnaliter
2854 5170 3156 5226 procreare
3193 5153 3468 5228 angelicaa
3499 5168 3637 5207 con-

108 5280 111 5285 μ
217 5238 647 5319 fraternitatem
666 5245 1244 5314 vestram,quantam
1266 5240 1510 5315 gloriam
1533 5258 1637 5314 per
1655 5242 1877 5315 paticn-
1908 5278 1955 5342 D
1988 5245 2332 5305 versationis
2366 5261 2565 5300 amore
2597 5242 3010 5308 fastidivimus,
3032 5259 3065 5296 a
3096 5260 3229 5315 rege
3274 5240 3493 5299 ccelesti
3522 5240 3634 5295 vir-

216 5325 363 5401 tiam
395 5327 551 5407 apnd
586 5328 771 5387 Deum
793 5331 1216 5403 promeruisset
1238 5334 1303 5386 ut
1323 5329 1519 5386 divina
1547 5347 1682 5387 voce
1704 5332 1878 5390 homo
1908 5325 1954 5342 ”
1986 5341 2180 5393 tutum
2204 5332 2601 5407 spiritualium
2624 5332 2832 5387 merito
2852 5330 2981 5386 etin
3004 5333 3272 5403 praesenti
3294 5330 3637 5404 centuplum

218 5415 323 5482 Dei
353 5406 449 5484 sit,
469 5416 803 5491 appellatus~
830 5424 888 5477 et
918 5420 1047 5493 ejus
1079 5419 1262 5477 oratio
1310 5435 1413 5491 pro
1456 5418 1669 5477 scelere
1699 5422 1877 5480 totius
1988 5406 2255 5498 accipere
2275 5424 2347 5478 de
2378 5421 2652 5478 societate
2682 5424 3041 5488 sanctorum,
3076 5424 3134 5475 et
3160 5420 3221 5475 in
3249 5420 3462 5477 saeculo
3504 5435 3638 5477 ven-

231 5540 609 5679 Bogﬁjagiiingt
622 5542 818 5673 (ﬂgigi
847 5545 1080 5602 videtur
1109 5544 1413 5602 homiliam
1446 5545 1618 5602 istam
1648 5547 1864 5607 dictam
1913 5570 1947 5609 a
1977 5554 2035 5610 S.
2067 5551 2385 5609 Adalberto
2442 5547 2636 5604 Roma:
2667 5545 2726 5603 in
2758 5546 3112 5603 monasterio
3146 5550 3247 5602 aut
3276 5544 3493 5618 templo
3526 5543 3659 5617 88,¹

456 5672 461 5679 ,
492 5672 496 5679 ,
618 5668 623 5671 .
741 5634 840 5675 xu.
2994 5674 2999 5679 ,

281 5630 522 5694 annecti
551 5630 623 5671 et.
637 5630 840 5694 mean.
