4052 6180
196 350 213 371 ι·
262 346 267 353 ·
293 322 415 385 905

1473 262 1881 376 EPISTOL/E
1922 310 2026 372 ET
2069 309 2513 371 PRIVILEGIA
2532 355 2545 368 .

3588 313 3705 375 906

296 460 390 514 cto
422 452 544 510 ﬁlio
580 453 904 520 HeaLUmo,
936 457 1150 508 sanctae
1197 446 1636 507 Cameracensis
1684 444 1952 503 Ecclesiae
1979 446 2037 511 Α
2064 458 2196 498 vero
2225 446 2451 498 creator
2479 447 2537 497 et
2565 442 2905 498 observator
2936 442 3128 511 fuerit,
3158 442 3622 500 benedictionem
3652 449 3710 501 et

295 541 566 610 antistiti,
597 541 840 613 suisque
871 540 1310 597 successoribus
1342 536 1401 592 in
1433 539 1802 608 perpetuum.

307 668 313 673 ~
367 634 531 689 Curae
560 629 872 703 pastoralis
903 630 1187 695 officium,
1221 642 1469 684 summa:
1502 624 1661 679 sedis
1692 622 1948 696 dignitas

297 739 416 796 qua
447 737 574 787 nos,
608 718 745 775 licet
772 718 1019 791 indigni,
1054 718 1301 784 utimur,
1333 712 1630 785 compellit
1681 729 1785 768 nos
1834 727 1950 766 non

298 811 493 868 solum
522 807 831 865 nobiscum
865 806 1185 874 manentia,
1220 820 1422 861 verum
1452 802 1627 859 etiam
1656 801 1827 873 longe
1859 816 1954 872 po-

299 901 416 957 sita
462 902 677 954 sanctae
725 896 827 953 Dei
886 896 1155 951 Ecclesiae
1224 893 1526 966 mysteria,
1574 890 1801 945 Christo
1849 906 1951 944 an-

297 992 536 1054 nuente,
569 985 835 1060 vigilanti
868 983 1270 1040 sollicitudine
1299 979 1594 1037 custodire
1641 982 1698 1033 et
1740 978 1952 1050 guber-

300 1095 464 1135 nare.
481 1074 765 1143 Quoniam
797 1091 951 1141 vero,
969 1074 1121 1129 sicut
1152 1071 1425 1128 omnibus
1447 1086 1591 1143 pene
1617 1073 1821 1123 notum
1844 1072 1953 1136 est,

302 1165 735 1222 interveniente
760 1163 870 1218 hac
901 1179 962 1219 re
993 1179 1118 1234 quae
1140 1160 1291 1216 inter
1320 1158 1629 1214 Arnull‘um
1653 1155 1956 1212 Remensis

306 1254 584 1310 Ecclesiae
614 1250 1110 1324 archipraesulem,
1143 1253 1199 1304 et
1236 1249 1581 1304 Gerbertum
1630 1246 1955 1300 invasorcm

306 1345 460 1415 ejus,
495 1341 763 1410 excrevit,
799 1341 953 1396 idem
1003 1338 1317 1413 praedictus
1364 1336 1677 1393 Herluinus
1720 1331 1954 1406 praesul,

310 1431 550 1487 illorum
581 1429 754 1498 odiis,
781 1427 979 1485 Remis
1009 1427 1289 1483 canonico
1321 1441 1482 1481 more
1512 1422 1840 1479 consecrari
1868 1438 1960 1477 ne-

212 1565 216 1568 .
306 1520 514 1592 quivit,
538 1520 666 1591 ejus
687 1516 1048 1574 consecratio
1066 1516 1138 1572 ad
1157 1513 1538 1588 apostolicam
1556 1512 1753 1568 sedem
1771 1527 1960 1583 usque

303 1610 379 1666 ad
411 1626 517 1665 nos
547 1608 706 1664 haud
736 1606 957 1679 injuste
988 1605 1268 1678 pervenit.
1312 1606 1495 1670 Quem
1526 1604 1955 1667 consecrantes,

303 1694 745 1770 lacrymabilem
776 1696 850 1751 ab
879 1710 948 1751 ea
977 1692 1408 1767 querimoniam
1435 1689 1789 1758 audivimus,
1809 1686 1960 1745 scili-

306 1792 399 1844 cet
426 1785 584 1859 quod
613 1789 876 1857 tempore
905 1786 1342 1839 antecessorum
1374 1796 1617 1836 suorum
1647 1778 1803 1834 idem
1834 1776 1954 1850 epi-
1986 1813 2034 1879 Β

306 1875 575 1949 scopium
605 1872 1009 1945 multipliciter
1029 1890 1062 1927 a
1079 1870 1355 1944 malignis
1372 1869 1713 1926 hominibus
1745 1868 1957 1939 deprae-

302 1966 511 2021 datum
538 1963 635 2020 sit.
668 1962 833 2019 Unde
877 1965 936 2017 et
985 1978 1093 2017 nos
1142 1958 1451 2016 humilime
1499 1955 1834 2029 imploravit
1890 1959 1957 2011 ut

302 2057 505 2110 nostra
538 2050 861 2125 apostolica
891 2050 1239 2106 auctoritate
1270 2046 1506 2119 aliquod
1538 2046 1587 2102 ei
1621 2044 1955 2101 subsidium

299 2147 503 2200 contra
550 2140 821 2196 inimicos
872 2142 1085 2195 sanctae
1132 2137 1401 2194 Ecclesiae
1451 2137 1745 2192 daremus.
1775 2133 1957 2205 Cujus

302 2230 575 2304 precibus
606 2232 953 2297 annuontes,
1004 2244 1107 2300 per
1153 2226 1312 2281 istud
1366 2228 1576 2281 nostra“:
1626 2221 1955 2295 apostolica:

302 2319 676 2378 auctoritatis
708 2317 1082 2391 privilegium
1130 2314 1432 2371 sancimus
1480 2316 1545 2369 ut
1593 2311 1794 2368 nullus
1831 2311 1959 2365 dux

307 2408 592 2475 marchio,
627 2423 844 2474 comes,
877 2405 1221 2471 vicecomes,
1255 2420 1358 2459 seu
1390 2401 1588 2473 aliqua
1628 2415 1843 2472 magna
1870 2398 1957 2454 vel

308 2514 486 2571 parva
514 2512 784 2569 persona,
815 2494 1026 2550 dehinc
1057 2492 1492 2565 praenominatze
1516 2489 1802 2545 oEcclesiae
1836 2487 1961 2544 loca

311 2587 581 2642 invadere
630 2601 733 2641 seu
782 2583 1114 2656 depraedare
1155 2585 1494 2654 praesumat,
1527 2579 1690 2646 Quod
1740 2576 1790 2634 si
1821 2594 1960 2649 prte-

310 2674 650 2748 sumpserit,
685 2674 832 2729 sciat
861 2689 924 2729 se
952 2690 987 2727 θ.
1016 2671 1209 2738 nobis,
1240 2670 1470 2726 Christo
1510 2672 1745 2724 auctore
1795 2683 1861 2721 ac
1894 2666 1956 2722 B.

312 2764 478 2819 Petro
527 2761 813 2835 apostolo,
874 2760 1247 2817 anathemate
1294 2757 1611 2831 illigatum,
1654 2770 1960 2828 quousque

310 2850 596 2923 praedictae
645 2848 803 2905 sedis
850 2846 1101 2903 antistiti
1152 2846 1522 2913 satisfecerit,
1568 2843 1677 2912 vel,
1713 2844 1959 2899 Romam

307 2939 692 3006 veniendo,se
723 2937 940 2993 ibidem
972 2933 1515 3009 purificaverit.Hoc
1541 2949 1773 3005 quoque
1791 2929 1960 2986 nobis

309 3027 580 3084 similiter
607 3026 947 3081 intimatum
976 3024 1257 3096 est,quod
1288 3023 1543 3078 obeunte
1572 3021 1845 3093 episcopo
1867 3018 1958 3074 vel

309 3116 534 3173 caeteris
553 3115 955 3172 sacerdotibus
976 3114 1264 3186 praedictae
1282 3116 1496 3168 sanctae
1523 3108 1960 3167 Cameracensis

2060 531 2331 604 gratiam,
2366 536 2424 586 et
2463 530 2894 603 indulgentiam
2943 534 3314 602 peccatorum
3368 547 3610 587 suorum
3641 548 3710 589 ac

2059 618 2238 672 vitam
2269 622 2545 674 reternam
2578 634 2613 673 a
2640 617 2872 674 Christo
2891 617 3178 674 salvatore
3207 621 3406 675 nostro
3428 620 3708 692 consequi

2061 711 2373 761 mereatur.
2398 708 2603 762 Amen.

2133 795 2431 867 Scriptum
2464 812 2568 867 per
2599 812 2811 851 manus
2846 795 3202 869 Petrisgonis
3233 796 3444 852 notarii
3477 801 3535 854 et
3562 798 3710 854 scri-

2062 885 2245 957 ptoris
2276 891 2489 940 sanctm
2523 886 2797 941 Romanae
2829 884 3119 954 Ecclesiae,
3153 886 3211 941 in
3243 902 3445 943 mense
3475 886 3624 944 Maio
3655 892 3716 945 et

2061 971 2265 1028 indict.
2301 990 2473 1028 nona.
2501 974 2563 1028 In
2591 973 2819 1029 Christo
2847 974 2991 1029 bene
3017 974 3406 1031 valete.Anno
3436 993 3454 1030 ι
3485 976 3713 1048 pontifi-

2064 1064 2230 1116 catus
2261 1061 2460 1116 domni
2493 1061 2753 1134 Gregorii
2786 1061 3005 1116 summi
3027 1061 3318 1133 pontiﬁcis
3339 1066 3395 1117 et
3418 1063 3713 1120 universa-

2061 1148 2137 1205 lis
2168 1151 2435 1206 Ecclcsize
2466 1168 2648 1223 papae,
2682 1150 2913 1223 imperii
2944 1167 3076 1205 vero
3108 1150 3309 1207 domui
3340 1150 3535 1207 Ottoni
3567 1154 3710 1209 Ter-

2064 1237 2130 1293 tii
2162 1238 2531 1311 imperatoris
2563 1257 2715 1295 anno
2748 1240 3072 1296 undecimo.

2841 1363 2936 1418 III.

2068 1472 2147 1541 (2)
2188 1486 2444 1526 mamma
2483 1486 2753 1526 cascoan
2809 1486 2971 1524 PAPIE
3008 1487 3043 1525 v
3087 1486 3458 1528 wsmnrnmo
3512 1487 3716 1528 ABBATI

2711 1557 3066 1600 CONCESSUM.

2712 1650 2898 1721 (Anno
2926 1648 3079 1716 996.)

2069 1761 2367 1838 Conﬁrmat
2392 1780 2578 1838 omne:
2607 1766 2931 1821 monasterii
2970 1766 3355 1838 possessiones,
3371 1767 3572 1838 jusque
3614 1766 3715 1823 eli-

2137 1835 2301 1908 gendi
2346 1835 2581 1908 abbatis,
2636 1838 2881 1908 primum
2931 1835 3001 1892 ea:
3048 1835 3383 1906 Stabulensi,
3408 1835 3604 1895 deinde
3647 1854 3718 1896 ex

2138 1906 2911 1964 Malmundariensiewnobio.

2246 2022 2434 2094 (Apud
2466 2022 2737 2089 Martem,
2774 2023 3025 2095 Ampliss.
3068 2023 3282 2080 Collect.
3323 2023 3391 2093 II,
3421 2026 3541 2094 52.)

2142 2138 2203 2192 In
2236 2137 2472 2194 nomine
2501 2141 2716 2194 sancta:
2741 2143 2799 2195 et
2823 2138 3136 2195 individua:
3159 2138 3483 2196 Trinitatis.
3500 2140 3721 2198 Ganeo-

2066 2242 2201 2282 mus
2231 2225 2541 2299 episcopus
2572 2244 2775 2283 servus
2805 2244 3107 2283 servorum
3160 2227 3264 2283 Dei
3317 2228 3711 2285 Wsasnrmoo

2069 2313 2339 2387 religioso
2372 2315 2569 2371 abbati
2600 2315 2851 2372 salutem
2875 2321 2933 2373 et
2959 2315 3341 2389 apostolicam
3367 2317 3719 2374 benedictio-

2069 2418 2225 2458 nem.

2141 2492 2292 2547 Tum
2330 2509 2576 2548 summa:
2609 2494 2943 2564 apostolicae
2976 2493 3281 2566 dignitatis
3328 2510 3473 2566 apex
3518 2495 3577 2550 in
3610 2494 3719 2551 hoc

2069 2579 2249 2635 divini
2279 2582 2588 2637 roboratus
2621 2582 2807 2638 nitore
2837 2582 3202 2654 dignoscitur
3221 2582 3638 2655 praefulgere,si
3658 2584 3719 2641 in

2069 2669 2441 2741 acquirendis
2460 2669 2561 2727 Dei
2582 2670 2858 2727 laudibus
2874 2669 2996 2726 suis
3015 2670 3344 2743 impensius
3362 2671 3622 2727 studebit
3640 2672 3721 2728 la-

2069 2758 2230 2814 boris
2257 2758 2526 2814 exhibere
2545 2762 2859 2815 certamen.
2877 2759 2960 2814 Ob
2982 2759 3091 2814 hoc
3112 2757 3311 2814 debita
3332 2776 3437 2815 nos
3454 2760 3719 2831 ejusdem

2069 2845 2400 2918 apostolicae
2431 2846 2741 2918 pastoralis
2774 2846 3069 2920 compellit
3098 2845 3513 2903 sollicitudinis
3554 2864 3717 2917 cura,

2069 2951 2314 3007 quaeque
2344 2936 2416 2990 ad
2440 2934 2788 2991 stabilienda
2813 2934 3042 3008 piorum
3061 2935 3347 3009 pertinere
3367 2936 3716 3009 dignoscun-

2067 3028 2165 3078 tur
2191 3023 2453 3079 locorum
2484 3024 2737 3080 ubertim
2770 3024 3160 3098 promulgare,
3195 3029 3252 3081 et
3282 3024 3612 3097 apostolicae
3631 3025 3717 3081 in-

2070 3111 2396 3169 stitutionis
2410 3129 2656 3168 censura
2667 3112 3225 3186 conﬁrmare.lgitur
3235 3112 3374 3186 quia
3384 3112 3715 3187 postulasti,

311 3204 599 3274 Ecclesiae,
622 3204 804 3277 aliqui
835 3178 1123 3260 diabolico
1144 3200 1349 3274 repleti
1378 3200 1588 3273 spiritu
1620 3197 1849 3255 soleant
1869 3212 1962 3252 res
1993 3178 2036 3246 Ο
2071 3202 2268 3269 frater,
2303 3218 2337 3257 a
2364 3199 2553 3270 nobis,
2588 3206 2882 3274 quatenus
2916 3178 3276 3259 monasteria
3322 3220 3357 3260 a
3384 3178 3719 3260 -venerabili

312 3292 924 3365 ecclesiasticas,quas
952 3292 1044 3348 vel
1074 3290 1405 3364 episcopus,
1427 3290 1547 3345 sive
1568 3288 1745 3345 etiam
1780 3302 1966 3343 sacer-

313 3384 479 3440 dotes
526 3380 887 3454 reliquerint,
940 3380 1193 3453 diripere
1242 3396 1308 3435 ac
1366 3379 1690 3435 devastare.
1742 3374 1965 3443 Quibus

315 3471 519 3527 itidem
552 3470 876 3544 apostolica
923 3485 1173 3525 censura
1221 3485 1293 3524 ne
1335 3467 1445 3523 hoc
1493 3465 1749 3539 amplius
1797 3480 1967 3538 agere

317 3566 679 3633 praesumant
708 3558 1138 3614 interdicimus.
1174 3556 1336 3623 Quod
1386 3556 1435 3611 si
1468 3555 1730 3621 fecerint,
1761 3556 1968 3626 cujus-

317 3665 552 3721 cunque
582 3652 721 3705 sunt
749 3645 973 3703 ordinis
1005 3646 1093 3701 vel
1124 3644 1451 3717 dignitatis,
1482 3644 1672 3699 sciant
1721 3660 1783 3699 se
1831 3659 1968 3696 ana-

320 3737 600 3794 thematis
644 3736 876 3792 vinculo
924 3733 1247 3808 perclusos,
1280 3749 1586 3805 quousque
1637 3731 1746 3786 hoc
1794 3731 1971 3802 digna

322 3825 725 3884 satisfactione
756 3823 1132 3881 correxerint.
1167 3822 1316 3877 Illud
1351 3837 1584 3893 quoque
1623 3834 1975 3891 magnopere

323 3919 717 3989 praeoptamus
748 3920 815 3970 ut
845 3914 1056 3969 fratres
1075 3911 1135 3967 in
1158 3911 1420 3967 coenobio
1436 3909 1701 3981 ejusdem
1718 3906 1973 3964 ecclesia:

322 4008 783 4072 commanentes,
818 4006 1159 4073 cunctaeque
1189 3998 1673 4072 congregationes
1724 3997 1795 4051 ad
1843 4012 1973 4051 eam

324 4092 705 4165 pertinentes,
721 4089 1007 4165 quidquid
1023 4091 1184 4162 juste
1207 4106 1272 4145 ac
1294 4088 1560 4161 legalitcr
1572 4086 1871 4160 possidere
1883 4086 1977 4140 de-

326 4182 487 4245 bent,
503 4180 630 4237 sine
651 4181 847 4253 aliqua
868 4178 1258 4236 diminutione
1279 4178 1528 4232 ﬁrmiter
1549 4179 1787 4232 teneant
1806 4178 1980 4245 atque

326 4266 1195 4342 possideant,uttemporalibus
1209 4265 1497 4338 praesidiis
1512 4263 1874 4321 sufﬁcienter
1885 4261 1982 4317 ad-

320 4359 438 4431 juti
464 4358 592 4414 sine
622 4357 1110 4424 murmuratione,
1135 4355 1491 4427 sempiterna
1513 4351 1847 4407 ﬁducialius
1889 4367 1983 4422 ap-

329 4453 524 4521 petere
534 4447 1041 4518 valeant.1nsuper
1052 4445 1240 4501 eidem
1255 4443 1531 4500 Herluino
1549 4444 1819 4514 episcopo
1837 4440 1984 4497 suis-

2074 3290 2238 3346 Patre
2270 3290 2541 3346 Remaclo
2572 3291 2631 3346 in
2667 3291 2884 3348 honore
2908 3291 3094 3348 sancti
3126 3290 3277 3348 Petri
3293 3294 3647 3361 constructa,
3660 3290 3719 3347 id

2073 3383 2181 3448 est,
2197 3378 2516 3436 Stabulaus
2536 3383 2593 3436 et
2625 3379 3145 3449 Malmundarium,
3162 3381 3277 3437 sita
3297 3380 3451 3437 saltu
3468 3381 3724 3437 Arduen-

2075 3468 2264 3536 nensi,
2298 3468 2597 3542 privilegio
2630 3475 2838 3526 nostrae
2872 3470 3240 3527 auctoritatis
3265 3471 3726 3540 muniremns,et

2076 3556 2216 3628 quia
2236 3556 2401 3627 justa
2429 3556 2554 3612 visa
2583 3561 2674 3614 est
2707 3557 2875 3614 nobis
2909 3558 3110 3631 petitio
3139 3563 3261 3627 tua,
3282 3576 3591 3616 assensum
3616 3558 3726 3615 tibi

2078 3645 2408 3716 praebemus
2422 3661 2526 3716 per
2540 3644 2643 3716 buj
2654 3663 2723 3701 us
2740 3646 2923 3701 nostri
2946 3645 3232 3719 privilegii
3253 3648 3728 3716 constitutum,et

2080 3734 2424 3789 roboramus
2447 3733 2766 3805 apostolica
2791 3734 3337 3807 auctoritate,atque
3359 3734 3728 3791 decernimus

2079 3822 2406 3878 secundum
2437 3821 2815 3894 antiquorum
2843 3822 3101 3877 edictum
3132 3823 3429 3895 regum,id
3462 3823 3731 3895 est,Sigi-

2083 3909 2252 3978 berti,
2268 3910 2584 3965 Chludovei
2607 3915 2664 3965 et
2682 3910 3015 3983 Dagoberti,
3033 3909 3133 3982 qui
3155 3915 3211 3967 et
3232 3927 3435 3967 eorum
3462 3914 3728 3967 constru-

2083 4004 2271 4055 ctores
2292 3999 2450 4055 fuere
2463 4000 2973 4067 monasteriorum,
2990 4015 3094 4054 nec
3113 4016 3227 4055 non
3241 4003 3298 4054 et
3309 3998 3730 4073 imperatorum

2085 4088 2301 4153 Karoli,
2318 4087 2593 4143 Ludovici
2616 4093 2672 4144 et
2694 4088 2922 4144 Ottonis
2941 4090 3365 4162 Augustorum,
3390 4093 3455 4145 ut
3474 4087 3600 4146 loca
3633 4089 3731 4145 de-

2085 4176 2519 4244 terminata,vel
2558 4176 2847 4246 villae,aut
2884 4178 3303 4249 possessiones,
3329 4196 3455 4251 qua:
3495 4180 3567 4236 ab
3590 4179 3734 4251 ipsis

2088 4266 2540 4338 imperatoribus
2570 4265 2683 4338 ipsi
2715 4271 2919 4322 sancto
2952 4270 3090 4322 sunt
3123 4268 3368 4337 traditae,
3392 4273 3449 4323 et
3476 4285 3581 4341 per
3598 4284 3734 4323 eum

2088 4354 2354 4426 utrisque
2366 4353 2627 4410 ecclesiis
2642 4354 3073 4423 divisze,usibus
3086 4356 3415 4412 deserviant
3427 4354 3736 4410 monacho-

2090 4458 2243 4510 rum,
2269 4442 2535 4516 nullique
2591 4443 2767 4499 liceat
2795 4445 3092 4514 advocato,
3124 4443 3212 4501 vel
3259 4443 3319 4498 in
3351 4443 3603 4517 placitis,
3635 4446 3738 4498 aut

332 4553 447 4608 que
469 4534 984 4592 successoribusin
1007 4537 1356 4605 perpetuum
1370 4549 1472 4603 per
1484 4531 1636 4586 hanc
1651 4528 1833 4585 nostri
1848 4546 1987 4599 prze-
2013 4548 2063 4614 D
2093 4532 2453 4601 casticiis,ea
2474 4532 2811 4606 infringere;
2829 4534 2983 4605 quod
3010 4532 3371 4605 percutimus
3383 4537 3594 4587 (sterno
3607 4548 3741 4586 ana-

333 4625 488 4695 cepti
511 4623 789 4696 paginam
812 4620 1192 4678 concedimus
1203 4619 1691 4676 etconfirmamus
1707 4620 1771 4672 ut
1787 4614 1987 4671 nullus

334 4713 474 4779 dux,
496 4710 756 4767 marchio
785 4710 875 4766 vel
904 4726 1123 4777 comes,
1147 4725 1249 4765 seu
1283 4708 1397 4764 alia
1427 4706 1645 4779 quaevis
1668 4703 1988 4777 magnavel

335 4818 516 4874 parva
545 4816 814 4872 persona,
845 4797 1101 4870 aliquem
1143 4797 1499 4863 districtum,
1534 4795 1653 4851 sive
1690 4793 1987 4867 judicium

334 4889 424 4946 vel
455 4888 692 4961 aliquod
724 4886 1004 4960 placitum
1036 4885 1098 4941 in
1128 4884 1325 4957 aliquo
1356 4884 1480 4941 loco
1514 4902 1665 4955 saepe
1697 4881 1987 4939 nominati

335 4978 615 5051 episOOpii
646 4982 847 5033 tenere
878 4976 1111 5043 audeat,
1147 4974 1262 5029 nisi
1293 4974 1364 5029 ab
1397 4974 1661 5044 ejusdem
1696 4973 1853 5029 sedis
1873 4972 1989 5044 epi-

337 5083 513 5141 scopo
539 5065 835 5123 licentiam
865 5063 1153 5137 acceperit
1181 5062 1268 5118 vel
1302 5063 1582 5117 invitatus
1633 5062 1807 5117 fuerit
1837 5078 1850 5116 :
1885 5061 1986 5117 sed

335 5156 510 5213 liceat
539 5155 652 5212 sibi
686 5156 757 5212 de
789 5154 916 5211 suis
948 5169 1363 5227 quemcunque
1390 5149 1658 5231 voluerit,
1678 5151 1749 5205 ad
1780 5151 1837 5205 id
1868 5150 1996 5205 ofﬁ-

340 5244 499 5301 cium
532 5244 934 5317 peragendum
972 5240 1265 5299 ordinare.
1300 5241 1359 5296 Si
1409 5239 1543 5310 quis
1592 5244 1810 5303 autem,
1843 5237 1997 5308 quod

343 5349 459 5389 non
488 5331 981 5405 optamus,hujus
1011 5328 1197 5385 nostri
1232 5325 1533 5400 apostolici
1568 5324 1857 5398 privilegii
1887 5324 2000 5381 vio-

266 5440 269 5443 λ
345 5421 500 5479 lator
530 5420 840 5489 exstiterit,
861 5419 1009 5476 sciat
1039 5435 1101 5474 se
1131 5433 1266 5473 cum
1299 5416 1454 5472 Juda
1483 5414 1761 5470 traditore
1792 5418 1850 5469 'et
1869 5431 2001 5486 apo-

347 5510 575 5569 staticis
625 5508 848 5583 angelis
900 5513 1114 5564 aeterno
1164 5506 1299 5579 igne
1347 5502 1859 5562 concrcmandum.
1892 5501 2001 5571 Qui

374 5637 383 5645 -
421 5610 500 5684 (2)
530 5608 911 5683 Suspectum.
942 5604 1136 5666 ,ἴω-τη.
1238 5647 1259 5660 α

677 5734 947 5801 ΡΑτιιοι..
992 5728 1336 5813 CXXXVII.

2094 4623 2369 4678 themate.
2386 4623 2669 4678 Praeterea
2690 4622 3009 4689 sancimus,
3026 4621 3262 4677 sicutab
3275 4620 3420 4694 ipsis
3434 4621 3742 4693 imperato-

2097 4712 2261 4766 ribus
2299 4715 2389 4766 est
2426 4712 2756 4777 deﬁnitum,
2786 4715 2849 4766 ut
2872 4710 3146 4783 utrinque
3167 4709 3227 4765 in
3250 4727 3434 4765 unum
3457 4726 3488 4765 e
3510 4709 3740 4765 duobus

2097 4800 2471 4856 monasteriis
2516 4800 2949 4856 conﬂuentibus
2988 4798 3293 4855 monachis
3334 4798 3591 4855 habeant
3614 4797 3743 4854 sine

2098 4888 2635 4958 simulatione,sine
2664 4888 3001 4960 exceptione
3032 4886 3448 4960 pcrsonze,sinc
3475 4890 3744 4959 respectu

2098 4977 2374 5049 pecuniae,
2391 4978 2715 5033 secundum
2738 4977 2923 5033 sancti
2949 4976 3243 5032 Benedicti
3266 4975 3549 5049 regulam,
3565 4975 3746 5031 abba-

2098 5071 2213 5122 tem
2246 5066 2495 5137 eligendi
2528 5065 2888 5121 liberrimam
2921 5065 3237 5138 eptionem,
3271 5083 3339 5121 ea
3365 5069 3562 5121 tamen
3597 5076 3743 5137 pra:-

2109 5155 2467 5226 ponderantc
2516 5154 2758 5222 ratione,
2812 5153 3441 5210 Malmundariensium
3487 5170 3649 5227 pace,
3683 5156 3752 5211 ut
3790 5156 3793 5161 ⁴

2108 5243 2248 5314 quia
2259 5243 2469 5298 beatus
2485 5241 2793 5298 Remaclus
2811 5241 3116 5315 utriusque
3137 5240 3476 5300 monasterii
3492 5245 3755 5298 constru-

2109 5336 2254 5398 ctor,
2268 5335 2325 5386 et
2349 5330 2787 5403 Tungrensium
2810 5335 2985 5386 antea
3000 5330 3312 5405 episcopus
3331 5334 3388 5388 et
3398 5334 3619 5404 pastor,
3634 5346 3755 5387 ma-
3838 5348 3849 5365 '

2110 5419 2221 5476 luit
2242 5420 2301 5474 in
2325 5419 2507 5475 altero
2524 5432 2750 5487 eorum,
2766 5419 2824 5474 id
2850 5422 2939 5475 est
2959 5418 3419 5488 Stabulensium,
3444 5417 3639 5475 locum
3664 5436 3754 5476 se-

2110 5507 2358 5581 pulturae
2382 5506 2493 5562 sibi
2505 5505 2737 5580 eligere,
2754 5506 2866 5580 ipsi
2878 5508 3131 5581 primam
3142 5507 3443 5565 electionis
3455 5507 3761 5566 obtineant

2108 5594 2385 5671 vidam,si
2417 5595 2573 5672 apud
2588 5610 2686 5657 eos
2703 5595 2909 5656 melior
2924 5596 3147 5658 meritis
3168 5600 3225 5659 et
3244 5595 3765 5674 probabiliorinve~

3365 5723 3447 5815 39.
