4052 6180
427 298 540 364 907

1746 293 2118 360 GREGORII
2161 289 2212 357 ν
2254 293 2508 358 ΡΑΡΛΞ.

3683 297 3772 366 eos

423 433 642 492 niatur.
675 431 774 487 Sin
807 436 1004 488 autem
1035 447 1148 488 non
1180 430 1296 500 ille,
1329 431 1429 486 sed
1461 431 1876 488 Malmundarii
1909 444 2070 502 repe-
2101 429 2158 496 Α
2188 427 2497 503 religiosus
2530 430 2752 488 electus
2772 429 2966 498 fuerit,
2982 431 3106 488 sine
3133 431 3398 505 qualibet
3418 435 3773 505 controversia,

423 521 610 577 riatur
633 521 865 592 utrique
898 517 1024 576 loca
1041 520 1548 592 przeficiendus,ab
1581 537 1646 575 eo
1679 521 1874 592 potius
1897 535 2074 591 quam

423 609 498 666 ab
529 609 781 665 externis
799 613 1141 679 assumptus
1162 607 1670 664 intromittatur.8i
1697 608 1832 680 quis
1853 613 2073 672 autem,

425 698 580 770 quod
611 713 724 750 ron
758 701 1048 765 optamus,
1078 696 1299 752 nefario
1333 712 1480 750 ausu
1514 696 1952 768 praesumpserit
1983 695 2075 750 his

425 801 550 857 quae
574 803 607 841 a
631 785 798 841 nobis
823 785 890 839 ad
915 785 1152 840 laudem
1175 785 1275 839 Dei
1302 803 1404 858 pro
1429 786 1884 859 stabilitatejam
1903 785 2076 841 dicto-

425 889 556 928 rum
578 873 1072 929 monasteriorum
1098 877 1319 930 statuta
1347 879 1484 930 sunt
1506 877 1816 948 refragare,
1840 881 1940 930 aut
1956 875 2076 929 haec

422 961 484 1018 in
503 977 800 1034 quoquam
825 961 1176 1034 transgredi,
1193 962 1340 1018 sciat
1363 979 1423 1018 se
1443 963 1813 1018 anathemate
1831 963 2074 1018 innoda-

425 1056 576 1119 tum,
593 1057 769 1123 atque
790 1068 925 1106 eum
943 1049 1178 1106 diabolo
1199 1053 1256 1105 et
1276 1051 1403 1121 ejus
1429 1051 1810 1107 atrocissimis
1823 1051 2074 1122 pompis,

429 1143 603 1210 atque
617 1138 770 1193 Juda
789 1137 1067 1194 traditore
1093 1137 1323 1192 Domini
1353 1138 1534 1194 nostri
1561 1139 1700 1194 Jesu
1727 1138 1941 1194 Christi
1960 1143 2076 1193 tar-

427 1225 542 1282 tari
555 1226 842 1282 incendiis
866 1227 1384 1281 concremandum.
1408 1227 1480 1281 At
1495 1243 1626 1282 vero
1657 1227 1704 1282 si
1735 1227 1830 1299 pio
1861 1225 2077 1282 intuitu

429 1315 766 1371 observator
781 1317 838 1369 et
854 1317 1052 1370 custos
1073 1313 1280 1368 ductor
1297 1313 1492 1382 fuerit,
1511 1314 1690 1386 hujus
1709 1315 1888 1371 nostri
1906 1331 2080 1386 apos-

426 1402 1018 1470 toliciconstituti,ad
1046 1401 1273 1458 cultum
1305 1401 1406 1458 Dei
1437 1403 1822 1474 respicientis,
1851 1401 2078 1460 miseri-

428 1491 684 1547 cordiam
704 1507 738 1545 a
755 1490 1132 1546 misericorde
1151 1491 1268 1546 Deo
1286 1495 1486 1548 nostro
1521 1491 1922 1564 multipliciter
1943 1509 2078 1548 con-

428 1585 729 1654 sequatur,
755 1584 810 1635 et
839 1580 1020 1636 beatas
1051 1579 1181 1636 vitae
1214 1596 1519 1652 possessor
1548 1580 1699 1636 efﬁci
1731 1585 2042 1637 mereatur.

498 1669 792 1742 Scriptum
827 1683 929 1741 per
958 1683 1200 1724 manum
1233 1668 1476 1725 Joannis
1527 1669 1734 1726 notarii
1769 1669 2077 1742 regionarii

2184 533 2256 572 ne
2285 518 2698 593 prolongitudo
2730 519 2958 576 itineris
2986 519 3159 587 obsit,
3195 537 3228 575 a
3261 519 3472 576 vicinis
3518 520 3776 595 episcopis,

2184 605 2337 662 sicut
2366 624 2494 663 mos
2525 607 2766 673 exstitit,
2799 607 3122 664 ordinetur.
3140 609 3212 663 Et
3241 609 3311 676 si,
3337 609 3497 680 quod
3527 609 3680 678 absit,
3699 609 3777 666 ali-

2185 710 2299 764 quo
2339 694 2516 750 livore
2549 695 2744 750 infecti
2794 699 2969 767 atque
2995 695 3217 752 invidia
3248 695 3555 752 ordinandi
3586 696 3780 754 distule-

2186 783 2323 849 rint,
2349 783 2456 838 hac
2489 783 2727 840 licentia
2757 783 2876 840 sive
2919 783 3207 857 privilegii
3244 785 3380 856 jure
3431 783 3680 853 revocati,
3707 803 3783 858 per

2184 870 2614 927 institutionem
2655 871 2807 928 hanc
2865 873 3246 944 apostolicam
3303 888 3442 928 cum
3499 872 3782 930 testimonio

2186 959 2414 1015 abbatis
2443 959 2534 1015 sui
2563 965 2621 1016 et
2649 959 2880 1016 clericis
2912 960 3167 1032 propriis
3202 976 3409 1016 eorum
3443 961 3695 1018 manibus
3710 963 3784 1018 de-

2185 1051 2408 1102 cretum
2443 1047 2552 1103 hoc
2581 1047 2983 1120 subscriptum
3016 1049 3338 1104 ferentibus
3385 1048 3512 1104 sine
3555 1048 3785 1106 dilatione

2185 1137 2487 1192 ordinetur
2508 1153 2612 1209 pro
2642 1137 3088 1203 consuetudine,
3109 1141 3175 1192 ut
3206 1137 3407 1192 lumen
3438 1137 3588 1209 quod
3607 1137 3784 1193 ibidem

2187 1223 2471 1279 hactenus
2491 1227 2652 1280 tanto
2683 1229 2944 1297 tempore
2960 1241 3064 1296 per
3091 1223 3349 1296 episcOpi
3367 1224 3784 1296 praedicationem

2187 1311 2538 1380 claruit,illis
2565 1313 2929 1384 temporibus
2959 1329 3073 1368 non
3098 1311 3426 1369 minoretur
3455 1315 3678 1370 omnino
3692 1320 3787 1384 aut,

2188 1399 2341 1472 quod
2374 1401 2537 1457 nefas
2579 1405 2687 1468 est,
2721 1401 3146 1475 exstinguatur.
3181 1401 3382 1473 Neque
3430 1401 3786 1474 episcoporum

2188 1487 2673 1560 metropolitanus
2697 1489 2766 1544 de
2796 1490 3032 1562 prmfato
3061 1489 3378 1546 venerabili
3405 1490 3726 1547 monasterio
3742 1491 3786 1547 in

2188 1575 2415 1633 cellulis
2443 1577 2708 1649 ejusdem
2739 1576 3015 1646 ecclesiae,
3047 1577 3168 1633 sive
3199 1577 3408 1646 titulis,
3438 1595 3538 1634 seu
3562 1578 3788 1634 oratoriis

2188 1664 2394 1720 ditioni
2407 1663 2596 1738 ipsius
2607 1665 3075 1735 constitutis,aut
3089 1665 3491 1722 ordinationes
3507 1667 3787 1735 facere,sive

427 1755 826 1814 atramentarii
858 1760 1071 1812 sanctas
1104 1757 1377 1812 Romanae
1409 1755 1856 1826 Ecclesiae,anno
1887 1757 2076 1813 Domi-
2106 1791 2155 1858 Β
2190 1769 2294 1826 pro
2324 1752 2583 1810 chrisma
2612 1753 2972 1810 conﬁciendo
3003 1755 3198 1810 venire
3241 1761 3418 1827 atque
3461 1755 3784 1828 exquisitam,

428 1844 1024 1903 nicaaincarnationis
1051 1845 1178 1912 996,
1207 1845 1524 1902 indictione
1555 1863 1630 1912 Ix,
1648 1861 1848 1903 mense
1877 1846 2077 1916 Junio,

429 1935 522 1991 die
552 1951 612 1990 ιι.
648 1934 799 1992 Bene
828 1933 1030 1989 valete.

1209 2039 1302 2096 IV.

430 2143 698 2184 GREGORII
727 2141 897 2182 PAPIE
933 2143 968 2183 ν
1001 2143 1183 2184 BULLA
1212 2143 1323 2184 PRO
1355 2144 1716 2186 MONASTERIO
1755 2145 1804 2185 8.
1838 2145 2078 2186 MARTINI

863 2211 874 2219 “
1079 2215 1425 2256 TURONENSI.

839 2307 843 2311 '
1073 2288 1260 2356 (Anno
1289 2287 1442 2358 996.)

643 2375 830 2448 (Apud
865 2373 1114 2442 Mabill.,
1145 2379 1226 2432 De
1254 2393 1315 2433 re
1337 2376 1588 2450 diplom,
1624 2394 1682 2450 p.
1713 2377 1864 2450 669.)

501 2463 835 2521 Ganeoruus
862 2463 1198 2536 episcopus,
1229 2481 1432 2522 servus
1471 2482 1771 2522 servorum
1801 2465 1923 2536 Dei,
1953 2483 2076 2523 om-

432 2551 606 2609 nibus
636 2552 916 2608 fratribus
945 2551 1006 2608 in
1038 2555 1391 2610 monasterio
1409 2555 1596 2610 sancti
1627 2555 1861 2612 Martini
1891 2555 2080 2612 viven-

431 2639 610 2710 tibus,
645 2640 855 2696 O'rrom
907 2640 1128 2698 scilicet
1171 2643 1390 2700 decano
1436 2643 1634 2700 eximii
1683 2644 1879 2718 gregis
1924 2644 2078 2701 beati

431 2728 668 2786 Martini
700 2729 931 2802 patroni
964 2730 1170 2787 nostri.

501 2817 762 2874 Innotuit
794 2818 938 2876 satis
977 2820 1234 2892 profecto
1253 2819 1427 2894 digne
1449 2821 1690 2878 auribus
1706 2821 1926 2879 nostris
1943 2839 2080 2895 qua-

427 2908 560 2962 liter
587 2907 743 2962 idem
775 2923 913 2980 grex
933 2925 1092 2965 nunc
1112 2925 1301 2982 usque
1321 2910 1564 2983 degerit,
1583 2915 1759 2982 atque
1779 2909 2080 2984 privilegia

428 2999 550 3052 tam
581 2995 800 3068 regalia
831 3013 1010 3068 quam
1042 3009 1463 3069 praecessorum
1496 3003 1828 3055 nostrorum
1875 2999 2077 3055 domni

426 3083 707 3138 Adeodati
740 3088 916 3155 atque
945 3083 1166 3140 Nicolai
1197 3085 1489 3153 habuerit,
1515 3090 1602 3154 ut,
1636 3087 1892 3160 seposita
1924 3092 2080 3160 pote-

430 3174 582 3225 state
609 3169 923 3242 episcopali
954 3171 1254 3228 Turonicae
1286 3174 1469 3241 urbis,
1489 3175 1774 3248 quidquid
1807 3176 1867 3230 in
1897 3193 2077 3249 supra

431 3259 550 3314 fato
578 3273 753 3330 grege
784 3259 1214 3331 disponendum
1266 3267 1408 3330 erat,
1443 3263 1561 3318 sive
1609 3265 1926 3338 regendum
1977 3271 2079 3322 aut

431 3345 863 3418 corrigendum,
895 3347 1078 3404 abbas
1107 3349 1374 3420 ejusdem
1423 3351 1761 3408 monasterii
1803 3369 1938 3408 cum
1969 3370 2074 3410 suo

430 3434 992 3505 praepositomecnon
1023 3435 1241 3492 decano
1272 3439 1614 3510 ceterisque
1643 3440 2076 3511 probatissimis

423 3521 583 3591 viris,
601 3522 708 3578 sub
732 3524 1096 3580 tuatenuerit
1117 3524 1355 3582 ditione.
1370 3527 1454 3582 Ob
1475 3525 1584 3583 hoc
1606 3529 1950 3602 pergrandis
1967 3524 2078 3588 nos

425 3610 773 3685 constringit
803 3611 1220 3669 sollicitudinis
1241 3631 1381 3671 cura
1411 3632 1654 3689 quaeque
1684 3617 1755 3672 ad
1788 3618 2072 3675 stabilita-

424 3706 542 3756 tem
575 3702 864 3772 pertinere
893 3701 1321 3776 dignoscuntur
1341 3703 1599 3761 locorum
1630 3706 1899 3764 ordinare
1916 3708 2076 3763 nobi-

422 3788 590 3846 lium.
626 3790 756 3846 Ideo
789 3792 1115 3848 secundum
1147 3796 1459 3865 antequam
1483 3795 1968 3852 consuetudinem
1999 3797 2074 3852 ei-

421 3879 552 3956 dem
581 3879 896 3936 venerabili
914 3879 1039 3937 loco
1056 3880 1389 3954 apostolicae
1418 3883 1807 3939 institutionis
1824 3901 2074 3940 censura

421 3968 755 4024 confirmari
807 3985 839 4024 a
887 3969 1056 4025 nobis
1103 3969 1382 4042 deposcit,
1435 3975 1727 4043 quatenus
1771 3971 2072 4045 privilegia

421 4071 548 4126 qua:
580 4072 614 4110 a
644 4057 1172 4127 preedecessoribus
1203 4059 1422 4114 nostris
1453 4066 1668 4116 sanctae
1716 4061 2066 4118 recordatio-

422 4142 758 4210 nis,domno
790 4143 1013 4200 scilicet
1039 4145 1333 4202 Adeodato
1367 4151 1543 4219 atque
1571 4147 1807 4204 Nicolao
1839 4149 2070 4206 ﬁrmata

419 4246 550 4286 esse
593 4235 885 4299 constant,
920 4231 980 4286 in
1031 4232 1142 4288 isto
1192 4243 1453 4306 tempore
1499 4241 1703 4292 nostra
1750 4236 2068 4310 apostolica

418 4317 606 4374 eidem
665 4317 788 4374 loco
849 4319 1192 4377 auctoritate
1250 4323 1490 4378 demum
1557 4325 2060 4384 confirmarentur.

417 4407 636 4462 Idcirco
683 4407 894 4465 vestris
941 4414 1270 4465 annuentes
1309 4409 1478 4478 votis,
1532 4411 1902 4484 praelatorum
1953 4414 2062 4470 Pa-

415 4501 571 4590 trum
590 4496 1030 4590 institutionum
1047 4497 1279 4554 decreta
1304 4515 1546 4570 prorsus
1564 4501 1898 4574 apostolicis
1916 4502 2066 4558 infu-
2093 4523 2140 4590 D

413 4583 486 4640 lis
517 4583 1152 4658 sancimus,simulque
1182 4587 1384 4642 eadem
1418 4589 1763 4646 roboramus
1793 4590 2063 4664 apostoli-

411 4689 540 4729 cam
589 4676 888 4746 sequendo
947 4692 1235 4731 normam.
1293 4678 1658 4749 Quapropter
1715 4681 2062 4737 auctoritate

412 4761 564 4817 beati
600 4764 748 4818 Petri
783 4763 1180 4834 apostolorum
1211 4764 1494 4836 principis
1526 4765 2060 4833 fulti,decernimus

411 4851 675 4906 condicto
708 4854 1064 4908 monasterio
1096 4860 1285 4908 vestro
1317 4858 1638 4909 statuentes
1670 4871 1909 4926 prorsus
1931 4873 2058 4912 om-

411 4937 509 4994 nia
537 4957 663 5010 quae
697 4957 883 5011 usque
913 4957 1068 4995 nunc
1099 4947 1258 5010 sunt,
1291 4951 1348 4996 et
1379 4946 1442 4996 ut
1481 4942 1652 4998 liccat
1690 4943 1906 4999 ibidem
1957 4945 2057 5000 ha-

410 5027 543 5082 bere
575 5029 913 5100 episcopum
945 5029 1096 5084 sicut
1131 5045 1165 5084 a
1196 5029 1406 5101 priscis
1431 5033 1793 5102 temporibus
1813 5033 1943 5101 fuit,
1958 5051 2062 5106 per

408 5116 580 5186 cujus
612 5117 1078 5187 prmdicationem
1113 5117 1385 5190 populus,
1412 5119 1511 5191 qui
1545 5137 1578 5174 a
1604 5120 1849 5178 diversis
1880 5123 2058 5196 regio-

410 5202 585 5260 nibus
632 5205 838 5261 devota
886 5210 1082 5261 mente
1129 5207 1390 5279 quotidie
1439 5208 1512 5263 ad
1543 5213 1748 5265 sancta
1791 5211 2056 5282 ejusdem

407 5291 758 5350 confessoris
788 5292 1004 5350 Christi
1035 5294 1372 5350 monasterii
1397 5295 1602 5352 limina
1631 5299 1944 5372 concurrit,
1975 5318 2058 5358 re-

409 5379 602 5435 media
632 5381 914 5455 percipiat
941 5399 975 5438 a
1003 5382 1272 5440 Creatore
1313 5383 1672 5441 animarum.
1701 5388 1773 5444 Et
1821 5393 2054 5462 quando

405 5463 713 5552 episcopus
741 5466 929 5524 sancti
958 5469 1180 5541 praefati
1197 5469 1309 5526 loci
1326 5471 1396 5527 de
1423 5471 1532 5528 hoc
1550 5473 1760 5531 saeculo
1779 5475 2056 5552 migrave-

407 5550 576 5641 ζίιθθῑ
603 5555 752 5612 alius
785 5556 858 5610 ab
889 5556 1099 5615 abbate
1122 5573 1348 5617 necnon
1377 5560 1582 5616 eadem
1605 5550 2054 5640 congregatione

2185 1857 2376 1915 agere,
2392 1846 2494 1898 aut
2522 1841 2892 1916 distringere,
2909 1841 2997 1898 vel
3033 1843 3105 1898 ad
3137 1859 3199 1899 se
3230 1844 3594 1917 presbyteros
3616 1860 3786 1900 convo-

2187 1947 2336 1999 care,
2352 1947 2460 1988 nec
2491 1929 2648 1988 ullus
2663 1931 2974 2004 episcopus
3005 1929 3214 1988 altaria
3232 1947 3440 1989 eorum
3459 1931 3784 1988 ecclesiarum

2187 2019 2314 2076 sine
2343 2035 2547 2076 eorum
2577 2019 2822 2076 consilio
2841 2020 3093 2076 vendere
3113 2021 3556 2092 praesumat,sed
3567 2037 3659 2093 per
3670 2019 3785 2076 hanc

2187 2107 2594 2165 auctoritatem
2624 2107 2910 2181 privilegii
2935 2108 3120 2164 nostri
3149 2107 3464 2182 episcopus
3485 2125 3549 2164 ex
3585 2109 3694 2182 ipso
3719 2123 3787 2164 ve-

2187 2196 2436 2252 nerabili
2465 2195 2820 2254 monasterio
2851 2196 3128 2252 canonice
3159 2213 3366 2254 curam
3404 2195 3721 2270 pastoralem
3741 2201 3785 2250 et

2189 2283 2642 2343 sollicitudinem
2665 2283 2978 2342 ministerii
3006 2284 3098 2342 sui
3133 2285 3194 2340 in
3229 2285 3488 2358 praelatis
3517 2283 3788 2356 adiacenti-

2189 2373 2322 2443 bus,
2335 2373 2424 2430 vel
2437 2373 2890 2447 subjicientibus
2903 2372 3222 2430 nominatis
3242 2371 3654 2430 venerabilibus
3671 2369 3781 2427 locis

2187 2460 2418 2520 habeat.
2436 2463 2507 2519 Et
2523 2479 2884 2536 quascunque
2895 2463 3263 2518 emendanda
3273 2466 3332 2518 et
3345 2460 3784 2534 corrigendasunt

2188 2567 2324 2608 cum
2354 2568 2645 2608 consensu
2678 2551 2910 2608 abbatis
2939 2551 3031 2608 sui
3073 2552 3360 2608 canonica
3388 2550 3718 2608 institutione
3736 2552 3780 2605 et

2189 2641 2515 2697 secundum
2546 2639 2810 2696 ordinem
2833 2643 3045 2696 cuncta
3063 2645 3327 2714 peragat.
3337 2641 3396 2698 Si
3413 2657 3540 2696 vero
3559 2637 3780 2712 qualibet

2187 2729 2481 2786 discordia
2511 2729 2664 2785 inter
2704 2728 2929 2784 vicinos
2976 2728 3304 2802 episcopos,
3341 2745 3444 2786 seu
3488 2726 3776 2801 episcopum

2187 2819 2517 2892 prmfatum,
2551 2818 2706 2890 quod
2737 2834 2853 2874 non
2897 2822 3191 2891 optamus,
3223 2821 3357 2874 orta
3408 2817 3589 2883 fuerit,
3619 2813 3778 2870 nullus

2187 2908 2400 2964 audeat
2429 2907 2640 2963 abbate
2669 2905 2912 2962 minime
2942 2910 3235 2962 annuente
3285 2906 3497 2980 sepius
3539 2901 3772 2960 nominati

2188 2996 2526 3054 monasterii
2560 2996 2896 3069 episcopum
2932 2995 3285 3069 distringere
3331 2995 3419 3052 vel
3465 2995 3523 3050 in
3567 2989 3774 3066 qualibet

2177 3085 2446 3156 judicare
2475 3089 2658 3157 parte.
2679 3084 2842 3150 Quod
2873 3083 2924 3140 si
2951 3085 3134 3140 abbas
3156 3084 3206 3155 ej
3218 3101 3288 3140 us
3320 3080 3634 3141 monasterii
3648 3076 3772 3134 nullo

2107 3159 2150 3226 C
2189 3173 2361 3229 modo
2388 3171 2636 3228 valuerit
2655 3171 2808 3228 inter
2825 3187 2924 3226 eos
2941 3169 3295 3227 sententiam
3313 3162 3772 3238 delimare,nostris

2186 3260 2522 3334 apostolicis
2534 3260 2802 3317 eveniant
2811 3259 3115 3316 obtutibus
3127 3259 3440 3314 concordia
3455 3249 3768 3313 reformandi.

2187 3349 2370 3423 Igitur
2399 3347 2611 3422 regalis
2640 3347 3054 3404 munificentia:
3084 3341 3770 3419 edicto,simulquevotiset

2185 3438 2456 3510 precibus
2486 3441 2572 3494 tot
2601 3436 2864 3492 ﬁdelium
2889 3437 3200 3492 annuendo
3231 3437 3615 3502 statuimus,ct
3633 3429 3770 3500 hujus

2184 3531 2400 3582 sanctae
2430 3525 2759 3598 apostolicae
2790 3525 2948 3582 sedis
2971 3527 3202 3583 decreto
3233 3527 3535 3582 firmamus
3553 3526 3626 3592 ut,
3653 3519 3769 3576 sicut

2185 3614 2362 3687 hujus
2393 3614 2662 3688 praecepti
2693 3613 2874 3670 series
2905 3613 3180 3683 continet,
3215 3614 3302 3670 ita
3323 3615 3600 3680 decamus,
3620 3621 3767 3664 sacer-

2183 3703 2349 3760 dotes
2381 3706 2483 3759 aut
2513 3701 2705 3759 clerus
2725 3704 2996 3776 ejusdem
3019 3703 3359 3760 monasterii
3381 3719 3470 3758 res
3488 3715 3666 3757 omnes
3680 3692 3765 3750 sibi

2183 3808 2425 3848 munere
2453 3791 2612 3864 regio
2641 3807 2950 3850 concessas
2982 3809 3119 3848 cum
3167 3791 3536 3850 universitate
3571 3796 3763 3843 suorum

2182 3879 2662 3953 appendiciorum
2681 3886 2958 3954 perpetuo
2975 3880 3321 3954 possideant
3337 3875 3690 3952 integerrime,
3704 3871 3763 3924 ita

2180 3973 2247 4024 ut
2277 3969 2497 4025 nullius
2525 3969 2832 4041 potestatis
2851 3969 2940 4024 vir
2962 3967 3288 4042 quidquam
3311 3967 3508 4025 exinde
3525 3965 3588 4021 de
3604 3971 3761 4018 eorum

2179 4057 2440 4114 dominio
2468 4057 2557 4114 vel
2587 4058 2960 4131 possessione
2991 4063 3312 4131 praesumat
3339 4057 3570 4124 auferre,
3598 4053 3650 4108 in
3673 4061 3760 4121 quo

2179 4145 2592 4203 misericordias
2625 4165 2743 4204 suae
2771 4147 3119 4204 beneﬁcium
3145 4147 3307 4220 regia
3331 4144 3572 4220 dignitas
3602 4135 3760 4196 fratri-

2177 4236 2310 4304 bus,
2322 4235 2384 4292 in
2396 4238 2599 4293 eodem
2614 4237 2877 4294 coenobio
2889 4237 3043 4294 beati
3059 4236 3293 4293 Martini
3308 4232 3662 4296 morantibus,
3677 4224 3759 4281 lav-

2173 4323 2285 4397 giri
2299 4325 2608 4398 disposuit.
2623 4327 2958 4382 Statuentes
2971 4325 3290 4398 apostolica
3300 4339 3537 4382 censura
3545 4319 3641 4376 sub
3653 4311 3758 4370 divi-

2175 4412 2451 4484 nijudicii
2464 4413 2876 4478 obtestatione,
2891 4418 2948 4468 et
2959 4412 3352 4469 anathematis
3365 4398 3753 4480 interpositioni-

2173 4501 2308 4566 bus,
2322 4504 2386 4556 ut
2399 4499 2598 4558 nullus
2609 4517 2873 4572 unquam
2887 4488 3237 4557 nostrorum
3247 4509 3626 4558 successorum
3643 4503 3752 4572 p0ﬂf

2171 4591 2419 4657 tilicum,
2435 4595 2536 4646 aut
2548 4571 2810 4661 qualibet
2823 4589 3104 4663 dignitate
3115 4589 3394 4662 praeditus
3406 4571 3750 4661 potestate,ve1

2169 4677 2286 4734 alia
2308 4695 2672 4750 quaecunque
2695 4695 2911 4752 magna
2929 4695 3223 4752 parvaque
3244 4664 3752 4751 personaprzesumat

2169 4771 2372 4822 contra
2397 4766 2507 4823 hoc
2538 4771 2804 4823 nostrum
2833 4767 3219 4840 apostolicum
3253 4760 3525 4840 privilegii
3546 4766 3748 4848 Ρτωςθξ·

2168 4862 2296 4912 tum
2327 4873 2517 4928 agere.
2535 4857 2734 4913 Potius
2756 4838 2952 4913 autem
2978 4838 3386 4913 ﬁrmissimum
3407 4858 3566 4923 atque
3583 4838 3747 4935 stabit?

2169 4961 2303 5002 eum
2334 4927 2462 5018 ejus
2485 4947 2846 5019 temporibus
2867 4945 3236 5002 decernimus
3257 4927 3746 5018 permanendum-i5i

2169 5031 2300 5104 quis
2331 5038 2528 5088 autem
2560 5033 2819 5104 quolibet
2844 5039 3124 5106 tempore,
3141 5033 3296 5105 quod
3327 5021 3631 5086 nullomodo
3646 5029 3744 5108 ere.-

2169 5121 2386 5190 dimus,
2404 5121 2582 5194 hujus
2606 5123 2905 5178 decretum
2927 5121 3210 5195 privilegii
3233 5113 3532 5194 apostolica
3548 5109 3746 5195 auctor!-

2165 5213 2282 5267 tate
2308 5211 2609 5266 firmatum
2641 5211 2702 5266 in
2731 5215 2875 5280 toto,
2908 5193 2996 5267 vel
3026 5211 3087 5267 in
3117 5193 3280 5284 parte
3309 5214 3571 5264 temerare
3593 5193 3742 5289 ιϐξηω

2163 5299 2330 5367 verit,
2344 5317 2462 5356 suae
2491 5299 2966 5374 praesumptionis
2986 5299 3168 5373 digna
3184 5288 3741 5374 emendationemmllf

2165 5388 2432 5455 correxit,
2485 5387 2636 5444 sciat
2697 5405 2761 5445 se
2809 5388 3156 5445 auctoritate
3210 5381 3426 5444 domini
3466 5365 3737 5470 meimei!

2161 5448 2573 5550 Apostolorum
2605 5476 2888 5550 principis
2939 5476 3090 5532 Petri
3136 5465 3510 5532 anathematis
3551 5448 3736 5515 vinculo

2161 5582 2292 5626 esse
2323 5567 2670 5626 innodatum
2701 5571 2759 5629 et
2787 5583 2822 5626 a
2851 5581 3030 5646 regno
3051 5565 3153 5639 Dei
3183 5551 3732 5633 9.1ienu1n,aivtl‘1"°.‘"n
