4052 6180
333 352 455 417 909

1508 351 1911 417 EPISTOLJE
1955 349 2056 413 ET
2103 351 2565 415 PRIVILEGIA.

3621 362 3740 421 910

337 487 571 545 diabolo
593 491 649 543 et
672 487 799 558 ejus
828 487 1208 544 atrocissimis
1234 488 1463 560 pompis
1489 491 1700 543 aeterno
1734 485 1984 542 incendii
2013 485 2070 552 Α
2098 485 2471 541 ecclesiarum
2507 485 2759 543 cultores
2802 489 3182 560 comperiant,
3218 494 3394 562 atque
3424 491 3642 561 ﬁdeles,
3678 511 3742 549 eo

338 574 628 649 supplicio
660 575 1027 648 deputatum,
1062 581 1120 632 et
1150 582 1439 649 perpetuis
1489 574 1993 632 condemnationis

338 663 832 721 summissum.At
858 680 992 719 vero
1024 664 1123 737 qui
1154 666 1489 721 observator
1509 669 1566 720 et
1594 670 1794 721 custos
1815 664 1995 735 hujus

336 753 523 810 nostri
555 751 859 825 apostolici
898 752 1185 827 privilegii
1233 753 1537 820 exstiterit,
1571 752 1994 808 benedictionis

334 842 584 917 gratiam
611 841 909 913 vitamque
940 845 1219 898 aeternam
1251 860 1285 897 a
1312 841 1860 897 misericordissimo
1890 841 1995 895 Do-

335 932 498 987 mino
530 931 645 986 Deo
679 934 877 985 nostro
909 930 1189 1001 consequi
1222 934 1539 986 mereatur.

406 1019 701 1092 Scriptum
720 1034 829 1090 per
849 1035 1062 1074 manus
1084 1017 1233 1074 Petri
1257 1018 1466 1074 notarii
1494 1024 1550 1073 et
1564 1017 1850 1074 scriniarii
1865 1035 1994 1073 san-

336 1113 438 1166 ctae
462 1110 734 1165 Romanas
757 1106 1046 1175 Ecclesiae,
1073 1106 1133 1162 in
1159 1124 1360 1163 mense
1381 1106 1713 1179 Septembri
1744 1112 1801 1162 et
1833 1106 1991 1162 indi-

335 1198 528 1254 ctione
557 1195 805 1252 decima.

407 1286 622 1343 Datum
662 1301 726 1339 In
758 1282 883 1339 Kal.
918 1284 1185 1341 Octobris
1217 1301 1322 1357 per
1352 1301 1564 1340 manus
1593 1284 1838 1340 Joannis
1866 1282 1992 1355 epi-

335 1374 496 1448 scopi
515 1377 571 1430 et
593 1372 1019 1429 bibliothecarii
1050 1379 1265 1430 sanctae
1297 1372 1454 1428 sedis
1483 1372 1992 1445 apostolicae,anno

335 1462 515 1521 donni
545 1461 805 1535 Gregorii
835 1461 902 1527 V,
936 1478 1099 1535 papae
1148 1461 1357 1534 primo,
1390 1461 1718 1534 imperante
1776 1462 1990 1516 domno

333 1553 504 1610 tertio
534 1551 763 1618 Ottone,
798 1567 833 1606 a
861 1550 977 1605 Deo
1026 1555 1323 1618 coronato,
1354 1566 1569 1623 magno
1619 1550 1988 1622 imperatore,

334 1657 486 1697 anno
519 1640 725 1713 primo.
1125 1709 1173 1763 ν

593 1815 877 1856 Βαοιεδῐιε
913 1816 963 1854 8.
1007 1814 1283 1854 PROSPERI
1324 1814 1723 1856 CONSECRATIO.

337 1902 379 1954 Α
434 1898 687 1970 Gregorio
735 1898 773 1953 V
824 1913 969 1952 anno
1013 1896 1125 1970 7997
1180 1898 1345 1967 facta,
1397 1898 1551 1970 cujus
1606 1897 1995 1970 muniﬁcentiae

406 1968 758 2026 monumento
784 1969 1020 2041 appositi
1047 1977 1174 2023 sunt
1193 1969 1396 2040 parieti
1429 1968 1673 2024 ecclesia:
1719 1974 1995 2040 sequentes

404 2058 618 2099 versus.

402 2129 594 2203 (Apud
626 2127 877 2202 Ughelli,
911 2127 1070 2184 Ῑιίιὶὶα
1099 2143 1276 2195 sacra,
1311 2131 1456 2183 tom.
1492 2127 1565 2195 Il,
1600 2143 1733 2200 pag.
1765 2127 1920 2194 270.)

332 2221 525 2276 Teuzo
557 2222 900 2292 praesentem
935 2216 1197 2272 fundavit
1227 2217 1540 2289 episcopus
1571 2217 1774 2284 aedem,

401 2309 488 2365 Ad
518 2308 697 2364 decus
727 2310 784 2363 et
811 2306 999 2362 sancti
1031 2305 1288 2361 instituit
1318 2305 1608 2378 Prosperi.

332 2398 516 2469 Cujus
548 2398 620 2453 ad
651 2397 803 2452 hanc
833 2411 1064 2467 semper
1108 2395 1439 2450 veneranda
1485 2393 1787 2450 transtulit
1832 2409 1986 2461 ossa,

402 2486 549 2543 Cum
576 2501 728 2558 papa
757 2483 962 2556 quinto
992 2483 1229 2539 nomine
1260 2483 1558 2557 Gregorio,

334 2575 505 2632 Forte
536 2573 903 2630 Ticin’ensem
934 2571 1036 2644 qui
1067 2576 1208 2627 tunc
1238 2571 1517 2644 pergebat
1549 2572 1622 2627 ad
1655 2572 1879 2637 urbem,

402 2662 643 2720 Consilii
675 2662 827 2718 sacri
857 2677 1098 2717 causam
1131 2660 1441 2716 habiturus
1471 2658 1572 2715 ibi.

338 2751 797 2809 Pontiﬁcem.....
829 2748 1131 2822 multaque
1162 2749 1338 2805 turba
1366 2753 1586 2817 secuta,

404 2839 673 2913 Suscepit
700 2840 890 2895 Teuzo
922 2854 1070 2910 quos
1100 2840 1266 2911 pater
1293 2836 1548 2910 hospitio
1575 2855 1589 2904 ;

333 2930 583 2987 Venerat
611 2927 857 2984 antistes
879 2927 1083 3000 junior
1112 2931 1168 2983 et
1198 2925 1324 2997 ipse
1352 2927 1603 2982 Joannes

403 3020 552 3076 Sede
583 3015 898 3074 Ravennali
932 3016 1132 3071 dexter
1156 3015 1423 3071 abiturus
1454 3016 1558 3071 ibi.

332 3113 477 3165 Cum
509 3107 726 3180 quibus
759 3123 792 3161 a
823 3105 976 3161 dicto
1008 3103 1199 3177 primo
1232 3105 1498 3159 Teuzone
1530 3106 1788 3175 rogatus,

406 3199 524 3254 Hoc
559 3213 661 3270 per
690 3213 751 3252 se
783 3193 1067 3267 templum
1100 3193 1355 3248 reddidit
1383 3193 1509 3265 ipse
1535 3209 1789 3249 sacrum.

334 3289 445 3345 Tot
474 3285 651 3343 simul
683 3301 749 3340 ac
779 3283 961 3340 tantis
992 3284 1205 3339 domus
1238 3286 1469 3338 sacrata
1501 3280 1780 3355 patronis,

405 3376 629 3449 Corpus
658 3379 747 3430 est
776 3371 1040 3445 positum
1070 3370 1184 3440 hic,
1215 3370 1459 3443 Prosper
1488 3370 1659 3439 alme,
1694 3374 1885 3426 tuum.

333 3465 482 3522 Cum
515 3481 630 3537 quo
658 3462 892 3519 Venerii
925 3460 1103 3516 simul
1132 3477 1269 3517 ossa
1300 3459 1488 3515 levata
1516 3459 1691 3527 beati,

407 3555 596 3627 Hujus
627 3552 688 3608 in
719 3551 975 3607 ecclesia:
1007 3549 1240 3605 condita
1272 3552 1410 3603 sunt
1439 3547 1636 3603 latere.

336 3644 489 3700 Sunt
518 3643 660 3709 haec,
694 3641 871 3696 dante
902 3638 1039 3707 Deo,
1065 3637 1208 3691 dum
1238 3635 1446 3691 tertius
1477 3635 1724 3706 imperat
1754 3634 1921 3700 Otho,

405 3733 595 3804 Atque
627 3728 1018 3786 Kalendarum
1050 3725 1204 3781 facta
1233 3740 1382 3779 nova
1411 3723 1727 3795 (leg.nono)
1763 3722 1992 3778 Februi.

338 3923 611 3965 ORIGORII
650 3922 812 3963 ΡΛΡΕ
848 3922 884 3961 ν
923 3916 1300 3960 PRIVILEGIUM
1341 3917 1450 3956 PRO
1491 3916 1750 3956 ECCLESIA
1791 3914 1996 3954 RAVEN-

1085 3989 1249 4028 ΝᾹΤΕ.

980 4046 1169 4113 (Anno
1203 4042 1357 4115 997.)

341 4137 731 4212 (Coquelines,
766 4136 983 4191 Bullar.
1020 4133 1278 4205 privileg.
1310 4131 1481 4204 ampl.
1514 4131 1731 4187 ϐοηθεῖ.
1768 4129 1808 4197 Ι,
1834 4128 1997 4200 292.)

413 4228 748 4284 GREGORIUS
779 4224 1112 4297 episcopus,
1138 4237 1339 4277 servus
1370 4236 1666 4275 servorum
1699 4219 1821 4285 Dei,
1851 4233 2002 4273 reve-

342 4316 696 4373 rendissimo
726 4317 784 4370 et
815 4310 1190 4369 sanctissimo
1222 4309 1496 4365 confratri
1550 4312 1748 4363 nostro
1790 4307 2000 4363 JOANNI

342 4404 780 4477 archiepiscopo
837 4404 1052 4457 sanctae
1112 4397 1467 4454 Ravennatis
1494 4395 1780 4463 Ecclesiae,
1814 4399 1871 4449 et
1900 4411 2002 4467 per

341 4493 608 4550 eamdem
641 4494 905 4547 sanctam
938 4488 1335 4543 Ravennatem
1362 4484 1682 4540 Ecclesiam
1714 4484 1843 4555 ejus
1868 4499 2000 4539 suc-

342 4581 676 4638 cessoribus
706 4574 1163 4648 archiepiscopis
1186 4574 1244 4627 in
1277 4577 1640 4645 perpetuum.

414 4668 701 4737 Quoniam
715 4665 978 4723 omnium
1002 4667 1341 4720 sanctorum
1355 4660 1454 4716 Dei
1470 4659 1998 4716 ecclesiasticorum

344 4762 533 4816 status
565 4774 599 4813 a
627 4757 934 4812 beatorum
969 4750 1363 4826 apostolorum
1397 4748 1680 4821 principis
1713 4747 1862 4803 Petri
1891 4749 1997 4802 do-

346 4846 549 4904 ctrinis
580 4844 936 4918 provehitur,
972 4846 1029 4897 et
1060 4841 1131 4895 ad
1159 4841 1288 4911 ejus
1332 4838 1609 4893 fulcimen
1643 4837 1840 4909 lapsae,
1874 4853 1998 4909 quas

346 4940 508 5003 sunt,
540 4932 950 4998 resolidantur,
988 4931 1213 5001 oportet
1245 4928 1453 4982 merito
1483 4932 1746 4981 sanctam
1779 4926 1998 4981 Raven-

348 5029 542 5081 natem
584 5021 891 5078 ecclesiam
944 5017 1390 5073 minorationem
1427 5032 1544 5069 sum
1576 5014 1887 5069 dimceseos
1920 5014 2001 5069 fa-

347 5113 617 5177 cientem,
635 5126 877 5166 suarum
895 5106 1247 5181 dignitatum
1266 5103 1431 5174 copia
1450 5108 1763 5170 carentem,
1779 5104 1858 5157 ita
1890 5102 2002 5157 cito

349 5200 601 5267 restitui,
640 5203 706 5254 ut
738 5213 947 5253 nomen
976 5195 1152 5251 etiam
1186 5190 1571 5262 metropoleos
1602 5207 1715 5244 non
1749 5191 1999 5247 amittat.

348 5289 774 5362 Cognoscentes
796 5284 1174 5358 igituripsam
1191 5281 1249 5335 in
1265 5280 1543 5336 omnibus
1557 5284 2004 5348 cassatam,con-

347 5378 503 5434 venit
534 5377 606 5432 ad
640 5376 770 5447 ejus
800 5370 1170 5430 relevationis
1199 5374 1421 5425 statum
1452 5366 1872 5424 auxiliatricem
1896 5385 2003 5423 no-

349 5470 537 5523 stram
590 5464 887 5537 porrigere
943 5462 1263 5524 dexteram,
1297 5462 1585 5530 quatenus
1642 5456 1795 5511 beati
1856 5456 2005 5512 Petri

347 5552 596 5627 apostoli
636 5552 795 5609 fonte
835 5554 1054 5624 potata,
1078 5548 1311 5605 Christo
1340 5547 1604 5618 juvante,
1640 5545 1766 5600 suis
1796 5545 2005 5601 reinte-

348 5644 550 5720 gretur
576 5640 919 5701 honoribus.
952 5638 1022 5696 Et
1051 5637 1179 5695 ideo
1219 5634 1486 5694 omnium
1527 5637 1872 5692 sanctarum
1906 5634 2008 5693 Dei

2102 575 2256 646 quod
2272 577 2523 631 Joannes
2536 575 3008 648 archiepiscopus
3021 578 3287 649 ejusdem
3301 584 3513 635 sancta:
3533 580 3749 637 Raven-

2102 664 2254 718 natis
2277 663 2531 719 ecclesiae
2554 664 2847 736 suggessit
2879 666 3207 736 apostolica:
3238 666 3489 724 almitati
3519 673 3749 737 nostra,

2102 756 2392 823 quatenus
2413 754 2864 808 conﬁrmaremu
2887 752 2937 809 ei
2960 758 3265 826 praecepta,
3286 773 3412 827 quae
3436 762 3577 812 sunt
3597 758 3753 813 edita

2101 837 2160 893 in
2182 840 2424 911 praedita
2447 846 2649 895 sancta
2683 841 3002 896 Ravennati
3030 842 3292 910 ecclesia,
3318 846 3374 897 et
3404 844 3455 899 ei
3487 845 3560 899 ab
3591 849 3752 901 ante-

2101 928 2432 984 cessoribus
2456 928 2670 984 nostris
2688 930 3215 1000 pontiﬁcibus,suis
3227 932 3754 1003 praedecessoribus

2100 1015 2375 1088 largitata
2402 1022 2563 1087 sunt,
2593 1023 2768 1088 atque
2799 1034 3095 1073 concessa.
3128 1019 3308 1090 Cujus
3341 1020 3631 1092 precibus,
3665 1022 3753 1077 di-

2099 1104 2232 1160 vino
2255 1121 2470 1173 amore,
2504 1105 2776 1177 beatique
2814 1105 3167 1177 Apollinaris
3197 1108 3489 1179 pontiﬁcis
3512 1112 3569 1164 ct
3597 1125 3751 1165 mar-

2100 1193 2244 1266 tyris
2266 1193 2481 1248 Christi
2505 1193 3118 1263 succensi,amabilius
3149 1196 3412 1262 inclinati
3442 1198 3751 1254 conﬁrma-

2101 1298 2236 1337 mus
2266 1281 2340 1347 ei,
2362 1298 2429 1337 ac
2462 1282 2795 1339 stabilimus
2828 1283 2887 1338 in
2919 1285 3526 1357 perpetuum,absque
3557 1284 3755 1357 aliqua

2099 1370 2513 1437 diminutione,
2575 1372 2904 1427 secundum
2957 1372 3212 1443 priscam
3269 1372 3753 1430 consuetudinem

2099 1459 2386 1533 praedictae
2418 1464 2631 1515 sancta
2681 1459 3035 1515 Ravennatis
3082 1460 3361 1517 ecclesiae.
3396 1463 3759 1535 Quapropter

2099 1549 2520 1604 confirmamus
2542 1549 2670 1619 jam
2706 1548 2812 1603 tibi
2838 1547 3051 1605 Joanni
3080 1549 3521 1624 archiepiscopo
3541 1551 3756 1608 Raven-

2098 1638 2238 1705 nati,
2262 1642 2321 1693 et
2349 1654 2452 1710 per
2480 1642 2535 1692 te
2566 1638 2627 1692 in
2658 1637 2994 1710 praedictam
3016 1637 3325 1695 ecclesiam
3356 1639 3753 1696 Ravennatem

2099 1726 2216 1783 tuis
2240 1726 2687 1783 successoribus
2718 1727 2775 1781 in
2809 1732 3154 1799 perpetuum
3181 1746 3194 1795 ;
3226 1727 3427 1800 itaque
3456 1730 3759 1785 conﬁrma-

2025 1852 2073 1918 B
2103 1833 2236 1872 mus
2257 1821 2432 1888 atque
2462 1816 2909 1872 corroboramus
2942 1817 3364 1877 monasterium
3386 1818 3446 1873 in
3476 1818 3756 1874 honorem

2107 1906 2258 1960 beati
2285 1904 2484 1960 Hilarii
2514 1908 2919 1960 constructum
2951 1904 3011 1959 in
3033 1905 3322 1962 territorio
3346 1908 3498 1978 quod
3519 1909 3759 1962 vocatur

2105 1992 2367 2051 Galicata
2391 2009 2525 2048 cum
2549 1993 2725 2047 certis
2750 1993 3027 2049 afﬁnibus
3049 1993 3172 2049 suis
3194 1979 3398 2061 situm,
3418 2010 3552 2050 cum
3583 1995 3757 2050 rebus

2102 2081 2372 2138 videlicet
2394 2081 2690 2149 omnibus,
2716 2085 2774 2136 et
2803 2082 3078 2138 omnibus
3108 2082 3232 2137 suis
3253 2081 3512 2153 juribus,
3537 2086 3594 2138 et
3621 2098 3757 2139 cum

2102 2170 2263 2227 omni
2278 2169 2547 2242 judiciali
2589 2174 2877 2241 potestate
2908 2188 3035 2243 quas
3067 2176 3157 2227 est
3185 2170 3512 2227 exhibenda
3532 2172 3591 2226 in
3613 2187 3758 2243 pra-

2102 2258 2303 2331 scripti
2356 2257 2632 2314 territorii
2695 2258 2922 2327 incolis,
2972 2258 3259 2325 videlicet,
3291 2259 3363 2315 ab
3413 2276 3529 2315 uno
3583 2258 3761 2316 latere

2101 2346 2363 2420 praedicti
2394 2346 2673 2403 territorii
2710 2346 2998 2421 Gollicati,
3024 2349 3220 2408 Massa
3249 2348 3482 2415 Balneo,
3518 2351 3763 2421 quaa‘est

2093 2436 2250 2508 juris
2299 2435 2484 2491 sancti
2546 2436 2718 2501 Petri,
2753 2442 2809 2491 et
2840 2437 3151 2495 comitatus
3184 2439 3508 2507 Bobiensia,
3545 2439 3617 2496 ab
3645 2439 3759 2496 alio

2099 2525 2279 2581 latere
2300 2525 2448 2596 juga
2474 2523 2710 2595 Alpium
2741 2524 2876 2581 finis
2908 2527 3154 2593 Tusciae,
3188 2545 3223 2583 a
3253 2528 3422 2584 tertio
3450 2527 3631 2584 latere
3661 2544 3757 2584 co-

2101 2614 2344 2669 mitatus
2384 2612 2770 2684 Populiensis,
2814 2619 2988 2685 atque
3029 2633 3063 2670 a
3093 2620 3300 2687 quarto
3329 2616 3508 2671 latere
3536 2617 3761 2689 Fagen-

2099 2702 2237 2759 tella
2258 2707 2637 2775 percurrente
2658 2706 2715 2756 et
2745 2702 2919 2758 ﬂuvio
2952 2703 3191 2775 Rap.....
3226 2707 3515 2775 quatenus
3536 2708 3602 2760 tu
3632 2704 3757 2776 ipse

2097 2792 2356 2848 Joannes
2377 2788 2851 2862 archiepiscopus
2873 2791 3075 2863 tuique
3089 2807 3456 2848 successores
3476 2791 3536 2847 in
3557 2808 3756 2864 perpe-

2098 2884 2266 2936 tuum
2316 2878 2579 2934 habeatis
2627 2881 3092 2949 potestatem.....
3129 2878 3283 2935 idem
3326 2879 3750 2937 monasterium

2098 2969 2285 3025 sancti
2309 2967 2601 3023 Hilarii....
2615 3009 2626 3021 .
2642 2983 2777 3022 cum
2799 2967 3120 3039 supradicti
3141 2968 3416 3024 territorii
3438 2971 3747 3040 potestate,

2097 3062 2154 3115 et
2173 3056 2412 3130 publica
2441 3055 2761 3122 iunctione,
2783 3059 2959 3127 prout
2986 3055 3151 3112 vobis
3184 3055 3394 3112 melius
3424 3057 3753 3114 secundum

2098 3147 2368 3219 quod.....
2403 3145 2724 3202 Ordinandi
2775 3150 2832 3199 et
2881 3144 3253 3216 disponendi,
3284 3149 3487 3201 nostra
3528 3149 3757 3202 nostro-

2105 3252 2354 3308 rumque
2378 3233 2645 3290 omuium
2668 3249 3077 3290 successorum
3097 3238 3321 3289 remota
3345 3232 3757 3289 contradictio-

2105 3342 2198 3381 ne.
2216 3325 2460 3396 Insuper
2470 3322 2648 3378 etiam
2662 3323 3041 3378 concedimus
3057 3326 3233 3395 atque
3248 3323 3689 3390 confirmamus,
3706 3326 3775 3393 et,

2105 3414 2550 3470 corroboramus
2571 3411 2698 3478 tibi,
2722 3414 2778 3465 et
2793 3426 2897 3482 per
2924 3416 2979 3466 te
3012 3410 3067 3465 in
3101 3412 3439 3483 praedictam
3468 3411 3763 3467 Ravenna.

2104 3508 2329 3559 tensem
2362 3500 2689 3566 ecclesiam,
2722 3500 2959 3571 tuisque
2991 3500 3432 3556 successoribus
3464 3500 3521 3555 in
3555 3515 3759 3572 perpe-

2107 3590 2737 3659 tuum,Massam,qua3
2767 3593 3008 3643 vocatur
3039 3588 3306 3656 Fiscalia,
3328 3606 3461 3644 cum
3492 3589 3651 3644 omni
3675 3590 3767 3661 ju.

2105 3679 2303 3737 diciali
2336 3681 2620 3749 potestate
2650 3681 2707 3730 et
2741 3676 2975 3748 publica
2998 3677 3316 3744 functione,
3351 3681 3560 3733 etcum
3593 3678 3766 3733 certis

2106 3768 2385 3827 afﬁnibus
2408 3763 2634 3831 suis,ab
2660 3780 2776 3819 uno
2810 3764 3033 3819 scilicet
3065 3762 3243 3819 latere
3272 3763 3762 3821 Ariell.....trans-

2104 3873 2292 3922 verso,
2325 3871 2451 3927 qua;
2482 3857 2838 3908 vocatur.....
2869 3869 2883 3919 ;
2913 3851 2986 3907 ab
3028 3850 3148 3906 alio
3203 3850 3383 3906 latere
3431 3850 3760 3910 Deonorum

2107 3947 2542 4021 percurrentcm
2573 3940 2632 3996 in
2666 3940 2971 4008 Padum;a
2992 3938 3161 3995 tertio
3180 3937 3361 3995 latere
3392 3939 3613 3995 Padum
3640 3956 3763 4012 per~

2106 4038 2437 4092 currentem
2493 4045 2680 4103 usque
2728 4029 2799 4083 ad
2833 4027 3144 4083 dimidium
3176 4026 3362 4096 fundi,
3395 4027 3494 4100 qui
3527 4032 3765 4085 vocatur

2109 4127 2308 4192 Latus,
2369 4126 2546 4192 atque
2605 4136 2639 4174 a
2697 4122 2909 4190 quarto
2967 4116 3262 4173 latere.....
3325 4121 3760 4190 percurrentem

2105 4230 2295 4286 usque
2326 4212 2399 4267 ad
2430 4209 2677 4265 fundum
2712 4208 2811 4279 qui
2852 4210 3091 4262 vocatur
3122 4204 3472 4263 Ustuladum
3500 4225 3513 4275 ;
3547 4206 3761 4264 conﬁr-

2109 4318 2343 4360 mamus
2373 4314 2605 4372 quoque
2636 4312 2871 4352 omnem
2908 4296 3289 4368 judiciariam
3321 4299 3670 4368 potestatem
3702 4295 3762 4352 in

2107 4392 2233 4448 loco
2265 4394 2323 4445 et
2353 4387 2538 4460 plebe,
2572 4403 2698 4459 quae
2745 4389 2987 4440 vocatur
3036 4401 3217 4441 cornu
3276 4383 3574 4440 cervinum
3628 4400 3762 4441 cum

2094 4479 2284 4567 ’certis
2304 4476 2582 4534 afﬁnibus
2605 4472 2752 4541 suis,
2785 4472 2912 4541 tibi,
2939 4477 2995 4528 et
3024 4490 3127 4544 per
3158 4477 3215 4527 te
3248 4471 3309 4527 in
3342 4472 3608 4527 eamdem
3631 4487 3764 4526 san-

2028 4559 2259 4648 D'ctam
2302 4568 2696 4623 Ravennatem
2749 4562 3057 4618 ecclesiam
3089 4562 3208 4616 tuis
3242 4560 3680 4617 successoribus
3705 4559 3765 4615 in

2110 4661 2481 4735 perpetuum.
2512 4651 2758 4721 Insuper
2790 4650 3211 4704 conﬁrmamus
3244 4653 3302 4704 et
3320 4648 3764 4704 corroboramus

2106 4750 2215 4805 tibi
2267 4740 2477 4801 Joanni
2537 4738 2978 4809 archiepiscopo
3036 4736 3395 4792 monasteria
3425 4738 3541 4792 duo
3574 4736 3769 4809 posita

2107 4838 2263 4895 intra
2292 4832 2585 4889 civitatem
2634 4824 3087 4891 Ariminensem,
3124 4841 3306 4879 unum
3360 4825 3669 4881 fundatum
3704 4824 3763 4880 in

2110 4927 2390 4982 honorem
2423 4917 2609 4974 sancti
2638 4915 2874 4970 Thomas
2906 4913 3173 4985 apostoli,
3216 4913 3462 4969 alterum
3493 4914 3549 4969 in
3584 4914 3764 4970 hono-

2112 5032 2233 5071 rem
2256 5015 2467 5069 sanctae
2496 5002 2829 5075 Euphemiam:
2856 5002 3151 5073 martyris,
3183 5019 3317 5057 cum
3342 5004 3503 5058 omni
3529 5001 3767 5073 integri-

2112 5108 2231 5159 tate
2275 5114 2473 5156 eorum
2526 5100 2645 5148 tam
2694 5091 2851 5145 intra
2907 5091 3173 5145 eamdem
3234 5091 3551 5160 civitatem,
3586 5106 3765 5162 quam

2110 5196 2386 5246 extra.....
2421 5202 2548 5257 qua:
2606 5180 2807 5235 eadem
2867 5179 3223 5234 monasteria
3281 5196 3382 5251 per
3433 5178 3767 5235 donationis

2112 5277 2385 5352 paginam
2425 5276 2618 5327 vestra
2638 5267 2885 5325 ecclesia
2910 5272 3102 5323 tenero
3122 5268 3467 5323 videtur.....
3500 5268 3767 5339 ejusdem

2112 5364 2367 5422 ecclesiae
2391 5361 2633 5417 diacono
2657 5355 2890 5413 Martini
2912 5356 3101 5423 ducis,
3136 5355 3579 5429 etHengleradae
3595 5355 3771 5412 comi-

2112 5456 2387 5510 tissae...”
2413 5453 2470 5505 et
2491 5446 2780 5521 praecipue
2814 5445 3235 5517 imperatorum
3270 5449 3386 5500 tam
3418 5445 3622 5500 eadem
3650 5461 3771 5501 mo-

2116 5538 2372 5599 nasteria
2392 5554 2570 5611 quam
2594 5541 2649 5592 et
2672 5534 2786 5590 alia
2816 5534 2942 5589 loca
2969 5534 3039 5589 de
3062 5534 3197 5604 jure
3228 5532 3483 5605 praedicti
3516 5532 3767 5603 diaconi,

2118 5631 2307 5693 eidem
2342 5630 2553 5686 sancta
2584 5629 2783 5684 vestrae
2814 5622 3070 5684 ecclesiae
3102 5621 3448 5683 conﬁrmata
3477 5621 3538 5680 in
3568 5637 3770 5701 perpe-
3808 5642 3814 5648 ’
