4044 6176
447 337 562 401 9H

1775 327 2144 395 GREGORII
2186 329 2238 393 V
2279 329 2526 392 PAP/E.

3685 336 3772 396 912

449 475 643 542 tuum,
657 485 890 528 necnon
907 485 1110 526 omnes
1140 469 1460 525 residentes
1491 470 1546 523 ct
1577 467 1812 524 colonos
1845 466 2094 540 praefatae
2123 465 2180 533 Α
2205 463 2460 520 incendii
2510 461 2796 536 supplicio
2843 461 2921 518 sit
2963 463 3300 536 deputatus.
3334 463 3562 536 Insuper
3593 466 3710 522 sciat
3731 484 3774 524 se

450 559 804 616 Ravennatis
843 558 1120 626 ecclesiae,
1153 562 1274 613 tam
1334 557 1392 611 in
1453 556 1735 612 comitatu
1795 553 2100 611 Iladriensi

448 661 628 720 quam
659 646 717 702 in
751 647 1116 704 Ferrariense
1143 649 1202 701 et
1232 645 1606 702 Comaclense
1649 638 2098 712 commorantes,

449 738 515 792 ut
542 735 838 792 immunes
867 752 902 790 a
929 734 1094 791 bulla
1125 733 1380 806 publica,
1413 738 1470 789 et
1529 733 1768 806 angaria
1827 735 2104 788 maneant

450 823 784 892 functione;
818 824 922 880 sed
963 823 1188 896 jugiter
1235 821 1362 894 tibi,
1398 823 1632 894 tuisque
1663 821 2104 878 successoribus

449 911 968 984 archipraesulibus
981 912 1038 968 in
1053 917 1404 985 perpetuum
1419 928 1656 968 omnem
1669 912 2028 966 iunctionem
2049 915 2106 966 et

447 999 751 1074 angariam
787 1000 1040 1073 exigant,
1075 1006 1132 1058 et
1154 1002 1307 1073 quod
1341 1001 1426 1058 eis
1456 1001 1527 1056 ab
1563 1001 1858 1056 actoribus
1891 1004 2103 1054 sanctae

451 1088 806 1146 Ravennatis
827 1088 1081 1146 ecclesiae
1115 1089 1290 1144 fuerit
1321 1090 1676 1162 injunctum,
1697 1089 1909 1144 verum
1930 1089 2104 1144 etiam

451 1177 828 1234 concedimus
859 1183 916 1234 et
945 1178 1368 1234 conﬁrmamus
1389 1179 1621 1234 vobis...
1646 1181 1848 1250 gentes
1871 1181 1925 1232 et
1957 1193 2108 1232 com-

452 1271 750 1323 morantes
771 1266 830 1322 in
853 1270 1161 1323 castro.....
1187 1272 1254 1322 ut
1287 1265 1512 1322 nullam
1545 1265 1842 1338 publicam
1865 1265 2109 1320 functio-

452 1371 588 1412 nem
608 1354 783 1412 faciat
812 1359 1050 1428 excepto
1081 1355 1266 1424 vobis,
1298 1356 1626 1428 vestrisque
1646 1355 2105 1424 successoribus,

453 1459 522 1500 ea
557 1441 827 1500 videlicet
856 1443 1081 1501 ratione
1109 1445 1360 1518 praeﬁxa,
1395 1448 1462 1500 ut
1493 1443 1692 1500 nullus
1723 1444 1858 1512 dux,
1892 1459 2106 1512 comes,

447 1532 796 1602 vicecomes,
831 1531 1212 1590 castaldo.....
1246 1549 1462 1604 magna
1513 1549 1805 1606 parvaque
1861 1549 2112 1606 persona

448 1620 707 1695 prmfatis
737 1620 980 1691 colonis,
1005 1625 1062 1678 et
1091 1621 1488 1678 residentibus
1522 1621 1780 1694 aliquam
1814 1621 2108 1694 publicam

448 1709 808 1768 functionem
827 1715 931 1767 aut
955 1710 1328 1784 angariam...
1363 1716 1465 1767 aut
1485 1709 1740 1784 exigant.
1775 1711 1884 1767 Sed
1917 1710 2108 1768 securi

451 1799 702 1872 ctquieti
725 1799 785 1855 in
811 1799 1087 1856 omnibus
1109 1800 1218 1856 sub
1239 1804 1434 1856 vestra
1455 1800 1704 1856 tuitione
1729 1804 1784 1854 et
1801 1803 2107 1872 potestate,

451 1893 518 1944 ut
533 1888 880 1962 praedictum
899 1888 1290 1954 est,existant.
1307 1887 1497 1945 Simul
1519 1889 1694 1944 etiam
1714 1887 2014 1944 sancimus
2042 1893 2108 1944 ut

451 1981 655 2033 sancta
666 1977 973 2033 Ravennas
984 1976 1230 2033 ecclesia
1242 1994 1374 2033 cum
1391 1977 1514 2034 suis
1527 1976 1807 2048 subjectis
1823 1977 2104 2046 ecclesiis,

451 2064 606 2121 sicut
633 2065 976 2121 beatissima
1005 2065 1288 2134 Romana,
1323 2065 1417 2122 cui
1448 2065 1564 2122 Deo
1596 2069 1830 2122 auctore
1857 2065 2106 2122 deservi-

453 2151 1014 2221 mus,Ecclesia,nisi
1037 2170 1140 2226 per
1151 2158 1386 2210 centum
1401 2153 1692 2210 curricula
1704 2171 1993 2210 annorum
2017 2171 2109 2212 res

453 2240 640 2314 ipsius
676 2241 1061 2298 excludantur
1101 2241 1460 2300 nullatenus.
1493 2243 1772 2300 Praeterea
1797 2261 1831 2299 a
1861 2243 2105 2300 ﬂumine

452 2329 722 2387 Punctari
738 2347 874 2387 cum
890 2331 1104 2388 Palude
1116 2335 1381 2406 Argentae
1397 2337 1452 2390 et
1464 2331 1740 2389 omnibus
1759 2333 2107 2406 pertinenti-

451 2417 1598 2494 bus,piscariis,terris,aucupationibus,
1611 2422 2111 2491 venationibus,u-

451 2509 691 2580 trasque
704 2507 861 2580 rlpas
873 2525 1006 2565 cum
1021 2499 1250 2566 cunctis
1265 2511 1527 2566 aediﬁciis
1547 2509 1605 2566 in
1621 2509 1894 2582 praedicto
1909 2511 2108 2567 ﬂumi-

451 2613 524 2652 ne
537 2595 686 2666 sitis,
717 2613 906 2670 usque
927 2598 998 2654 ad
1021 2601 1256 2670 portum
1281 2599 1461 2655 maris
1486 2615 1591 2654 nec
1607 2615 1719 2654 non
1735 2603 1968 2672 portum
1995 2599 2106 2653 Va.-

449 2683 621 2754 lanae,
648 2703 837 2758 usque
859 2687 933 2742 ad
963 2686 1157 2743 locum
1181 2687 1280 2760 qui
1313 2685 1532 2742 dicitur
1561 2688 1782 2757 Cervia,
1815 2705 1950 2744 cum
1981 2706 2106 2745 om-

448 2771 625 2831 nibus
639 2773 935 2832 littoribus
953 2775 1687 2850 suis,silvis,qualibusque
1699 2777 2108 2835 instrumentis

445 2861 530 2918 ibi
551 2863 824 2934 conditis,
846 2864 1033 2932 vobis,
1059 2867 1385 2938 vestrisque
1417 2866 1856 2923 successoribus
1886 2866 1945 2922 in
1975 2884 2105 2940 per-

449 2954 694 3023 petuum
731 2952 1172 3010 conﬁrmamus.
1209 2953 1322 3010 Res
1351 2953 1525 3010 etiam
1558 2971 1760 3012 omnes
1790 2954 2108 3028 lapides,et

447 3042 644 3112 petras
664 3043 785 3096 tam
825 3057 1008 3114 supra
1044 3046 1282 3110 terram,
1333 3059 1509 3115 quam
1539 3044 1648 3100 sub
1679 3047 1914 3112 terram,
1947 3048 2107 3100 extra

446 3143 596 3200 opus
623 3127 684 3184 in
707 3127 962 3202 publicis
995 3129 1256 3186 aediﬁciis
1279 3130 1521 3202 positas,
1550 3136 1752 3188 vestrae
1786 3131 2106 3188 Ravennati

445 3215 700 3272 ecclesiae
737 3216 1049 3290 largimur,
1083 3223 1258 3291 prout
1285 3235 1389 3275 vos
1417 3220 1710 3293 vestrique
1739 3237 2106 3278 successores

445 3305 520 3360 ad
535 3305 801 3378 ejusdem
825 3306 1084 3364 ecclesiae
1109 3307 1420 3364 utilitatem
1443 3309 1812 3382 praeviderint
1831 3326 2104 3367 exercen-

445 3392 573 3462 das,
603 3397 661 3450 et
689 3396 1042 3466 operandas.
1079 3395 1341 3468 Denique
1373 3397 1769 3466 concedimus,
1802 3402 1860 3454 et
1889 3399 2104 3455 conﬁr-

445 3497 680 3538 mamus
710 3486 781 3539 ut
813 3483 884 3539 ab
917 3482 1112 3556 aliquo
1155 3485 1455 3542 sacerdote
1507 3487 1790 3542 Ravenna:
1837 3487 2100 3560 degonte,

445 3573 547 3628 aut
564 3587 635 3628 ex
655 3570 882 3628 familia
905 3573 1172 3645 ejusdem
1205 3578 1418 3630 sanctae
1454 3575 1804 3631 Ravennatis
1825 3575 2098 3647 ecclesiae,

445 3675 549 3733 per
567 3663 750 3717 totam
784 3660 1079 3718 Emiliam
1111 3665 1284 3735 atque
1318 3662 1680 3736 Pentapolim
1709 3664 1938 3720 nullum
1960 3665 2100 3722 telo-

445 3752 826 3822 neum,atque
848 3750 1350 3824 portaticum,sive
1372 3751 1790 3824 silliquaticum
1813 3753 2097 3827 exigatur,

441 3841 546 3896 aut
573 3853 882 3912 exposcere
913 3843 1321 3912 praesumetur.
1363 3841 1719 3910 Statuentes,
1755 3847 1930 3914 atque
1967 3861 2099 3916 pro-

443 3923 778 4000 mulgantes
817 3943 1014 3984 coram
1055 3928 1192 3996 Deo,
1227 3933 1284 3984 et
1305 3929 1551 3986 terribili
1574 3931 1702 4002 ejus
1741 3931 1936 3988 futuro
1967 3949 2098 3988 exa-

441 4014 640 4072 mine..
654 4031 777 4088 .per
795 4015 978 4088 hujus
999 4017 1184 4074 nostri
1209 4017 1508 4090 apostolici
1523 4018 1809 4092 privilegii
1821 4021 2098 4094 paginam

443 4102 764 4172 sancimus,
815 4107 872 4160 et
929 4105 1083 4162 beati
1148 4105 1299 4162 Petri
1357 4107 1756 4180 apostolorum
1816 4109 2099 4184 principis

443 4191 791 4248 auctoritate
813 4192 1187 4250 decernimus
1213 4212 1226 4264 ;
1250 4200 1370 4252 tam
1393 4196 1911 4270 apostolicae-sedis
1932 4200 2096 4256 obte-

441 4281 673 4336 stamur
703 4279 932 4338 futuros
949 4283 1280 4354 pontiﬁces,
1305 4301 1599 4358 quamque
1621 4286 1721 4358 qui
1744 4286 2094 4344 ecclesiasti-

441 4385 541 4426 cas
571 4367 902 4427 functiones
954 4371 1436 4442 ministraverint,
1467 4373 1556 4430 vel
1613 4375 1790 4430 etiam
1849 4393 2094 4450 magnas

439 4473 764 4531 parvasque
787 4475 1087 4531 personas,
1122 4464 1179 4516 et
1237 4461 1532 4534 quispiam
1581 4463 1987 4536 cujuscunque
2019 4465 2096 4522 sit

2209 553 2674 626 compositurum
2691 551 2818 608 auri
2834 551 3012 607 obrizi
3031 551 3133 607 lib.
3151 569 3259 608 max
3270 557 3479 609 sanctae
3501 553 3774 612 Ravennate

2209 641 2486 699 ecclesiae.
2517 644 2590 696 At
2636 657 2793 709 vero,
2822 641 2921 713 qui
2981 641 3076 714 pio
3133 641 3350 698 intuitu
3409 643 3699 700 observator
3738 645 3779 702 in

2211 731 2487 787 omnibus
2503 729 3152 798 exstiterit,custodiens
3172 730 3349 802 hujus
3369 731 3544 786 nostri
3564 733 3781 806 privilegii

2213 820 2549 887 constituta,
2583 819 2654 874 ad
2687 819 2912 875 cultum
2935 819 3036 874 Dei
3071 819 3406 891 respiciens,
3439 819 3784 878 benedictionis

2213 909 2460 984 gratiam
2493 907 3044 965 misericordissima
3076 907 3320 964 Domino
3353 909 3464 964 Deo
3493 915 3665 965 nostro
3682 910 3786 966 mul-

2215 997 2494 1072 tipliciter
2523 1003 2579 1054 et
2607 998 2737 1052 vitae
2765 1003 2990 1054 aeternae
3017 997 3306 1070 particeps
3329 998 3448 1053 ﬁeri
3471 1004 3788 1069 mereatur,ct

2215 1104 2350 1144 cum
2382 1087 2604 1144 sanctis
2635 1087 2912 1142 omnibus
2943 1086 3200 1142 sociatus
3230 1091 3575 1159 permaneat.

2288 1175 2583 1248 Scriptum
2616 1192 2718 1248 per
2747 1192 2990 1232 manum
3023 1175 3172 1231 Petri
3206 1176 3506 1248 regionarii
3537 1176 3732 1246 notarii,
3752 1183 3790 1235 ct

2217 1265 2506 1322 scriniarii
2525 1270 2740 1320 sanctae
2759 1265 3034 1322 Romanae
3045 1265 3335 1334 Ecclesiae,
3351 1265 3408 1320 in
3426 1283 3608 1322 mense
3626 1267 3791 1323 Janua-

2218 1355 2304 1410 rio
2337 1359 2394 1410 et
2421 1354 2482 1411 in
2513 1354 2832 1410 indictione
2861 1373 2898 1410 x
2930 1355 3026 1427 (3).
3060 1355 3212 1411 Bene
3239 1354 3438 1411 valete.

2288 1445 2500 1500 Datum
2530 1461 2567 1499 v
2595 1441 2836 1500 Kalend.
2873 1443 3173 1500 Februarii
3220 1460 3324 1516 per
3372 1461 3571 1501 manus
3607 1445 3796 1502 Joannis

2217 1533 2474 1606 episcopi
2493 1531 2681 1588 sancti
2701 1531 3050 1588 Albanensis
3072 1529 3350 1599 ecclesiae,
3363 1536 3417 1588 et
3445 1531 3796 1590 bibliothecae-ii

2219 1625 2433 1678 sanctae
2481 1620 2810 1693 apostolica
2861 1621 3040 1688 sedis,
3075 1638 3228 1678 anno
3273 1622 3624 1695 pontiﬁcatus
3647 1623 3796 1678 domui

2219 1709 2478 1784 Gregorii
2529 1727 2690 1782 papae
2741 1710 2952 1782 primo,
2985 1709 3216 1782 imperii
3263 1715 3456 1766 autem
3485 1711 3659 1766 domni
3683 1711 3795 1766 tertii

2219 1798 2446 1856 Ottonis
2475 1798 2850 1871 imperatoris
2891 1799 3146 1872 augusti,
3183 1816 3336 1855 anno
3365 1799 3544 1872 primo
3572 1801 3624 1855 in
3649 1816 3797 1856 mense

2217 1887 2515 1946 Januario.

2981 1995 3104 2052 VII.

2303 2099 2571 2141 GREGORII
2612 2101 2770 2142 PAPE
2809 2102 2844 2140 V
2883 2101 3265 2141 PRIVILEGIUM
3305 2102 3536 2143 IIA'I'I‘ONI
3569 2101 3732 2143 ABBATI

2705 2172 2983 2214 FULDENSI
3022 2173 3380 2214 CONCESSUM.

2859 2245 3046 2315 (Anno
3076 2245 3230 2314 997.)

2467 2333 2742 2403 (Dronke,
2777 2332 2902 2389 Cod.
2936 2333 3162 2407 diplom.
3194 2333 3354 2390 Fuld.
3387 2353 3442 2407 p.
3471 2335 3606 2406 340.)

2290 2422 2626 2478 Gescomus
2655 2422 2988 2495 episcopus,
3020 2438 3224 2479 servus
3254 2440 3541 2480 servorum
3567 2421 3670 2478 Dei.

2288 2510 2565 2566 Omnium
2599 2509 2864 2566 ﬁdelium
2890 2511 3272 2582 praesentium
3292 2511 3546 2568 videlicet
3560 2529 3617 2568 ac
3632 2512 3796 2566 futuro-

2217 2614 2348 2652 rum
2377 2597 2596 2653 notitiae
2631 2602 2829 2670 pateat
2859 2599 3112 2672 qualiter
3132 2617 3238 2673 per
3268 2599 3533 2657 meritum
3559 2597 3794 2672 dignitatis

2216 2685 2466 2742 Harman
2516 2685 2825 2744 Fuldensis
2868 2687 3137 2744 Ecclesiae
3191 2689 3389 2746 abbati
3433 2688 3719 2746 venerando
3753 2687 3793 2742 id

2217 2776 2372 2846 quod
2393 2774 2578 2830 nostri
2611 2776 2996 2833 antecessoris
3027 2776 3214 2850 pietas
3245 2778 3522 2834 concessit
3541 2783 3708 2833 nostra
3728 2776 3796 2830 de

2213 2864 2366 2920 votio
2389 2881 2505 2920 non
2529 2863 2852 2938 denegavit.
2872 2866 3122 2938 Ideoque
3139 2865 3282 2938 quia
3301 2866 3593 2940 postulavit
3617 2883 3646 2922 a
3670 2863 3794 2921 nobis

2215 2949 2460 3024 dignum
2483 2952 2760 3010 duximus
2789 2957 2855 3008 ut
2883 2955 3148 3026 ejusdem
3179 2954 3294 3011 loci
3323 2955 3640 3028 supradictae
3657 2951 3790 3010 eccle-

2215 3039 2315 3096 sia
2334 3040 2650 3097 venerabili
2681 3042 3069 3098 antecessoris
3095 3045 3284 3100 nostri
3315 3044 3619 3101 renovando
3637 3041 3790 3100 conﬁr-

2214 3145 2512 3186 maremus
2551 3147 2916 3187 concessum.
2949 3131 3317 3189 Venerabilis
3345 3133 3496 3190 enim
3524 3138 3790 3188 antecessor

2137 3205 2180 3272 C
2214 3221 2416 3274 noster
2436 3217 2604 3275 illum
2625 3219 3029 3292 supradictum
3052 3221 3328 3278 abbatem
3357 3223 3538 3278 Romae
3557 3235 3790 3278 consecra-

2211 3305 2294 3362 vit
2323 3306 2494 3380 eique
2525 3307 2730 3364 debitae
2771 3309 3155 3381 subjectionis
3176 3311 3392 3384 jugum
3423 3311 3666 3367 subeunti
3688 3325 3788 3364 con-

2213 3395 2389 3452 cessit
2409 3413 2543 3452 cum
2574 3396 2888 3453 dalmatica
2909 3401 2966 3453 et
2985 3397 3274 3455 sandaliis
3303 3400 3535 3456 missam
3562 3397 3789 3455 celebrare

2210 3485 2294 3540 Ad
2319 3487 2473 3557 quod
2497 3484 2761 3541 animum
2784 3488 3245 3560 vertentes,quia
3265 3488 3562 3562 specialius
3579 3484 3788 3542 aliissuis

2213 3572 2616 3630 consimilibus
2660 3578 2870 3631 nostrae
2917 3576 3189 3632 Romanae
3224 3577 3486 3634 Ecclesiae
3514 3573 3785 3639 famulatur,

2211 3660 2522 3734 specialius
2555 3663 2817 3736 digniora
2843 3681 3085 3720 munere
3115 3666 3432 3723 condonari
3471 3665 3784 3722 decrevimus.

2211 3753 2398 3817 Quare
2430 3751 2557 3807 sine
2588 3751 2748 3808 omni
2780 3753 3241 3812 contradictione
3287 3760 3485 3812 nostra
3509 3751 3785 3810 auctoritate

2209 3839 2529 3912 apostolica
2559 3840 2956 3909 concedimus,
2981 3847 3047 3897 ut
3063 3847 3198 3898 cum
3218 3843 3528 3900 dalmatica
3551 3847 3601 3898 et
3625 3838 3784 3896 sanda-

2208 3927 2302 3984 liis
2319 3927 2561 3984 missam
2580 3928 2832 3986 celebret
2851 3929 3072 4004 talique
3091 3930 3336 4005 pignore
3359 3936 3556 3989 nostrae
3573 3931 3782 3987 Romane

2207 4015 2473 4074 Ecclesiae
2505 4017 2864 4090 subjectione
2893 4019 3302 4092 praesignetur.

2277 4105 2570 4178 Scriptum
2619 4123 2724 4179 per
2771 4123 2982 4164 manus
3027 4107 3178 4164 Petri
3218 4109 3522 4183 regionarii
3551 4103 3722 4164 notarii
3743 4105 3782 4158 et

2205 4193 2493 4251 scriniarii
2515 4199 2729 4251 sanctae
2749 4195 3024 4254 Romanae
3059 4196 3332 4254 Ecclesiae
3362 4215 3508 4254 anno
3535 4193 3781 4252 Dominice

2203 4283 2622 4338 incarnationis
2648 4284 3092 4356 nongentesimo
3123 4287 3542 4360 (nonagesimo)
3568 4281 3778 4354 septimo.

2203 4385 2404 4428 mense
2436 4371 2770 4441 Februario,
2804 4372 3122 4430 indictione
3171 4373 3418 4431 decima.
3449 4375 3586 4430 Bene
3624 4367 3780 4424 valete.

2272 4460 2484 4517 Datum
2505 4477 2584 4518 vn
2616 4460 2753 4517 Idus
2777 4461 2942 4518 Febr.
2967 4479 3071 4535 per
3091 4479 3306 4520 manus
3325 4461 3558 4520 Joannis
3581 4451 3777 4531 episcopi

439 4545 746 4640 dignitatis
762 4547 1004 4640 praedita
1018 4549 1091 4606 de
1103 4549 1378 4606 omnibus
1401 4567 1580 4640 supra
1599 4552 1774 4608 dictis
1795 4553 2090 4627 capitulis,
2124 4573 2172 4640 D
2203 4553 2418 4640 sanctae
2434 4549 2782 4640 Albanensis
2813 4549 3083 4608 Ecclesia:
3114 4556 3171 4606 et
3191 4548 3598 4608 bibliothecarii
3617 4546 3778 4602 sanctae

439 4650 622 4708 quaea
641 4635 811 4694 nobis
833 4653 1112 4694 concessa
1151 4643 1308 4710 sunt,
1339 4638 1426 4696 vel
1459 4641 1822 4710 conﬁrmata,
1857 4659 2090 4716 quoquo

438 4725 613 4782 modo
632 4723 931 4782 licentiam
953 4725 1208 4784 habeant
1229 4745 1380 4802 saepe
1403 4729 1702 4787 nominata
1717 4729 1865 4804 loca,
1879 4731 1938 4788 in
1972 4751 2088 4792 uno

437 4811 714 4883 adunata,
747 4817 922 4887 atque
977 4815 1308 4888 specialiter
1362 4818 1689 4890 apostolicae
1735 4823 2088 4880 exarationis

434 4900 652 4976 paglna
694 4903 1030 4975 conjuncta,
1065 4904 1421 4979 disjungere,
1454 4907 1542 4964 vel
1601 4925 1718 4964 uno
1778 4911 1849 4966 ab
1907 4911 2086 4970 altero

435 4989 710 5048 alienare.
736 4990 796 5048 Si
819 4991 952 5064 quis
974 4992 1216 5062 interea,
1239 4996 1395 5067 quod
1419 5013 1533 5052 non
1555 4996 1870 5069 credimus,
1905 5004 2086 5058 teme-

434 5079 588 5136 rario
611 5096 780 5148 ausu,
813 5086 1018 5138 contra
1038 5097 1108 5138 ea
1128 5099 1256 5156 qum
1278 5084 1351 5140 ab
1372 5083 1481 5141 hac
1514 5091 1715 5143 nostra
1743 5089 2088 5147 auctoritate

432 5168 528 5242 pie
538 5167 852 5226 etﬁrmiter
868 5186 974 5243 per
991 5170 1101 5228 hoc
1121 5176 1390 5229 nostrum
1411 5173 1783 5248 privilegium
1802 5177 2088 5250 disposita

431 5258 871 5316 suntcontraire
887 5260 1322 5331 tentaverit,aut
1337 5263 1396 5318 in
1415 5279 1712 5337 quoquam
1730 5269 2081 5341 transgredi,

431 5345 582 5404 sciat
601 5363 664 5404 se
684 5347 1028 5405 auctoritate
1044 5347 1196 5406 beati
1224 5349 1374 5408 Petri
1407 5352 1654 5425 apostoli
1693 5355 2083 5417 anathematis

429 5434 662 5494 vinculo
693 5435 1064 5509 innodatum,
1098 5443 1156 5496 et
1184 5455 1318 5496 cum
1350 5439 1506 5498 Juda
1555 5443 1836 5502 traditore
1883 5449 2081 5505 aeterni

505 5539 583 5614 (3)
603 5541 686 5598 Ex
699 5546 918 5620 statuto
935 5562 970 5602 a
984 5544 1152 5620 nobis
1182 5545 1444 5620 Gregorii
1471 5548 1763 5620 pontiﬁcis
1783 5552 2082 5614 electionis

433 5624 552 5676 non
577 5627 712 5676 vero
738 5630 818 5675 xi.
850 5615 1000 5676 Bene
1029 5616 1187 5677 enim
1211 5615 1560 5680 conveniunt
1587 5621 1803 5682 omnia.

2201 4638 2528 4712 apostolicae
2559 4639 2736 4695 sedis.

2947 4731 3094 4786 VIII.

2197 4835 2463 4876 EPISTOLA
2500 4835 2767 4875 GREGORII
2791 4827 2962 4876 ῬΑΡῶ
2984 4837 3021 4876 ν
3039 4837 3112 4876 ΑΒ
3149 4836 3410 4877 OTTONEM
3437 4822 3776 4874 IMPERATOR“

2837 4911 3022 4979 (Anno
3057 4909 3210 4978 997.)

2391 4997 2578 5070 (Apud
2610 4997 2896 5065 Miraeum,
2939 4997 3072 5070 Opp.
3103 4998 3333 5072 diplom.
3369 4998 3460 5066 Ill,
3489 4995 3624 5060 563.)

2267 5085 2601 5143 Gnnconws
2627 5086 2958 5159 episcopus,
2994 5104 3195 5144 servus
3225 5102 3514 5144 servorum
3543 5079 3647 5146 Dei,
3674 5073 3778 5132 dile‘

2195 5173 2458 5232 ctissime
2507 5174 2627 5232 ﬁlio
2679 5175 2890 5233 O'rrom
2933 5177 3329 5234 Romanorum
3359 5168 3662 5248 imperatori
3687 5166 3774 5220 Au-

2191 5268 2482 5336 gusto.....

2260 5353 2514 5426 Equum
2545 5351 2724 5426 igitur
2743 5357 2800 5410 et
2822 5353 3068 5428 dignum
3090 5353 3483 5427 judicavimus
3509 5336 3773 5418 imperialis

2191 5441 2470 5499 honorem
2499 5441 2804 5515 regiminis
2829 5447 2888 5500 et
2915 5447 3262 5515 potestatem
3295 5435 3594 5516 apostolica
3609 5431 3770 5488 aucto-

2191 5558 2281 5617 die
2325 5561 2553 5616 constat
2610 5557 2924 5633 legendum
2972 5575 3100 5618 esse
3148 5558 3348 5616 indict.
3381 5574 3416 5613 χ
3441 5553 3598 5630 prout
3629 5544 3767 5620 jacet:
