4052 6180
282 323 403 414 eis
454 380 458 384 ,

1466 321 1873 385 EPISTOL/E
1914 320 2016 383 ΕΤ
2059 320 2530 385 PRIVILEGIA.

3580 315 3699 383 9η

273 456 455 515 ritate
487 459 732 528 paterae
764 453 1006 523 firmari,
1027 456 1169 513 etde
1197 456 1355 513 omni
1389 455 1543 513 bona
1569 455 1867 512 voluntate
1894 459 1951 511 ct
1980 454 2036 522 Α
2061 455 2444 527 sanguineam
2475 471 2645 512 suam
2678 456 2882 512 contra
2911 450 3379 512 interdictionem
3421 453 3711 527 apostoli-

272 546 581 603 beneﬁciis
613 545 840 601 cunctis
892 544 964 601 ab
1018 545 1391 619 imperatoria
1437 550 1725 618 potestate
1772 561 1936 601 sacro

273 634 415 691 huic
449 634 575 691 loco
607 636 901 691 concessis
932 634 1141 708 dignas
1172 637 1287 691 Deo
1318 636 1538 707 gratias
1569 637 1727 691 dare.
1751 638 1938 707 Atque

274 723 407 780 ideo
443 724 583 796 quia
613 723 875 796 postulas
906 742 940 780 a
972 725 1141 780 nobis
1167 725 1418 797 qualiter
1449 725 1641 780 locum
1664 728 1719 780 et
1740 724 1938 779 Eccle-

276 813 429 869 siam
460 812 813 885 Aquisgrani
844 813 1059 885 palatio
1092 814 1261 869 bonis
1291 830 1360 868 ex
1396 818 1588 869 vestra
1634 812 1938 868 devotione

277 902 619 958 inchoatum
662 901 991 973 principiis,
1023 907 1223 958 nostra
1274 902 1676 958 muniﬁcentia
1723 904 1937 958 conﬁr-

283 1007 585 1046 marcmus
617 994 675 1046 et
705 991 1071 1046 auctoritate.

349 1080 419 1134 Et
448 1084 509 1134 ut
542 1078 723 1135 etiam
753 1079 899 1135 bene
931 1079 1208 1135 inchoata
1256 1079 1543 1152 principia
1590 1097 1655 1135 eo
1700 1079 1938 1135 meliore

284 1168 402 1223 ﬁne
460 1171 789 1236 uterentur,
841 1168 1189 1240 supradictae
1241 1168 1509 1223 Ecclesia)
1564 1169 1939 1225 concedimus

280 1256 628 1313 clericorum
660 1258 1169 1329 congregationem
1202 1257 1621 1312 catholicorum
1662 1256 1937 1313 sublimi-

279 1347 524 1401 miter...
560 1350 619 1400 et
668 1349 735 1400 ut
782 1345 1127 1417 regulariter
1174 1346 1371 1400 vivant
1430 1346 1931 1402 commendamus.

281 1435 529 1506 Insuper
558 1434 737 1489 etiam
771 1434 1090 1489 statuimus
1124 1451 1189 1490 ac
1221 1452 1323 1506 per
1345 1435 1528 1489 nostri
1551 1435 1821 1507 praecepti
1845 1453 1939 1507 pa-

279 1523 507 1596 ginam,
538 1528 594 1578 et
624 1523 682 1577 in
716 1522 1061 1579 convulsum
1113 1524 1479 1580 decrevimus
1519 1523 1578 1578 in
1630 1524 1940 1596 saepedicto.

280 1610 545 1667 Ecclesia
564 1616 788 1683 septem
822 1611 1151 1668 cardinales
1181 1611 1542 1679 diaconos,et
1572 1613 1939 1685 presbyteros

282 1699 614 1757 cardinales
646 1704 892 1772 septem,
918 1700 1056 1756 huic
1085 1701 1352 1756 Ecclesiae
1373 1701 1433 1756 in
1454 1717 1657 1758 eorum
1680 1701 1937 1758 ministe-

282 1789 369 1846 rio
398 1788 707 1859 deservire,
742 1805 812 1844 ea
840 1789 1112 1845 videlicet
1144 1791 1387 1857 ratione,
1412 1794 1477 1846 ut
1494 1790 1715 1846 nullius
1747 1790 1936 1863 digni-
1968 1824 2017 1889 Β

282 1878 422 1935 tatis
452 1894 702 1951 persona
745 1895 923 1951 super
975 1895 1209 1934 sacrum
1259 1879 1441 1934 altare
1491 1879 1591 1935 Dei
1639 1879 1939 1952 genitricis

284 1966 481 2025 Marias
513 1967 731 2023 ibidem
758 1968 1147 2023 constitutum
1181 1966 1425 2023 missam
1459 1967 1941 2041 celebret,praeter

287 2055 597 2129 praedictos
617 2060 842 2129 septem
875 2055 1202 2112 cardinales
1235 2058 1603 2129 presbyteros
1636 2062 1694 2113 et
1724 2057 1942 2113 archie-

285 2145 595 2218 piscopum
628 2144 807 2217 hujus
839 2143 948 2200 loci
993 2150 1051 2200 et
1098 2144 1438 2218 episcopum
1489 2145 1793 2202 Leodiensi
1839 2148 1939 2219 qui

288 2232 517 2290 diiecesi
548 2233 841 2306 praesidet.
876 2233 945 2289 Et
973 2233 1081 2289 hoc
1113 2234 1485 2290 anathemate
1532 2234 1776 2291 firmiter
1814 2252 1938 2292 cor-

290 2322 658 2390 roboramus,
693 2326 801 2378 etc.

360 2411 574 2467 Datum
605 2428 700 2467 an.
733 2411 860 2477 997,
896 2427 1097 2467 mense
1133 2411 1451 2479 Februarii,
1488 2412 1805 2470 indictione
1836 2414 1941 2468 den

288 2494 628 2569 cima,sexto
658 2501 797 2557 Idus
830 2500 1150 2567 Februarii,
1173 2518 1275 2573 per
1300 2517 1541 2557 manum
1561 2501 1805 2557 Joannis
1827 2502 1941 2574 epi-

289 2590 450 2662 scopi
483 2588 750 2646 Ecclesiae
783 2595 998 2645 sanctm
1044 2590 1394 2646 Albanensis
1426 2595 1483 2646 et
1514 2590 1937 2647 bibliothecarii

289 2682 507 2734 sanctae
539 2678 696 2733 sedis
725 2670 1079 2751 apostolicae,
1114 2696 1266 2735 anno
1298 2680 1674 2752 pontiﬁcatus
1723 2681 1939 2753 Grego-

288 2766 361 2822 rii
393 2766 440 2819 V
471 2783 633 2842 papas
674 2767 882 2840 primo,
918 2769 1079 2840 regni
1131 2769 1301 2823 tertio
1351 2768 1578 2827 Ottonis
1627 2770 1935 2841 imperato-

291 2856 372 2913 ris
401 2856 500 2925 (4).

1072 2964 1156 3018 ΙΧ.

290 3084 559 3126 αιιεαοηιι
600 3085 762 3126 PAPE
799 3086 835 3124 V
874 3085 1139 3125 EPISTOLA
1178 3086 1250 3124 AD
1289 3087 1657 3128 \VILLEGISUM
1705 3089 1938 3129 ARCHIE~

745 3156 1034 3196 PlSCOPUM
1075 3157 1484 3197 MOGUNTINUM.

931 3250 1118 3317 (Anno
1148 3247 1300 3317 997.)

518 3353 708 3426 (Apud
740 3354 919 3410 Pertz.
955 3354 1189 3411 Monum.
1223 3355 1398 3411 Germ.
1432 3356 1528 3413 III.
1562 3357 1714 3427 694.)

361 3478 720 3546 Gasaoa'us,
756 3494 956 3533 servus
979 3495 1276 3535 servorum
1298 3479 1419 3547 Dei,
1435 3478 1643 3536 dilecto
1664 3482 1942 3538 confratri

290 3565 617 3622 Wimoiso
633 3564 1073 3638 archiepiscopo
1091 3569 1147 3621 et
1165 3567 1380 3622 vicario
1404 3572 1602 3623 nostro
1620 3568 1869 3625 salutem
1886 3575 1944 3627 et

292 3652 674 3725 apostolicam
701 3652 1185 3709 benedictionem.

361 3740 605 3797 Decreta
634 3741 791 3797 enim
824 3742 1027 3814 synodi
1063 3742 1385 3814 Papiensis,
1419 3743 1634 3815 quibus
1674 3761 1780 3819 ego
1811 3745 1946 3803 licet

292 3829 575 3903 indignus
606 3831 930 3904 subscripsi
961 3836 1019 3887 et
1048 3849 1167 3887 una
1192 3848 1424 3888 mecum
1470 3833 1943 3908 archiepiscopus

294 3920 600 3975 Ravennas
613 3936 719 3975 nec
731 3937 847 3976 non
860 3920 1334 3993 archiepiscopus
1347 3921 1796 3979 Mediolanensis
1810 3941 1943 3981 cum

295 4006 429 4064 aliis
459 4008 871 4077 confratribus,
906 4026 1123 4081 quaeso,
1158 4010 1354 4065 ducite
1384 4011 1457 4065 ad
1491 4012 1855 4081 memoriam,
1890 4019 1947 4070 et

296 4100 363 4152 ut
382 4096 505 4153 hinc
534 4097 606 4152 ad
639 4098 963 4171 profectum
983 4098 1220 4153 veniant
1246 4098 1445 4154 auxilii
1468 4116 1703 4173 Operam
1728 4102 1947 4175 impen-

297 4185 437 4241 dite.

370 4275 420 4330 1.
455 4272 678 4330 Placuit
708 4279 922 4330 sanctae
954 4278 1173 4348 synodo
1197 4282 1263 4333 ut
1287 4294 1491 4334 omnes
1517 4279 1773 4351 episcopi
1798 4281 1946 4337 occi-

297 4362 580 4432 dentales,
615 4363 715 4436 qui
748 4364 808 4419 in
850 4365 1212 4436 depositione
1259 4367 1476 4423 Arnolfi
1526 4368 1948 4443 archiepiscopi

298 4453 536 4509 fuerunt
549 4457 608 4508 et
624 4452 798 4509 certis
812 4453 1069 4511 induciis
1084 4456 1271 4511 vocati
1296 4456 1635 4529 Papiensem
1660 4460 1946 4531 synodum

299 4538 647 4615 spreverunt
677 4546 735 4598 et
762 4541 1235 4600 inconvenientes
1267 4562 1475 4601 causas
1504 4546 1575 4601 ad
1599 4548 1954 4605 confunden-
1982 4561 2029 4627 ι)

300 4632 440 4687 dam
470 4632 760 4703 synodum
792 4650 896 4706 per
926 4633 1189 4690 laicalem
1222 4650 1532 4707 personam
1566 4636 1952 4706 miserunt,ab

299 4719 558 4792 episcopi
590 4720 781 4777 officio
803 4723 1259 4795 suspendantur.
1275 4724 1556 4780 Adelbero
1584 4726 1950 4784 Lodunensis

297 4809 630 4882 episcopus,
666 4810 766 4882 qui
800 4811 979 4867 etiam
1011 4813 1528 4886 metropolitanum
1554 4833 1728 4871 suum
1751 4834 1953 4891 appre-

300 4896 504 4953 hendit
529 4901 587 4953 et
616 4898 878 4956 tradidit.
912 4901 985 4956 ab
1012 4902 1268 4975 episcopi
1300 4902 1491 4958 ofﬁcio
1532 4907 1947 4977 suspendatur.

297 4986 660 5042 Auctoritate
709 4986 851 5042 Julii
904 5006 1065 5061 papae
1124 4990 1416 5046 sancitum
1473 4996 1582 5059 est,
1623 4994 1723 5065 qui
1775 4994 1950 5052 etiam

301 5074 616 5131 orientales
644 5075 948 5149 episcopos
970 5078 1040 5133 ad
1063 5079 1350 5151 synodum
1370 5079 1567 5136 venire
1588 5088 1948 5152 spernentes,

300 5162 685 5237 depositionis
716 5183 844 5221 rcos
866 5166 1185 5238 judicavit;
1222 5166 1352 5223 illos
1379 5185 1513 5224 vero
1562 5169 1782 5242 absque
1814 5190 1951 5245 apo-

301 5251 507 5308 stolica
537 5254 884 5311 auctoritate
914 5255 1210 5327 depositos
1238 5255 1583 5312 innocentes
1633 5275 1949 5317 remanere.

371 5345 427 5396 2.
460 5341 767 5398 Decretum
800 5344 1091 5401 est.etiam
1124 5350 1190 5401 ut
1221 5362 1319 5400 rex
1352 5346 1660 5415 Robertus,
1696 5348 1795 5419 qui
1825 5366 1954 5404 con~

373 5468 453 5543 (4)
484 5466 694 5543 Simile
720 5469 1088 5542 privilegium
1121 5472 1179 5525 in
1212 5469 1459 5527 ecclesia
1508 5472 1958 5543 metropolitana

303 5537 655 5615 Coloniensi,
680 5537 739 5595 iri
773 5559 892 5615 qua
910 5537 959 5615 «'7
958 5559 1127 5615 nemo
1154 5547 1363 5615 praeter
1382 5546 1605 5615 septem
1630 5537 1956 5601 cardinales

304 5610 676 5682 presbyteros
707 5610 894 5684 possit
930 5610 1485 5685 divinis—mysteriis
1535 5615 1781 5686 operari.
1816 5640 1835 5664 π
1874 5617 1959 5673 Ita

2048 560 2178 599 cam
2208 545 2267 598 in
2298 544 2638 616 conjugium
2663 544 2928 613 duxit,ad
2955 543 3418 600 satisfactionem
3442 559 3715 600 convoce~

2048 636 2145 687 tur
2175 650 2309 687 cum
2343 634 2634 705 episcopis
2668 632 2762 689 his
2794 631 3276 705 nuptiisincestis
3297 629 3714 688 consentienti-

2047 719 2178 776 bus.
2214 722 2271 777 Si
2305 725 2501 777 autem
2535 722 2854 789 renuerint,
2889 721 3302 777 communione
3343 719 3663 793 priventur.

2116 810 2170 863 3.
2205 811 2348 866 Item
2397 816 2599 866 sancta
2655 812 2914 883 synodus
2973 809 3218 865 sancivit
3266 813 3332 864 ut
3369 808 3701 882 Neapolita-

2047 915 2159 953 nus
2207 899 2459 966 invasor,
2493 899 2592 971 qui
2655 898 2815 954 illius
2876 898 2987 954 loci
3049 897 3555 971 archiepiscopum
3599 914 3702 971 ap-

2047 987 2402 1059 prehendere
2434 988 2565 1046 fecit
2596 992 2651 1043 et
2683 1004 2744 1042 se
2777 988 2835 1041 in
2868 988 3143 1043 eumdem
3176 985 3370 1041 locum
3392 1003 3495 1059 per
3515 987 3707 1045 Simo-

2048 1077 2279 1131 niacam
2330 1076 2596 1132 bmresim
2649 1076 2926 1132 constitui
2980 1075 3136 1142 fecit,
3188 1075 3301 1131 nisi
3354 1076 3697 1144 satisfaciat,

2055 1165 2597 1221 anathematizetur.

2116 1256 2169 1309 4.
2196 1255 2510 1311 Constituit
2532 1256 2706 1311 etiam
2734 1260 2797 1311 ut
2819 1255 2866 1311 si
2886 1256 3019 1327 quis
3042 1255 3697 1329 episcopus,presbyter,

2047 1348 2149 1399 aut
2180 1343 2480 1411 diaconus,
2516 1348 2616 1399 aut
2646 1344 2911 1409 clericus,
2940 1361 3091 1417 papa
3114 1343 3406 1400 incolume
3439 1348 3496 1401 et
3523 1361 3588 1401 eo
3611 1345 3699 1400 in-

2047 1432 2337 1502 consulto,
2370 1438 2472 1488 aut
2503 1434 2996 1505 subscriptionem
3030 1450 3133 1505 pro
3165 1433 3425 1488 Romano
3466 1433 3701 1506 pontifi-

2048 1526 2180 1576 catu
2213 1522 2602 1588 commodare,
2637 1526 2740 1577 aut
2786 1521 3160 1593 pictationem
3212 1522 3570 1594 promittere,
3600 1525 3703 1578 aut

2048 1615 2484 1666 sacramentum
2519 1610 2773 1683 praebere
2802 1609 3130 1678 tentaverit,
3151 1614 3252 1666 aut
3276 1610 3512 1684 aliquod
3544 1614 3699 1668 certe

2047 1699 2393 1772 suffragium
2448 1699 2744 1772 pollicitus
2797 1699 2990 1767 fuerit,
3026 1699 3137 1755 loci
3189 1700 3279 1755 sui
3330 1699 3612 1773 dignitate
3642 1704 3701 1757 et

2048 1787 2314 1844 omnium
2348 1788 2611 1844 fidelium
2643 1787 3055 1844 communione
3088 1788 3350 1861 privetur
3377 1792 3436 1845 et
3464 1789 3701 1845 anathe-

2050 1876 2379 1932 matizetur.
2400 1876 2667 1949 Synodus
2690 1875 3025 1949 Symmachi
3050 1893 3211 1948 papae
3226 1893 3239 1932 :
3255 1878 3498 1934 Decrevit
3513 1886 3700 1935 sancta

2048 1965 2290 2037 synodus
2320 1974 2382 2021 ut
2408 1982 2565 2021 nemo
2594 1967 2771 2021 sancti
2796 1965 3034 2037 Spiritus
3080 1965 3284 2022 donum
3306 1966 3534 2023 vendere
3558 1982 3702 2039 pra:-

2048 2062 2245 2120 sumat,
2279 2062 2377 2109 aut
2396 2070 2497 2126 pro
2536 2054 2774 2125 alicujus
2821 2054 3076 2126 episcopi,
3104 2054 3425 2126 presbyteri,
3458 2054 3698 2124 diaconi,

2050 2144 2133 2199 vel
2160 2144 2396 2216 alicujus
2434 2142 2646 2199 ordinis
2688 2144 3086 2199 cavwecratione
3111 2144 3402 2214 pecuniam
3435 2146 3697 2217 accipere,

2048 2240 2101 2288 et
2129 2234 2225 2305 qui
2252 2232 2363 2302 dat,
2395 2241 2446 2289 et
2474 2235 2569 2305 qui
2597 2233 2812 2304 accipit,
2845 2239 2897 2288 et
2916 2234 3011 2304 qui
3039 2231 3304 2290 mediator
3346 2241 3441 2302 est,
3473 2233 3697 2292 anathe-

2049 2338 2141 2377 ma
2168 2324 2260 2378 sit.

2120 2411 2175 2465 5.
2211 2409 2436 2467 Placuit
2466 2410 2643 2465 etiam
2681 2410 2956 2465 omnibus
2989 2414 3055 2465 ut
3085 2409 3436 2467 Gisilharius
3466 2413 3544 2481 (5)
3573 2412 3700 2486 epi-

2051 2516 2284 2572 scopus,
2322 2498 2421 2571 qui
2455 2504 2659 2554 contra
2688 2499 3170 2555 canones-sedem
3202 2517 3369 2557 suam
3397 2501 3624 2558 dimisit
3644 2506 3701 2558 et

2051 2586 2226 2642 aliam
2260 2587 2491 2654 invasit,
2523 2586 2583 2641 in
2615 2585 2817 2642 Natale
2838 2586 3069 2642 Domini
3094 2587 3337 2644 Romam
3360 2592 3698 2659 vocatus,ad

2050 2676 2534 2731 satisfaciendum
2567 2675 2791 2742 veniat;
2827 2675 2984 2747 quod
3008 2674 3058 2730 si
3081 2676 3361 2745 renuerit,
3382 2694 3416 2732 a
3437 2679 3700 2735 sacerdo-

2048 2763 2151 2819 tali
2184 2764 2373 2820 officio
2408 2765 2824 2837 suspendatur.

2116 2855 2171 2908 6.
2206 2853 2421 2909 Notum
2451 2852 2616 2909 vobis
2646 2853 2824 2908 etiam
2856 2852 3401 2925 facimus,qualiter
3424 2870 3526 2927 per
3546 2870 3699 2912 com-

2051 2959 2289 2998 munem
2334 2957 2687 2999 consensum
2734 2941 3004 3009 fratrum,
3038 2941 3435 2998 Crescentium
3485 2946 3699 3001 sanctis

2050 3018 2323 3088 Romanae
2373 3030 2643 3087 Ecclesiae
2698 3030 3025 3086 invasorem
3076 3034 3147 3085 et
3182 3030 3636 3103 depraedatorem
3667 3050 3703 3090 a

2050 3122 2271 3195 gremio
2305 3125 2516 3178 sancta
2548 3119 2817 3176 Ecclesize
2848 3125 2906 3175 et
2937 3120 3203 3175 omnium
3248 3119 3509 3178 fidelium
3540 3139 3700 3180 com-

1972 3190 2015 3259 C
2049 3190 2328 3267 munione
2359 3209 2813 3282 segregavimus,
2841 3212 2898 3263 et
2919 3211 2985 3263 ut
3004 3208 3418 3281 unusquisque
3435 3212 3696 3267 vestrum

2050 3299 2110 3355 in
2129 3316 2235 3355 suo
2257 3298 2595 3372 episcopatu
2618 3296 2754 3353 huic
2776 3297 2927 3353 facto
2951 3311 3258 3354 assensum
3292 3298 3548 3370 praebeat
3568 3298 3703 3357 cha-

2052 3388 2281 3444 ritative
2310 3402 2606 3460 rogamus.

2123 3512 2241 3584 Ego
2272 3510 2584 3583 Gregorius
2606 3514 2818 3565 sancta:
2842 3509 3141 3565 catholica:
3164 3484 3227 3565 et.
3243 3511 3575 3583 apostolicae
3598 3513 3707 3571 Ro-

2053 3617 2239 3656 mana:
2270 3598 2536 3655 Ecclesia:
2569 3598 2779 3672 praesul
2811 3598 3157 3671 subscripsi.

2124 3707 2241 3777 Ego
2272 3706 2527 3761 Joannes
2558 3707 2773 3759 sancta:
2808 3703 3159 3761 Ravennatis
3186 3704 3454 3761 Ecclesia;
3508 3708 3705 3766 archi-

2053 3793 2365 3866 episcopus
2395 3790 2739 3864 subscripsi.

2126 3897 2451 3955 Landulfus
2481 3900 2692 3952 sancta:
2724 3895 3180 3952 Mediolanensis
3212 3895 3478 3954 Ecclesiae
3509 3899 3706 3955 archi-

2056 3988 2369 4062 episcopus
2402 3985 2745 4057 subscripsi.

2125 4094 2299 4149 Wido
2332 4090 2632 4164 Papiensis
2665 4090 2929 4146 Ecclesia:
2962 4089 3271 4163 episcopus
3317 4092 3663 4167 subscripsi.

2125 4193 2381 4249 Joannes
2392 4190 2739 4245 Albanensis
2752 4188 3016 4244 Ecclesiae
3031 4189 3342 4262 episcopus
3353 4190 3700 4266 subscripsi.

2130 4288 2575 4345 Blinwarmund
2607 4290 2819 4342 sanctze
2852 4285 3242 4359 Hipponensis
3282 4288 3550 4345 Ecclesiae
3580 4290 3705 4363 epi-

2059 4395 2271 4451 scopus
2304 4375 2650 4448 subscripsi.

2130 4484 2452 4557 Sigifredus
2485 4487 2699 4539 sancta:
2732 4482 3065 4540 Parmensis
3094 4482 3361 4539 Ecclesia:
3395 4483 3706 4558 episcopus

2064 4572 2407 4645 subscripsi.

2133 4680 2386 4737 Joannes
2436 4677 2785 4734 Mutinensis
2831 4678 3097 4734 Ecclesia:
3148 4678 3475 4752 episcopus.
3524 4680 3709 4738 Adam

2058 4767 2439 4826 Taurincnsis
2469 4766 2738 4823 Ecclesiae
2770 4768 3077 4839 episcopus
3111 4766 3456 4841 subscripsi.

2127 4875 2387 4930 Andreas
2422 4873 2745 4929 Laudensis
2776 4871 3041 4929 Ecclesiae
3085 4871 3418 4946 episcopus.
3452 4875 3712 4933 Joannes

2058 4962 2372 5021 Januensis
2404 4961 2671 5017 Ecclesia:
2705 4960 3035 5033 episcopus.

2130 5058 2548 5117 Constantinus
2562 5062 2777 5115 sancta:
2800 5058 3067 5115 Albensis
3088 5060 3358 5118 Ecclesiae
3379 5061 3710 5136 episcopus.

2130 5166 2402 5221 Albertus
2435 5169 2645 5221 sancta:
2682 5164 2975 5221 Brixensis
3006 5166 3274 5223 Ecclesiae
3307 5167 3637 5242 episcopus.

2135 5262 2490 5318 Liutifredus
2521 5261 2912 5316 Terdoncnsis
2943 5262 3209 5318 Ecclesia)
3240 5264 3549 5338 cpiscopus
3581 5267 3713 5322 sub-

2064 5350 2293 5422 scripsi.

2066 5475 2371 5533 constituit
2403 5476 2512 5530 Leo
2547 5475 2615 5529 IX
2648 5475 2852 5546 pontii.
2888 5493 3040 5530 max.
3075 5495 3227 5533 anno
3265 5480 3417 5534 1052.

2138 5550 2213 5616 (5)
2248 5546 2744 5619 MCI‘SCI)Ul‘g(‘lISIS
2774 5551 2829 5602 et
2859 5547 3397 5622 Magdcburgensis.
