4050 6172
363 304 479 371 915

1153 439 1218 499 Χ.

362 545 631 588 GREGORII
661 545 822 586 ΡΔΡΛΕ
841 546 876 586 ν
897 546 1078 586 BULLA
1109 546 1219 586 PRO
1247 545 1606 586 MONASTERIO
1637 544 2005 586 SUBLACENSI.

1002 620 1188 689 (Anno
1217 620 1371 687 997.)

399 709 587 780 (Apud
620 707 920 775 Muratori,
953 708 1217 779 Antiquit.
1246 707 1364 762 Ital.
1401 713 1542 763 tom.
1580 707 1621 774 Ι,
1658 723 1770 780 pag
1821 705 1974 775 943.)

435 798 768 852 Gnscoaws
801 796 1130 868 episcopus,
1166 812 1365 851 servus
1399 811 1697 851 servorum
1730 795 2012 858 Dei,reve-

362 884 698 942 rentissimo
729 901 795 939 ac
840 884 1298 956 prudentissimo
1350 885 1533 940 Pmno
1584 885 1922 956 presbytero
1955 887 2010 939 et

363 974 649 1031 monacho
677 977 852 1046 atque
886 973 1239 1045 peritissimo
1271 973 1469 1028 abbati
1507 971 1853 1029 venerabilis
1883 989 2007 1028 mo-

364 1063 603 1120 nasterii
653 1063 841 1120 sancti
885 1063 1235 1118 confessoris
1275 1079 1339 1117 ac
1389 1063 1574 1134 patris
1606 1061 1920 1129 Benedicti,
1953 1065 2012 1116 et

364 1157 579 1210 sanctae
607 1151 851 1226 virginis
883 1151 1098 1208 sororis
1129 1154 1256 1222 ejus
1277 1151 1826 1222 Scliolasticaz,quod
1851 1149 2011 1222 poni-

360 1247 459 1298 tur
489 1243 548 1298 in
583 1241 852 1307 Sublaco,
887 1241 993 1295 tibi
1024 1241 1256 1312 tuisque
1288 1241 1727 1296 successoribus
1749 1239 1889 1294 inibi
1911 1241 2008 1295 de-

363 1329 750 1388 servientibus
777 1328 866 1383 vel
901 1327 1332 1384 introeuntibus
1365 1329 1420 1383 in
1463 1333 1830 1401 perpetuum.

434 1419 494 1476 Si
526 1434 758 1490 semper
785 1421 925 1472 sunt
955 1417 1322 1472 concedenda
1368 1434 1493 1488 qua:
1543 1416 1656 1489 piis
1704 1415 2010 1472 desideriis

363 1511 712 1579 congruunt.
747 1509 965 1577 quanto
1011 1503 1383 1577 potissimum
1415 1522 1502 1571 ea,
1537 1523 1662 1577 qua
1696 1523 1797 1576 pro
1830 1503 2010 1560 divini

363 1595 556 1652 cultus
567 1592 948 1667 praerogativa
971 1609 1097 1649 esse
1120 1597 1463 1659 noscuntur,
1481 1609 1595 1648 non
1611 1597 1751 1649 sunt
1771 1591 2009 1649 omnino

361 1685 648 1758 neganda,
681 1685 822 1755 quia
845 1686 991 1738 sunt
1019 1699 1053 1738 a
1083 1681 1458 1754 largitoribus
1487 1698 1600 1736 non
1646 1681 1838 1738 solum
1870 1698 2010 1754 pos-

362 1774 565 1841 cenda,
599 1773 700 1828 sed
732 1770 1037 1828 charitatis
1067 1769 1235 1826 titulo
1267 1769 1466 1842 procul
1499 1771 1676 1826 dubio
1706 1770 2006 1843 exigenda.

363 1863 562 1919 Petisti
595 1876 702 1915 nos
735 1860 916 1933 igitur
937 1865 1228 1930 quatenus
1259 1859 1710 1916 concederemus
1735 1859 1855 1915 sive
1878 1876 2012 1914 con-

361 1951 734 2006 ﬂrmaremus
749 1953 860 2003 tuae
881 1946 1250 2018 religiositati
1273 1946 1674 2018 supradictum
1699 1951 1866 2002 tuum
1891 1962 2008 2002 mo-

362 2038 688 2094 nasterium
719 2035 906 2092 sancti
937 2034 1232 2089 Benedicti
1263 2039 1321 2090 et
1351 2039 1564 2089 sanctas
1615 2035 2006 2103 Scholasticae,

363 2127 519 2200 quod
548 2125 787 2198 ponitur
807 2124 866 2178 in
881 2121 1151 2189 Sublaco,
1167 2139 1300 2178 cum
1323 2122 1484 2178 cellis
1501 2127 1558 2178 et
1577 2124 1876 2193 coenobiis,
1891 2141 2011 2180 una

365 2231 500 2270 cum
531 2218 691 2269 turre
720 2217 778 2266 et
807 2215 1019 2266 cuncta
1048 2209 1432 2282 supellectilis
1468 2228 1691 2279 eorum,
1726 2229 1844 2267 una
1873 2229 2008 2268 cum

366 2320 564 2376 specu,
583 2303 681 2357 ubi
697 2297 1074 2357 beatissimus
1087 2299 1435 2355 Benedictus
1451 2301 1812 2356 ercmiticam
1831 2302 2007 2357 vitam

365 2391 552 2458 duxit,
586 2407 720 2445 cum
752 2388 951 2444 omnia
985 2387 1136 2443 infra
1167 2405 1229 2444 se
1257 2393 1314 2444 et
1345 2389 1498 2444 circa
1525 2407 1585 2445 se
1618 2406 1752 2445 cum
1785 2389 2006 2462 criptis,

364 2486 422 2537 et
449 2479 648 2536 omnia
678 2477 924 2533 aedificia
955 2477 1214 2532 humana
1245 2495 1370 2549 quae
1397 2477 1614 2533 ibidem
1648 2495 1802 2534 nunc
1837 2483 2006 2548 sunt;

363 2585 565 2624 verum
593 2566 767 2622 etiam
798 2570 854 2621 et
882 2565 1076 2620 lacum
1107 2582 1241 2621 cum
1282 2565 1548 2638 piscariis
1595 2571 1652 2622 et
1697 2567 2010 2640 aquimolis

366 2657 511 2723 suis,
544 2656 680 2711 inde
709 2660 952 2710 exeunte
980 2670 1132 2726 aqua
1162 2654 1430 2726 palaneto
1471 2673 1605 2710 cum
1655 2656 1924 2728 piscariis
1954 2662 2012 2713 et

367 2743 682 2818 aquimolis
715 2743 860 2811 suis,
892 2743 1214 2800 deducente
1240 2743 1371 2814 ipsa
1401 2744 1632 2816 aquain
1654 2745 1778 2800 loco
1801 2747 1899 2817 qui
1921 2763 2012 2801 vo-

366 2839 534 2890 catur
563 2833 825 2889 Mandra.
862 2832 1005 2887 Item
1037 2831 1356 2903 aquimolis
1387 2837 1442 2887 et
1469 2833 1737 2904 piscariis
1777 2835 1923 2904 suis,
1955 2839 2014 2891 et

367 2921 626 2996 pervenit
657 2937 842 2994 usque
873 2921 932 2976 in
965 2920 1110 2987 loco,
1141 2921 1241 2992 qui
1291 2922 1741 2994 cognominatur
1769 2923 1840 2978 de
1873 2924 2010 2978 Fer-

367 3015 510 3077 rata,
545 3008 832 3066 omnia-in
862 3008 1157 3080 integrum
1184 3009 1561 3066 cohaerentes.
1595 3011 1804 3066 Nostra
1844 3028 2010 3066 nam-

365 3117 480 3172 que
511 3097 855 3154 auctoritate
872 3097 929 3151 in
943 3100 1131 3152 vestro
1146 3097 1497 3154 monasterio
1511 3097 1631 3154 sint
1642 3099 2006 3167 conﬁrmata,

1685 304 2057 370 GREGORII
2098 302 2152 367 V
2192 303 2449 368 ΡΑΡᾹΞ.

2042 439 2100 507 Α
2127 437 2259 507 bus,
2289 437 2478 511 plagis
2507 442 2566 495 et
2601 435 3045 511 appendicibus,
3077 436 3305 496 cultum
3351 441 3413 495 et
3457 435 3754 509 incultum,

3649 304 3786 385 916,

2119 543 2371 582 vacuum
2395 531 2452 582 et
2470 525 2730 598 plenum,
2746 543 2882 583 cum
2897 527 3173 584 omnibus
3202 526 3541 600 supradicto
3570 544 3758 584 mona-

2119 613 2294 670 sterio
2323 632 2426 670 seu
2459 615 2713 670 castellis
2741 615 3090 688 generaliter
3117 621 3173 672 et
3195 617 3253 672 in
3275 616 3575 689 integrum
3598 617 3757 689 perti-

2120 703 2396 758 nentibus
2427 703 2485 757 in
2517 703 2807 759 territorio
2839 704 3146 760 Tiburtino
3173 709 3230 760 et
3261 704 3759 770 Sublaciano,sic-

2123 790 2202 847 uti
2234 808 2336 863 per
2364 792 2616 848 termina
2647 792 3033 864 designantur
3063 799 3236 865 atque
3267 795 3758 850 demonstrantur.

2121 880 2437 952 Incipiente
2466 898 2499 935 a
2529 886 2694 953 porta
2729 881 3287 953 Imperatorismnde
3308 884 3506 954 ipsum
3533 883 3759 940 ﬂumcm

2121 970 2430 1038 redundat,
2463 970 2598 1025 dein
2650 971 2986 1026 deveniente
3034 971 3094 1026 in
3135 975 3349 1037 monte,
3385 970 3487 1044 qui
3535 975 3762 1028 vocatur

2122 1057 2367 1113 Romani
2399 1062 2456 1113 et
2500 1063 2652 1114 recte
2699 1059 2760 1114 in
2812 1059 3296 1132 Campolongum,
3329 1064 3488 1116 recto
3540 1060 3762 1116 tramite

2120 1153 2396 1219 pergente
2425 1147 2484 1202 in
2521 1148 2740 1214 Pereto,
2775 1147 2874 1203 ubi
2907 1153 2997 1204 est
3042 1147 3287 1204 ecclesia
3331 1149 3522 1204 sancti
3573 1149 3716 1204 Petri
3745 1165 3758 1204 :

2117 1235 2254 1290 inde
2283 1235 2546 1292 veniente
2575 1237 2635 1291 in
2666 1236 2909 1302 Stafﬁle,
2935 1255 3062 1309 quae
3085 1241 3237 1293 astat
3262 1237 3321 1292 in
3342 1237 3758 1311 Camposacro:

2117 1321 2254 1380 inde
2285 1323 2395 1379 iter
2421 1325 2647 1397 agendo
2679 1329 2736 1380 et
2767 1327 3026 1398 pervenit
3057 1326 3116 1380 in
3138 1343 3272 1382 arco
3295 1326 3482 1382 sancti
3518 1327 3760 1398 Georgii,

2118 1415 2175 1466 et
2205 1411 2290 1466 sic
2320 1411 2581 1484 pervenit
2609 1412 2667 1467 in
2700 1415 2898 1469 monte
2945 1415 3016 1469 de
3050 1413 3374 1481 Flaontino,
3409 1414 3483 1469 de
3514 1413 3644 1486 ipso
3672 1415 3762 1470 de-

2119 1500 2430 1556 scendente
2461 1505 2678 1570 monte,
2713 1506 2771 1557 et
2801 1501 3061 1574 pervenit
3091 1502 3149 1557 in
3181 1519 3356 1574 aqua,
3390 1519 3522 1575 quae
3551 1508 3611 1558 et
3641 1503 3764 1558 Fer-

2118 1592 2247 1644 rata
2275 1593 2514 1644 vocatur
2533 1607 2547 1656 ;
2573 1594 2850 1661 sequente
2876 1590 3004 1662 ipsa
3014 1607 3166 1663 aqua
3179 1607 3367 1663 usque
3381 1591 3527 1646 dum
3548 1591 3766 1648 eveniat

2117 1678 2176 1732 in
2212 1693 2346 1732 arco
2374 1677 2446 1732 de
2473 1677 2876 1750 Aquaferrata,
2901 1683 2956 1734 et
2987 1695 3089 1750 per
3117 1678 3309 1752 ipsam
3339 1695 3566 1752 aquam
3595 1680 3766 1736 donec

2119 1781 2295 1822 suum
2325 1781 2565 1821 cursum
2599 1765 2832 1838 explicit
2868 1765 2928 1821 in
2977 1766 3220 1824 ﬂuvium
3269 1767 3504 1824 Tiberis
3537 1784 3552 1822 :
3587 1773 3765 1825 trans-

2118 1857 2347 1910 meante
2379 1855 2506 1927 ipso
2531 1854 2726 1922 ﬂuvio,
2755 1855 3104 1912 ascendente
3133 1855 3193 1911 in
3225 1860 3448 1924 monte,
3472 1855 3580 1928 qui
3607 1871 3766 1912 voca-

2115 1947 2215 1998 tur
2243 1942 2465 2010 Crofco,
2499 1943 2599 2016 qui
2630 1941 2902 2016 proprius
2924 1943 2994 2000 de
3017 1948 3116 2001 tuo
3135 1947 3224 2000 est
3244 1944 3766 2002 monasterio.lnde

2119 2048 2220 2104 per
2249 2048 2530 2088 cacumen
2581 2031 2892 2100 montium,
2925 2049 3026 2104 per
3072 2033 3325 2090 conchas
3377 2033 3652 2103 vallium,
3675 2048 3768 2106 per

2118 2135 2396 2176 cavernas
2418 2125 2717 2193 petrarum
2747 2120 2980 2176 devenit
3006 2119 3066 2176 in
3099 2121 3541 2194 montibus,qui
3573 2139 3768 2196 cogno-

2120 2207 2426 2264 minantur
2454 2207 2716 2277 Gemini;
2749 2212 2808 2265 et
2837 2209 2922 2265 sic
2953 2210 3402 2266 descendentem
3454 2211 3522 2266 in
3570 2213 3765 2268 Fenes-

2119 2296 2304 2366 trelle,
2338 2301 2394 2353 et
2422 2297 2559 2354 inde
2589 2297 2958 2370 perveniente
3009 2299 3068 2354 in
3116 2298 3235 2354 rivo
3279 2298 3384 2372 qui
3433 2299 3768 2356 nominatur

2119 2386 2322 2454 Trave,
2356 2391 2411 2441 et
2439 2402 2542 2458 per
2566 2386 2838 2441 eumdem
2871 2387 3060 2442 rivum
3091 2386 3555 2444 descendentem
3585 2388 3646 2444 in
3666 2387 3766 2446 alio

2121 2473 2240 2530 rivo
2281 2473 2352 2530 de
2399 2474 2556 2530 Cona
2611 2474 2712 2529 ubi
2769 2473 2992 2537 dicitun
3043 2475 3274 2543 Crucis;
3307 2475 3569 2549 ipsaque
3624 2477 3770 2533 Cone

2121 2563 2468 2618 ascendente
2497 2563 2558 2618 in
2581 2563 2775 2618 locum
2807 2563 2909 2636 qui
2957 2568 3193 2620 vocatur
3236 2563 3464 2634 Oraru;
3505 2566 3644 2622 inde
3672 2566 3767 2622 ite—

2121 2651 2294 2706 ratim
2327 2652 2678 2707 ascendente
2708 2650 2767 2706 in
2790 2651 3124 2725 monte,qui
3145 2658 3200 2708 et
3216 2653 3525 2726 Aquaviva
3545 2654 3767 2722 dicitur,

2121 2744 2273 2794 recte
2305 2739 2364 2795 in
2397 2743 2572 2812 ponte
2602 2741 2914 2810 Terraneo,
2945 2747 3003 2798 et
3033 2759 3136 2814 per
3172 2741 3371 2814 ipsum
3423 2743 3650 2800 ﬂumen
3680 2745 3769 2801 de-

2119 2828 2434 2884 scendente
2459 2845 2644 2900 usque
2693 2828 2754 2884 in
2803 2833 2967 2901 petra
3015 2831 3408 2902 Imperatoris,
3443 2836 3508 2888 et
3556 2833 3690 2888 inde
3715 2849 3766 2888 in

2120 2921 2319 2973 monte
2352 2917 2636 2973 Romano.
2665 2917 2882 2974 Civitas
2902 2917 3242 2992 etiam,quaa
3263 2925 3518 2976 vocatur
3535 2919 3763 2990 Carsoli,

2119 3021 2254 3060 cum
2285 3003 2550 3062 ecclesiis
2579 3009 2636 3060 et
2663 3006 2939 3063 domibus
2988 3007 3140 3063 intra
3185 3024 3247 3064 se
3296 3007 3356 3062 in
3391 3008 3696 3083 integrum
3716 3013 3767 3065 et

2119 3092 2334 3148 deforis
2365 3093 2425 3148 in
2455 3093 2702 3150 diversis
2749 3094 3070 3168 vocabulis,
3099 3095 3274 3164 villis,
3304 3096 3525 3165 vincis,
3559 3098 3764 3166 fundis,

364 3187 624 3244 utnulla
651 3203 915 3258 unquam
944 3185 1251 3240 hominum
1292 3201 1505 3257 magna
1555 3203 1846 3258 parvaque
1877 3205 2010 3259 per-
2041 3173 2083 3240 C
2124 3184 2181 3237 et
2204 3180 2518 3250 casalibus,
2552 3182 2690 3238 rivis
2737 3199 2872 3239 cum
2923 3183 3252 3256 aquimolis,
3303 3201 3446 3242 cum
3501 3187 3766 3243 omnibus

365 3285 516 3333 sona'
539 3275 752 3331 audeat
780 3274 840 3328 in
872 3274 1001 3345 ipsa
1029 3289 1200 3346 aqua,
1230 3289 1358 3346 qua:
1389 3277 1626 3330 vocatur
1645 3274 2007 3343 Timida,seu

362 3366 424 3420 in
455 3381 626 3436 aqua,
661 3380 789 3435 quae
819 3361 1148 3434 appellatur
1177 3363 1459 3434 Augusta,
1492 3363 1578 3418 vel
1610 3363 1670 3418 in
1701 3382 2007 3438 aqua,quae

361 3453 576 3508 dicitur
600 3450 841 3518 Bullica,
875 3466 1065 3522 neque
1091 3449 1152 3505 in
1187 3449 1546 3517 Flumicello,
1567 3469 1752 3524 neque
1774 3453 1832 3508 in
1855 3470 2011 3526 aqua

361 3541 434 3596 de
463 3537 1087 3609 Roccanellum,neque
1109 3555 1167 3592 in
1199 3553 1371 3608 aqua,
1407 3554 1535 3608 quae
1562 3539 2011 3611 cognominatur

359 3629 536 3696 Cona,
573 3643 760 3700 neque
792 3627 850 3681 in
883 3624 1005 3680 ulla
1036 3642 1189 3698 aqua
1219 3625 1289 3680 de
1318 3629 1440 3680 toto
1469 3625 1820 3683 Sublaciano
1843 3629 2008 3684 terri-

359 3717 527 3784 torio,
561 3715 648 3772 vel
681 3715 739 3770 in
771 3713 1036 3787 quolibet
1065 3715 1134 3769 de
1165 3712 1311 3786 ipsis
1341 3713 1509 3782 locis,
1542 3715 1669 3771 sine
1717 3733 2007 3774 consensu

359 3806 588 3862 abbatis
608 3805 873 3877 ejusdem
889 3801 1224 3858 monasterii
1241 3801 1576 3875 pernullius
1593 3811 2007 3877 argumentum

357 3895 514 3950 idem
545 3891 910 3966 aquimolum
943 3890 1232 3947 dedicare.
1266 3892 1337 3946 Et
1365 3892 1466 3963 qui
1493 3891 1600 3947 hoc
1623 3893 2011 3966 fecerit,aqui-

357 3981 582 4039 molum
613 3981 808 4054 ipsum
840 3980 898 4034 in
929 3979 1332 4052 supradictum
1371 3981 1792 4038 monasterium
1814 3999 2009 4039 occur-

359 4076 468 4138 rat,
501 4069 644 4125 etin
679 4073 878 4125 nostro
910 4068 1126 4140 palatio
1158 4069 1594 4140 compositurus
1641 4069 1850 4126 existat
1880 4073 2008 4128 auri

358 4157 506 4214 cocti
535 4157 717 4212 libras
747 4157 916 4211 duas.
941 4157 1084 4212 Item
1117 4158 1537 4214 conﬁrmamus
1555 4157 1719 4214 vobis
1743 4159 2005 4216 detinen-

358 4247 500 4302 dum
532 4245 839 4301 castellum
873 4244 930 4298 in
953 4243 1383 4316 integrum,qui
1401 4252 1640 4302 vocatur
1661 4247 2003 4318 Sublacum,

357 4351 492 4392 cum
525 4334 800 4390 omnibus
831 4331 955 4388 suis
987 4333 1355 4404 pertinentiis
1385 4334 1469 4389 vel
1501 4336 2005 4408 adjacentiis,cum

355 4422 518 4480 omni
550 4421 763 4494 placito
785 4425 843 4476 et
871 4420 1184 4478 donatione
1216 4438 1343 4488 sua,
1362 4439 1480 4478 una
1495 4440 1626 4478 cum
1649 4424 2002 4496 glandatico,

355 4515 414 4568 et
443 4511 741 4568 herbatico
773 4527 900 4579 suo,
932 4514 1108 4602 atque
1137 4515 1351 4602 cuncta
1401 4511 1636 4602 publica
1684 4514 2001 4582 functione,
2033 4539 2080 4602 Β

354 4599 530 4657 sicuti
561 4600 620 4656 in
654 4602 853 4658 nostro
883 4599 1099 4670 palatio
1130 4598 1395 4654 annatim
1427 4601 1676 4672 persolvi
1703 4602 2002 4660 solet.Seu

355 4688 773 4745 conﬁrmamus
802 4687 967 4744 vobis
1001 4693 1260 4742 montem
1294 4687 1352 4742 in
1377 4687 1600 4760 integro
1614 4690 1685 4745 ad
1698 4691 2003 4749 castellum

352 4776 709 4846 faciendum,
743 4777 843 4848 qui
891 4779 1130 4832 vocatur
1177 4778 1476 4847 Augusta;
1507 4782 1564 4832 et
1595 4784 1853 4835 montem
1901 4781 2003 4853 qui

353 4870 591 4921 vocatur
613 4863 904 4930 Cervaria,
935 4881 1070 4920 cum
1099 4863 1376 4920 omnibus
1405 4881 1608 4920 earum
1636 4868 2004 4938 pertinentiis

352 4954 414 5010 in
446 4955 761 5026 integrum.
796 4953 970 5009 Porro
1003 4958 1059 5009 et
1091 4951 1422 5020 castellum,
1457 4955 1612 5026 quod
1642 4961 1883 5011 vocatur
1900 4958 2001 5012 Ar-

353 5042 500 5110 sule,
536 5041 833 5114 simulque
859 5047 915 5097 et
943 5040 1250 5098 castellum
1283 5042 1438 5112 quod
1476 5047 1714 5098 vocatur
1760 5045 2003 5101 Anticu-

351 5129 479 5186 lum
505 5147 518 5185 :
545 5130 1008 5202 unumquodque
1039 5127 1348 5184 castellum
1371 5145 1504 5186 cum
1530 5131 2002 5202 ecclesiis,cellis,

353 5217 627 5274 domibus
661 5217 812 5273 infra
845 5235 907 5274 se
937 5222 992 5273 et
1025 5217 1260 5283 deforis,
1295 5217 1498 5286 vineis,
1530 5221 1722 5289 terris,
1756 5223 2001 5295 campis,

352 5306 556 5378 pratis,
577 5307 831 5378 pascuis,
861 5305 1044 5375 silvis,
1069 5305 1324 5372 salectis,
1346 5305 1672 5373 arboribus,
1681 5310 2002 5382 pomiferis,

352 5393 693 5462 fructiferis,
725 5391 811 5448 vel
845 5391 1225 5448 infructit‘eris
1258 5392 1468 5447 diversi
1501 5395 1751 5466 generis,
1787 5398 1998 5468 puteis,

353 5481 633 5550 fontibus,
665 5482 826 5551 rivis,
861 5486 1034 5554 atque
1081 5480 1445 5547 ﬂuminibus,
1481 5500 1615 5538 cum
1665 5484 1999 5556 aquimolis,

353 5574 480 5626 tum
529 5571 848 5628 castanieta
867 5578 922 5626 et
943 5570 1278 5642 paludibus,
1294 5587 1425 5626 cum
1450 5574 1748 5629 montibus
1771 5580 1828 5630 et
1845 5575 2002 5630 colli-

2117 3270 2242 3326 suis
2273 3270 2642 3342 pertinentiis
2659 3275 2716 3332 ct
2730 3271 3099 3344 adjacentiis,
3113 3271 3288 3329 sicuti
3306 3279 3511 3331 vestra
3533 3276 3766 3349 antiqua

2116 3357 2418 3432 privilegia
2448 3358 2770 3429 continent,
2792 3359 2876 3416 ita
2902 3361 3067 3418 vobis
3098 3361 3157 3418 in
3189 3363 3474 3420 omnibus
3507 3365 3628 3421 sint
3645 3381 3767 3422 con-

2117 3447 2366 3514 firmata,
2397 3447 2590 3519 posita
2616 3447 2771 3504 infra
2799 3453 2992 3505 castro
3023 3450 3263 3507 Reatino
3292 3456 3350 3507 et
3380 3452 3690 3521 Cic’ulano,
3717 3457 3769 3509 et

2118 3535 2442 3592 Marsicano
2477 3535 2788 3593 territorio.
2809 3537 3071 3610 Denique
3089 3543 3146 3594 et
3161 3539 3595 3598 confirmamus
3614 3541 3765 3598 vobis

2117 3623 2425 3680 castellum
2457 3625 2517 3680 in
2547 3625 2793 3697 integro,
2808 3626 2967 3698 quod
2997 3633 3054 3683 et
3082 3627 3337 3684 Trillano
3368 3636 3764 3704 nuncupatur,

2117 3729 2237 3769 una
2265 3729 2400 3795 curn
2423 3712 2566 3770 colle
2587 3713 2658 3770 de
2681 3713 2905 3770 Ferrari
2921 3721 2979 3770 et
2996 3715 3478 3774 Monasterellum
3501 3725 3562 3776 et
3583 3721 3767 3788 Sassa,

2116 3801 2238 3858 sive
2267 3819 2395 3874 quis
2424 3803 2496 3858 ab
2517 3801 2648 3860 aliis
2670 3803 2968 3861 vocabulis
2991 3810 3584 3878 nuncupantur,cum
3603 3807 3763 3876 villis,

2117 3889 2318 3946 fundis
2347 3895 2405 3946 et
2436 3889 2752 3960 casalibus,
2785 3891 2992 3962 vineis,
3024 3898 3084 3950 et
3112 3893 3304 3964 terris,
3327 3895 3765 3970 campis.pratis

2115 3983 2174 4034 et
2204 3979 2442 4051 pascuis
2471 3984 2528 4035 et
2557 3997 2692 4036 cum
2723 3982 3002 4038 omnibus
3033 3981 3155 4040 suis
3185 3983 3591 4056 pertinentiis,
3607 3985 3764 4043 sicuti

2113 4067 2444 4124 extenditur
2474 4085 2662 4141 usque
2692 4069 2752 4125 in
2785 4071 3136 4128 Pisciscano.

2185 4157 2255 4212 Et
2283 4155 2474 4212 casale
2503 4155 2564 4212 in
2591 4156 2957 4232 integro,qui
2987 4164 3227 4217 vocatur
3254 4160 3490 4218 Ursano
3523 4168 3583 4221 et
3611 4165 3762 4221 Sam-

2115 4243 2248 4301 buci
2273 4261 2409 4300 cum
2442 4244 2690 4303 ecclesia
2721 4249 2910 4304 sancti
2941 4249 3176 4306 Thema:
3197 4249 3256 4304 in
3279 4250 3541 4308 desertis
3562 4253 3760 4326 posita,

2113 4338 2170 4388 et
2200 4337 2459 4389 montem
2493 4333 2554 4390 in
2586 4335 2902 4409 integrum,
2937 4339 3038 4410 qui
3069 4337 3399 4412 appellatur
3447 4341 3759 4408 Gurdiano,

2112 4438 2248 4479 cum
2281 4422 2478 4478 fundis
2509 4427 2566 4478 et
2595 4424 2895 4482 casalibus
2924 4427 3070 4496 suis,
3095 4432 3269 4500 atque
3290 4429 3675 4488 medietatem
3697 4430 3762 4486 de

2113 4508 2258 4579 loco,
2293 4511 2392 4582 qui
2424 4511 2642 4568 dicitur
2669 4513 2862 4583 Ylice;
2897 4520 2954 4570 et
2973 4515 3166 4572 locum
3188 4517 3288 4588 qui
3309 4524 3566 4576 vocatur
3585 4522 3762 4576 Casta-

2112 4597 2287 4667 niola,
2322 4615 2455 4655 cum
2486 4599 2672 4657 vineis
2700 4605 2760 4658 et
2789 4603 2998 4660 terreis
3026 4603 3110 4660 vel
3133 4605 3292 4661 omni
3312 4607 3764 4678 pertinentia;et

2112 4686 2173 4741 in
2205 4686 2332 4758 ipso
2357 4688 2609 4745 conﬁnio
2631 4690 2799 4746 adest
2821 4696 3038 4762 monte,
3059 4693 3158 4766 qui
3176 4698 3422 4750 vocatur
3441 4697 3757 4763 Buberano,

2111 4773 2172 4830 in
2202 4774 2492 4850 integrum
2524 4795 2660 4834 cum
2692 4780 2918 4838 ceteris
2950 4781 3246 4838 vocabulis
3271 4783 3395 4839 sive
3419 4784 3756 4857 pertinenti-

2112 4864 2246 4920 bus.
2261 4865 2594 4939 Iterumque
2611 4867 2788 4923 etiam
2811 4871 3231 4927 conﬁrmamus
3251 4871 3422 4928 vobis
3433 4873 3758 4943 castellum,

2112 4953 2268 5025 quod
2299 4953 2513 5009 dicitur
2541 4955 2893 5028 Ampolloni,
2916 4957 2976 5013 in
3009 4957 3304 5032 integrum
3331 4976 3474 5016 cum
3505 4960 3756 5018 ecclesiis

2112 5047 2171 5098 et
2201 5043 2475 5100 domibus
2505 5043 2659 5100 infra
2687 5061 2749 5101 se
2780 5063 2886 5118 per
2913 5047 3112 5103 omnia
3142 5054 3200 5104 et
3227 5052 3394 5104 extra
3426 5067 3493 5106 se
3521 5067 3654 5106 cum
3678 5047 3754 5103 vi-

2113 5130 2262 5199 neis,
2295 5130 2487 5200 terris,
2509 5132 2728 5202 fundis,
2753 5137 2811 5189 et
2839 5135 3256 5203 casalibus,vel
3273 5138 3557 5194 omnibus
3575 5137 3755 5193 eidem

2113 5219 2539 5292 pertinentibus
2571 5221 2829 5278 castello.
2868 5224 3110 5296 Insuper
3138 5223 3356 5294 locum,
3391 5226 3496 5298 qui
3525 5229 3756 5282 vocatur

2112 5307 2408 5378 Pentoma,
2432 5325 2568 5364 cum
2599 5311 2724 5366 suis
2753 5311 3028 5368 omnibus
3049 5313 3108 5367 in
3134 5313 3432 5390 integrum
3465 5314 3753 5388 pertinen-

2111 5397 2305 5464 tibus;
2335 5414 2536 5453 vcrum
2569 5397 2746 5455 etiam
2777 5405 2835 5456 et
2865 5399 3238 5458 medietatem
3271 5402 3342 5459 de
3391 5402 3632 5460 castello
3671 5399 3752 5458 di-

2107 5485 2342 5558 vulgato
2372 5487 2441 5542 de
2471 5491 2672 5543 sancto
2705 5488 3004 5560 Pamﬁmo,
3029 5507 3161 5546 cum
3194 5490 3505 5548 medietate
3534 5492 3605 5546 de
3635 5489 3750 5546 suis

2108 5575 2385 5632 omnibus
2414 5575 2804 5648 pertinentiis.
2834 5578 3247 5636 Verumtamen
3277 5582 3335 5658 et
3355 5578 3663 5638 castellum
3683 5577 3771 5633 de-
