4044 6176
325 231 442 299 917

1499 233 1904 301 ΕΡῙΞΤΟῙΛΕ
1945 230 2048 297 ET
2088 232 2557 306 PRIVILEGIA.

3606 230 3727 304 918

322 365 639 428 Collemalo
670 367 731 425 in
760 367 1073 441 integrum.
1104 372 1249 426 Item
1295 372 1351 427 et
1389 369 1606 440 locum,
1639 369 1739 443 qui
1772 373 1829 426 et
1860 369 1969 425 Ro-
2000 368 2054 435 Α
2084 369 2473 441 possidere,et
2492 376 2555 426 tu
2588 368 2764 426 etiam
2786 385 2889 442 pro
2908 368 3221 428 venerabili
3243 375 3343 429 tuo
3372 374 3724 431 monasterio

323 459 483 517 mani
506 462 745 515 vocatur
773 459 831 513 in
863 458 1156 532 integrnm
1183 477 1196 513 :
1221 464 1279 515 et
1304 460 1676 515 medietatem
1707 460 1778 515 de
1808 458 1966 527 villa,

322 567 450 623 qua
483 545 812 621 appellatur
840 547 999 619 Papi,
1026 566 1143 604 una
1173 565 1308 603 cum
1336 548 1538 604 fundis
1564 554 1621 604 et
1651 547 1965 615 casalibus,

317 637 505 693 vineis
550 641 608 692 et
648 635 845 703 terris;
881 637 1126 708 campis,
1160 637 1364 709 pratis,
1398 638 1652 710 pascuis,
1688 642 1745 693 et
1784 638 1965 705 silvis,

318 726 572 793 selectis,
608 725 891 795 fontibus,
923 742 990 781 ac
1021 725 1180 791 rivis,
1213 743 1349 781 cum
1381 727 1716 798 aquimolis,
1745 732 1802 783 et
1833 743 1966 783 cum

315 814 593 873 omnibus
616 830 720 886 pro
742 812 993 885 singulis
1013 812 1176 880 locis,
1204 820 1260 869 et
1278 815 1576 870 vocabulis
1599 815 1965 888 generaliter,

315 909 375 960 et
396 903 453 958 in
477 903 768 975 integrum
794 903 1682 975 pertinentibusﬂmnibusjam
1701 904 1871 958 dictis
1894 904 1970 958 lo-

313 993 399 1048 cis
425 991 715 1047 territorio
742 990 1051 1046 Tiburtino
1075 991 1199 1046 sitae
1226 996 1386 1046 sunt.
1408 994 1479 1047 At
1511 1009 1642 1047 vero
1676 997 1731 1048 et
1762 993 1967 1047 confir-

314 1097 551 1137 mamus
567 1078 729 1135 vobis
742 1080 1067 1151 vestrisque
1080 1082 1519 1137 successoribus
1534 1080 1737 1137 cellam
1756 1086 1969 1137 sanctae

316 1170 605 1234 Barbarae,
638 1184 765 1239 qua:
798 1172 888 1222 est
918 1168 1070 1224 intro
1110 1170 1341 1225 civitate
1371 1170 1700 1235 Tiburtina,
1735 1171 1793 1225 in
1824 1171 1969 1224 inte-

314 1273 487 1331 grum
520 1272 656 1311 cum
688 1255 963 1311 domibus
1008 1261 1065 1311 et
1114 1257 1277 1312 cellis
1326 1257 1479 1313 intra
1529 1276 1589 1314 se
1640 1276 1773 1312 cum
1807 1258 1970 1329 aqui-

313 1346 488 1403 molis
536 1344 663 1400 suis
712 1344 867 1400 intro
929 1346 1132 1401 eadem
1183 1346 1416 1401 civitate
1454 1353 1512 1403 et
1550 1346 1785 1415 deforis,
1837 1362 1973 1402 cum

314 1433 515 1490 fundis
541 1438 600 1490 et
627 1432 948 1503 casalihus,
975 1434 1161 1489 vineis
1191 1439 1248 1488 et
1276 1435 1470 1503 terris,
1493 1436 1739 1508 campis,
1769 1436 1971 1514 pratis,

315 1521 558 1596 pascuis
608 1525 667 1576 et
717 1520 898 1587 silvis,
933 1538 1068 1577 cum
1118 1523 1276 1578 omni
1338 1540 1448 1579 sua
1494 1524 1847 1596 pertinentia
1887 1524 1973 1579 vel

317 1611 667 1683 adjaceutia.
699 1610 828 1665 Sive
857 1612 1035 1666 etiam
1076 1617 1132 1666 et
1172 1612 1324 1668 infra
1360 1612 1540 1684 hujus
1582 1613 1747 1669 alma:
1780 1613 1975 1668 Romae

320 1700 742 1756 conﬁrmamus
765 1699 932 1754 vobis
954 1700 1159 1755 cellam
1181 1701 1367 1755 sancti
1394 1701 1640 1768 Erasmi,
1666 1718 1792 1773 quae
1818 1702 1977 1774 poni-
2004 1734 2054 1800 Β

320 1792 419 1844 tur
446 1787 507 1842 in
538 1785 693 1843 Celio
726 1791 944 1854 monte,
978 1803 1116 1843 cum
1148 1788 1443 1856 domibus,
1477 1788 1624 1848 cella
1650 1788 1892 1856 vinaria,
1918 1794 1975 1844 et

321 1875 519 1943 fenile,
553 1892 689 1931 cum
736 1875 922 1931 hortis
952 1880 1009 1932 et
1035 1877 1221 1932 vineis
1259 1876 1414 1933 circa
1443 1894 1525 1945 se,
1560 1893 1694 1933 cum
1748 1877 1973 1934 arbori-

326 1967 439 2022 bus
469 1964 779 2031 olivarum,
810 1969 866 2020 et
904 1965 1137 2021 diversa
1172 1980 1387 2036 genera
1423 1966 1698 2021 arborum
1731 1967 1972 2038 pomife-

324 2069 547 2120 rorum,
580 2055 638 2107 et
666 2068 800 2107 cum
831 2053 1055 2108 caeteris
1079 2053 1265 2108 vineis
1296 2058 1355 2109 et
1398 2054 1723 2123 casalibus;
1755 2054 1978 2111 scilicet

324 2146 585 2215 pratum,
612 2141 768 2213 quod
799 2142 1039 2212 ponitur
1060 2141 1201 2197 foris
1225 2147 1399 2214 ponte
1419 2142 1662 2212 Salario,
1685 2144 1973 2216 et‘casale,

328 2231 485 2303 quod
517 2229 760 2301 ponitur
786 2230 1064 2301 Aquario,
1096 2235 1154 2285 et
1183 2229 1297 2285 alio
1327 2229 1541 2299 oasale,
1562 2232 1717 2303 quod
1740 2237 1979 2289 vocatur

327 2318 573 2386 Quinto;
607 2322 665 2374 et
694 2318 755 2373 in
786 2316 1115 2374 Albanense
1150 2318 1440 2376 territorio
1470 2321 1671 2391 vinem,
1696 2340 1822 2395 quae
1853 2324 1977 2395 sita:

330 2410 471 2464 sunt
503 2423 537 2461 a
565 2407 752 2479 oripta
773 2424 899 2478 quae
938 2412 1318 2463 vocatur......
1350 2426 1385 2464 a
1413 2409 1587 2466 Silice
1627 2410 1974 2479 Albanense,

329 2501 390 2553 et
421 2497 481 2550 in
511 2494 658 2563 loco,
683 2496 782 2567 qui
827 2495 1153 2567 appellatur
1181 2497 1463 2567 Zinzinni,
1487 2499 1575 2553 vel
1627 2501 1686 2554 in
1735 2500 1979 2556 diversis

326 2584 474 2642 locis
495 2582 615 2639 sive
632 2574 961 2651 vocabulis,
976 2584 1332 2658 ubicumque
1357 2586 1602 2643 inveniri
1624 2586 1711 2642 vel
1741 2588 1978 2659 reperiri

330 2673 563 2748 possint
579 2688 682 2745 per
692 2672 1016 2745 quamlibet
1031 2673 1239 2730 seriem
1258 2674 1681 2746 scripturarum
1692 2677 1762 2732 ad
1782 2678 1978 2749 ipsum

331 2763 497 2837 pium
530 2777 596 2816 ac
614 2761 1004 2817 venerabilem
1038 2761 1231 2818 locum
1262 2764 1639 2835 pertinentes,
1664 2765 1775 2820 sub
1797 2766 1979 2837 juris-

333 2851 587 2909 dictione
602 2855 796 2906 vestra
813 2867 1045 2923 semper
1063 2853 1396 2924 persistant,
1413 2870 1448 2908 a
1467 2853 1737 2926 presenti
1755 2855 1983 2910 decima

333 2939 672 3007 indictione,
695 2943 753 2995 et
783 2956 967 3013 usque
998 2941 1057 2995 in
1089 2946 1435 3013 perpetuum
1468 2942 1633 2999 vobis
1661 2942 1984 3016 vestrisque

335 3026 775 3086 successoribus
807 3028 1120 3086 abbatibus
1152 3046 1288 3085 cum
1324 3030 1534 3087 timore
1565 3032 1885 3105 regendum
1918 3050 1983 3088 ac

2076 458 2163 513 vel
2184 475 2552 515 successores
2575 459 2661 514 tui
2690 459 2950 527 abbates,
2968 460 3306 532 possideant
3324 480 3387 517 ac
3406 464 3722 533 detineant,

2079 553 2254 620 atque
2278 547 2694 619 jurisdictione
2739 548 2795 603 in
2846 555 3195 620 perpetuum
3235 551 3492 608 fruentes
3531 554 3725 610 defen-

2078 638 2241 702 dant,
2259 642 2314 691 et
2330 637 2389 691 iu
2408 637 2721 692 utilitatem
2741 637 3003 709 ejusdem
3023 638 3101 709 pii
3126 638 3233 694 loci
3256 642 3588 710 perenniter
3604 660 3729 715 pro-

2078 724 2295 780 ﬁciant.
2312 726 2418 780 Pro
2440 742 2553 797 quo
2574 725 2749 779 etiam
2774 726 2881 779 sub
2900 727 3076 780 divini
3092 727 3300 797 judicii
3343 730 3727 788 obtestatione

2079 813 2517 885 promulgantes
2551 814 2938 875 decernimus.
2966 821 3027 869 ut
3059 814 3217 870 nulla
3245 834 3503 887 unquam
3540 822 3730 891 cujus-

2080 917 2191 972 que
2224 900 2470 973 publicae
2502 901 2835 957 altitudinis
2866 902 3121 957 virorum
3158 906 3275 959 sive
3299 906 3726 977 mulierum,vel

2080 991 2257 1044 etiam
2280 990 2394 1044 alia
2416 991 2841 1061 cujuscumque
2864 990 2940 1045 sit
2965 990 3267 1062 dignitatis
3291 1010 3503 1065 magna
3527 1014 3727 1067 parva-

2081 1094 2195 1150 que
2217 1095 2486 1150 persona,
2514 1078 2947 1150 quomodolibet
2971 1080 3445 1148 jurisdictionem
3470 1100 3731 1142 exercere

2082 1168 2141 1222 in
2164 1169 2289 1238 jam
2315 1168 2469 1223 dicto
2492 1168 2844 1223 monasterio
2866 1168 2953 1222 vel
2980 1168 3040 1223 in
3061 1170 3338 1237 castellis,
3356 1174 3587 1235 massis.
3606 1174 3731 1229 fun-

2082 1256 2194 1322 dis,
2232 1261 2290 1311 et
2319 1256 2639 1321 casalibus,
2674 1256 2906 1327 prmdiis
2938 1256 3112 1312 cultis
3161 1261 3218 1311 et
3264 1258 3521 1325 incultis,
3553 1261 3639 1316 vel
3672 1266 3729 1318 in

2084 1343 2275 1416 aquis,
2310 1343 2686 1410 molendinis,
2719 1349 2774 1398 et
2814 1344 3102 1416 piscariis,
3132 1345 3220 1401 vel
3262 1347 3319 1401 in
3363 1349 3557 1419 aliqua
3597 1367 3731 1422 pos-

2085 1433 2369 1499 sessione,
2405 1450 2509 1488 seu
2553 1434 2729 1488 etiam
2762 1433 2821 1487 in
2853 1432 3097 1489 diversis
3147 1435 3343 1499 rebus,
3376 1437 3732 1511 ubicumque

2085 1522 2342 1578 detinere
2371 1521 2674 1588 videmini,
2699 1539 2804 1577 nec
2843 1521 3146 1593 quidpiam
3191 1523 3399 1578 borum
3431 1541 3499 1580 ex
3528 1527 3731 1583 eodem

2085 1610 2210 1667 loco
2244 1612 2489 1678 auferre,
2526 1599 2629 1666 aut
2661 1611 2913 1682 diripere
2961 1616 3294 1680 praesumat,
3322 1629 3509 1683 neque
3551 1613 3730 1672 ullam

2088 1699 2514 1769 laesionem,aut
2544 1700 3019 1754 contrarietatem
3062 1699 3299 1755 malitiae
3333 1701 3391 1757 in
3422 1702 3549 1774 ipso
3578 1703 3732 1759 beati

2086 1788 2381 1845 Benedicti
2406 1786 2760 1842 monasterio
2796 1791 2973 1857 atque
2994 1787 3270 1842 omnibus
3312 1794 3373 1843 ut
3414 1806 3593 1861 supra
3630 1808 3731 1847 an-

2084 1877 2247 1933 nexis
2285 1878 2371 1932 eis
2410 1873 2858 1947 pertinentibus,
2882 1891 3114 1946 quoque
3153 1873 3407 1948 ingenio,
3432 1883 3535 1933 aut
3554 1895 3733 1952 argu~

2086 1970 2282 2024 mento
2303 1966 2517 2021 inferre
2537 1964 2767 2020 audeat.
2789 1963 2986 2018 Potius
3008 1968 3204 2018 autem
3219 1966 3354 2035 jure
3374 1972 3652 2038 perpetuo
3673 1969 3733 2025 in

2084 2057 2289 2112 eodem
2308 2051 2624 2109 venerabili
2664 2050 3040 2118 monasterio,
3064 2055 3129 2106 ut
3158 2054 3429 2124 superius
3472 2056 3733 2112 afﬁctum

2086 2149 2193 2213 est,
2210 2141 2493 2216 proﬁciat,
2510 2145 2567 2196 et
2587 2139 2862 2213 potestati
2886 2143 3060 2211 atque
3075 2139 3282 2196 ditioni
3306 2145 3416 2196 tuae
3427 2143 3533 2209 ,vel
3554 2144 3737 2199 omni~

2086 2234 2199 2289 bus
2230 2229 2669 2287 successoribus
2693 2227 2811 2283 tuis
2844 2226 3156 2283 abbatibus
3187 2232 3459 2300 perennis
3501 2247 3733 2303 parma-

2088 2326 2223 2379 neat
2235 2317 2585 2392 disponendi
2598 2321 2773 2388 atque
2790 2314 3125 2388 possidendi
3144 2317 3295 2372 facul
3306 2319 3479 2374 tas.Si
3495 2321 3628 2391 quis
3640 2337 3738 2377 au-

2087 2414 2205 2465 tem
2219 2406 2395 2479 (quod
2415 2421 2530 2460 non
2548 2408 2784 2475 optamu
2794 2404 3157 2474 s)temerario
3174 2421 3322 2459 ausu
3340 2411 3541 2462 contra
3558 2406 3738 2480 hujus

2088 2502 2301 2554 nostris
2341 2491 2672 2566 apostolicae
2702 2490 3106 2563 praceptionis
3138 2492 3349 2548 seriem
3382 2494 3473 2564 pie
3504 2512 3539 2551 a
3569 2496 3738 2553 nobis

2089 2583 2519 2658 promulgatam
2545 2578 2757 2645 venire,
2783 2578 2869 2634 vel
2900 2577 3131 2651 litigare
3149 2582 3479 2649 tentaverit,
3503 2583 3651 2639 sciat
3676 2601 3738 2640 se

2090 2673 2321 2731 Domini
2353 2670 2537 2726 nostri
2569 2672 2625 2723 et
2652 2666 3049 2740 apostolorum
3080 2668 3363 2740 principis
3409 2670 3559 2726 Petri
3606 2688 3740 2729 ana-

2090 2761 2369 2820 thematis
2389 2757 2620 2814 vinculo
2649 2756 3019 2821 innodatum,
3044 2760 3256 2811 etcum
3278 2757 3508 2813 diabolo
3530 2764 3589 2813 et
3610 2761 3739 2830 ejus

2091 2848 2475 2908 atrocissimis
2515 2845 2724 2918 poenis,
2749 2847 2924 2916 atque
2956 2860 3090 2899 cum
3128 2843 3283 2900 Juda
3320 2845 3598 2903 traditore
3627 2846 3738 2903 Do-

2092 2939 2236 2997 mini
2258 2936 2440 2995 nostri
2468 2941 2524 2991 et
2543 2932 2857 2991 Salvatoris
2877 2932 3017 2988 Jesu
3041 2931 3254 2988 Christi
3288 2932 3346 2989 in
3375 2938 3586 2990 aeterno
3604 2934 3739 3009 igne

2094 3020 2909 3092 concremandum,simulque
2924 3024 2981 3075 et
3002 3019 3061 3075 in
3078 3021 3352 3093 voragine
3376 3026 3742 3095 tartareoque

336 3116 1983 3191 regulariterdisponendum.Convenitreverentizevestrw
2014 3095 2058 3164 (1
2095 3118 2272 3175 chaos
2293 3116 2627 3171 demersum
2659 3127 2795 3166 cum
2826 3108 3027 3181 impiis
3057 3108 3455 3181 plectendum.
3481 3111 3587 3177 Qui
3609 3128 3741 3168 vero

337 3223 446 3263 nos
466 3205 831 3278 implorasse,
858 3211 916 3262 at
937 3207 1315 3280 saepedictum
1343 3210 1765 3266 monasterium
1797 3212 1982 3267 sancti

337 3293 635 3352 Benedicti
663 3298 721 3349 et
763 3300 979 3351 sanctae
1010 3296 1382 3353 Scholasticis
1422 3298 1752 3370 apostolica
1785 3305 1983 3355 aucto-

338 3383 528 3441 ritatis
550 3383 700 3439 serie
736 3385 1095 3453 muniamus,
1110 3391 1169 3442 et
1190 3386 1389 3442 omnia
1414 3392 1473 3442 et
1512 3388 1866 3459 pertinentia
1885 3406 1983 3461 pe-

340 3471 504 3527 renni
529 3472 665 3543 jure
695 3472 1104 3530 inviolabiliter
1129 3476 1527 3546 permanenda
1546 3476 1983 3533 confirmemus.

340 3559 653 3632 Propterea
671 3560 801 3615 ﬂexi
826 3563 1096 3633 precibus
1118 3563 1235 3618 tuis
1256 3579 1359 3635 per
1378 3562 1556 3634 hujus
1584 3564 1987 3636 praeceptionis

339 3648 621 3721 paginam
652 3653 980 3706 statuentes
1000 3652 1392 3719 decernimus,
1419 3656 1485 3706 ut
1511 3656 1722 3708 cuncta
1750 3652 1878 3708 loca
1896 3670 1988 3709 UP

341 3737 497 3793 bana
523 3736 613 3794 vel
643 3738 959 3806 rusticana,
994 3740 1053 3795 id
1092 3745 1182 3796 est
1224 3756 1473 3807 massas,
1506 3739 1749 3812 casales,
1771 3740 1861 3796 vel
1893 3757 1987 3796 ca-

341 3824 778 3894 stella,diversa
806 3828 1025 3898 praedia
1048 3828 1205 3883 culta
1232 3828 1319 3884 vel
1350 3827 1591 3897 inculta,
1616 3846 1744 3901 quis
1768 3846 1992 3900 ponun-

340 3917 441 3971 tur
468 3932 572 3986 per
589 3913 719 3970 loca
736 3920 793 3971 et
813 3915 1114 3985 vocabula,
1137 3934 1265 3987 quae
1286 3916 1559 3989 superius
1581 3919 1883 3990 praemissa
1902 3918 1989 3974 vel

344 4003 649 4059 nominata
678 4010 836 4072 sunt,
869 4003 1040 4060 sicuti
1074 4023 1107 4061 a
1136 4005 1534 4078 pontificibus,
1568 4006 1926 4079 regibus,vel
1959 4025 1994 4063 a

344 4092 531 4148 Deum
552 4093 897 4149 timentibus
920 4095 979 4149 in
1001 4096 1203 4151 eodem
1224 4094 1538 4152 venerabili
1569 4096 1693 4152 loco
1716 4112 1994 4153 concessa

345 4185 508 4248 sunt,
522 4180 611 4237 vel
632 4182 809 4238 etiam
834 4200 935 4254 per
955 4183 1099 4239 alias
1130 4184 1385 4240 rationes
1406 4186 1569 4256 juste
1591 4186 1735 4241 inibi
1759 4188 1997 4242 advene-

347 4274 509 4336 runt,
531 4269 684 4325 sicut
702 4273 900 4327 omnia
930 4274 1237 4344 praefatum
1259 4277 1429 4329 tuum
1461 4274 1884 4329 monasterium
1906 4276 2000 4330 de-

345 4358 529 4415 tinuit
557 4359 921 4431 temporibus
952 4366 1165 4417 sanctaa
1196 4362 1618 4418 recordationis
1650 4362 1911 4436 Gregorii
1938 4368 1999 4419 et

2091 3207 2187 3281 pio
2203 3204 2422 3260 intuitu
2440 3200 2712 3258 custodes
2728 3203 2787 3253 et
2801 3197 3136 3253 obedientes
3153 3203 3328 3269 atque
3343 3199 3745 3257 observatores

2093 3296 2273 3367 hujus
2304 3296 2517 3349 nostris
2548 3289 2861 3344 salutiferae
2886 3286 3292 3358 praiceptionis
3322 3286 3627 3357 exstiterit,
3652 3289 3745 3345 be—

2094 3380 2444 3442 nedictionis
2477 3378 2726 3451 gratiam
2749 3380 2803 3432 et
2825 3374 3076 3431 coalestis
3107 3374 3508 3431 retributionis
3528 3381 3745 3434 (eterna

2094 3472 2309 3549 gaudia
2339 3487 2373 3525 a
2395 3470 2558 3541 justo
2587 3466 2793 3522 Judiee
2835 3463 3080 3519 Domino
3130 3469 3329 3520 nostro
3376 3466 3658 3538 consequi
3688 3472 3745 3523 et

2092 3564 2222 3618 vita:
2252 3564 2477 3614 aeternae
2509 3552 2800 3627 particeps
2831 3551 2979 3605 efﬁci
3013 3556 3322 3606 mereatur.

2167 3648 2463 3718 Scriptum
2495 3659 2597 3714 per
2634 3656 2876 3697 manum
2927 3639 3219 3694 Benedicti
3262 3640 3560 3695 Scriniarii
3607 3642 3745 3697 san-3

2097 3744 2202 3794 ctaa
2232 3737 2507 3791 Romana:
2537 3728 2827 3795 Ecclesiae,
2857 3728 2916 3782 in
2948 3744 3149 3783 mense
3180 3728 3529 3797 Septembri,
3564 3729 3747 3785 Indic-

2100 3829 2253 3884 tione
2282 3843 2337 3880 x.

2173 3917 2324 3972 Bene
2355 3901 2560 3967 valete:

2173 4007 2387 4063 Datum
2422 4018 2477 4056 1v
2504 3996 2791 4055 Kalendas
2822 3994 2962 4050 Julii
2994 4011 3096 4066 per
3128 4010 3340 4049 manus
3370 3994 3613 4051 Joannis
3635 3996 3751 4068 epi-

2104 4095 2263 4167 scopi
2297 4095 2508 4147 sanctae
2540 4083 2889 4142 Albanensis
2935 4084 3204 4139 Ecclesiae
3235 4088 3291 4138 et
3321 4082 3749 4151 bibliothecarl,

2106 4198 2353 4241 summa}
2399 4184 2467 4255 et.
2504 4172 2834 4248 apostolicae
2890 4172 3049 4229 sedis
3106 4189 3282 4241 anno,
3314 4172 3428 4227 Deo
3478 4174 3750 4245 propitio,

2107 4272 2482 4346 pontiﬁcatus
2515 4263 2716 4320 domni
2749 4262 3009 4334 Gregorii
3042 4260 3090 4313 V
3120 4260 3337 4317 summi
3376 4260 3669 4331 pontiﬁcis
3700 4265 3758 4316 et

2108 4356 2454 4418 universalis
2505 4370 2665 4426 papa:
2696 4351 2754 4405 in
2791 4348 3189 4405 sacratissima
3221 4350 3355 4404 sede
3402 4348 3553 4403 beati
3605 4348 3755 4404 Petri

347 4446 639 4503 Zachariae
688 4453 747 4503 et
779 4449 998 4505 Nicolai
1034 4440 1195 4523 papae
1236 4451 1728 4523 praedecessorum
1765 4457 1999 4508 nostro-
2033 4463 2081 4529 Ι)
2112 4447 2379 4523 apostoli,
2417 4461 2568 4500 anno
2599 4440 2808 4514 primo,
2841 4437 3159 4494 indictione
3191 4454 3224 4491 x
3255 4437 3351 4509 (6).

351 4552 508 4602 rum,
526 4535 607 4591 ita
627 4540 686 4592 et
709 4554 866 4593 nunc
883 4555 1017 4594 cum
1042 4555 1258 4613 magna
1279 4538 1591 4595 securitate
1608 4539 1802 4611 quiete
1818 4539 2007 4597 valeat

424 4658 499 4747 (6)
530 4657 834 4747 Qghellius
866 4662 1017 4747 hanc
1048 4663 1236 4747 ipsam
1268 4662 1495 4747 bullam
1538 4680 1652 4735 pre:
1676 4664 1869 4746 oculis
1902 4664 2004 4720 ha-

352 4730 521 4808 bens,
552 4730 1111 4808 Joannempintrusit
1150 4736 1207 4790 in
1238 4730 1566 4808 catalogum
1599 4735 2004 4808 episcoporum

350 4801 774 4873 Albanensium
798 4806 870 4860 ad
896 4804 1117 4861 annum
1138 4810 1264 4873 828,
1283 4801 1487 4862 tomo'l
1509 4801 1868 4862 ltalfSacrEe.
1893 4807 2006 4863 Sed

351 4870 676 4950 is_fall_itur.
700 4875 826 4950 Non
848 4878 920 4932 ad
941 4870 1285 4950 Gregorium
1316 4878 1746 4950 quartum,_sed
1769 4878 2008 4950 quidem

357 4943 432 5024 ad
453 4942 750 5024 quintum,
773 4946 978 5003 litterae
1010 4942 1133 5024 ista:
1155 4942 1639 5024 (si‘tafnenomni
1672 4942 2008 5024 suspicione

356 5012 847 5092 falsi_eas__carere
878 5022 1074 5090 putas)
1106 5012 1845 5092 pertinentZNequeﬂenijm
1880 5036 2010 5074 con-

356 5083 516 5162 venit
544 5084 847 5162 indictioni
878 5083 912 5144 in
945 5083 1136 5162 annus
1168 5090 1395 5162 primus
1426 5083 1687 5162 Gregorii
1720 5090 1792 5144 IV
1824 5107 2008 5162 papae.

362 5154 551 5233 facile
567 5160 769 5233 tamen
788 5176 949 5233 error
966 5161 1026 5216 in
1049 5154 1452 5233 apographum
1476 5154 1779 5233 irrepsisse
1799 5154 2009 5233 potuit.

359 5225 844 5314 itanutqlibrarius
879 5225 1103 5314 legerit
1127 5225 1304 5314 varo
1329 5231 1403 5314 IV,
1430 5248 1566 5314 qua:
1592 5225 1822 5314 ’μαρξεέ
1863 5232 2015 5287 inter

360 5314 425 5375 se
447 5297 614 5353 facile
635 5297 983 5375 commutari
1007 5297 1276 5375 possunt,
1291 5297 1737 5375 etiadfeam‘dem
1762 5302 2010 5375 formam

359 5368 481 5425 fere
534 5372 836 5428 accedunt.
879 5368 1184 5430 Sed-cum
1234 5368 1269 5429 ei
1315 5371 1632 5429 Mabillonii
1690 5373 2014 5430 Annalibus

361 5443 540 5519 atque
569 5458 613 5519 εἰ
632 5440 917 5519 Chronico
949 5445 1313 5519 Sublaccnsi
1334 5447 1562 5519 constet
1601 5461 1752 5498 anno
1781 5445 1885 5497 997
1920 5448 2015 5500 flo-

361 5511 555 5567 ruisse
576 5511 812 5572 I’etrum
831 5517 1247 5574 Sublacensem
1266 5516 1535 5573 abbatem
1553 5533 1565 5582 ;
1581 5520 1637 5570 et
1661 5532 1866 5571 rursus
1880 5532 2013 5573 cum

2115 4683 2148 4721 a
2167 4661 2492 4735 Ciampinio
2603 4654 2859 4735 Cptalog.
2886 4652 3284 4735 bibliot‘hecar.
3400 4652 3465 4706 Β..
3495 4650 3557 4705 Ε.
3585 4654 3760 4735 atque

2116 4720 2187 4815 ab
2215 4720 2626 4815 ipso‘UsheUio
2648 4725 2704 4815 ira
2728 4720 3763 4815 θρῖερρρίεῥέὲδξξεξιξεξξξὶιξεςὲίίῖίεξε

2117 4794 2256 4863 facti
2285 4794 2572 4859 fuerimus
2602 4794 2804 4853 eodem
2846 4794 2999 4872 anno
3031 4794 3298 4872 ﬂoruisse
3326 4794 3760 4872 Joanqem_epi-

2118 4861 2359 4935 scopum
2392 4873 2801 4934 Albanensem,
2835 4870 2892 4921 et
2922 4870 3137 4921 sanctae
3180 4864 3453 4919 Romanae
3492 4861 3763 4935 Ecclesiae

2118 4932 2649 5005 bibliothecarium,
2684 4932 2795 4993 res
2817 4941 3014 4991 monet
3053 4937 3415 4991 referendam
3447 4950 3575 4989 esse
3613 4932 3766 4988 hanc

2120 5004 2340 5076 bullam
2364 5015 2437 5070 ad
2461 5008 2803 5081 Gregorium
2825 5007 2895 5081 V,
2912 5007 3017 5081 qui
3052 5004 3656 5081 iisdem‘temporibus
3678 5021 3766 5081 ca-

2120 5091 2389 5145 thedram
2421 5075 3072 5157 Petrivconscenditiet
3109 5094 3212 5149 pro
3254 5075 3498 5157 Gregorii
3526 5075 3766 5157 IV_scri-

2120 5160 2379 5215 bendum
2415 5153 2670 5225 Gregorii
2693 5150 2747 5205 V.
2774 5150 2875 5225 llic
2907 5154 3100 5225 autem
3135 5149 3503 5225 renuntiatus
3524 5149 3613 5225 est
3633 5162 3773 5225 pon-

2121 5233 2259 5287 tifex
2289 5241 2490 5283 mense
2528 5218 2685 5277 Maio
2730 5220 2866 5274 anni
2916 5220 3042 5276 996.
3074 5219 3387 5274 indictione
3418 5237 3495 5273 ιχ.
3528 5218 3677 5287 Ergo
3709 5218 3769 5270 in

2122 5303 2232 5358 hac
2263 5298 2424 5355 bulla
2453 5295 2599 5350 alter
2629 5308 2789 5347 error
2806 5291 3177 5355 occcurrcrit,
3202 5294 3375 5362 atque
3395 5294 3483 5346 est
3513 5291 3771 5362 scriben-

2124 5375 2265 5429 dum
2314 5374 2415 5424 aut
2460 5381 2604 5420 anno
2650 5362 2903 5427 secundo,
2939 5366 3040 5416 aut
3087 5359 3383 5417 indictione
3429 5378 3503 5415 1x.
3550 5359 3774 5414 Interea

2126 5436 2606 5501 animadverteris
2638 5450 2705 5489 ea
2729 5433 2903 5487 verba
2932 5451 2943 5486 :
2979 5434 3041 5487 In
3069 5441 3251 5504 nostra
3277 5433 3482 5504 palatio
3512 5431 3772 5501 composi-

2125 5525 2281 5571 turus
2307 5513 2507 5570 existat
2535 5507 2664 5563 auri
2694 5507 2829 5561 cocti
2859 5504 3028 5559 libras
3057 5503 3211 5559 duas.
