4052 6180
233 332 349 395 921

1403 332 1812 396 ΕΡΙΞΤΟΕᾸΞ
1853 330 1959 394 ET
1998 331 2467 395 PBIVILEGIA.

3521 336 3640 401 922

234 481 415 540 super
442 469 679 534 terram,
713 464 960 539 ligatum
982 464 1092 522 erit
1122 470 1180 523 et
1209 465 1267 522 in
1301 465 1472 535 coelo;
1497 470 1553 523 et
1581 467 1881 539 quodcun-
1910 465 1967 534 Α
1995 469 2194 522 nostro
2216 463 2508 538 spirituali
2539 464 2680 534 ﬁlio,
2712 467 2770 521 et
2799 482 2902 539 per
2949 468 3005 523 te
3053 464 3113 523 in
3159 466 3427 525 eamdem
3457 467 3639 525 eccle-

234 573 350 629 que
382 555 624 612 solveris
653 572 830 627 super
854 559 1093 624 terram,
1125 555 1383 612 solutum
1416 556 1527 611 erit
1564 556 1618 611 et
1648 556 1708 610 in
1742 554 1884 611 cmlo

235 645 441 716 (Matth.
466 644 602 717 xw).
637 645 949 716 Postquam
978 650 1034 699 et
1053 645 1231 716 hujus
1252 643 1448 700 vicarii
1488 644 1884 699 sincerissime

234 734 356 789 Deo
387 732 765 801 famulantes,
797 739 1065 789 carentes
1098 733 1445 789 nebularum
1469 732 1884 798 densitatibus,

230 829 463 879 tantam
495 823 732 895 dignius
765 827 1147 894 perceperunt
1169 826 1608 895 potestatem,et
1631 820 1883 876 universi

233 929 440 968 curam
464 917 603 967 sunt
624 912 814 966 sortiti
840 912 1171 983 regiminis;
1200 912 1350 965 inter
1373 928 1520 983 quos
1551 915 1607 965 et
1626 914 1884 965 nostram

233 1002 583 1074 parvitatem
604 1001 702 1055 Dei
721 1000 1136 1071 omnipotentis
1159 1000 1559 1054 misericordia
1578 1016 1888 1055 connume-

235 1105 367 1145 rare
418 1088 658 1161 dignata
716 1093 823 1143 est.
854 1089 938 1143 Ob
970 1088 1079 1143 hoc
1111 1087 1471 1143 universitati
1525 1086 1885 1142 credentium

231 1177 599 1236 innotescere
627 1176 922 1233 voluimus
948 1178 1228 1249 quoniam
1259 1177 1554 1233 abbatiam
1588 1177 1644 1230 in
1672 1176 1888 1230 honore

233 1266 599 1324 celeberrimi
648 1266 862 1321 Christi
905 1267 1256 1323 confessoris
1302 1264 1617 1333 Ambrosii,
1663 1281 1886 1319 necnon

232 1355 657 1413 venerabilium
681 1360 1005 1429 martyrum
1029 1356 1272 1411 Protasii
1297 1360 1353 1410 et
1384 1355 1641 1411 Gervasii
1670 1353 1887 1408 consti-

233 1448 448 1513 tutam,
482 1445 581 1500 ubi
615 1461 816 1500 eorum
848 1461 1015 1500 sacra
1059 1461 1300 1516 corpora
1345 1444 1762 1507 reconduntur,
1788 1457 1890 1513 per

233 1533 420 1606 hujus
449 1538 658 1589 nostrae
688 1534 1054 1590 auctoritatis
1098 1533 1467 1607 privilegium
1515 1530 1890 1603 integerrime

234 1625 684 1680 corroboramus
714 1640 849 1678 cum
872 1623 1146 1679 omnibus
1167 1622 1447 1689 ecclesiis,
1468 1619 1741 1689 oraculis,
1765 1636 1892 1675 cur~

233 1713 419 1781 tibus,
453 1711 822 1778 massaritiis,
856 1711 1163 1781 districtis,
1191 1712 1263 1768 ad
1303 1712 1493 1784 ipsam
1534 1707 1891 1782 respicienti-

230 1802 346 1858 bus
369 1818 387 1857 :~
404 1801 627 1858 scilicet
655 1800 966 1869 Basiliano,
983 1806 1179 1857 monte
1206 1801 1514 1868 Feliciano,
1530 1798 1875 1864 Leveniano,

229 1890 518 1960 Ceresola,
537 1891 837 1959 Lemonta,
861 1890 1116 1962 Capiate,
1138 1890 1476 1958 Oleoducto,
1505 1887 1875 1961 Campilioni,

225 1980 552 2046 Anticiaco,
574 1979 832 2046 Colonia,
858 1978 1188 2045 Verederio,
1214 1979 1527 2046 Cavenaco,
1545 1977 1699 2032 Villa
1716 1977 1880 2044 Alba,

224 2068 547 2143 Cugniano,
582 2072 758 2140 atque
791 2085 925 2123 cum
958 2068 1246 2124 universis
1276 2068 1347 2122 ad
1383 2067 1681 2139 praefatam
1706 2066 1883 2121 abba-

224 2158 370 2214 tiam
402 2156 803 2228 spectantibus
838 2173 850 2210 :
885 2172 950 2211 eo
983 2155 1204 2211 scilicet
1248 2156 1450 2211 ordine
1500 2160 1564 2210 ut
1612 2154 1884 2210 monachi

223 2244 414 2318 ipsius
449 2244 696 2301 cmnobii
720 2244 897 2301 simul
921 2262 1056 2301 cum
1090 2245 1301 2300 abbate
1324 2245 1422 2317 qui
1441 2261 1598 2299 nunc
1621 2243 1883 2312 sunt,vel

232 2334 333 2408 qui
380 2351 482 2407 pro
511 2339 772 2406 tempore
812 2334 1046 2400 fuerint,
1070 2337 1415 2407 prmtaxatas
1436 2332 1731 2399 ecclesias,
1764 2349 1888 2387 ora-

230 2420 383 2490 cula,
404 2422 1023 2489 curtes,massaritios,
1051 2438 1267 2487 servos,
1292 2420 1557 2488 ancillas,
1588 2420 1883 2487 Aldiones,

231 2509 597 2576 etAldianas,
614 2509 739 2565 sine
767 2508 1017 2581 alicujus
1036 2509 1276 2581 majoris
1299 2509 1611 2565 minorisvc
1628 2525 1886 2581 persona:

233 2598 715 2667 contradictione,
732 2598 1251 2665 habeant,teneant
1270 2602 1326 2654 et
1346 2599 1887 2670 possideant,atque

231 2688 294 2742 in
336 2703 538 2742 eorum
577 2704 750 2742 usum
785 2704 851 2743 ac
892 2692 1220 2759 sumptum,
1244 2704 1346 2759 pro
1387 2686 1600 2743 melius
1632 2688 1889 2759 provide-

233 2776 373 2843 rint,
390 2777 767 2845 distribuant,
792 2781 997 2833 nostra
1029 2776 1346 2849 apostolica
1378 2776 1724 2832 auctoritate
1751 2792 1886 2831 con-

237 2866 529 2921 cedentes.
555 2866 614 2921 Si
647 2866 781 2939 quis
810 2882 966 2934 vero,
1001 2867 1155 2938 quod
1184 2882 1298 2920 non
1346 2864 1659 2933 credimus,
1695 2864 1891 2920 diabo-

231 2953 344 3009 lico
375 2971 555 3027 suasu
588 2959 792 3010 contra
827 2954 1006 3028 hujus
1039 2960 1253 3013 nostris
1285 2953 1614 3027 apostolicae
1660 2970 1890 3009 conces-

232 3042 416 3099 sionis
446 3043 785 3099 ﬁrmitatem
836 3043 894 3097 in
945 3048 1250 3115 posterum
1298 3058 1467 3115 agere
1494 3041 1804 3098 tentaverit
1834 3045 1891 3097 et

230 3131 517 3204 praelibati
551 3131 889 3187 monasterii
921 3132 1244 3188 cmnobitas
1273 3131 1332 3187 in
1365 3130 1580 3203 aliquo,
1616 3131 1770 3203 quod
1800 3131 1885 3185 eis

1906 1845 1955 1911 B

1992 553 2162 622 siam,
2196 555 2541 627 cunctisque
2568 556 3008 612 successoribus
3038 557 3158 613 tuis
3188 556 3642 630 archiepiscopis

1990 643 2050 697 in
2075 648 2443 715 perpetuum.

2065 732 2349 797 Quoniam
2397 734 2725 804 apostolicae
2776 735 2933 791 sedis
2979 735 3398 804 benevolentia,
3429 741 3487 793 et
3534 755 3643 794 an-

1996 819 2170 892 tiquae
2211 823 2653 877 consuetudinis
2699 823 2820 878 zelo
2880 823 3191 895 provocati,
3219 824 3642 881 fraternitatem

1994 912 2157 963 tuam
2192 910 2511 965 Ravennati
2533 911 2800 967 Ecclesize
2824 913 3210 984 praefecimus,
3228 913 3482 987 insignia
3503 932 3644 987 prm-

1996 996 2191 1053 sulnm
2223 999 2486 1069 ejusdem
2520 1000 2777 1055 ecclesiae
2801 1001 3046 1073 dignum
3079 1003 3358 1058 duximus
3384 1003 3491 1058 tibi
3513 1020 3646 1059 con-

1994 1086 2403 1153 ferenda,cum
2437 1105 2545 1143 usu
2578 1089 2887 1161 pallii,quo
2920 1091 3005 1144 uti
3039 1091 3252 1146 debeas
3282 1092 3456 1147 certis
3503 1096 3645 1147 tem-

1996 1172 2257 1245 poribus,
2292 1175 2581 1248 certisque
2634 1178 2845 1246 modis,
2879 1177 3031 1232 sicut
3076 1182 3471 1236 antecessores
3512 1183 3645 1236 tuos

1996 1278 2135 1317 usos
2158 1263 2338 1318 fuisse
2363 1266 2686 1337 cognoscis.
2703 1267 2820 1322 Hoc
2852 1272 2907 1322 te
2929 1266 3313 1323 nihilominus
3333 1270 3647 1325 admonen-

1997 1355 2105 1418 tes,
2141 1356 2205 1407 ut
2237 1354 2390 1409 sicut
2419 1373 2452 1411 a
2483 1356 2653 1411 nobis
2685 1357 2864 1430 hujus
2896 1359 3120 1414 decoris
3153 1376 3328 1415 usum
3368 1376 3433 1415 ac
3456 1376 3645 1416 sacer-

1997 1440 2209 1496 dotalis
2258 1444 2433 1499 officii
2488 1444 2771 1501 honorem
2824 1446 3118 1518 accepisse
3162 1451 3218 1502 te
3276 1449 3517 1521 gaudes,
3568 1449 3648 1505 ita

1996 1529 2174 1584 etiam
2207 1547 2436 1587 morum
2470 1538 2643 1606 atque
2688 1539 2925 1591 actuum
2977 1536 3263 1608 probitate
3303 1542 3645 1611 susceptum

1997 1616 2058 1672 in
2117 1618 2346 1676 Christo
2404 1623 2797 1679 sacerdotium
2849 1625 3133 1682 adornare
3178 1622 3516 1684 Contendas.
3551 1628 3648 1684 Sic

1998 1704 2155 1760 enim
2186 1706 2407 1764 alterno
2440 1710 2554 1766 eris
2592 1711 2811 1769 honore
2858 1714 3231 1787 conspicuus,
3266 1715 3315 1771 si
3365 1732 3499 1773 cum
3540 1716 3645 1773 ha-

1998 1792 2128 1850 bitu
2186 1798 2444 1870 corporis
2504 1802 2720 1858 mentis
2772 1819 3005 1875 quoque
3060 1805 3214 1860 bona
3266 1807 3648 1886 concordant,

1994 1888 2060 1939 ut
2107 1886 2248 1942 foris
2297 1890 2678 1961 compositus,
2731 1890 2894 1947 intus
2948 1896 3143 1948 autem
3204 1893 3481 1963 directus,
3530 1896 3647 1953 Deo

1993 1989 2127 2029 cum
2183 1975 2469 2047 Propheta
2514 1994 2646 2033 vere
2694 1979 2885 2035 dicere
2944 1982 3135 2052 possis
3176 1984 3483 2041 :Provideo
3543 1987 3648 2043 Deo

1995 2062 2210 2134 (verius
2238 2066 2452 2131 Deum,
2485 2066 2694 2136 Hann.)
2729 2070 2789 2123 in
2834 2077 3117 2141 conspectu
3164 2088 3281 2127 meo
3327 2088 3556 2145 semper,
3590 2081 3652 2131 ut

1993 2154 2067 2207 sit
2093 2170 2125 2208 (ι
2155 2153 2362 2209 dextris
2388 2155 2550 2223 mihi,
2583 2172 2653 2211 ne
2687 2173 2933 2229 unquam
2960 2174 3297 2216 commoveor
3324 2162 3499 2230 (Psal.
3530 2162 3646 2235 xv).

1996 2240 2070 2296 Ut
2091 2246 2285 2298 autem
2319 2242 2621 2300 charitatis
2654 2245 2712 2300 in
2757 2246 2925 2302 nobis
2970 2247 3224 2304 fundatae
3277 2249 3645 2308 dulcedinem

1996 2346 2400 2401 recognoscas,
2432 2349 2500 2388 ex
2527 2334 2784 2406 gratuita
2812 2335 3081 2408 largitate
3114 2342 3314 2394 nostra
3334 2345 3468 2413 post
3492 2357 3648 2397 mor-

1997 2422 2115 2473 tem
2145 2419 2432 2476 Adeleidzn
2466 2421 2854 2494 imperatricis
2884 2427 3178 2499 Augusta},
3203 2429 3494 2486 donamus
3539 2431 3647 2487 tibi

1994 2513 2226 2581 tuaeque
2256 2511 2523 2568 Ecclesiae
2574 2514 2906 2570 districtum
2958 2517 3309 2574 Ravennatis
3340 2520 3524 2589 urbis,
3568 2521 3651 2576 ri-

1996 2613 2130 2668 pam
2180 2599 2490 2673 integram,
2561 2608 2881 2666 monetam.
2934 2605 3252 2673 teloneum,
3303 2613 3648 2679 mercatum,

1997 2702 2198 2743 muros
2225 2692 2278 2743 et
2311 2705 2514 2745 omnes
2546 2695 2743 2762 portas
2776 2691 3123 2750 civitatis.Si
3153 2710 3285 2750 vero
3318 2695 3433 2752 alia
3482 2698 3655 2769 privi-

1996 2772 2149 2846 legia
2180 2776 2475 2848 aliquibus
2499 2779 2651 2834 facta
2680 2781 3083 2852 apparuerint,
3116 2788 3333 2839 sanctae
3383 2784 3650 2841 Ecclesia:

1997 2863 2268 2931 obnoxia,
2300 2869 2357 2919 et
2380 2865 2516 2922 huic
2548 2873 2746 2923 nostro
2778 2868 3078 2942 privilegio
3105 2871 3416 2940 contraria,
3452 2877 3650 2929 aucto-

1996 2950 2165 3007 ritate
2195 2952 2296 3009 Dei
2327 2959 2384 3010 et
2414 2956 2472 3011 S.
2497 2955 2648 3012 Petri
2672 2958 2742 3013 ad
2770 2957 3022 3014 nihilum
3047 2959 3363 3033 redigenda
3381 2960 3485 3017 illa
3507 2961 3655 3035 diju-

1997 3036 2321 3096 dicavimus
2354 3058 2367 3095 :
2401 3045 2458 3097 et
2512 3042 2621 3098 hoc
2678 3046 2832 3117 quod
2891 3046 3165 3114 facimus,
3214 3048 3571 3121 stabilimus,
3593 3055 3653 3108 et

1998 3124 2283 3184 intactum
2316 3134 2782 3201 permanendum
2804 3135 3106 3206 jubemus.
3134 3136 3433 3193 Donamus
3472 3140 3650 3196 etiam

232 3219 1182 3294 concessimus,inquietavcrit,sit
1196 3219 1512 3276 anathema
1528 3220 1887 3276 horrendum
1918 3210 1963 3280 C
2001 3214 2378 3291 tibi,tuaaque
2409 3220 2677 3277 Ecclesiae
2708 3223 3395 3291 sanctaa,Comaclensem
3418 3228 3657 3285 comita-

236 3326 272 3365 a
293 3308 569 3365 trecentis
598 3310 799 3365 decem
831 3313 890 3366 et
918 3314 1048 3366 octo
1082 3309 1373 3379 Patribus,
1408 3314 1466 3366 et
1496 3327 1564 3366 ex
1604 3326 1894 3366 consensu

232 3399 460 3456 fraudis
486 3400 673 3473 Judaei
691 3399 1043 3473 Ananiaeque
1074 3401 1414 3472 adaequetur
1463 3398 1747 3469 ﬂammis,
1775 3404 1834 3456 et
1863 3416 1898 3456 a

238 3489 431 3555 Patre,
465 3472 1001 3562 Filio,.sanctoque
1054 3489 1299 3562 Spiritu,
1352 3505 1577 3545 necnon
1635 3507 1670 3545 a
1726 3490 1895 3546 beato

241 3577 508 3650 apostolo
541 3577 709 3634 Petro
739 3577 1089 3634 maledictus
1120 3579 1178 3633 in
1212 3594 1486 3650 praesens,
1520 3581 1575 3633 et
1603 3578 1890 3647 futurum,

236 3666 320 3723 rei
353 3667 602 3723 crimine
650 3668 929 3723 astrictus
970 3684 1202 3739 semper
1232 3670 1494 3733 maneat;
1528 3671 1705 3738 atque
1734 3684 1768 3725 a
1797 3683 1892 3722 ca-

235 3755 458 3812 tholica
486 3756 747 3812 Ecclesia
777 3755 854 3812 sit
874 3755 1428 3822 e1iminatus,donec
1455 3754 1892 3826 proenominatzn

234 3845 488 3901 abbatiaa
517 3846 859 3914 monachos,
891 3861 1211 3917 eorumque
1246 3844 1475 3900 Patrem
1507 3842 1685 3916 digna
1716 3844 1893 3901 satis-

232 3934 485 3991 factione
512 3934 741 4007 placere
774 3933 1087 3990 studuerit.

306 4023 523 4079 Datum
555 4040 612 4079 IV
633 4023 763 4079 Kal.
785 4023 989 4092 Maias,
1006 4040 1108 4097 per
1130 4039 1342 4079 manus
1367 4023 1610 4079 Joannis
1633 4024 1891 4097 episcopi

232 4113 294 4169 S.
316 4111 669 4169 Albanensis
690 4112 962 4169 Ecclesia:
992 4116 1051 4167 et
1072 4111 1500 4168 bibliothecarii
1525 4117 1737 4169 sanctae
1761 4129 1894 4185 apo-

230 4200 454 4258 stolica;
473 4201 662 4269 sedis;
687 4218 862 4273 anno,
875 4201 992 4256 Deo
1010 4201 1282 4274 propitio,
1299 4200 1674 4273 pontiﬁcatus
1690 4202 1891 4258 domni

231 4289 496 4363 Gregorii
520 4290 739 4347 summi
763 4289 1056 4363 pontiﬁcis
1077 4294 1135 4345 et
1154 4289 1469 4346 universali
1494 4289 1680 4363 quinti
1704 4308 1887 4364 papae,

229 4378 295 4434 in
326 4378 724 4436 sacratissima
755 4379 891 4436 sede
920 4378 1075 4435 beati
1110 4377 1262 4434 Petri
1301 4379 1551 4450 apostoli
1583 4380 1839 4436 secundo
1872 4396 1886 4435 :

233 4467 565 4540 imperante
613 4467 830 4523 domno
885 4466 1094 4523 Ottone
1142 4465 1333 4534 tertio,
1366 4481 1400 4520 a
1429 4465 1545 4520 Deo
1592 4471 1886 4536 coronato,

2005 3309 2132 3361 tum
2163 3312 2295 3379 post
2326 3314 2574 3365 mortem
2604 3310 2892 3367 Adeleidae
2924 3312 3317 3386 imperatricis
3336 3316 3611 3390 Augusta:
3638 3335 3651 3373 :

2005 3400 2072 3451 ut
2103 3400 2187 3464 tu,
2220 3400 2439 3471 tuaque
2468 3404 2672 3456 sancta
2702 3400 2977 3471 Ecclesia,
3010 3402 3215 3476 tuique
3263 3421 3656 3480 successores,

2004 3483 2173 3541 illum
2206 3503 2339 3542 cum
2373 3488 2647 3544 omnibus
2677 3489 2823 3546 inibi
2868 3490 3299 3563 pertinentibus
3343 3494 3526 3552 libere
3571 3499 3656 3552 tc-

2006 3578 2204 3642 neant,
2236 3580 2295 3631 et
2343 3577 2617 3633 ordinent
2660 3578 2719 3636 in
2770 3583 3246 3651 perpetuum.‘Et
3297 3585 3450 3655 quod
3509 3585 3657 3641 bene

2004 3663 2222 3719 factum
2252 3668 2341 3720 est
2370 3670 2435 3720 ut
2455 3667 2601 3721 bene
2630 3682 3012 3736 reservemus,
3031 3674 3087 3724 et
3126 3669 3185 3725 in
3229 3671 3442 3728 melius
3472 3689 3659 3729 corro~

2003 3751 2279 3808 boremus
2302 3768 2315 3807 :
2342 3753 2904 3827 privilegium,quod
2938 3761 3004 3812 tu
3039 3758 3447 3829 praedecessori
3484 3761 3654 3817 Joan-

2003 3839 2084 3908 ni,
2128 3857 2262 3897 cum
2306 3842 2791 3900 Monteferetrana
2839 3848 2895 3901 et
2944 3845 3234 3903 Cerviensi
3285 3848 3567 3920 ecclesiis,
3600 3855 3659 3908 et

2003 3946 2138 3985 cum
2188 3930 2463 3987 omnibus
2512 3950 2637 4005 quae
2683 3933 2794 3988 sibi
2844 3933 3038 4007 largiti
3082 3952 3311 4005 sumus,
3347 3954 3415 3994 ex
3457 3943 3658 3996 nostra

2001 4020 2423 4088 benevolentia,
2457 4021 2585 4090 tibi,
2618 4026 2848 4095 tuaeque
2895 4023 2954 4079 S.
2990 4023 3311 4081 Ravennati
3360 4027 3651 4098 Ecclesiae,

2001 4108 2239 4181 tuisque
2274 4110 2734 4179 successoribus,
2769 4112 3208 4182 conﬁrmamus,
3229 4119 3286 4171 et
3316 4114 3656 4190 incorrupta

2001 4215 2232 4271 semper
2261 4215 2388 4254 esse
2415 4199 2881 4271 decernimus,id
2912 4206 3001 4257 est
3020 4205 3441 4261 monasterium
3465 4208 3652 4263 sancti

2001 4288 2237 4344 Thema:
2260 4287 2530 4361 apostoli,
2555 4293 2613 4345 et
2642 4289 2980 4362 Euphemiaa
3013 4293 3314 4368 martyris,
3336 4312 3469 4351 cum
3493 4298 3651 4353 omni

1999 4377 2336 4450 integritate
2362 4383 2649 4447 eorum,et
2677 4395 2811 4434 cum
2835 4381 3111 4437 omnibus
3133 4384 3401 4452 rebus,et
3428 4401 3653 4457 posses-

1999 4466 2263 4523 sionibus
2295 4482 2497 4523 eorum
2538 4466 2730 4538 cultis,
2757 4474 2814 4525 et
2858 4469 3120 4538 incultis,
3155 4476 3278 4527 tam
3327 4471 3387 4527 in
3419 4472 3651 4529 civitate

233 4572 452 4629 magno
482 4560 542 4613 et
571 4555 812 4629 paciﬁco
842 4554 1216 4628 imperatore,
1250 4569 1401 4609 anno
1422 4571 1483 4621 ιι,
1509 4552 1570 4610 in
1601 4570 1802 4611 mense
1832 4560 1890 4612 et
1919 4580 1967 4647 D
1996 4554 2348 4611 Ariminensi
2391 4555 2618 4628 positis,
2655 4574 2831 4629 quam
2850 4563 3029 4628 extra,
3050 4558 3271 4616 scilicet
3290 4560 3349 4615 in
3372 4560 3651 4617 comitatu

234 4646 443 4700 indict.
476 4662 655 4717 supra
684 4643 904 4716 scripta
932 4661 1010 4700 χι.
1045 4642 1340 4715 Scriptum
1372 4659 1475 4715 per
1505 4660 1716 4699 manus
1738 4645 1887 4701 Petri

235 4734 452 4791 notarii
481 4740 538 4791 et
560 4733 848 4790 scriniarii
880 4734 939 4789 S.
967 4733 1035 4788 Β.
1068 4734 1131 4789 Ε.
1165 4732 1226 4788 in
1257 4749 1459 4789 mense
1486 4732 1690 4806 Aprili,
1716 4737 1772 4790 et
1797 4735 1890 4790 in-

234 4823 490 4881 dictione
520 4822 850 4880 undecima.
882 4822 942 4877 P.
977 4823 1129 4879 Bene
1157 4821 1362 4880 valete.

989 4929 1129 4987 XIV.

392 5034 658 5074 GREGORII
698 5035 859 5073 PAPJE
896 5035 931 5072 V
971 5035 1234 5073 EPISTOLA
1270 5034 1343 5072 AD
1382 5035 1730 5076 GERBERTUM

673 5107 1008 5145 RAVENNATE
1017 5106 1060 5143 M
1098 5105 1420 5144 EPISCOPUM
1429 5131 1441 5143 .

873 5179 1063 5247 (Anno
1091 5177 1242 5247 997.)

228 5264 391 5321 llittit
404 5267 664 5337 pallium,
701 5269 1157 5322 Ravennatensem
1186 5266 1482 5322 Ecclesiam
1508 5269 1699 5324 multis
1728 5277 1887 5325 ornat

474 5339 810 5409 privilegiis,
833 5339 1023 5393 multis
1051 5338 1433 5393 donationibus
1463 5348 1641 5410 auget.

446 5424 636 5498 (Apud
678 5427 887 5495 Mansi,
923 5427 1136 5483 Concil.
1169 5430 1314 5483 tom.
1346 5427 1487 5495 XIX,
1521 5427 1671 5499 201.)

305 5530 642 5590 Gazeoaws
671 5535 978 5607 episcopus
1010 5550 1211 5590 servus
1244 5550 1542 5590 servorum
1574 5533 1697 5603 Dei,
1731 5534 1883 5591 Gan-

235 5636 422 5678 nsn'ro
479 5623 538 5679 S.
590 5624 943 5680 Ravennatis
1000 5622 1266 5679 Ecclesiae
1323 5622 1776 5696 archiepiscopo,
1819 5641 1884 5680 ac

2000 4644 2353 4714 Pisaurensi,
2385 4645 2763 4716 Ariminensi,
2802 4651 2860 4703 et
2890 4647 3374 4704 Monteferetrano
3405 4649 3651 4707 colloca-

1997 4735 2096 4791 tis.
2115 4736 2249 4801 Quae
2271 4735 2469 4791 omnia
2485 4750 2587 4807 per
2608 4739 2844 4791 centum
2865 4736 2992 4808 jam
3015 4736 3305 4794 curricula
3332 4754 3645 4808 annorum,

1997 4828 2191 4880 vestra
2219 4823 2476 4880 Ecclesia
2503 4828 2562 4880 et
2588 4825 2766 4880 vestri
2802 4828 3197 4882 antecessores
3227 4830 3560 4899 tenuerunt,
3594 4833 3653 4885 et

1997 4930 2118 4981 vos,
2152 4913 2269 4969 Deo
2319 4913 2526 4986 gratia,
2561 4913 2771 4969 tenetis
2823 4913 3140 4985 quiete:id
3188 4918 3296 4984 est,
3340 4916 3647 4973 castellum

1998 5003 2154 5075 quod
2180 5006 2422 5058 vocatur
2443 5000 2903 5073 Ligabizzi,cum
2940 5002 3101 5058 omni
3132 5005 3489 5076 pertinentia
3516 5024 3645 5076 sua,

2000 5094 2056 5147 et
2076 5095 2237 5146 curto
2268 5091 2339 5144 de
2371 5093 2571 5144 sancto
2594 5089 2881 5157 Hermete,
2916 5107 3051 5146 cum
3085 5093 3364 5164 prmdicta
3383 5094 3644 5163 ecclesia,

1992 5184 2049 5235 et
2077 5196 2211 5234 cum
2241 5177 2536 5234 casalibus
2559 5181 2617 5233 et
2647 5179 3074 5249 appendicibus
3103 5181 3228 5236 suis
3268 5198 3280 5236 :
3306 5181 3528 5238 scilicet
3558 5201 3648 5239 ca-

1993 5267 2231 5324 stellum
2254 5267 2407 5340 quod
2427 5270 2665 5323 vocatur
2686 5267 3091 5336 Galliola,cum
3110 5269 3269 5326 omni
3292 5272 3647 5343 pertinentia

1994 5374 2128 5425 sua;
2153 5373 2258 5412 nec
2290 5374 2404 5411 non
2427 5360 2485 5412 et
2515 5360 2774 5411 castrum
2806 5357 2958 5429 quod
2992 5363 3233 5414 vocatur
3279 5359 3641 5430 Granariolo,

1993 5462 2127 5502 cum
2162 5446 2435 5501 omnibus
2466 5445 2641 5509 rebus
2671 5449 2727 5501 et
2748 5446 3218 5518 possessionibus
3239 5449 3384 5505 suis.
3418 5449 3487 5504 Et
3517 5466 3644 5505 cas-

1992 5534 2198 5590 tellum
2230 5535 2385 5606 quod
2409 5539 2647 5591 vocatur
2676 5535 3088 5592 Montecorlino
3120 5554 3254 5593 cum
3294 5538 3455 5595 omni
3503 5537 3645 5595 inte-

1994 5624 2203 5698 gritate
2226 5641 2361 5693 sua;
2396 5640 2620 5682 necnon
2642 5627 2698 5681 ct
2718 5624 3011 5697 integrum
3034 5625 3339 5683 castellum
3357 5628 3511 5701 quod
3540 5645 3637 5685 νος
