4050 6172
486 291 604 362 923

1805 293 2177 362 GREGORII
2221 296 2276 364 ν
2315 297 2570 362 ΡΑΡᾸΞ.

3743 311 3840 376 924

487 435 656 490 catur
680 429 1050 501 Crucis,cum
1083 427 1357 488 omnibus
1378 427 1554 488 rebus
1581 433 1640 487 et
1659 431 2132 504 possessionibus
2159 431 2215 500 Α
2243 448 2398 506 gere,
2432 437 2490 490 et
2534 435 2593 490 in
2655 434 2994 494 exercendis
3041 435 3140 494 Dei
3187 434 3466 498 laudibus
3517 438 3606 498 sui
3650 443 3838 504 studeat

485 523 631 580 suis.
656 523 728 579 Et
749 527 814 579 ut
852 521 1172 596 paternitas
1204 519 1484 576 bonitatis
1529 525 1739 576 nostrae
1784 520 2130 578 ﬁliationem

485 615 599 668 tua:
613 611 934 668 devotionis
956 627 1190 666 summo
1203 609 1412 665 ail‘ectu
1426 616 1484 665 et
1495 610 1588 665 afil
1599 614 1803 666 uenter
1823 610 1882 665 in
1900 610 2128 668 Christo

483 701 758 768 enutriat,
784 698 1126 756 auctoritate
1173 699 1273 754 Dei
1325 698 1741 770 omnipotentis
1790 703 1847 754 et
1885 699 1944 755 S.
1979 699 2129 755 Petri

483 789 768 863 principis
797 787 1218 860 apostolorum,
1249 787 1358 843 hoc
1388 792 1586 843 nostro
1635 787 1955 860 privilegio,
1991 805 2130 862 prai-

481 882 716 950 ceptum
749 878 819 933 de
852 877 1121 951 Regiensi
1153 877 1512 949 episcopatu,
1540 894 1674 932 cum
1710 877 1983 933 omnibus
2013 878 2125 934 sibi

481 967 850 1040 adjacentiis,
866 984 898 1023 a
919 966 1232 1022 venerabili
1254 967 1459 1022 Ottone
1477 969 1756 1038 Augusto,
1775 967 1880 1022 tibi
1898 971 2126 1040 tuaeque

480 1057 750 1113 Ecclesiae
782 1055 1017 1128 tuisque
1043 1056 1480 1111 successoribus
1511 1056 1880 1119 attributum,
1911 1056 2125 1110 confir-

481 1161 735 1212 mamus,
760 1144 1094 1201 stabilimus
1124 1149 1181 1199 et
1211 1143 1618 1200 inconvulsum
1663 1145 2124 1216 permanendum

479 1235 870 1307 praecipimus,
903 1239 968 1289 ut
1014 1239 1232 1298 teneas,
1265 1233 1565 1301 defendas,
1593 1250 1780 1304 regas,
1805 1238 1863 1288 et
1901 1235 1974 1288 ad
2022 1233 2124 1288 Dei

428 1379 434 1388 ,
478 1323 780 1390 honorem,
832 1327 952 1378 tam
1003 1327 1068 1378 tu
1128 1339 1306 1394 quam
1365 1321 1451 1377 tui
1501 1338 1889 1388 successores,
1945 1321 2124 1378 libere

477 1411 780 1468 ordinatis.
799 1411 1229 1467 Conﬁrmamus
1259 1411 1432 1465 etiam
1469 1409 1575 1466 tibi
1599 1414 1826 1483 tuaeque
1855 1409 2124 1467 Ecclesiae

476 1499 536 1555 in
583 1505 930 1572 perpetuum
977 1499 1266 1554 donamus
1317 1499 1632 1566 Caesenam,
1667 1515 1804 1554 cum
1847 1499 2124 1556 omnibus

473 1588 619 1646 inibi
637 1587 1066 1662 pertinentibus
1089 1604 1101 1642 :
1127 1592 1184 1642 et
1201 1592 1488 1658 potestate
1511 1587 1829 1660 apostolica
1843 1589 2123 1658 jubemus

473 1681 541 1733 ut
569 1677 639 1732 de
667 1677 879 1734 subtus
911 1681 1114 1742 strata,
1149 1693 1335 1747 usque
1358 1677 1428 1731 ad
1464 1692 1644 1743 mare,
1665 1675 1864 1732 nullus
1913 1677 2125 1732 audeat

2238 521 2456 578 laboris
2517 523 2790 581 exhibere
2845 529 3158 595 certamen,
3211 527 3287 584 ob
3349 529 3461 586 hoc
3525 531 3710 587 debita
3757 551 3833 590 nos

2238 612 2502 683 ejusdem
2535 612 2866 685 apostolica!
2922 615 3234 686 pastoralis
3276 618 3566 690 compulit
3610 620 3836 679 sollieita-

2238 699 2397 756 dinis
2449 717 2610 770 cura,
2645 719 2892 774 quaeque
2951 705 3022 759 ad
3084 705 3467 763 stabilitatem
3525 709 3736 780 piorum
3775 710 3834 766 lo.

2237 806 2438 844 eorum
2513 790 2906 864 promulgare,
2969 797 3027 848 et
3110 794 3442 865 apostolicae
3501 795 3836 857 institutionis

2235 893 2485 934 censura
2527 880 2894 936 confirmare.
2948 881 3129 952 Igitur
3175 882 3312 956 quia
3359 883 3670 956 postulasti
3706 905 3734 942 a
3769 906 3838 943 no-

2236 965 2347 1032 bis,
2381 967 2706 1021 venerande
2760 968 3217 1042 archiepiscOpe,
3249 978 3549 1043 quatenus
3595 973 3836 1047 integrum

2235 1053 2805 1128 archiepiscopatum
2857 1062 3070 1114 sancta:
3120 1059 3538 1116 Beneventano:
3596 1063 3835 1132 Ecclesia,

2233 1141 2327 1197 cui
2379 1143 2494 1198 Deo
2547 1143 2775 1199 favente
2821 1163 3020 1216 praees,
3055 1147 3510 1202 concederemus
3557 1147 3677 1216 tibi,
3721 1151 3836 1206 tuis-

2233 1247 2346 1302 que
2396 1233 2837 1289 successoribus
2885 1233 2942 1288 in
2991 1225 3359 1306 perpetuum,
3383 1253 3452 1290 ac
3503 1243 3706 1293 cuncta
3743 1255 3836 1310 qua

2233 1338 2268 1376 a
2325 1323 2749 1394 praedecessore
2799 1328 2998 1378 nostro
3061 1323 3298 1380 domino
3353 1326 3582 1382 Joanne
3637 1328 3839 1384 sanctis-

2233 1410 2384 1466 simo
2445 1427 2616 1482 papa,
2647 1417 2888 1483 precatu
2941 1412 3163 1468 domini
3223 1413 3460 1470 Ottonis
3519 1415 3840 1472 invictissimi

2231 1498 2604 1572 imperatoris
2671 1517 2777 1572 per
2835 1499 3202 1574 privilegium
3257 1519 3544 1560 concessa
3599 1510 3727 1560 sunt
3765 1510 3839 1560 tuo

2231 1587 2644 1659 praedecessori
2716 1587 3054 1661 Landolpho
3122 1589 3569 1664 archiepiscopo
3621 1594 3840 1663 ejusdem

2231 1676 2408 1742 sedis,
2471 1677 2956 1733 confirmaremus
3007 1695 3020 1732 :
3073 1677 3188 1750 piis
3246 1679 3369 1735 tuis
3436 1680 3728 1737 desideriis
3773 1683 3839 1738 fa-

473 1765 804 1822 districtum
839 1769 942 1821 aut
969 1763 1335 1820 venationem
1358 1763 1539 1819 ullam
1563 1780 1849 1832 exercere,
1873 1765 1986 1819 nisi
2027 1764 2121 1820 cui
2153 1800 2200 1866 B
2228 1769 2448 1833 ventes,
2483 1764 2590 1820 hac
2639 1771 2842 1820 nostra
2896 1766 3243 1822 auctoritate
3302 1766 3364 1823 id
3425 1769 3582 1840 quod
3631 1787 3662 1825 a
3705 1771 3840 1826 nobis

471 1857 534 1910 tu
549 1859 650 1910 aut
663 1853 749 1910 tui
766 1870 1134 1910 successores
1148 1852 1438 1925 jusserint
1455 1870 1470 1920 ;
1492 1853 1595 1909 sed
1619 1853 1839 1925 absque
1855 1851 2121 1909 omnium

471 1941 778 1998 hominum
811 1941 1236 2014 inquietudine,
1269 1941 1342 1996 ad
1369 1941 1671 2009 honorem,
1704 1945 1762 1996 et
1807 1939 2121 1996 utilitatem

471 2035 657 2098 tuam,
689 2030 1033 2104 potestative
1077 2029 1276 2086 omnia
1323 2029 1404 2085 ibi
1460 2029 1641 2086 facias
1689 2033 1748 2085 et
1793 2029 2117 2102 precipias.

471 2119 682 2175 Omnia
716 2117 896 2175 etiam
930 2116 1233 2189 privilegia
1251 2117 1609 2188 jampridem
1631 2117 2118 2188 apraadecessori-

471 2207 582 2264 bus
600 2207 817 2265 nostris
837 2210 950 2262 tum
969 2205 1237 2262 Ecclesia)
1255 2205 1483 2272 collata,
1499 2206 1814 2277 omniaque
1834 2211 2122 2279 praecepta

469 2301 572 2355 aut
599 2315 635 2354 a
663 2297 900 2372 regibus
929 2299 1032 2352 aut
1060 2294 1514 2368 imperatoribus
1545 2311 1650 2366 pro
1697 2294 1800 2350 Dei
1849 2299 2117 2367 respectu

469 2386 770 2453 attributa,
791 2385 901 2442 hoc
922 2387 1120 2440 nostro
1149 2383 1450 2456 privilegio
1486 2382 1544 2438 in
1581 2382 1878 2440 voluntate
1916 2383 2039 2452 Dei,
2063 2387 2121 2439 et

469 2475 816 2533 auctoritate
859 2473 1045 2530 sancti
1096 2471 1267 2540 Petri,
1301 2463 1740 2540 conﬁrmamus,
1774 2473 2118 2530 corrobora-

469 2581 604 2620 mus
635 2567 694 2621 et
721 2563 780 2619 in
811 2567 1094 2618 aeternum
1119 2560 1308 2617 valere
1340 2560 1612 2617 volumus
1633 2564 1692 2617 et
1722 2560 2114 2634 praecipimus.

467 2653 528 2711 Si
561 2653 694 2726 quis
714 2653 894 2726 igitur
913 2655 1116 2707 contra
1135 2649 1256 2706 haec
1278 2667 1404 2722 qua
1425 2667 1530 2722 per
1548 2649 1657 2705 hoc
1688 2654 1957 2705 nostrum
1997 2649 2088 2722 pri
2107 2686 2116 2694 ο

463 2741 742 2814 vilegium
771 2739 866 2818 pie
895 2743 953 2796 et
997 2737 1246 2794 firmiter
1291 2738 1578 2811 disposita
1614 2743 1774 2804 sunt,
1806 2739 2115 2795 temerario

465 2848 616 2890 ausu
664 2831 748 2888 ire
794 2827 1123 2896 tentaverit,
1165 2826 1314 2884 sciat
1361 2843 1425 2883 se
1471 2827 1816 2883 auctoritate
1865 2828 1927 2884 Β.
1962 2827 2115 2884 Petri

463 2919 748 2993 principis
760 2916 1181 2991 apostolorum,
1194 2917 1366 2989 cujus
1387 2915 1681 2972 immerito
1691 2916 1846 2972 vices
1857 2916 2110 2989 agimus,

463 3007 856 3066 anathematis
889 3005 1122 3062 vinculo
1142 3005 1509 3073 innodatum,
1533 3010 1748 3062 etcum
1780 3004 2010 3062 diabolo
2057 3009 2116 3062 et

462 3096 494 3154 J
502 3095 619 3151 uda
637 3095 918 3151 traditore
938 3093 1134 3148 aeterni
1157 3092 1428 3164 supplicii
1449 3092 2111 3149 incendio‘concreman-

2230 1853 2564 1924 exposcitur
2607 1870 2710 1924 per
2767 1854 3155 1910 interventum
3213 1855 3444 1912 domini
3497 1857 3714 1914 Ottonis
3751 1858 3838 1914 im-

2228 1940 2514 2013 peratoris
2561 1940 2791 1997 eifectui
2854 1941 3282 2014 mancipamus,
3329 1945 3711 2003 concedentes
3755 1946 3838 2002 tibi

2228 2030 2465 2102 tuisque
2495 2029 2934 2085 successoribus
2965 2047 3140 2086 usum
3171 2029 3358 2102 pallii,
3395 2033 3555 2090 sicut
3601 2035 3839 2107 scriptum
3889 2061 3896 2070 ’

2227 2122 2336 2186 est,
2397 2117 2664 2174 retinere.
2733 2117 3080 2175 Tribuentes
3135 2119 3382 2191 insuper
3436 2127 3554 2177 tua;
3612 2121 3838 2178 lraterni-

2226 2207 2353 2274 tati,
2402 2206 2640 2278 tuisque
2697 2207 3139 2263 successoribus
3197 2207 3258 2262 in
3311 2209 3598 2281 pradicta
3647 2211 3837 2267 diceeesi

2228 2293 2288 2348 in
2339 2292 2482 2350 locis
2543 2295 2604 2350 in
2655 2293 2872 2366 quibus
2931 2293 3072 2350 olim
3120 2295 3361 2352 fuerunt
3419 2297 3482 2352 in
3543 2302 3839 2370 perpetuum

2227 2381 2534 2454 episcopos
2591 2397 2953 2450 consecrare,
2987 2383 3086 2454 qui
3130 2387 3332 2439 vestrae
3397 2386 3731 2458 subjaceant
3767 2385 3835 2442 άξ-

2225 2469 2394 2540 tioni,
2426 2469 2484 2524 id
2543 2473 2633 2526 est
2689 2469 3075 2539 Termulanae,
3127 2471 3368 2540 Bibinaa,
3433 2473 3835 2542 Quintodecimi,

2223 2557 2444 2626 Ariani,
2506 2557 2784 2626 Triventi,
2863 2557 3080 2625 Larini,
3149 2560 3432 2629 Luceriae,
3507 2563 3566 2618 S.
3621 2563 3838 2636 Agathe,

2223 2645 2512 2712 Abellini,
2570 2646 2788 2714 Asculi,
2857 2646 3233 2717 Vulturarize,
3305 2649 3616 2720 Thelesiie,
3673 2651 3836 2718 Aliis,

2224 2731 2490 2792 Sessulee.
2526 2733 3070 2807 Confirmantesque
3123 2735 3229 2792 tibi
3267 2738 3538 2810 ,tuisque
3583 2755 3835 2796 successo-

2221 2821 2387 2878 ribus
2433 2821 2740 2878 ecclesiam
2791 2823 2850 2879 S.
2887 2822 3186 2880 Michaelis
3228 2823 3290 2880 in
3340 2825 3549 2884 Monte
3591 2827 3834 2900 Gargano,

2220 2927 2358 2966 cum
2413 2911 2546 2983 ipsa
2599 2911 2906 2984 Sipontina
2969 2911 3234 2978 ecclesia,
3285 2917 3346 2970 et
3407 2931 3547 2972 cum
3603 2916 3831 2973 omnibus

2219 3015 2422 3072 earum
2491 2999 2900 3072 pertinentiis,
2949 3005 3008 3058 et
3074 3001 3351 3058 omnibus
3427 3003 3674 3078 praediis,
3723 3020 3830 3061 cum

2218 3087 2502 3156 ecclesiis,
2533 3087 2772 3146 familiis
2829 3089 3139 3162 utriusque
3193 3105 3392 3160 sexus,
3431 3097 3492 3149 et
3555 3092 3833 3161 massis,et

464 3184 647 3250 dum;
679 3182 882 3254 sicque
908 3161 1420 3236 irremediabiliter
1448 3179 1878 3248 involvendum,
1908 3197 1980 3236 ne
2010 3197 2112 3236 un-
2141 3161 2184 3230 C
2223 3179 2436 3230 cuncta
2497 3191 2624 3248 quae
2689 3175 2960 3233 videntur
3014 3161 3143 3234 esse
3196 3179 3560 3251 pertinentia
3612 3181 3830 3254 ipsarum

415 3267 418 3270 ’
464 3285 645 3342 quam
676 3287 712 3325 a
739 3269 986 3325 nexibus
1016 3268 1409 3324 anathematis
1439 3269 1518 3324 sit
1548 3267 2110 3325 absolutus.Atvero

463 3359 568 3431 qui
627 3357 965 3414 observator
1010 3356 1071 3412 in
1119 3356 1396 3412 omnibus
1437 3355 1740 3424 exstiterit,
1773 3357 2111 3414 custodiens

461 3447 646 3518 hujus
676 3445 859 3501 nostri
889 3443 1192 3517 apostolici
1223 3445 1530 3500 constituti
1577 3445 2006 3516 auctoritatem,
2037 3447 2110 3502 ad

461 3534 690 3592 cultum
719 3533 822 3590 Dei
869 3533 1054 3590 nostri
1103 3533 1488 3604 reSpicientis,
1515 3533 1938 3590 benedictionis
1979 3549 2111 3608 gra-

461 3620 1244 3681 tiamamisericordissimo
1293 3621 1409 3676 Deo
1459 3625 1659 3678 nostro
1709 3621 2114 3694 multipliciter

461 3714 878 3784 consequatur,
913 3714 972 3766 et
999 3709 1127 3766 vitae
1157 3713 1380 3766 aeterne
1411 3709 1701 3782 particeps
1731 3711 2038 3768 efficiatur.

533 3800 830 3874 Scriptum
861 3815 965 3872 per
987 3816 1198 3855 manus
1224 3798 1375 3854 Petri
1414 3798 1626 3854 notarii
1644 3802 1702 3854 et
1729 3799 2018 3856 scriniarii
2048 3802 2108 3857 S.

459 3890 734 3947 Romanis
763 3887 1127 3955 Ecclesiaﬁn
1151 3903 1351 3943 mense
1387 3885 1592 3958 April.,
1617 3886 1824 3944 lndict.
1848 3905 1925 3944 χι.
1959 3889 2112 3946 Bene

457 3976 664 4034 valete.

532 4064 660 4120 Dat.
693 4083 751 4120 ιν
789 4063 913 4120 Kal.
948 4063 1105 4130 Maii,
1139 4079 1242 4136 per
1288 4079 1532 4119 manum
1575 4057 1820 4120 Joannis
1852 4064 2110 4138 episcOpi

461 4153 521 4209 S.
575 4151 922 4208 Albanensis
977 4151 1245 4208 Ecclesiae
1298 4155 1358 4206 et
1409 4149 1836 4208 bibliothecarii
1896 4157 2108 4209 sanctae

460 4239 790 4312 apostolicis
820 4239 995 4306 sedis,
1019 4255 1172 4295 anno
1201 4239 1577 4310 pontificatus
1617 4240 1818 4296 domui
1849 4241 2109 4314 Gregorii

459 4328 679 4384 summi
709 4327 1008 4401 pontiﬁcis
1033 4331 1091 4384 et
1121 4327 1471 4384 universalis
1510 4345 1694 4400 papae,
1726 4329 1786 4385 in
1836 4331 2107 4388 sacratis-

457 4417 610 4475 sima
655 4417 794 4474 sede
851 4417 914 4472 B.
966 4416 1117 4472 Petri
1175 4416 1444 4489 apostoli,
1483 4434 1637 4474 anno
1685 4435 1746 4486 ιι,
1783 4419 2108 4493 imperante

2220 3262 2622 3320 ecclesiarum.
2655 3266 3040 3322 Concedimus
3083 3271 3282 3324 autem
3331 3267 3605 3342 Alphano
3660 3269 3830 3328 clerico

2217 3353 2410 3406 vestro
2468 3351 2665 3424 nepoti
2709 3352 3002 3425 integrum
3051 3351 3248 3427 ipsum
3297 3355 3830 3430 archiepiscopatum

2220 3443 2355 3512 post
2401 3439 2708 3496 decessum
2765 3445 2936 3496 tuum
2993 3441 3333 3498 habendum
3409 3453 3550 3518 (pm
3597 3445 3830 3502 omnibus

2221 3528 2348 3584 suis
2396 3528 2786 3600 pertinentiis,
2821 3530 2976 3586 sicut
3027 3536 3168 3586 sunt
3223 3532 3523 3602 civitates,
3553 3534 3666 3590 sive
3707 3549 3828 3606 qua-

2221 3632 2454 3689 cunque
2484 3622 2678 3673 castra
2702 3634 2977 3690 possessa
3021 3619 3246 3676 dudum
3294 3621 3372 3676 ab
3405 3622 3826 3679 antecessoribus

2221 3705 2342 3761 tuis
2387 3703 2699 3778 episcopis.
2733 3705 3034 3780 Siquidem
3093 3713 3404 3766 censentes
3457 3709 3688 3784 insuper
3721 3725 3826 3782 apo-

2220 3793 2429 3850 stolica
2475 3810 2724 3851 censura
2767 3795 2879 3852 sub
2930 3795 3108 3852 divini
3149 3796 3364 3868 judicii
3418 3799 3824 3856 obtestatione...

2219 3881 2472 3955 (Reliqua
2527 3899 2697 3956 usque
2751 3883 2822 3940 ad
2865 3887 3067 3941 calcem
3107 3885 3255 3940 haud
3304 3886 3422 3959 legi
3471 3897 3703 3960 possunt.
3741 3887 3826 3955 Quo

2218 3979 2399 4028 autem
2417 3972 2550 4044 jure
2581 3973 2772 4043 Vipera
2802 3979 2973 4029 totum
3012 3974 3284 4045 integrmn
3311 3977 3571 4034 retulerit
3608 3977 3822 4050 diploma.

2219 4061 2334 4132 ipse
2384 4059 2598 4116 viderit.
2634 4061 2700 4116 In
2753 4061 2863 4132 ﬁne
2921 4060 3232 4134 diplomata
3290 4063 3500 4135 legitur
3528 4084 3548 4121 :
3577 4068 3598 4136 )
3627 4080 3824 4122 manum

2217 4147 2452 4204 Antonii
2486 4148 2696 4204 notarii
2728 4149 3018 4206 scriniarii
3047 4155 3258 4206 sanctae
3292 4151 3576 4210 Romanis
3614 4158 3667 4210 et
3691 4168 3824 4225 apos-

2217 4235 2402 4292 tolica:
2458 4235 2726 4293 Ecclesiae
2784 4238 2845 4294 in
2904 4254 3106 4296 mense
3159 4239 3403 4312 Aprilis,
3454 4247 3517 4300 et
3558 4241 3823 4299 indictione

2219 4323 2549 4381 undecima.
2595 4367 2606 4379 .
2653 4367 2666 4379 .
2713 4367 2725 4380 .
2771 4367 2783 4380 .
2831 4367 2842 4380 .

2979 4441 3102 4498 XVI

455 4507 672 4607 90ml]?
693 4504 918 4607 Othoqe
947 4523 1010 4562 In
1041 4522 1076 4561 ἃ
1111 4505 1230 4561 Deo
1279 4510 1574 4606 cortina“),
1599 4523 1812 4581 magno
1863 4513 1922 4607 et!
1949 4509 2108 4607 pfci-
2139 4528 2188 4594 Β
2217 4561 2486 4602 GREGORII
2518 4563 2680 4602 PAPE
2699 4564 2735 4603 V
2759 4563 3136 4604 PRIVILEGIUM
3157 4564 3266 4604 PRO
3286 4567 3648 4607 MONASTERXO
3665 4563 3821 4607 SANCH

456 4596 566 4652 lico
635 4595 1006 4668 imperatore,
1049 4611 1202 4651 anno
1279 4609 1340 4661 ιι,
1392 4593 1451 4650 in
1512 4611 1714 4652 mense
1777 4601 1837 4653 et
1898 4596 2106 4656 indict.

456 4683 879 4758 suprascripta.

1221 4771 1337 4828 Χν.

633 4876 903 4917 GBEGORII
941 4875 1104 4916 PAPE
1138 4875 1177 4915 ν
1211 4875 1479 4915 EPISTOLA
1504 4875 1577 4915 AD
1614 4875 1929 4918 ALPHANUM

767 4947 1224 4988 BENEVENTANUM
1261 4946 1783 4988 ARCHIEPISCOPUM.

1100 5018 1286 5091 (Anno
1314 5018 1466 5087 998.)

696 5108 888 5182 (Apud
915 5107 1165 5182 Ughelli,
1197 5108 1363 5164 Italia
1387 5107 1577 5176 Sacra,
1611 5108 1681 5177 lI,
1714 5108 1820 5164 353
1847 5108 1864 5181 )

527 5217 862 5272 GasGoams
905 5214 1234 5286 cpiscopus,
1261 5231 1462 5270 servus
1509 5231 1809 5271 servorum
1843 5215 1964 5284 Dei,
1996 5217 2106 5272 AL-

458 5321 647 5360 pnmo
677 5303 1060 5360 dilectissimo
1085 5308 1143 5358 et
1175 5302 1658 5360 reverendissimo
1689 5309 1903 5360 sanctae
1925 5305 2106 5360 Bene-

455 5397 717 5448 ventanis
741 5391 1006 5448 Ecclesiae
1029 5389 1465 5464 archiepiscopo
1487 5392 1547 5447 in
1569 5391 1814 5448 Domino
1833 5392 2104 5450 salutem.

526 5482 674 5537 Cum
715 5497 960 5536 summae
1012 5484 1072 5536 et
1109 5479 1440 5552 apostolica:
1497 5481 1802 5554 dignitatis
1849 5498 1995 5554 apex
2046 5481 2133 5537 in‘

455 5569 566 5625 hoc
613 5569 793 5625 divini
859 5570 1154 5642 profectus
1209 5568 1395 5626 nitore
1445 5569 1823 5644 dignoscatur
1872 5571 2109 5645 prefng

2511 4635 2734 4676 GENEBII
2765 4636 2825 4675 ιΝ
2847 4635 3095 4677 οιοεοεει
3124 4635 3571 4680 Βιευιῡυκεκει.

2857 4727 3044 4798 (Anno
3073 4726 3224 4797 998.)

2216 4832 2407 4905 (Apud
2429 4831 2796 4906 Coquelines,
2817 4833 3206 4908 diplompont.
3221 4835 3394 4909 ampl.
3416 4836 3612 4896 Colles:
3627 4837 3684 4906 .I,
3701 4832 3820 4903 296.)

2288 4947 2624 5006 Ganeoaws
2655 4949 2986 5022 episcopus,
3017 4966 3221 5007 servus
3248 4965 3552 5009 servorum
3581 4951 3692 5008 Dei.

2287 5036 2529 5092 Credita
2559 5038 2729 5094 nobis
2759 5038 3177 5110 speculationis
3206 5039 3570 5112 impellimur
3610 5055 3752 5105 cura,
3775 5039 3823 5090 et

2216 5125 2421 5182 ardore
2452 5125 2796 5182 Christianae
2827 5125 3144 5199 religionis,
3165 5131 3221 5183 et
3253 5128 3450 5184 studio
3471 5127 3645 5184 divini
3660 5125 3821 5182 cultus

2215 5230 2276 5286 ρ(
2289 5231 2624 5270 rmovemur
2643 5232 2745 5288 pro
2774 5215 3196 5272 venerabilium
3221 5215 3478 5273 locorum
3502 5215 3821 5290 percogitare

2216 5303 2594 5360 stabilitatem
2624 5307 2798 5376 atque
2819 5305 2937 5360 Deo
2958 5303 3335 5360 servientium
3374 5306 3750 5370 securitatem,
3770 5305 3821 5355 ut

2215 5391 2326 5448 hoc
2355 5393 2725 5464 proveniente
2754 5392 2851 5466 pio
2881 5392 3096 5462 labore,
3121 5397 3180 5449 et
3208 5394 3415 5450 animas
3441 5393 3665 5450 Christo
3691 5390 3818 5447 dica-

2216 5485 2309 5548 tea,
2343 5497 2470 5554 qua:
2496 5499 2558 5538 se
2589 5481 2672 5537 illi
2695 5481 2904 5538 diebus
2932 5482 3060 5538 vita:
3090 5499 3292 5540 eorum
3324 5481 3819 5551 decreverunt,psr-

2215 5576 2479 5629 severent
2526 5571 2980 5643 imperturbata,
3015 5588 3120 5630 nec
3169 5588 3304 5640 non,
3337 5575 3394 5627 et
3433 5569 3534 5628 illa
3581 5565 3819 5628 maneant
