4050 6172
151 245 379 365 ρκ’

1340 286 1759 351 ΕΡῙΞΤΟῙλᾹΞ
1801 286 1906 349 ΕΤ
1947 283 2439 349 PRIVILEGIA.

3493 299 3611 363 926

153 442 442 500 ﬁnetenus
491 432 685 499 firma,
717 442 843 501 quas
885 440 921 479 a
970 420 1329 479 Christianis
1374 419 1436 476 in
1487 420 1592 477 Dei
1649 418 1829 476 laude
1857 418 1916 487 Α
1944 393 2159 474 elesias
2180 434 2319 473 cum
2341 415 2614 474 alodibus
2635 420 2694 474 et
2714 420 3171 494 proprietatibus
3193 441 3395 484 eorum
3415 430 3614 490 omnia

154 528 467 589 constituta
498 524 660 579 sunt.
682 518 866 592 Igitur
893 512 1177 568 omnibus
1207 509 1522 584 episcopis,
1542 508 1826 575 ducibus,

154 613 613 677 marchionibus,
648 604 1221 667 comitibus,sanctaa
1245 599 1348 656 Dei
1371 597 1644 654 Ecclesiae
1682 596 1820 651 ﬁde.

150 709 309 765 libus
338 699 724 778 prementibus
756 692 973 751 scilicet
1005 696 1189 763 atque
1219 688 1434 744 futuris
1456 691 1672 741 notum
1697 700 1832 740 esse

148 775 443 858 volumus,
479 788 618 861 quia
661 784 908 841 dilectus
956 783 1020 834 et
1074 775 1357 851 spiritalis
1408 775 1568 829 ﬁlius
1623 776 1835 827 noster

153 881 485 943 Bernardus
502 860 951 932 Bisuldunensis
979 866 1278 941 gloriosus
1300 880 1497 919 eomes
1520 860 1835 931 suggessit

154 977 356 1029 nostro
388 962 739 1040 apostolatui
774 959 927 1033 quod
952 954 1287 1012 venerabile
1309 948 1746 1007 monasterium
1768 946 1831 1002 in

153 1062 373 1118 honore
403 1074 469 1113 ac
499 1052 733 1111 nomine
751 1047 934 1107 sancti
961 1045 1197 1102 Genesii
1218 1046 1277 1098 et
1306 1039 1489 1097 sancti
1514 1035 1832 1092 Michaelis

155 1145 492 1219 archangeli
567 1146 778 1199 nostra:
854 1134 1191 1208 apostolica:
1237 1125 1711 1186 conﬁrmationis
1769 1127 1834 1180 et

155 1233 519 1296 auctoritatis
553 1247 713 1287 more
759 1223 1040 1282 canonico
1085 1219 1389 1295 privilegio
1423 1214 1827 1272 muniremus.

153 1329 343 1399 Cujus
373 1321 711 1379 salubribus
734 1315 878 1372 moti
908 1308 1613 1386 preeibus,omniumque
1634 1302 1829 1359 Eccle-

152 1393 383 1474 sia—rum
402 1412 502 1468 Dei
528 1412 719 1466 status
749 1402 950 1460 haberi
974 1400 1261 1464 volentes,
1278 1400 1335 1452 et
1352 1393 1833 1464 uniuscujusque

154 1504 316 1563 sacri
335 1502 444 1558 loci
461 1502 561 1573 jus
583 1496 780 1569 aliquo
810 1492 984 1548 modo
1014 1487 1219 1544 violari
1263 1484 1550 1550 nolentes,
1566 1478 1833 1537 decerni-

154 1610 300 1651 mus
330 1570 508 1662 hujus
538 1582 867 1659 apostolica;
900 1576 1273 1635 auctoritatis
1294 1570 1671 1646 privilegio.a
1692 1584 1836 1640 prae-

155 1682 316 1739 senti
349 1658 655 1735 undecima
703 1668 1026 1728 indictione
1072 1663 1377 1721 sancimus
1425 1660 1504 1716 ob
1549 1658 1835 1713 honorem

156 1772 358 1846 ipsius
379 1767 532 1823 beati
554 1761 783 1822 Genesii
813 1762 871 1815 et
901 1756 1091 1813 sancti
1129 1748 1434 1809 Michaelis
1469 1743 1831 1819 archangeli,

154 1834 221 1917 et
253 1856 633 1916 stabilitatem
664 1849 930 1924 ejusdem
969 1841 1283 1900 venerandi
1319 1837 1454 1904 loci,
1478 1834 1831 1924 ipsum‘jam

158 1950 355 2006 fatum
377 1922 706 2001 venerabile
720 1927 1335 2001 monasterium,quod
1360 1926 1496 1998 ipse
1520 1922 1832 1996 praedictus

160 2034 501 2096 Bernardus
530 2036 729 2088 noster
746 2028 807 2083 in
829 2024 1057 2082 Christo
1080 2015 1358 2091 spiritalis
1381 2013 1568 2080 ﬁlius,
1585 2029 1687 2084 pro
1707 2028 1832 2067 om-

162 2124 490 2198 nipotentis
519 2120 620 2177 Dei
651 2132 848 2175 amore
895 2109 1273 2179 mercedeque
1320 2102 1537 2159 anima:
1589 2118 1731 2168 suae,
1763 2100 1835 2155 de

163 2188 280 2272 sub
313 2211 567 2286 proprio,
600 2221 824 2278 suoque
854 2194 1453 2263 comitatu,moderno
1488 2195 1752 2262 tempore
1772 2188 1831 2243 in

165 2276 351 2362 antea
382 2296 710 2357 construxit
730 2276 901 2349 imore
932 2284 1310 2351 canonico,et
1339 2281 1450 2336 sub
1476 2280 1612 2349 jure
1644 2276 1833 2333 sancti

165 2391 331 2450 Petri
361 2386 691 2453 constituit,
725 2381 949 2440 nullius
991 2373 1231 2433 alterius
1270 2367 1527 2426 ecclesiae
1569 2366 1692 2439 juri
1742 2364 1832 2420 vel

163 2481 500 2539 ditionibus
548 2472 847 2539 submisit,
875 2469 1130 2524 donante
1177 2460 1266 2516 vel
1297 2459 1354 2513 in
1388 2460 1739 2528 perpetuum
1771 2453 1831 2508 in

165 2569 414 2643 praefato
432 2562 790 2622 monasterio
811 2556 1165 2616 concedente
1188 2552 1259 2605 de
1279 2546 1402 2603 suis
1424 2543 1675 2617 propriis
1705 2559 1834 2596 suo-

165 2630 289 2733 que
307 2657 590 2714 comitatu
609 2645 1008 2708 Bisuldinensi
1032 2643 1229 2707 rebus,
1253 2633 1545 2708 imprimis
1566 2630 1835 2688 videlicet

161 2719 480 2806 ecclesiam
511 2740 699 2799 sancti
720 2733 1013 2794 Vincentii
1040 2747 1175 2788 cum
1197 2723 1535 2790 decimis,et
1555 2719 1832 2792 primitiis

158 2836 255 2894 vel
280 2831 594 2891 cimeteriis
615 2828 896 2899 suis,quac
919 2826 1009 2879 est
1035 2834 1210 2893 prope
1227 2818 1484 2871 castrum
1498 2808 1830 2875 Bisulduni,

164 2930 229 2983 et
257 2921 568 2981 ecclesiam
601 2897 814 2976 sanata:
851 2910 1065 2974 Mariae,
1100 2910 1156 2963 et
1185 2901 1372 2961 sancti
1411 2897 1656 2956 Joannis
1695 2913 1830 2953 cum

165 3013 451 3071 omnibus
463 3007 693 3074 alodiis,
708 3009 765 3060 et
783 2995 1239 3076 proprietatibus
1258 2992 1381 3049 suis
1403 3005 1528 3061 quae
1546 2990 1637 3042 est
1653 3001 1831 3057 prope

165 3100 392 3160 muenia
414 3094 809 3160 Bisulduni,et
833 3107 952 3146 una
972 3102 1108 3143 cum
1128 3083 1258 3156 ipsa
1277 3079 1629 3153 proprietate
1651 3090 1829 3147 quam

1865 1797 1916 1862 B

1942 505 2100 562 infra
2130 506 2484 562 comitatum
2517 506 3012 568 Bisuldunensem
3056 514 3428 585 constitutas,
3462 518 3617 576 sicut

1947 594 2073 667 ipse
2102 595 2260 651 fatus
2284 596 2623 652 Bernardus
2652 613 2849 655 comes
2879 600 3116 658 donavit
3127 604 3255 675 jam
3277 605 3397 662 fato
3418 624 3618 665 mona-

1948 683 2146 750 sterio,
2171 688 2229 739 et
2259 688 2471 739 caetera
2509 701 2635 756 quae
2674 703 2947 745 enarrare
2995 689 3236 764 longum
3277 700 3452 766 esset,
3486 714 3615 770 quas

1951 771 2172 868 ubique
2228 772 2472 868 donavit
2523 773 2611 828 vel
2659 774 2719 829 in
2764 780 2936 833 antea
2984 781 3199 837 donare
3248 789 3460 855 potest,
3494 785 3615 843 sive

1952 859 2125 927 casis,
2162 859 2487 928 casalibus,
2520 862 2814 933 eurtibus,
2842 867 3084 937 mansis,
3110 870 3388 941 ecclesiis,
3428 874 3611 944 cellis,

1952 946 2150 1002 fundis
2183 965 2288 1004 seu
2318 949 2514 1017 terris,
2549 950 2754 1020 vineis,
2790 971 2893 1009 seu
2925 958 3130 1027 pratis,
3165 963 3219 1014 et
3246 962 3483 1032 pascuis
3525 963 3613 1019 vel

1953 1036 2276 1107 pascuariis
2312 1038 2459 1107 suis,
2490 1044 2546 1094 et
2581 1056 2714 1094 cum
2747 1042 3022 1099 omnibus
3049 1047 3119 1102 ad
3142 1047 3246 1119 jus
3277 1050 3457 1105 notati
3488 1068 3614 1107 mo-

1953 1126 2189 1181 nasterii
2213 1126 2926 1200 pertinentibus,salvum,
2943 1138 2999 1188 ct
3017 1135 3074 1189 in
3100 1137 3328 1194 cunctis
3350 1139 3614 1210 quietum

1952 1213 2273 1270 consistere
2333 1233 2495 1272 more
2535 1219 2817 1275 canonico
2866 1223 2976 1277 sub
3028 1227 3235 1281 nostrae
3284 1227 3613 1298 apostolicae

1951 1302 2109 1359 sedis
2142 1302 2410 1375 tuitionc,
2426 1305 2509 1361 ita
2528 1306 2750 1364 scilicet
2779 1311 3195 1369 eonﬁrmantes
3216 1315 3611 1387 decernimus,

1951 1394 2017 1445 ut
2036 1390 2268 1447 nullum
2301 1392 2745 1466 imperatorum,
2771 1397 2859 1452 vel
2890 1416 3116 1471 regum,
3137 1418 3327 1474 neque
3361 1403 3480 1459 ulla
3499 1405 3615 1461 alia

1949 1495 2166 1552 magna
2194 1479 2284 1535 vel
2325 1498 2505 1553 parva
2553 1500 2804 1556 persona
2854 1486 2913 1543 in
2963 1490 3204 1559 praefato
3258 1493 3612 1550 monasterio

1949 1584 2273 1667 nequ-apro
2297 1570 2533 1667 placito,
2570 1589 2763 1667 neque
2804 1592 2910 1667 pro
2957 1576 3242 1649 districto,
3277 1597 3464 1655 neque
3506 1600 3612 1657 pro

1947 1656 2267 1715 homicidio
2299 1659 2383 1715 ibi
2414 1660 2675 1733 aliquam
2709 1664 2991 1721 ditionem
3014 1665 3230 1724 habere
3253 1656 3608 1743 praesumat;

1948 1746 2051 1802 sed
2084 1764 2206 1804 rem
2238 1765 2345 1820 per
2364 1749 2660 1821 judicium
2683 1757 3081 1823 causatorum,
3097 1758 3378 1816 canonice
3399 1760 3612 1833 dijudi-

1946 1838 2098 1903 cent,
2132 1840 2190 1891 et
2239 1836 2577 1906 decernant,
2621 1856 2855 1913 semper
2908 1840 2968 1896 in
3029 1841 3268 1902 illorum
3326 1849 3612 1907 consistat

1943 1921 2337 2022 voluntate,et
2357 1931 2676 2022 potestate;
2702 1927 2877 2022 liceat
2900 1946 2998 1986 eos
3020 1932 3130 1988 sub
3156 1935 3353 2006 quiete
3383 1942 3441 1993 et
3466 1954 3610 2010 pace

1942 2015 2217 2080 vivere,et
2237 2015 2565 2071 secundum
2588 2016 2933 2073 canonicam
2951 2019 3218 2093 regulam
3234 2024 3341 2080 soli
3359 2025 3608 2084 Domino

1943 2099 2061 2155 Deo
2083 2102 2317 2157 servire.
2344 2102 2517 2159 Omni
2549 2108 2812 2177 tempore
2842 2110 2982 2163 sunt
3010 2106 3315 2168 immunes
3346 2117 3403 2169 et
3432 2114 3607 2172 alieni

1943 2190 2016 2245 ab
2047 2191 2207 2246 omni
2240 2192 2480 2263 publica
2511 2194 2811 2250 functione
2830 2194 2921 2250 vel
2951 2197 3110 2271 turpi
3153 2200 3410 2270 servitio,
3429 2201 3512 2259 ita
3541 2207 3610 2260 ut

1943 2277 2144 2334 nullus
2166 2281 2381 2336 audeat
2401 2298 2501 2337 eos
2523 2282 2835 2339 molestare
2859 2288 2961 2339 aut
2989 2283 3338 2358 inquietare,
3364 2289 3478 2346 nisi
3507 2308 3608 2348 so-

1941 2366 2244 2423 lummodo
2263 2368 2675 2434 binos’solidos
2715 2372 2877 2428 omni
2910 2390 3064 2429 anno
3095 2377 3171 2433 ad
3204 2377 3387 2436 altare
3418 2381 3607 2438 sancti

1943 2454 2095 2511 Petri
2115 2473 2219 2527 pro
2237 2458 2518 2528 pensione
2540 2459 2892 2531 persolvant.
2910 2461 3358 2539 Promulgantes
3371 2486 3602 2543 nempe,

1941 2543 2127 2600 ethoc
2148 2546 2493 2602 auctoritate
2516 2548 2671 2603 beati
2694 2548 2844 2603 Petri
2866 2550 3266 2622 apostolorum
3298 2557 3605 2632 principis,

1942 2648 2138 2688 coram
2170 2633 2287 2689 Deo
2318 2638 2377 2689 et
2409 2635 2651 2691 terribili
2687 2637 2817 2708 ejus
2849 2636 2908 2691 in
2949 2638 3149 2697 futuro
3180 2645 3466 2715 examine,
3500 2664 3606 2719 per

1940 2721 2050 2778 hoc
2064 2721 2245 2777 nostri
2260 2722 2622 2794 apostolatus
2636 2723 3006 2797 privilegium
3020 2733 3198 2801 atque
3210 2733 3601 2793 constitutum

1941 2811 2244 2868 sancimus
2266 2817 2441 2885 atque
2465 2813 2857 2882 decernimus,
2874 2820 2939 2871 ut
2961 2816 3160 2875 nullus
3177 2838 3440 2895 unquam
3463 2840 3603 2896 pra-

1942 2904 2140 2957 sumat
2172 2899 2471 2974 quispiam
2510 2902 2682 2971 alius,
2717 2903 3123 2978 cujuscunque
3171 2908 3251 2965 sit
3298 2911 3603 2985 dignitatis

1938 2990 2218 3063 praeditus
2236 2992 2640 3063 potestate,vel
2661 2992 2839 3048 etiam
2857 3010 3221 3069 quiscunque
3241 3015 3455 3073 magna
3475 3017 3605 3073 par-

1937 3097 2122 3152 vaque
2153 3095 2404 3152 persona
2426 3081 2487 3137 in
2512 3083 2716 3138 eodem
2739 3083 3120 3153 monasterio,
3141 3085 3226 3143 vel
3248 3088 3377 3159 ejus
3406 3088 3602 3148 causis

162 3190 371 3264 ipsum
392 3188 578 3243 fatum
602 3178 1025 3239 monasterium
1067 3172 1254 3264 sancti
1290 3164 1525 3264 Genesii
1555 3168 1613 3220 et
1643 3161 1900 3263 8³11(ξὶίο
1939 3168 2297 3237 incumbere,
2330 3174 2433 3225 aut
2489 3170 2560 3226 de
2618 3170 2814 3238 rebus,
2871 3175 2930 3227 et
2980 3174 3477 3246 possessionibus,
3508 3176 3600 3235 vel

165 3250 474 3337 h‘iicbaelis
494 3274 711 3330 habere
729 3269 1003 3326 videntur
1024 3264 1082 3319 in
1106 3263 1295 3333 Burge
1327 3254 1672 3319 Bisulduno,
1692 3250 1828 3308 etin

162 3364 448 3432 Casellas,
482 3368 540 3419 et
568 3363 630 3417 in
672 3356 1008 3421 Berrechar,
1041 3352 1183 3408 etin
1215 3347 1473 3412 Geﬂ‘ano,
1502 3347 1562 3432 et
1590 3342 1650 3396 in
1691 3340 1827 3432 Ppr-

164 3455 375 3522 ciolas,
407 3430 465 3509 et
496 3451 557 3506 in
591 3446 907 3513 Furvellos,
939 3441 1027 3498 vel
1060 3441 1118 3495 in
1142 3437 1417 3494 omnibus
1438 3431 1610 3499 locis;
1636 3434 1694 3486 et
1721 3430 1828 3485 Ec-

166 3543 413 3601 clesiam
434 3539 621 3598 sancti
646 3535 879 3594 Martini
902 3534 973 3589 de
988 3528 1317 3588 Jucuniano
1351 3538 1487 3580 cum
1511 3517 1755 3576 decimis
1771 3522 1830 3573 et

166 3631 450 3707 primitiis
472 3628 558 3686 vel
587 3624 983 3684 oblationibus
1015 3618 1158 3685 suis,
1182 3620 1240 3671 et
1268 3610 1575 3671 ecclesiam
1599 3610 1825 3707 .Sanctas

166 3693 369 3777 idarias
398 3735 528 3791 quae
559 3720 649 3772 est
679 3714 738 3769 in
762 3711 907 3769 faxis
924 3724 1060 3766 cum
1081 3703 1324 3761 decimis
1353 3706 1412 3758 et
1440 3696 1718 3771 primitiis
1738 3693 1827 3751 vel

161 3806 566 3866 oblationibus
596 3803 808 3871 suis,et
835 3797 1143 3857 ecclesiam
1165 3791 1353 3849 sancti
1377 3786 1683 3846 Fructuosi
1697 3801 1824 3856 quae

161 3902 259 3955 est
277 3896 337 3951 in
356 3893 816 3952 Ursinianocum
839 3885 1085 3944 decimis
1101 3887 1159 3939 et
1178 3873 1827 3954 primitiis,volob1atio-

166 3988 349 4044 nibus
362 3984 514 4051 suis;
537 3982 678 4038 item
690 3985 748 4036 et
766 3975 970 4035 ecclesi
979 3991 1073 4030 am
1096 3970 1285 4029 sancti
1302 3963 1577 4042 Sylvestri
1596 3980 1724 4035 quae
1737 3968 1827 4019 est

166 4078 233 4132 in
256 4075 461 4130 Mauro
490 4087 626 4127 cum
657 4066 902 4125 decimis
924 4068 983 4120 et
1004 4059 1282 4136 primitiis
1309 4056 1398 4112 vel
1429 4051 1825 4111 oblationibus

167 4163 329 4229 suis;
354 4159 649 4224 similiter,
662 4162 720 4213 et
741 4156 938 4227 ipsum
963 4151 1190 4207 alodem
1213 4149 1285 4203 de
1307 4147 1509 4203 sancto
1533 4139 1825 4212 Raphaele

167 4251 349 4310 sicuti
383 4266 488 4322 per
512 4249 660 4303 ﬁnes
689 4249 749 4301 et
778 4241 1062 4299 terminos
1082 4238 1498 4309 designantur;
1533 4228 1748 4302 pariter
1768 4232 1827 4284 et

168 4318 634 4414 ipsum—alodem
657 4336 728 4391 de
747 4335 952 4389 sancto
975 4326 1286 4399 Raphaele,
1302 4323 1401 4396 qui
1419 4324 1507 4377 est
1528 4320 1589 4414 in
1601 4318 1823 4383 Adano,

167 4436 231 4486 et
264 4427 363 4501 qui
396 4430 487 4482 est
515 4426 573 4480 in
604 4424 806 4490 Evoro,
822 4418 994 4477 sicuti
1020 4434 1120 4488 per
1148 4416 1315 4481 ﬁnes,
1334 4417 1393 4467 et
1423 4408 1705 4465 terminos
1725 4407 1823 4461 de-

167 4495 515 4591 signantur;
539 4513 769 4569 alodem
781 4511 852 4566 de
873 4504 1146 4580 praedicto
1163 4504 1364 4560 sancto
1386 4495 1825 4591 Raphaele-qum
1859 4524 1905 4589 Β

166 4605 356 4665 estin
385 4600 673 4669 Carravia,
708 4597 884 4655 sicuti
916 4612 1018 4669 per
1046 4593 1193 4649 fines
1239 4594 1296 4646 et
1336 4586 1618 4644 terminos
1667 4583 1826 4640 desi-

165 4696 420 4769 gnatur;
446 4707 671 4747 necnon
699 4692 758 4743 et
781 4687 977 4759 ipsum
1017 4682 1247 4740 alodem
1277 4680 1350 4735 de
1376 4675 1516 4731 villa
1546 4671 1826 4729 Marialdo

167 4800 311 4841 cum
339 4780 559 4836 finibus
587 4782 644 4835 et
668 4774 938 4833 terminis
967 4771 1110 4840 suis,
1135 4768 1308 4827 sicuti
1331 4767 1403 4823 ad
1417 4766 1556 4838 jura
1576 4761 1829 4836 pertinet

167 4871 367 4931 sancti
392 4867 723 4941 Raphaelis,
739 4869 797 4922 et
816 4864 1007 4938 ipsam
1027 4858 1332 4918 ecclesiam
1354 4852 1541 4912 sancti
1565 4851 1826 4919 Quintini

169 4978 313 5020 cum
346 4958 532 5024 silvis,
550 4961 608 5013 et
636 4972 772 5012 cum
803 4952 963 5011 omni
996 4968 1104 5006 sua
1132 4944 1486 5021 pertinentia
1529 4941 1619 4998 vel
1660 4941 1828 5012 adja-

171 5049 481 5117 centia;et
526 5044 833 5104 ecclesiam
892 5039 1078 5097 sancti
1139 5034 1387 5094 Cornelii
1444 5050 1573 5105 quas
1618 5035 1707 5086 est
1764 5029 1825 5085 in

171 5140 393 5207 Garno,
417 5153 549 5192 cum
583 5133 742 5190 omni
783 5149 891 5187 sua
910 5126 1263 5202 pertinentia
1280 5124 1368 5181 vel
1401 5120 1750 5194 adjacentia,
1772 5123 1830 5175 et

172 5228 376 5299 ipsum
409 5225 637 5280 alodem
670 5219 928 5294 praedicti
954 5215 1228 5274 Bernardi
1252 5212 1504 5279 comitis,
1525 5225 1697 5283 quem
1732 5207 1830 5263 ha-

173 5317 315 5372 bere
345 5313 573 5370 videtur
600 5312 662 5366 in
702 5308 956 5365 Ribellas
986 5321 1120 5361 cum
1152 5300 1547 5369 casis,vineis,
1568 5297 1739 5354 terris
1772 5300 1829 5352 et

173 5402 583 5475 silvis,pratis,
608 5394 964 5471 pascuis,vel
993 5390 1261 5466 piscariis
1292 5389 1437 5455 suis,
1463 5389 1581 5444 sive
1604 5386 1828 5443 caeteris

173 5474 450 5548 alodibus
482 5490 555 5545 ad
602 5488 797 5559 ipsum
830 5480 1252 5540 monasterium
1275 5478 1364 5534 vel
1395 5478 1466 5533 ad
1494 5477 1620 5549 ipas
1649 5474 1827 5532 eccle-

174 5576 774 5652 aias-pertinentibus.
816 5573 928 5631 Has
955 5587 1088 5626 vero
1114 5568 1482 5642 supradictas
1511 5583 1712 5623 omnes
1744 5580 1831 5620 ec-

1937 3256 2225 3329 quidquid
2259 3257 2331 3313 de
2351 3257 2424 3314 iis
2456 3275 2584 3330 qua;
2607 3259 2692 3315 eis
2716 3258 3004 3332 pertinere
3026 3261 3320 3333 videntur,
3338 3282 3600 3338 quoquo-

1938 3345 2112 3401 modo
2145 3345 2373 3401 auferre
2406 3351 2509 3403 aut
2541 3346 2814 3416 alienare,
2832 3349 2933 3404 sed
2964 3348 3092 3407 loca
3115 3368 3241 3424 quas
3267 3353 3594 3426 apraadicto

1937 3435 2231 3491 Bernardo
2255 3434 2683 3492 Bisuldunense
2703 3436 2914 3493 comite
2935 3436 2999 3493 in
3014 3440 3217 3497 eodem
3240 3442 3597 3499 monasterio

1936 3539 2214 3579 concessa
2263 3528 2424 3590 sunt,
2473 3523 2563 3579 vel
2613 3540 2892 3581 concessa
2934 3532 3128 3596 erunt,
3176 3546 3405 3586 necnon
3452 3530 3599 3588 alias

1934 3610 2197 3668 locorum
2236 3611 2660 3683 possessiones,
2681 3629 2809 3684 qua:
2841 3630 2875 3668 a
2905 3616 3131 3671 caeteris
3161 3616 3512 3676 Christianis
3536 3619 3597 3675 in

1934 3700 2138 3755 eodem
2161 3704 2363 3755 sancto
2395 3698 2520 3755 loco
2543 3698 2602 3754 in
2634 3701 3012 3772 postmodum
3035 3702 3120 3758 illi
3152 3720 3441 3761 concessas
3472 3708 3597 3762 fue-

1934 3787 2073 3856 rint,
2125 3788 2295 3843 firma
2339 3786 2654 3844 stabilitate
2701 3787 2762 3843 in
2813 3791 2949 3862 jure
3003 3791 3345 3848 monasterii
3405 3791 3598 3865 ipsius

1934 3876 2436 3948 existenda,atque
2457 3876 2515 3931 in
2534 3880 2812 3948 perpetuo
2830 3879 3228 3950 permanenda
3247 3880 3592 3939 statuimus.

1934 3965 2049 4021 Nec
2104 3965 2342 4020 licentia
2388 3964 2484 4033 sit,
2527 3970 2592 4021 ut
2635 3966 2860 4021 dictum
2906 3969 3015 4035 est,
3051 3968 3207 4039 quod
3257 3985 3327 4024 ex
3372 3967 3457 4024 eis
3501 3970 3591 4027 vel

1933 4052 2209 4110 omnibus
2238 4054 2428 4110 eidem
2464 4054 2817 4110 monasterio
2848 4054 3280 4127 pertinentibus
3312 4056 3592 4131 cuiquam

1934 4159 2159 4216 magna
2179 4156 2484 4215 parvaeque
2507 4158 2765 4215 persona:
2789 4143 3036 4212 auferre,
3051 4147 3116 4199 ut
3151 4145 3408 4217 profecto
3421 4147 3595 4220 juxta

1934 4232 2014 4299 id,
2034 4231 2188 4303 quod
2219 4231 2521 4302 subjectus
2544 4231 2699 4287 idem
2722 4231 3069 4289 venerabilis
3099 4231 3264 4290 locus
3286 4236 3592 4307 apostolici

1935 4319 2239 4376 constituti
2270 4325 2445 4392 atque
2474 4319 2761 4393 privilegii
2791 4320 3080 4390 consistit,
3106 4321 3454 4380 inconcusse
3483 4325 3591 4382 do-

1936 4409 2152 4464 tandus
2184 4412 2544 4481 permaneat.
2571 4408 2631 4465 Si
2672 4408 2806 4481 quis
2838 4414 3059 4478 autem,
3094 4411 3250 4482 quod
3280 4428 3395 4466 non
3427 4415 3589 4484 opta-

1936 4513 2094 4565 mus,
2123 4496 2346 4553 nefario
2378 4513 2526 4553 ausu
2574 4498 3017 4571 praesumpserit
3045 4497 3167 4553 haec
3198 4515 3325 4570 qua:
3357 4515 3391 4555 a
3421 4500 3589 4556 nobis

1937 4587 2009 4642 ad
2038 4585 2273 4642 laudem
2308 4585 2409 4642 Dei
2439 4603 2544 4658 pro
2576 4585 2894 4643 stabilitate
2916 4588 3044 4658 jam
3075 4585 3215 4642 dicti
3246 4589 3588 4645 monasterii

1935 4679 2158 4732 statuta
2187 4681 2326 4732 sunt
2366 4675 2682 4750 refragare,
2715 4680 2817 4732 aut
2848 4676 2909 4731 in
2950 4676 3205 4747 quodam
3236 4677 3585 4751 transgredi,

1934 4765 2084 4821 sciat
2131 4781 2192 4822 se
2251 4764 2642 4821 anathematis
2685 4764 2916 4820 vinculo
2960 4764 3334 4834 innodatum,
3365 4769 3423 4822 et
3451 4783 3615 4831 cum_

1934 4852 2165 4911 diabolo
2186 4859 2244 4911 et
2272 4855 2321 4926 ej
2334 4872 2400 4910 us
2422 4852 2807 4910 atrocissimis
2824 4852 3078 4925 pompis,
3100 4858 3277 4926 atque
3296 4854 3328 4910 J
3334 4855 3452 4911 uda
3475 4859 3590 4912 tra-

1935 4942 2121 4999 ditore
2152 4942 2468 5000 Salvatoris
2488 4941 2720 4997 Domini
2754 4940 2939 4996 nostri
2969 4941 3111 4997 Jesu
3133 4941 3348 4998 Christi
3386 4943 3585 4999 aeterni

1933 5032 2187 5088 incendii
2200 5029 2487 5103 supplicio
2500 5045 2765 5086 concrem
2773 5029 2992 5084 andum
3005 5030 3320 5102 deputatus
3340 5048 3353 5086 :
3372 5031 3586 5088 vermis

1938 5121 2039 5194 qui
2070 5138 2184 5176 non
2216 5120 2466 5175 moritur
2494 5122 2553 5173 et
2582 5118 2736 5190 ignis
2776 5116 2877 5190 qui
2903 5134 3018 5173 non
3049 5119 3442 5191 exstinguitur
3471 5137 3584 5175 un-

1939 5224 2257 5281 quam,nec
2300 5206 2437 5262 velit
2477 5223 2583 5261 nec
2614 5205 2800 5261 valeat
2828 5206 2880 5261 ei
2912 5223 3168 5278 parcere.
3200 5208 3274 5262 At
3300 5224 3433 5263 vero
3483 5208 3585 5279 qui

1938 5298 2032 5370 pio
2064 5297 2284 5352 intuitu
2314 5296 2669 5362 observator,
2684 5298 2741 5350 et
2770 5295 2828 5350 in
2851 5294 3125 5350 omnibus
3147 5294 3433 5351 exstiterit
3450 5312 3583 5352 cus-

1939 5386 2167 5441 todiens
2188 5385 2365 5456 hujus
2386 5382 2572 5438 nostri
2596 5382 2897 5454 apostolici
2919 5383 3244 5451 constituti,
3260 5382 3332 5438 ad
3356 5381 3582 5438 cultum

1938 5474 2039 5532 Dei
2071 5472 2457 5547 respicientis,
2482 5471 2905 5528 benedictionis
2936 5474 3184 5545 gratiam
3209 5489 3242 5528 a
3261 5471 3585 5528 misericor-

1937 5564 2182 5622 dissimo
2214 5559 2458 5618 Domino
2481 5560 2596 5618 Deo
2615 5563 2812 5617 nostro
2835 5558 3235 5633 multipliciter
3261 5577 3579 5633 consequa-
