4044 6176
395 305 512 370 927

1629 346 1638 354 .
1719 301 2090 365 GREGORII
2132 301 2185 364 V
2227 303 2476 366 PAPIE.

3687 305 3803 370 928

395 441 512 506 tur,
545 441 605 495 et
657 435 785 494 vitae
834 439 1058 494 aeternae
1111 435 1400 510 particeps
1449 437 1598 493 efﬁci
1643 440 1936 492 mereatur
1978 435 2038 492 in
2069 436 2122 504 Α
2152 435 2482 512 episcopus,
2517 412 2706 512 neque
2745 438 3038 514 princeps,
3069 455 3260 514 neque
3307 439 3592 510 marchio,
3617 456 3803 514 neque

397 527 611 586 saecula
639 527 1008 583 saeculorum.
1037 528 1241 582 Amen.

467 616 764 688 Scriptum
813 631 916 686 per
957 631 1169 669 manus
1201 613 1348 670 Petri
1399 614 1606 669 notarii
1649 618 1706 668 et
1755 613 2041 670 scriniarii

397 708 609 762 sanetae
642 705 914 760 Romana:
953 701 1243 771 Ecclesiae,
1277 703 1338 758 in
1381 719 1583 760 mense
1629 703 1862 774 Aprilis,
1891 703 2042 758 indi-

395 795 584 850 ctione
615 793 944 848 undecima.
983 822 1047 832 --
1079 793 1230 848 Bene
1258 791 1462 848 valete.

1139 899 1308 956 XVII.

521 1005 789 1046 GREGORII
831 1006 991 1046 ΡΛΡᾸΞ
1027 1007 1062 1044 ν
1104 1005 1474 1044 PBIVILEGIUM
1517 1005 1625 1044 PRO
1665 1004 1923 1044 ECCLESIA

979 1077 1454 1116 MONTISMAJORlS.

1039 1150 1226 1216 (Anno
1254 1149 1402 1219 998.)

464 1239 650 1312 (Apud
675 1237 892 1308 Baluz.,
909 1237 1123 1292 Misccll.
1143 1237 1280 1292 edit.
1299 1238 1461 1305 Luc,,
1479 1241 1619 1293 tom.
1637 1237 1732 1303 Ill,
1747 1254 1878 1310 pag.
1893 1236 1972 1308 6.)

463 1329 795 1385 Gnnoomus
825 1326 1155 1399 cpiscopus,
1189 1343 1391 1382 servus
1419 1343 1714 1382 servorum
1740 1326 1862 1381 Dei.

459 1415 739 1472 Convenit
759 1414 1078 1488 apostolico
1101 1415 1488 1470 moderamini
1512 1415 1607 1488 pia
1629 1415 1906 1487 religione
1929 1416 2046 1488 pol-

387 1503 926 1563 lentibusbonivola
947 1505 1352 1576 compassione
1369 1521 1708 1560 succurrere
1729 1508 1784 1560 et
1808 1521 2046 1576 poscen-

387 1595 536 1651 tium
557 1593 772 1650 animis
789 1593 964 1649 alacri
980 1593 1283 1649 devotione
1307 1593 1594 1666 impertiri
1618 1609 1948 1650 assensum.
1963 1594 2043 1648 Ex

385 1683 498 1742 hoc
537 1683 695 1739 enim
741 1681 888 1740 lucri
919 1682 1294 1756 potissimum
1342 1683 1647 1755 praemium
1680 1700 1714 1738 a
1745 1683 2043 1739 conditore

386 1774 652 1830 omnium
675 1773 792 1829 Deo
817 1787 1242 1844 promeremur,
1261 1788 1394 1827 cum
1425 1771 1781 1828 venerabilia
1811 1771 1938 1828 loca
1959 1789 2044 1828 or—
2073 1809 2120 1874 B

386 1862 588 1920 dinata
605 1862 678 1919 ad
708 1860 1010 1918 meliorem
1045 1859 1260 1915 fuerint
1291 1859 1416 1916 sine
1445 1860 1624 1916 dubio
1657 1864 1877 1916 statum
1909 1877 2038 1932 per-

389 1952 584 2008 ducta.
609 1952 792 2024 Igitur
819 1951 892 2006 ob
923 1949 1032 2004 hoc
1063 1947 1426 2004 universitati
1455 1953 1647 2020 pateat
1677 1948 2038 2005 credentium

388 2039 666 2112 quoniam
698 2037 997 2094 abbatiam
1018 2037 1079 2091 in
1111 2036 1328 2093 honore
1360 2042 1574 2092 sanctae
1605 2037 1706 2092 Dei
1737 2038 2040 2109 genitricis

387 2143 733 2200 semperque
751 2125 996 2198 virginis
1029 2125 1220 2180 Mariae
1251 2125 1500 2180 dominae
1531 2129 1744 2182 nostra:
1767 2131 1826 2182 et
1850 2126 2038 2182 sancti

389 2215 541 2273 Petri
559 2212 623 2272 in.
642 2216 836 2271 Monte
856 2213 1096 2286 Majoris
1109 2213 1488 2270 constitutam
1512 2229 1616 2286 per
1637 2214 1815 2286 hujus
1829 2219 2037 2272 nostra:

387 2303 752 2363 auctoritatis
781 2302 1158 2376 privilegium
1181 2302 1555 2376 integerrime
1587 2305 2034 2361 corroboramus

386 2399 444 2452 et
473 2395 894 2452 conﬁrmamus
915 2393 976 2447 in
992 2396 1292 2465 perpetuo,
1317 2407 1452 2448 cum
1475 2392 1752 2449 omnibus
1771 2392 2039 2450 videlicet

387 2482 670 2552 ecclesiis,
704 2479 980 2551 oraculis,
1011 2481 1296 2548 curtibus,
1331 2480 1690 2538 massariciis
1720 2483 1791 2538 ad
1845 2483 2034 2556 ipsam

387 2571 840 2646 respicientibus
861 2587 987 2643 qua:
1019 2569 1092 2625 ab
1124 2569 1420 2642 aliquibus
1453 2569 1817 2627 ﬁdelissimis
1837 2571 2033 2628 Chris-

383 2660 562 2718 tianis
593 2661 779 2717 eidem
812 2662 1011 2716 sancto
1042 2657 1394 2715 monasterio
1442 2675 1720 2715 concessa
1761 2665 1920 2728 sunt,
1946 2659 2034 2716 vel

385 2767 512 2824 quae
541 2748 718 2806 etiam
749 2765 854 2823 per
877 2747 1075 2821 aliqua
1103 2747 1436 2804 munimina
1463 2749 1535 2804 ad
1565 2749 1816 2804 eundem
1869 2750 2033 2822 pium

384 2840 578 2898 locum
608 2837 898 2912 pertinere
917 2837 1210 2904 videntur,
1227 2851 1291 2892 eo
1323 2835 1546 2894 scilicet
1583 2837 1787 2893 ordine
1815 2841 1881 2893 ut
1919 2855 2037 2895 mo-

386 2928 558 2986 nachi
580 2927 770 3002 ipsius
791 2925 1038 2984 cmnobii
1061 2913 1240 2982 simul
1261 2941 1396 2982 cum
1418 2925 1626 2982 abbate
1649 2926 1748 2998 qui
1772 2943 1875 3000 pro
1895 2931 2036 2984 tem-

385 3034 523 3092 pore
553 3016 792 3084 fuerint,
825 3019 1169 3088 prtetaxatas
1199 3013 1494 3082 ecclesias,
1526 3013 1782 3082 oracula,
1821 3021 2031 3087 certes,

385 3105 779 3172 massaricios,
812 3119 1032 3172 servos,
1058 3101 1324 3170 ancillas,
1357 3101 1620 3158 aldiones
1657 3106 1714 3158 et
1743 3101 2034 3175 aldianas,

388 3195 516 3252 sine
537 3193 788 3265 alicujus
809 3191 1050 3264 majoris
1069 3191 1156 3246 vel
1187 3190 1432 3247 minoris
1463 3208 1722 3264 persona
1749 3195 2036 3250 contradi-
2063 3177 2105 3244 C

385 3283 578 3340 ctione
593 3281 1109 3348 habeant,teneant
1123 3283 1180 3334 et
1195 3277 1734 3353 possideant,atque
1753 3280 1812 3336 in
1831 3297 2031 3338 eorum

385 3387 561 3428 usum
591 3386 658 3427 ac
684 3372 991 3442 sumptum
1023 3373 1196 3441 prout
1216 3367 1430 3424 melius
1451 3368 1820 3440 praeviderint
1844 3371 2035 3428 distri-

384 3461 588 3528 buant,
622 3461 823 3514 nostra
853 3456 1173 3530 apostolica
1199 3456 1544 3513 auctoritate
1565 3459 1938 3516 concedente.
1966 3465 2030 3516 In

384 3565 564 3622 super
581 3547 758 3605 etiam
789 3563 858 3604 ex
877 3549 1076 3603 nostro
1097 3546 1250 3602 dono
1271 3549 1471 3602 nostra
1491 3547 1814 3618 apostolica
1833 3553 2032 3606 aucto-

383 3638 553 3696 ritate
571 3635 632 3694 in
655 3653 768 3693 usu
781 3638 838 3692 et
857 3634 1068 3692 salario
1090 3633 1314 3707 praefati
1326 3634 1672 3690 venerabilis
1693 3639 2032 3694 monasterii

381 3728 442 3785 in
464 3729 810 3802 perpetuum
833 3722 1210 3782 concedimus
1234 3727 1292 3779 et
1310 3725 1751 3794 confirmamus,
1773 3731 2032 3784 castrum

380 3817 648 3876 videlicet
659 3815 720 3872 in
733 3817 1025 3889 integrum
1047 3814 1202 3887 quod
1214 3818 1455 3870 vocatur
1467 3813 1714 3871 Biduino
1727 3833 1860 3872 cum
1873 3817 2035 3873 terri-

380 3907 530 3966 torio
549 3906 766 3963 ibidem
791 3903 1118 3978 pertinente
1133 3906 1344 3959 etcum
1367 3903 1642 3959 omnibus
1663 3905 1734 3960 ad
1735 3905 2030 3976 jacentiis,

380 3983 469 4055 vel
491 3994 859 4070 pertinentiis
889 3993 1015 4050 suis
1047 4009 1172 4066 quae
1201 3992 1416 4048 Ismido
1438 4009 1542 4064 per
1561 3993 1893 4050 donationis
1916 4011 2036 4050 car-

380 4084 567 4140 tulam
598 4082 844 4138 Domino
875 4082 991 4137 Deo
1020 4085 1078 4136 et
1106 4084 1306 4136 sancto
1340 4081 1504 4136 Petro
1531 4081 1640 4136 sub
1665 4082 1799 4152 jure
1820 4087 2032 4138 nostrze

383 4171 899 4228 sanctaRomanm
929 4168 1197 4226 Ecclesiae
1229 4169 1484 4235 donavit,
1519 4186 1588 4225 ea
1623 4169 1893 4227 videlicet
1940 4189 2030 4228 ra-

381 4259 539 4316 tione
569 4261 634 4314 ut
663 4261 794 4330 post
815 4258 969 4314 diem
991 4257 1188 4314 obitus
1209 4257 1300 4313 sui
1323 4262 1380 4314 et
1399 4259 1470 4314 de
1498 4263 1618 4314 tres
1649 4257 1788 4316 filiis
1815 4261 1906 4316 sui
1929 4277 2032 4317 no-

381 4347 680 4416 minative,
713 4345 1084 4402 Bermundus
1115 4345 1356 4414 scilicet,
1395 4345 1692 4415 Faraldus,
1726 4351 1783 4404 et
1827 4349 2030 4422 Lotge-

380 4437 524 4507 rius,
539 4439 726 4492 totum
761 4435 956 4508 ipsum
989 4438 1246 4491 castrum
1279 4438 1547 4490 nostrum
1579 4435 1640 4490 in
1658 4441 1944 4508 potestate
1960 4439 2032 4493 de

2101 528 2105 530 ’
2153 525 2425 598 quaelibet
2447 544 2660 600 magna
2681 545 2972 600 parvaque
2990 545 3240 602 persona
3251 529 3320 586 de
3343 530 3602 602 praefatis
3624 530 3806 586 omni-

2151 617 2264 672 bus
2287 615 2460 672 rebus
2482 635 2607 688 quae
2628 615 2774 672 inibi
2797 616 3084 689 pertinere
3103 619 3376 674 videntur
3394 620 3658 675 audeant
3687 637 3804 675 mo-

2150 703 2360 760 lestare
2381 705 2468 761 vel
2495 705 2956 778 inquietare,nec
2978 723 3094 762 non
3117 708 3229 763 sub
3254 707 3432 763 divini
3449 709 3664 780 judicii
3689 727 3808 782 pro-

2153 793 2529 867 mulgatione,
2555 799 2614 849 et
2633 795 3096 863 confirmatione,
3121 801 3179 852 et
3202 795 3598 854 anathematis
3631 799 3806 854 inter-

2155 883 2406 939 dictione
2437 885 2877 940 corroborantes
2907 885 3281 942 decernimus
3311 890 3378 941 ut
3407 886 3610 943 nullus
3652 889 3807 959 epis-

2153 989 2334 1044 copus
2357 989 2457 1051 seu
2492 972 2737 1044 quilibet
2777 973 3146 1029 sacerdotum
3167 973 3226 1028 in
3259 975 3460 1031 eodem
3490 977 3808 1032 venerabili

2153 1061 2414 1117 eoenobio
2447 1079 2551 1134 pro
2581 1061 2778 1133 aliqua
2809 1060 3175 1118 ordinatione
3204 1061 3323 1120 sive
3372 1066 3809 1120 consecratione

2154 1151 2625 1224 presbyterorum
2655 1149 2741 1206 vel
2775 1151 3177 1218 diaconorum,
3202 1151 3644 1223 missarumque
3669 1155 3814 1209 cele-

2153 1239 2438 1307 bratione,
2465 1239 2578 1295 nisi
2605 1240 2677 1294 ab
2708 1241 2916 1296 abbate
2945 1241 3209 1312 ejusdem
3237 1240 3346 1297 loci
3378 1242 3666 1298 invitatus
3700 1243 3812 1298 fue-

2153 1328 2248 1396 rit,
2283 1329 2479 1384 venire
2511 1329 2582 1382 ad
2614 1330 2908 1402 agendum
2941 1335 3288 1401 praesumat;
3323 1331 3422 1386 sed
3470 1330 3648 1387 liceat
3697 1349 3814 1387 mo-

2153 1417 2358 1473 nachis
2379 1417 2571 1490 ipsius
2606 1417 2714 1472 loci
2739 1420 3169 1491 cujuscumque
3193 1418 3482 1475 voluerint
3501 1419 3820 1478 ordinatio-

2153 1506 2245 1562 nis
2263 1507 2512 1579 gradum
2535 1507 2834 1579 suscipere
2855 1507 3216 1581 ubicumque
3229 1508 3540 1564 voluerint.
3558 1510 3818 1566 Abbates

2153 1612 2408 1667 namque
2435 1595 2535 1668 qui
2581 1595 2962 1652 consecrandi
3011 1600 3184 1652 erunt
3214 1597 3284 1652 de
3327 1597 3458 1670 ipsa
3493 1615 3818 1673 congrega-

2150 1685 2309 1740 tione
2327 1701 2460 1740 cum
2478 1683 2722 1740 consilio
2746 1684 2992 1740 fratrum
3022 1685 3414 1741 communiter
3435 1685 3819 1760 eligantur,et

2151 1775 2224 1830 ad
2247 1791 2380 1830 eum
2405 1774 2868 1830 consecrandum
2893 1790 3330 1846 quemcumque
3353 1775 3650 1842 voluerint
3663 1778 3817 1849 epis-

2149 1880 2360 1937 copum
2385 1863 2687 1919 advocent.
2705 1862 2764 1919 Si
2779 1864 2914 1934 quis
2927 1867 3127 1918 autem
3142 1863 3455 1920 temerario
3471 1866 3816 1938 ausu,quod

2147 1951 2274 2008 ﬁeri
2297 1969 2412 2008 non
2444 1951 2760 2020 credimus,
2790 1955 2994 2007 contra
3023 1951 3205 2022 hujus
3235 1956 3446 2008 nostrae
3477 1952 3815 2025 apostolicae

2147 2039 2610 2096 conﬁrmationis
2641 2039 2852 2095 seriem
2883 2040 3079 2096 venire
3108 2044 3212 2096 aut
3253 2056 3424 2113 agere
3469 2043 3808 2109 tentaverit,

2148 2128 2295 2184 sciat
2325 2146 2388 2184 se
2419 2128 2651 2184 Domini
2683 2127 2863 2184 nostri
2890 2127 3290 2201 apostolorum
3322 2128 3612 2202 principis
3655 2130 3810 2186 Petri

2145 2216 2536 2274 anathematis
2547 2215 2778 2272 vinculo
2797 2217 3233 2286 innodandum;
3259 2223 3318 2274 et
3336 2234 3472 2274 cum
3493 2217 3737 2275 diabolo
3751 2223 3810 2275 et

2145 2307 2196 2378 ej
2207 2323 2274 2362 us
2285 2305 2500 2362 atrocis
2513 2305 2992 2378 (sociis),pompis
3005 2309 3182 2379 atque
3193 2323 3328 2361 cum
3340 2306 3372 2362 J
3377 2307 3496 2362 uda
3515 2307 3807 2363 traditore

2147 2393 2376 2452 Domini
2399 2397 2455 2450 et
2472 2392 2787 2450 Salvatoris
2809 2393 2993 2450 nostri
3013 2395 3153 2450 Jesu
3177 2393 3392 2450 Christi
3415 2393 3475 2450 in
3516 2399 3808 2452 aeternum

2145 2483 2340 2557 ignem
2363 2481 3196 2555 concremandum,simulque
3225 2481 3284 2537 in
3321 2484 3671 2558 voraginem
3701 2487 3810 2540 tap

2146 2577 2452 2644 tareosque
2468 2571 2646 2627 chaos
2659 2572 2993 2628 demersum
3017 2588 3151 2627 cum
3174 2571 3372 2644 impiis
3385 2572 3806 2628 deﬁciendum.

2145 2661 2252 2728 Qui
2283 2677 2416 2717 vero
2439 2663 2638 2716 custos
2654 2664 2712 2716 et
2730 2660 3068 2716 observator
3086 2659 3266 2732 hujus
3288 2660 3475 2716 nostri
3514 2660 3808 2735 privilegii

2145 2749 2454 2820 exstiterit,
2479 2747 2904 2805 benedictionis
2933 2749 3184 2822 gratiam
3213 2752 3272 2805 et
3298 2747 3479 2805 vitam
3519 2755 3805 2806 aeternam

2145 2856 2180 2896 a
2209 2838 2453 2895 Domino
2487 2842 2900 2912 consequatur.

2216 2927 2510 3000 Scriptum
2542 2943 2645 3000 per
2697 2943 2941 2983 manum
2972 2927 3123 2984 Petri
3157 2926 3370 2984 notarii
3420 2932 3480 2984 et
3509 2926 3802 2984 scriniarii

2144 3020 2356 3074 sancta:
2387 3017 2658 3072 Romanae
2689 3014 2958 3073 Ecclesiae
2991 3016 3052 3072 in
3078 3032 3281 3074 mense
3298 3015 3539 3091 Aprilis,
3563 3021 3623 3074 et
3651 3016 3802 3073 indi-

2145 3105 2334 3163 ctione
2357 3104 2690 3162 undecima.

2142 3299 2639 3368 BULLA’GREGORII
2668 3301 2884 3340 PAPEV
2913 3300 3024 3340 PRO
3045 3299 3352 3340 ARNULPHO
3381 3299 3442 3340 IN
3471 3300 3804 3342 EPISC‘DPUK

2603 3371 2983 3412 AUSONENSEM
3021 3373 3104 3411 Βίαν
3113 3371 3324 3413 GBNDO.

2780 3446 2968 3514 (Anno
2996 3445 3149 3514 998.)

2318 3535 2510 3606 (Apud
2543 3533 2752 3603 Mansi,
2786 3532 2945 3590 Cone.
2975 3537 3121 3590 tom.
3145 3533 3286 3603 XIX,
3320 3533 3430 3590 col.
3463 3534 3622 3603 227.)

2213 3641 2544 3698 Ganeomus
2573 3640 2904 3713 episcopus,
2940 3657 3143 3698 servus
3172 3657 3474 3698 servorum
3506 3640 3636 3696 Dei.

2211 3730 2418 3787 Divina
2475 3729 2644 3786 nobis
2702 3729 3092 3787 saluberrima
3151 3733 3436 3804 praecepta
3471 3733 3532 3786 et
3562 3735 3802 3787 sancto-

2141 3837 2272 3876 rum
2305 3835 2596 3875 canonum
2647 3819 2916 3876 instituta
2961 3821 3288 3876 veneranda
3331 3837 3438 3877 nos
3480 3820 3805 3877 admonent

2141 3907 2624 3965 considerationis
2671 3907 2912 3977 intuitu,
2946 3909 3065 3966 imo
3121 3914 3180 3966 et
3237 3909 3543 3982 apostolici
3606 3911 3803 3973 mode

2141 3997 2388 4053 raminis
2440 3997 2674 4066 annisu,
2711 3996 3032 4054 utilitatum
3091 3997 3571 4054 commoditatem
3625 4004 3803 4072 atque

2141 4086 2440 4142 firmitatis
2500 4085 2781 4158 proﬁcere
2839 4085 3254 4159 integritatem,
3317 4091 3612 4159 quatenus
3669 4105 3802 4160 pro-

2145 4175 2543 4230 curandarum
2594 4174 2916 4232 utilitatum
2949 4175 3232 4244 subsidia,
3265 4179 3333 4232 ut
3371 4175 3568 4232 divino
3615 4177 3805 4234 cultui

2141 4262 2412 4318 dedicata
2489 4261 2767 4332 existunt,
2827 4263 3173 4320 inconcusse
3243 4269 3650 4337 permaneant,
3709 4267 3802 4320 at-

2141 4367 2254 4423 que
2293 4351 2354 4406 in
2404 4349 2680 4406 laudibus
2726 4351 2828 4408 Dei
2879 4351 3212 4408 diutissime
3257 4351 3663 4426 persolveudis
3700 4371 3800 4409 va-

2137 4438 2299 4495 leant
2341 4439 2644 4512 proficere.
2679 4439 2797 4496 Hoc
2841 4440 3044 4514 procul
3088 4440 3266 4496 dubio
3307 4441 3629 4498 commissa
3679 4442 3801 4500 sol-

380 4524 686 4582 monachis
718 4541 787 4581 ex
833 4522 1158 4597 supradicti
1201 4523 1540 4580 monasterii
1585 4525 1940 4595 devenirent,
1975 4531 2032 4583 et
2061 4549 2108 4615 D
2138 4527 2380 4584 licitudo
2421 4545 2529 4584 nos
2578 4531 2850 4601 provocat
2891 4529 2990 4602 pia
3039 4529 3504 4586 consideratione
3562 4548 3796 4600 sanare,

379 4612 642 4687 quandiu
669 4611 919 4668 vixerint
944 4611 1056 4684 ipsi
1089 4611 1413 4684 supradicti
1441 4617 1561 4670 tres
1593 4613 1729 4671 ﬁliis
1750 4614 1874 4671 suis
1907 4631 2028 4672 me-

379 4701 598 4759 diatem
627 4701 699 4758 de
723 4699 1060 4774 supradicto
1089 4705 1279 4757 castro
1308 4704 1547 4757 teneant
1571 4706 1628 4758 et
1669 4703 2026 4775 possideant.

379 4792 607 4849 Mortuo
635 4807 769 4848 vero
799 4807 916 4846 uno
947 4790 1275 4864 portionem
1305 4788 1465 4846 illius
1495 4790 1566 4845 ad
1607 4793 2028 4848 monasterium

378 4879 736 4949 revertat,ita
755 4883 813 4936 et
833 4878 1325 4952 prosequentibus
1346 4879 1580 4951 quando
1602 4878 1734 4936 aliis
1755 4880 2026 4951 obierint,

379 4968 652 5026 similiter
681 4967 964 5042 portionis
986 4967 1220 5024 illorum
1244 4968 1302 5022 in
1326 4971 1529 5024 sancto
1551 4969 1906 5025 monasterio
1938 4987 2026 5026 re-

376 5061 653 5114 vertatur.
686 5058 877 5113 Censu
906 5073 1040 5114 vero
1070 5074 1174 5130 pro
1187 5058 1322 5130 jure
1343 5057 1531 5112 sancti
1557 5057 2027 5132 Petri,sicutipse

377 5147 596 5204 Ismido
627 5147 951 5215 constituit,
976 5145 1130 5202 infra
1158 5145 1420 5218 quinque
1461 5163 1645 5202 annos
1693 5150 1811 5203 tres
1842 5146 2024 5204 libras

378 5234 595 5312 clibani
619 5235 890 5292 monachi
918 5235 990 5291 ad
1023 5234 1204 5292 altare
1235 5235 1421 5291 sancti
1471 5235 1624 5290 Petri
1671 5236 2020 5308 persolvant.

378 5325 508 5380 Hmc
528 5325 727 5380 omnia
743 5324 1079 5398 supradicta
1093 5323 1219 5380 loca
1239 5341 1372 5380 cum
1385 5323 1662 5381 erunibus
1675 5341 1876 5380 eorum
1901 5343 2026 5398 per-

379 5412 645 5470 tinentiis
661 5431 764 5486 per
783 5414 963 5486 hujus
985 5413 1168 5471 nostri
1192 5413 1474 5487 privilegii
1489 5412 1893 5470 auctoritatem
1906 5433 2027 5470 mo-

378 5502 583 5560 nachis
603 5503 789 5577 ipsius
811 5504 1148 5561 monasterii
1173 5505 1419 5560 tenenda
1439 5508 1498 5560 et
1517 5505 1871 5577 possidenda
1895 5523 2028 5562 con-

381 5591 643 5652 cedimus
661 5593 717 5648 in
737 5598 1036 5670 perpetuo,
1051 5594 1133 5650 ita
1159 5598 1222 5649 ut
1241 5591 1440 5649 nullus
1459 5593 1595 5662 dux,
1617 5611 1804 5668 neque
1825 5594 2026 5652 nullus

2140 4621 2206 4673 ut
2251 4633 2321 4673 ex
2368 4615 2479 4672 hoc
2524 4615 2724 4674 divina
2767 4616 2997 4690 placata
3043 4616 3374 4690 clementia,
3427 4619 3488 4674 in
3535 4619 3798 4692 sydereis

2141 4705 2374 4762 arcibus
2452 4704 2621 4761 nobis
2679 4706 3009 4762 ascribatur
3064 4707 3483 4764 remuneratio.
3543 4707 3796 4780 Ideoque

2139 4795 2417 4850 omnibus
2447 4797 2660 4850 sanctae
2690 4793 2790 4852 Dei
2836 4793 3104 4852 Ecclesiae
3149 4795 3426 4852 ﬁdelibus
3472 4799 3600 4852 tam
3649 4813 3794 4868 prae-

2139 4882 2402 4939 sentibus
2453 4899 2632 4956 quam
2678 4886 2737 4940 et
2787 4882 3006 4940 futuris
3064 4886 3271 4940 notum
3329 4899 3459 4940 esse
3516 4882 3795 4940 volumus

2137 4969 2391 5042 qualiter
2440 4974 2675 5043 peracta
2716 4971 2828 5026 fuit
2884 4971 3147 5046 synodus
3194 4971 3446 5044 septimo
3507 4971 3650 5029 Idus
3680 4973 3799 5030 Ma-

2137 5059 2224 5116 ias
2254 5058 2313 5114 in
2340 5059 2583 5116 basilica
2625 5061 2779 5116 beati
2829 5059 2982 5118 Petri
3032 5060 3433 5134 apostolorum
3480 5060 3794 5134 principis,

2134 5153 2270 5205 ante
2317 5167 2480 5205 aram
2532 5149 2652 5206 sive
2697 5149 2880 5206 altare
2927 5151 3078 5223 ejus,
3114 5167 3250 5207 cum
3301 5148 3461 5206 omni
3512 5151 3795 5207 Romana:

2133 5237 2402 5294 Ecclesiae
2441 5238 2732 5311 episcopis
2775 5243 2833 5294 et
2881 5238 3334 5296 ultramontanis
3389 5255 3622 5295 necnon
3676 5240 3798 5296 dia-

2135 5327 2380 5384 conibus
2429 5326 2737 5399 utriusque
2780 5329 3000 5400 gradus
3049 5332 3262 5384 sancta:
3295 5332 3509 5383 nostra:
3557 5332 3794 5400 aposto-

2134 5415 2257 5472 licae
2333 5415 2510 5485 sedis,
2589 5421 2928 5489 cunctaeque
3003 5415 3161 5474 sedis
3235 5417 3510 5472 Romana:
3581 5415 3790 5482 urbis,

2135 5505 2288 5562 inter
2345 5521 2494 5578 quos
2553 5506 2728 5562 etiam
2788 5505 2976 5562 adfuit
3023 5506 3279 5562 domnus
3324 5503 3794 5578 gloriosissimus

2137 5599 2195 5651 et
2237 5593 2652 5651 serenissimus
2703 5595 2833 5651 Otto
2871 5595 3079 5652 tertius
3125 5594 3444 5668 imperator
3485 5595 3792 5666 Augustus
