4052 6180
245 359 365 425 929

1422 356 1824 419 EPISTOLIE
1864 355 1966 417 ET
2007 356 2480 420 PRIVILEGIA.

3532 366 3650 429 930

246 509 387 550 cum
437 491 890 547 ultramontanis
940 491 1572 564 Longobardorumque
1621 490 1893 557 ducibus,
1926 490 2253 562 Avivente,
2304 508 2409 547 nec
2468 494 2539 548 ab
2597 493 2709 549 alio
2767 497 3210 570 metropolitano
3271 500 3382 555 nisi
3441 500 3649 555 dicace-

244 582 584 648 comitibus,
636 596 738 635 seu
789 578 1009 634 militia”:
1057 580 1225 652 ecpia
1272 579 1469 635 nimis.
1512 580 1582 635 Et
1630 580 1894 635 residen-

243 677 334 727 tes
384 669 501 725 illic
550 670 623 724 ad
672 669 847 741 pedes
915 666 1137 740 praefati
1185 667 1436 741 Augusti
1489 667 1897 740 Ermengaudo

241 760 459 816 comite
504 758 691 813 filium
740 756 979 813 Borrelli
1025 756 1472 830 Aquitaniorum
1523 756 1641 812 sive
1687 756 1900 812 Gotho-

243 867 381 905 rum
413 845 780 903 nobilissimo
811 846 1149 902 marchione
1198 863 1332 901 cum
1365 845 1747 917 optimatibus
1780 844 1899 902 sive

244 938 475 995 clericis
544 935 688 1003 suis,
744 935 1046 1007 Arnulpho
1118 937 1409 1008 episcopo,
1475 940 1530 990 et
1588 934 1895 990 Guaduldo

244 1029 526 1084 advocato
568 1026 863 1099 episcopo,
914 1024 975 1080 in
1026 1025 1229 1080 eodem
1285 1029 1573 1079 conventu
1623 1023 1711 1078 vel
1762 1041 1896 1095 syn-

245 1116 359 1171 odo
420 1114 573 1169 inter
630 1130 689 1168 se
750 1112 1173 1168 altercantibus
1226 1113 1298 1167 de
1356 1112 1650 1184 episcopio
1708 1114 1897 1166 Auso-

246 1203 458 1271 uensi;
492 1200 794 1258 Guadaldo
824 1218 885 1256 se
916 1198 1292 1267 reclamante,
1332 1204 1465 1255 ante
1512 1197 1897 1270 apostolicam

247 1298 308 1350 et
335 1290 701 1366 imperialem
733 1290 1127 1363 prarsentiam,
1159 1291 1315 1361 quod
1346 1289 1657 1362 praedictus
1687 1288 1897 1343 Arnul-

248 1384 408 1456 phus
453 1398 556 1453 per
599 1380 718 1436 vim
776 1384 832 1434 et
888 1378 1106 1450 injuste
1158 1379 1389 1435 tolleret
1446 1379 1497 1434 ei
1556 1379 1898 1449 praedictum

244 1475 651 1528 Ausonensem
709 1467 1134 1541 episcopatum,
1191 1486 1311 1524 una
1359 1484 1496 1523 cum
1554 1468 1900 1541 Raymundo

247 1560 438 1633 ipsius
491 1556 797 1631 provinciae
854 1556 1212 1625 marchione,
1264 1556 1567 1629 Arnulpho
1626 1556 1899 1629 episcopo

248 1648 638 1722 respondente
670 1645 827 1718 quod
858 1644 910 1701 ei
943 1662 1058 1701 non
1091 1643 1432 1701 abstulisset
1480 1663 1583 1718 per
1627 1645 1746 1700 vim
1793 1662 1899 1701 nec

248 1736 469 1807 injuste
514 1732 860 1807 pradictum
909 1731 1332 1805 episcopatum,
1384 1733 1485 1788 sed
1528 1734 1689 1803 justo
1732 1738 1789 1789 et
1819 1732 1899 1790 le-

252 1823 460 1899 galiter
504 1838 566 1878 se
632 1813 923 1888 obtinere,
976 1824 1033 1875 et
1082 1837 1115 1875 a
1166 1821 1397 1893 proprio
1448 1820 1898 1903 metropolitano

220 1912 639 1981 “Narbonensi,
672 1911 845 1983 cujus
897 1909 1163 1966 dimcesis
1213 1910 1334 1965 fore
1364 1909 1555 1977 debet,
1587 1926 1715 1965 esse
1764 1926 1900 1965 con-

254 2006 567 2068 secratum,
622 2005 679 2055 et
744 1996 1115 2055 Guadaldum
1165 1997 1391 2052 vivente
1459 1998 1708 2053 Fruiano
1766 2014 1905 2070 pon-

252 2093 411 2148 tiﬁce
458 2088 787 2146 Ausonensi
844 2088 915 2142 ab
962 2085 1077 2143 alio
1147 2084 1600 2158 metropolitano
1666 2086 1903 2141 Oddone

255 2179 452 2237 Gallia:
517 2175 824 2251 provincias
894 2174 1330 2247 archiepiscopo
1388 2173 1790 2229 fraudulenter
1847 2180 1905 2230 et

255 2270 477 2341 absque
526 2266 653 2341 lege
696 2265 1050 2331 ordinatum,
1085 2268 1142 2319 et
1190 2282 1224 2319 a
1270 2264 1494 2319 Joanne
1543 2281 1696 2335 papa
1740 2268 1904 2320 ante-

254 2375 483 2416 cessore
532 2361 734 2413 nostro
783 2359 840 2411 et
885 2372 919 2410 a
971 2357 1122 2409 ccetu
1175 2352 1582 2424 episcoporum
1632 2354 1905 2408 Romanae

253 2445 523 2503 Ecclesia:
556 2446 676 2500 sive
725 2444 857 2499 aliis
900 2440 1306 2514 compluribus
1356 2442 1810 2497 condemnatum
1851 2446 1908 2497 et

254 2535 855 2600 anathematizatum;
907 2530 1261 2587 reclamante
1311 2546 1372 2585 se
1421 2530 1696 2601 praedicto
1746 2530 1902 2602 epis-

256 2642 401 2697 copo
452 2621 725 2689 Fruiano,
777 2637 951 2692 quem
1001 2618 1339 2675 Guadaldus
1385 2617 1634 2674 interfici
1693 2621 1910 2674 iecerat

260 2730 396 2769 cum
454 2714 632 2767 fratre
690 2714 747 2765 et
794 2707 1230 2780 consanguineo
1287 2724 1393 2764 suo
1442 2711 1498 2762 et
1545 2707 1677 2763 aliis
1726 2706 1909 2779 pluri-

192 2815 204 2821 ‘
263 2803 396 2858 bus.
444 2801 576 2857 Haec
622 2798 767 2854 talia
807 2797 926 2853 illis
964 2792 1329 2867 'dicentibus,
1378 2794 1641 2871 diligenti
1690 2797 1906 2866 animo,

268 2908 403 2947 cum
473 2904 707 2945 summo
773 2885 990 2952 studio,
1046 2885 1304 2953 letaniis,
1361 2884 1607 2957 psalmis
1673 2892 1729 2941 et
1781 2903 1908 2942 ora-

267 2980 525 3037 tionibus
556 2975 1077 3044 intercedentibus,
1108 2979 1166 3030 et
1196 2974 1371 3029 ﬁdem
1421 2974 1768 3031 catholicam
1818 2995 1911 3035 re-

268 3070 546 3144 legentes,
574 3070 826 3122 tractare
857 3064 1142 3136 cmpimus
1173 3063 1422 3136 qualiter
1466 3064 1585 3119 {ida
1630 3064 1911 3124 relatione

268 3160 338 3216 ad
371 3157 696 3231 regularem
717 3154 1013 3211 tramitem
1032 3154 1483 3226 perduceremus
1505 3159 1561 3209 et
1583 3156 1908 3213 secundum

268 3228 608 3305 canonicam
637 3249 694 3301 et
723 3242 1105 3317 apostolicam
1136 3242 1541 3297 auctoritatem
1574 3259 1673 3298 eos
1712 3245 1907 3301 discu-
1939 3228 1982 3295 C

266 3343 546 3395 teremus.
579 3336 741 3390 Tunc
772 3349 880 3388 nos
929 3332 1167 3387 demum
1208 3332 1532 3387 secundum
1565 3335 1908 3391 canonicam

264 3432 323 3483 et
351 3423 733 3498 apostolicam
765 3420 1169 3477 auctoritatem
1200 3419 1384 3476 ferula
1433 3424 1909 3481 excommunica-

265 3516 443 3573 tionis
473 3520 531 3570 et
575 3511 753 3569 bandi
803 3509 989 3566 nostri
1034 3509 1491 3566 constrinximus
1540 3512 1907 3583 prmlibatum

264 3603 743 3677 Ermengaudum
794 3600 1069 3655 comitem
1109 3615 1242 3653 cum
1292 3598 1517 3654 clericis
1566 3605 1623 3655 et
1659 3601 1907 3674 optima-

264 3695 424 3749 tibus
455 3692 579 3748 suis
610 3696 674 3746 ut
704 3687 989 3762 quidquid
1021 3686 1226 3742 exinde
1274 3687 1557 3741 veraciter
1604 3689 1905 3758 sentirent,

265 3782 435 3840 nobis
485 3797 589 3854 pro
646 3794 844 3835 amore
902 3776 1003 3832 Dei
1058 3780 1115 3831 et
1171 3773 1567 3847 apostolorum
1626 3777 1909 3850 principis

268 3870 420 3927 Petri
460 3868 795 3925 renuntiare
845 3869 1199 3939 satagerent.
1230 3866 1302 3919 At
1346 3862 1431 3918 illi
1475 3865 1722 3937 professi
1771 3870 1911 3923 sunt

266 3978 383 4016 uno
441 3958 637 4015 animo
693 3973 929 4029 unaque
983 3972 1120 4010 voce
1175 3970 1245 4009 ea
1302 3971 1428 4027 qua:
1487 3955 1559 4009 ab
1607 3954 1909 4028 Arnulpho

265 4049 538 4123 episcOpo
568 4045 943 4103 audieramus
970 4060 1107 4099 vera
1136 4047 1193 4099 et
1221 4048 1379 4099 recta
1426 4042 1625 4099 omnia
1671 4060 1819 4111 esse,
1856 4048 1913 4100 et

267 4136 637 4196 Guadaldum
664 4135 890 4191 vivente
922 4132 1182 4194 Fruiano,
1206 4132 1476 4205 episcopo
1505 4132 1910 4206 episcopatum

265 4227 502 4284 sibimet
525 4239 845 4297 usurpasse
875 4227 931 4278 et
960 4221 1034 4277 ab
1066 4220 1179 4277 alio
1209 4220 1658 4293 metropolitano
1692 4222 1911 4294 injuste

265 4314 800 4379 subintroductum,
834 4314 892 4367 et
918 4313 1121 4383 postea
1149 4309 1492 4381 praedictum
1527 4310 1845 4366 Fruianum
1877 4328 1912 4367 a

265 4405 502 4479 praefato
561 4399 875 4460 Guadaldo.
907 4400 1247 4454 innocenter
1295 4398 1577 4453 occisum.
1626 4399 1911 4482 Deinceps

264 4496 497 4549 nosmet
517 4496 817 4561 castusque
842 4487 1248 4561 episcoporum
1279 4485 1587 4559 diligenter
1604 4488 1910 4559 praefatum

2006 597 2149 635 sano
2182 581 2459 649 ordinari,
2494 582 2724 638 etiamsi
2766 583 2943 639 talem
2996 585 3188 642 clerus
3235 592 3292 642 et
3339 587 3503 659 plebs
3549 587 3650 643 eli-

2005 674 2230 742 gerent,
2264 671 2364 725 sed
2413 670 2593 742 hujus
2639 672 2720 727 rei
2769 674 3049 729 factorem
3103 676 3431 731 secundum
3480 692 3651 731 suam

2005 758 2453 829 professionem,
2484 764 2541 814 et
2571 761 2911 816 canonicam
2938 765 2995 816 et
3025 763 3407 835 apostolicam
3454 768 3651 820 aucto-

2006 846 2235 902 ritatem
2262 848 2470 903 debere
2502 849 2727 920 deponi.
2749 851 2864 905 Nos
2886 851 3138 922 denique
3159 852 3493 909 obedientes
3515 870 3655 924 pra:-

2007 936 2187 1007 ceptis
2209 938 2959 1009 canonum,judicantibus
3007 940 3297 1012 episcopis
3347 941 3651 1009 Romanis,

2008 1025 2426 1096 Longobardis,
2488 1030 2544 1080 et
2600 1026 3077 1094 ultramontanis,
3141 1029 3539 1084 consentiente
3598 1033 3655 1084 et

1999 1111 2305 1182 judicante
2338 1114 2552 1167 domno
2583 1114 2793 1169 Ottone
2824 1115 3170 1185 imperatore
3208 1117 3491 1189 Augusto,
3516 1118 3654 1187 jus-

2008 1200 2197 1255 simus
2255 1218 2289 1255 a
2348 1202 2657 1257 Benedicto
2705 1202 3115 1259 archidiacono
3167 1209 3364 1260 nostro
3413 1209 3471 1260 et
3523 1206 3657 1260 Rot-

2008 1289 2169 1343 berto
2202 1289 2587 1345 oblationario
2619 1291 2813 1363 ipsum
2858 1292 3230 1347 Guadaldum
3279 1294 3513 1365 deponi.
3547 1292 3655 1360 Qui

2008 1379 2208 1433 statim
2269 1380 2483 1435 nostris
2524 1381 2798 1451 jussibus
2854 1381 3216 1448 obedientes,
3269 1386 3334 1437 ut
3385 1399 3515 1439 mos
3568 1387 3657 1439 est

2009 1469 2428 1537 Romanorum,
2469 1471 2540 1524 de
2568 1471 2805 1525 dextera
2854 1470 3013 1526 illius
3060 1470 3370 1527 annullum
3401 1472 3659 1529 evellen-

2006 1561 2114 1624 tes,
2172 1563 2230 1613 et
2284 1558 2507 1631 virgam
2564 1558 2918 1631 pastoralem
2978 1577 3157 1633 super
3225 1565 3403 1633 caput
3465 1562 3655 1635 ipsius

2010 1646 2363 1719 frangentes,
2414 1652 2472 1703 et
2529 1646 2793 1703 casulam
2845 1653 3021 1721 atque
3071 1648 3449 1706 dalmaticam
3498 1651 3655 1707 scin-

2009 1735 2237 1801 dentes,
2293 1740 2349 1791 et
2406 1737 2477 1791 ab
2536 1737 2740 1792 ordine
2820 1738 3195 1808 pontiﬁcatus
3253 1755 3388 1795 eum
3448 1741 3656 1813 degra-

2009 1823 2237 1891 dantes,
2299 1824 2357 1878 in
2430 1829 2645 1880 terram
2713 1826 2917 1881 sedere
2985 1827 3267 1882 fecerunt.
3338 1828 3474 1884 Post
3538 1828 3661 1885 haec

2012 1912 2210 1967 omnia
2280 1917 2537 1984 peracta,
2599 1914 2815 1969 domno
2872 1914 3222 1986 imperatore
3283 1916 3553 1987 jubente,
3605 1920 3664 1973 et

2011 2000 2301 2072 episcopis
2374 2002 2674 2070 Romanis,
2739 2002 3159 2074 Longobardis,
3230 2008 3405 2075 atque
3477 2005 3661 2061 ultra-

2015 2090 2311 2145 montanis
2333 2090 2763 2161 judicantibus,
2799 2090 3195 2147 consentiente
3225 2097 3283 2147 et
3305 2093 3663 2150 acclamante

2013 2179 2419 2252 Ermengaudo
2461 2179 2672 2234 comite
2719 2195 2852 2234 cum
2907 2178 3132 2236 clericis
3176 2184 3233 2236 et
3280 2180 3664 2253 optimatibus

2016 2269 2115 2340 qui
2174 2269 2245 2324 de
2304 2268 2540 2340 regione
2600 2268 2700 2324 illa
2750 2269 2829 2324 ibi
2887 2269 3148 2337 aderant,
3206 2287 3324 2326 una
3380 2286 3514 2326 cum
3572 2288 3662 2328 se-

2017 2361 2156 2412 natu
2206 2362 2262 2412 et
2311 2356 2521 2412 militia
2570 2356 2832 2413 Romana
2889 2358 3408 2430 Langobardorum
3467 2362 3524 2415 et
3583 2360 3667 2415 ul-

2015 2451 2559 2514 tramontanorum,
2631 2444 2934 2518 privilegio
3011 2450 3221 2501 nostrae
3298 2447 3664 2503 auctoritatis

2018 2536 2418 2591 confirmando
2450 2540 2507 2590 et
2545 2535 2973 2591 corroborando
3019 2534 3387 2606 Arnulpbum
3436 2553 3666 2608 praeno-

2017 2625 2308 2679 minatum
2342 2623 2683 2697 episcopum
2733 2623 2791 2677 in
2842 2621 3044 2677 ordine
3088 2622 3406 2694 pontiﬁcali
3463 2624 3662 2680 Eccle-

2019 2713 2117 2769 siae
2165 2713 2525 2768 Ausonensis
2576 2711 2896 2767 statuimus
2955 2714 3129 2783 atque
3187 2711 3661 2781 sublimavimus,

2020 2801 2425 2874 annulumque
2481 2805 2538 2856 et
2596 2801 2819 2871 virgam
2870 2798 3224 2871 pastoralem
3270 2799 3322 2854 ei
3368 2800 3662 2872 dedimus,

2020 2891 2243 2965 ligandi
2275 2890 2650 2963 solvendique
2698 2893 3045 2961 potestatem
3091 2888 3215 2943 vice
3264 2888 3662 2959 apostolorum

2020 2986 2077 3036 et
2135 2985 2335 3036 nostra
2380 2979 2431 3035 ei
2478 2980 2897 3046 concessimus,
2950 2980 3007 3032 et
3064 2976 3463 3049 episcopatum
3518 2996 3663 3051 pras-

2022 3071 2208 3126 fatum
2270 3086 2388 3124 una
2444 3085 2578 3124 cum
2625 3071 2909 3140 praecepto
2965 3064 3163 3120 domni
3221 3066 3469 3139 Augusti
3527 3083 3663 3123 cum

2022 3160 2297 3217 omnibus
2346 3158 2469 3214 suis
2509 3155 2877 3229 pertinentiis
2925 3172 3052 3227 quae
3107 3154 3177 3209 ad
3228 3156 3425 3211 sedem
3474 3156 3663 3228 ipsam

2020 3250 2330 3323 pertinent,
2364 3247 2454 3304 vel
2511 3245 2879 3319 pertinentiis
2924 3261 3051 3316 quas
3102 3244 3174 3299 ad
3225 3244 3423 3299 sedem
3475 3244 3660 3317 ipsam

2020 3340 2305 3413 pertinere
2354 3338 2587 3404 debent,
2622 3335 2708 3391 illi
2757 3333 3171 3403 stabilivimus,
3221 3333 3304 3388 ita
3351 3337 3417 3390 ut
3464 3333 3664 3392 nullus

2018 3430 2192 3486 homo
2247 3428 2335 3484 vel
2378 3425 2680 3499 judicialis
2729 3428 2989 3497 potestas
3039 3423 3099 3479 in
3147 3423 3386 3495 praefato
3434 3424 3662 3496 episco-

2018 3525 2157 3594 patu
2214 3518 2302 3574 vel
2350 3518 2487 3573 sede
2543 3514 2762 3587 aliquid
2822 3518 3023 3569 contra
3079 3513 3234 3568 hunc
3290 3513 3660 3585 Arnulphum

2018 3608 2355 3680 episcopum
2406 3605 2524 3659 sive
2570 3619 2938 3659 successores
2986 3619 3126 3657 suos
3174 3601 3482 3657 temerario
3513 3620 3661 3658 ausu

2017 3702 2219 3752 contra
2265 3692 2569 3749 ecclesiam
2619 3693 2742 3762 (seu
2791 3691 2904 3762 res)
2954 3690 3142 3745 sancti
3191 3689 3342 3743 Petri
3395 3705 3499 3743 seu
3535 3707 3664 3746 san-

2019 3790 2120 3841 ctae
2173 3782 2366 3838 Marias
2411 3780 2471 3835 in
2519 3778 2642 3834 vico
2692 3777 3019 3833 Ausonensi
3079 3776 3222 3832 sitas
3272 3775 3660 3849 disrumpere,

2019 3873 2311 3939 invadere,
2372 3867 2695 3940 subripere,
2752 3865 2840 3921 vel
2898 3864 3280 3920 dehonestare
3345 3869 3448 3919 aut
3524 3863 3663 3920 dila-

2019 3965 2202 4030 niare,
2254 3963 2354 4015 aut
2400 3956 2623 4029 aliquid
2674 3971 2776 4027 per
2824 3953 2942 4008 vim
2994 3952 3239 4021 auferre,
3292 3953 3659 4020 contendere,

2016 4052 2104 4110 vel
2136 4056 2477 4120 extorquere
2523 4047 2841 4119 praesumat
2872 4058 2884 4097 :
2919 4042 2979 4097 id
3012 4045 3141 4109 eest,
3176 4057 3280 4096 nec
3330 4041 3660 4113 parochias,

2019 4155 2208 4213 neque
2263 4138 2458 4203 ﬁscos,
2513 4150 2617 4189 nec
2690 4130 2926 4203 praedia,
2990 4133 3093 4185 aut
3155 4128 3414 4197 castella,
3468 4120 3663 4203 neque

2020 4233 2337 4293 monetam,
2387 4240 2575 4296 neque
2630 4220 2877 4287 telonea,
2932 4235 3120 4291 neque
3175 4218 3505 4290 pascuaria.
3563 4237 3662 4276 ne-

2020 4335 2132 4393 que
2183 4315 2399 4381 omnia,
2452 4310 2738 4385 quidquid
2788 4308 2899 4365 diei
2962 4307 3050 4363 vel
3110 4308 3401 4363 nominari
3450 4314 3660 4380 potest,

2020 4425 2124 4464 seu
2181 4405 2357 4461 etiam
2415 4400 2644 4457 abbatis
2701 4415 2829 4470 qua:
2882 4398 2953 4453 ad
3006 4398 3110 4469 jus
3149 4396 3417 4452 Ecclesia:
3478 4396 3662 4467 perti-

2021 4500 2181 4551 nent.
2215 4493 2273 4549 Si
2309 4490 2441 4563 quis
2491 4493 2688 4545 autem
2735 4491 2939 4543 contra
2988 4486 3096 4542 hoc
3148 4484 3329 4540 nostri
3376 4483 3663 4557 privilegii

264 4579 636 4639 Guadaldum
685 4577 1035 4650 ianiI‘endO
1083 4574 1493 4644 diSCUSSimUS.
1535 4576 1585 4631 Si
1635 4594 1770 4632 vera
1820 4596 1910 4633 83-
1940 4593 1988 4657 D
2020 4586 2199 4641 robur
2226 4580 2314 4637 vel
2348 4583 2549 4636 contra
2586 4578 2689 4648 jus
2739 4574 3209 4648 supradictarum
3260 4572 3663 4640 ecclesiarum,

264 4675 397 4728 sent
453 4687 583 4743 quae
641 4667 755 4741 ipsi
806 4671 1012 4722 contra
1068 4681 1203 4721 eum
1257 4665 1612 4736 objecerant.
1664 4668 1736 4721 At
1791 4665 1907 4735 ille,

263 4759 405 4833 quia
433 4762 644 4831 neg’are
674 4774 789 4812 non
820 4755 1027 4828 potuit,
1062 4772 1123 4810 se
1172 4753 1408 4827 proprio
1457 4770 1554 4809 ore
1602 4755 1904 4826 professus

262 4854 351 4906 est
380 4849 687 4922 praaiatum
720 4845 1123 4918 episcopatum
1152 4842 1379 4899 vivente
1415 4843 1667 4900 Fruiano
1714 4844 1906 4917 ponti-

262 4939 372 4995 fice
429 4936 668 4994 sibimet
714 4933 1103 5007 subripuisse,
1149 4937 1207 4988 et
1261 4933 1333 4988 ab
1394 4931 1509 4988 alio
1568 4933 1906 5005 metropoli-

259 5034 421 5095 tano,
473 5043 591 5081 non
640 5042 675 5081 a
718 5024 1046 5079 dicacesano
1102 5020 1488 5088 Narbonensi,
1542 5022 1903 5091 ordinatum,

259 5122 318 5173 et
367 5114 711 5171 seditionem
761 5129 822 5169 se
873 5112 1171 5179 incitasse,
1224 5127 1350 5182 quae
1397 5109 1523 5182 ipse
1569 5110 1907 5182 przelibatus

259 5204 521 5279 pontifex
550 5204 838 5259 Fruianus
887 5218 922 5256 a
949 5200 1073 5256 suis
1124 5198 1237 5255 fuit
1282 5198 1691 5271 interemptus.
1742 5200 1907 5255 Tunc

259 5311 370 5351 nos
400 5292 674 5365 deinceps
718 5291 839 5347 haec
888 5288 1215 5357 audientes,
1245 5292 1303 5344 et
1348 5287 1476 5358 ejus
1532 5287 1725 5342 verbis
1776 5304 1906 5344 ma-

255 5382 350 5458 gis
381 5400 560 5456 quam
588 5381 839 5438 aliorum
868 5377 1222 5435 testimoniis
1253 5377 1576 5444 credentes,
1619 5375 1903 5448 ccepimus

255 5472 595 5547 perquirere
638 5473 873 5527 sanctos
919 5484 1193 5536 canones,
1225 5470 1282 5522 et
1330 5464 1630 5522 recitando
1676 5464 1905 5520 inveni-

254 5577 395 5618 mus
424 5559 684 5634 capitula
713 5576 748 5615 a
776 5561 979 5615 sancto
1011 5556 1243 5612 Nicaano
1274 5553 1522 5611 concilio
1555 5552 1900 5623 constituta,

254 5666 379 5712 non
407 5649 618 5711 debere
647 5664 934 5725 usurpare
964 5644 1140 5706 alicui
1179 5644 1583 5723 episcopatum
1630 5642 1903 5722 episcopo

2021 4673 2139 4729 sive
2169 4673 2457 4745 praecepta
2486 4664 2786 4738 episcopii,
2820 4663 2908 4719 vel
2940 4667 3143 4718 contra
3188 4661 3499 4717 canonicos
3547 4660 3662 4716 ibi-

2013 4763 2147 4818 dem
2198 4761 2314 4815 Deo
2366 4755 2741 4821 famulantes,
2794 4754 2867 4808 ad
2915 4749 3363 4821 irrumpendum
3418 4750 3659 4817 venerit,

2016 4855 2119 4907 aut
2167 4849 2223 4903 in
2275 4846 2470 4919 aliquo
2519 4842 2851 4899 molestiam
2902 4839 3119 4906 fecerit,
3153 4842 3255 4894 aut
3302 4836 3507 4910 legerit
3547 4837 3661 4894 nisi

2018 4929 2744 5010 resipuerit,anathematis
2772 4926 3004 4983 vinculo
3036 4944 3104 4982 ex
3134 4926 3480 4982 auctoritate
3509 4926 3660 4981 beati

2019 5026 2191 5091 Petri,
2242 5030 2298 5079 et
2351 5021 2599 5078 aliorum
2664 5014 3084 5089 apostolorum,
3145 5018 3321 5085 atque
3375 5030 3444 5070 ex
3499 5017 3662 5086 parte

2018 5120 2217 5171 nostra
2273 5111 2420 5166 sciat
2468 5125 2529 5165 se
2586 5122 2716 5163 esse
2769 5103 3364 5172 excommunicatum,
3414 5107 3471 5159 et
3526 5118 3661 5158 cum

2014 5205 2046 5261 J
2054 5204 2168 5259 uda
2199 5200 2477 5257 traditore
2510 5194 2735 5252 catenis
2764 5194 2953 5267 igneis
2984 5194 3289 5248 nodatum.

2086 5290 2383 5361 Scriptum
2414 5302 2518 5358 per
2560 5301 2774 5339 manus
2822 5280 2974 5338 Petri
3024 5281 3235 5338 notarii
3287 5285 3346 5336 et
3392 5278 3660 5336 scrinarii

2014 5384 2228 5438 sancta:
2278 5378 2549 5433 Romana:
2598 5371 2870 5429 Ecclesia:
2913 5371 2975 5426 in
3015 5387 3216 5427 mense
3261 5370 3435 5442 Maio,
3469 5369 3659 5425 indic-

2013 5470 2170 5525 tione
2201 5483 2277 5522 x1.

2085 5553 2432 5613 Benedictus
2462 5554 2674 5607 sanctae
2707 5550 2981 5605 Romanis
3003 5547 3271 5606 Ecclesia:
3301 5546 3662 5607 archidiaco-

2014 5662 2147 5721 nus,
2181 5643 2282 5725 qui
2314 5640 2587 5721 deposuit
2612 5638 3005 5701 Guadaldum.
