  <div class='ocr_page' id='page_1' title='image "/cluster/home/n/w/nwhite01/storage/ocr_20150623/137/hvd.32044054759972/475.png"; bbox 0 0 4052 6180; ppageno 0'>
   <div class='ocr_carea' id='block_1_1' title="bbox 548 338 658 399">
    <p class='ocr_par' dir='ltr' id='par_1_1' title="bbox 548 338 658 399">
     <span class='ocr_line' id='line_1_1' title="bbox 548 338 658 399; baseline 0.009 -1"><span class='ocrx_word' id='word_1_1' title='bbox 548 338 658 399; x_wconf 77' lang='grc'>931</span> 
     </span>
    </p>
   </div>
   <div class='ocr_carea' id='block_1_2' title="bbox 1875 311 3822 380">
    <p class='ocr_par' dir='ltr' id='par_1_2' title="bbox 1875 311 3822 380">
     <span class='ocr_line' id='line_1_2' title="bbox 1875 311 3822 380; baseline -0.014 1"><span class='ocrx_word' id='word_1_2' title='bbox 1875 314 2241 380; x_wconf 69' lang='lat' dir='ltr'>esseom]</span> <span class='ocrx_word' id='word_1_3' title='bbox 2287 315 2338 377; x_wconf 89' lang='lat' dir='ltr'>v</span> <span class='ocrx_word' id='word_1_4' title='bbox 2379 311 2628 375; x_wconf 65' lang='lat' dir='ltr'>PAPIE.</span> <span class='ocrx_word' id='word_1_5' title='bbox 3751 314 3822 377; x_wconf 65' lang='lat'>93,</span> 
     </span>
    </p>
   </div>
   <div class='ocr_carea' id='block_1_3' title="bbox 620 443 3826 525">
    <p class='ocr_par' dir='ltr' id='par_1_3' title="bbox 620 443 3826 525">
     <span class='ocr_line' id='line_1_3' title="bbox 620 443 3826 525; baseline -0.007 -1"><span class='ocrx_word' id='word_1_6' title='bbox 620 468 875 525; x_wconf 80' lang='lat' dir='ltr'>Joannes</span> <span class='ocrx_word' id='word_1_7' title='bbox 908 463 1191 519; x_wconf 81' lang='lat' dir='ltr'>diaconus</span> <span class='ocrx_word' id='word_1_8' title='bbox 1221 462 1434 515; x_wconf 66' lang='lat' dir='ltr'>sancta:</span> <span class='ocrx_word' id='word_1_9' title='bbox 1468 457 1739 512; x_wconf 78' lang='lat' dir='ltr'>Romanae</span> <span class='ocrx_word' id='word_1_10' title='bbox 1770 451 2058 521; x_wconf 67' lang='lat' dir='ltr'>Ecclesiaz,</span> <span class='ocrx_word' id='word_1_11' title='bbox 2093 449 2194 522; x_wconf 87' lang='lat' dir='ltr'>qui</span> <span class='ocrx_word' id='word_1_12' title='bbox 2224 451 2280 517; x_wconf 75' lang='grc' dir='ltr'><strong>Α</strong></span> <span class='ocrx_word' id='word_1_13' title='bbox 2309 447 2459 514; x_wconf 90' lang='lat' dir='ltr'>diri;</span> <span class='ocrx_word' id='word_1_14' title='bbox 2493 446 2649 519; x_wconf 92' lang='lat' dir='ltr'>quod</span> <span class='ocrx_word' id='word_1_15' title='bbox 2679 461 2780 501; x_wconf 92' lang='lat' dir='ltr'>vos</span> <span class='ocrx_word' id='word_1_16' title='bbox 2820 448 2877 500; x_wconf 91' lang='lat' dir='ltr'>ct</span> <span class='ocrx_word' id='word_1_17' title='bbox 2924 443 3161 517; x_wconf 84' lang='lat' dir='ltr'>diligere</span> <span class='ocrx_word' id='word_1_18' title='bbox 3209 447 3271 499; x_wconf 88' lang='lat' dir='ltr'>et</span> <span class='ocrx_word' id='word_1_19' title='bbox 3317 443 3543 499; x_wconf 87' lang='lat' dir='ltr'>omnino</span> <span class='ocrx_word' id='word_1_20' title='bbox 3584 443 3826 502; x_wconf 78' lang='lat' dir='ltr'>conﬁdimus</span> 
     </span>
    </p>
   </div>
   <div class='ocr_carea' id='block_1_4' title="bbox 551 558 946 614">
    <p class='ocr_par' dir='ltr' id='par_1_4' title="bbox 551 558 946 614">
     <span class='ocr_line' id='line_1_4' title="bbox 551 558 946 614; baseline -0.018 0"><span class='ocrx_word' id='word_1_21' title='bbox 551 558 735 614; x_wconf 85' lang='lat' dir='ltr'>Homo</span> <span class='ocrx_word' id='word_1_22' title='bbox 756 570 946 609; x_wconf 84' lang='lat' dir='ltr'>vocer.</span> 
     </span>
    </p>
   </div>
   <div class='ocr_carea' id='block_1_5' title="bbox 2299 530 3828 605">
    <p class='ocr_par' dir='ltr' id='par_1_5' title="bbox 2299 530 3828 605">
     <span class='ocr_line' id='line_1_5' title="bbox 2299 530 3828 605; baseline -0.002 -13"><span class='ocrx_word' id='word_1_23' title='bbox 2299 536 2553 593; x_wconf 82' lang='lat' dir='ltr'>studere.</span> <span class='ocrx_word' id='word_1_24' title='bbox 2587 536 2951 605; x_wconf 80' lang='lat' dir='ltr'>Quapropter</span> <span class='ocrx_word' id='word_1_25' title='bbox 2979 530 3334 587; x_wconf 68' lang='lat' dir='ltr'>excellentiae</span> <span class='ocrx_word' id='word_1_26' title='bbox 3380 535 3569 586; x_wconf 64' lang='lat' dir='ltr'>vestra:</span> <span class='ocrx_word' id='word_1_27' title='bbox 3596 547 3746 589; x_wconf 83' lang='lat' dir='ltr'>mense</span> <span class='ocrx_word' id='word_1_28' title='bbox 3762 534 3828 590; x_wconf 78' lang='lat' dir='ltr'>No-</span> 
     </span>
    </p>
   </div>
   <div class='ocr_carea' id='block_1_6' title="bbox 620 618 3827 717">
    <p class='ocr_par' dir='ltr' id='par_1_6' title="bbox 620 618 3827 717">
     <span class='ocr_line' id='line_1_6' title="bbox 620 618 3827 717; baseline -0.007 -19"><span class='ocrx_word' id='word_1_29' title='bbox 620 645 738 717; x_wconf 81' lang='lat' dir='ltr'>Ego</span> <span class='ocrx_word' id='word_1_30' title='bbox 768 642 1056 697; x_wconf 88' lang='lat' dir='ltr'>Notkerus</span> <span class='ocrx_word' id='word_1_31' title='bbox 1088 642 1302 693; x_wconf 63' lang='lat' dir='ltr'>sanctae</span> <span class='ocrx_word' id='word_1_32' title='bbox 1334 633 1703 691; x_wconf 90' lang='lat' dir='ltr'>Leedicensis</span> <span class='ocrx_word' id='word_1_33' title='bbox 1734 629 2001 687; x_wconf 60' lang='lat' dir='ltr'>Ecclesia</span> <span class='ocrx_word' id='word_1_34' title='bbox 2033 627 2191 699; x_wconf 88' lang='lat' dir='ltr'>epis-</span> <span class='ocrx_word' id='word_1_35' title='bbox 2298 622 2521 681; x_wconf 88' lang='lat' dir='ltr'>vembri</span> <span class='ocrx_word' id='word_1_36' title='bbox 2553 621 2856 695; x_wconf 68' lang='lat' dir='ltr'>prmsentis</span> <span class='ocrx_word' id='word_1_37' title='bbox 2880 620 3017 676; x_wconf 89' lang='lat' dir='ltr'>anni</span> <span class='ocrx_word' id='word_1_38' title='bbox 3045 638 3102 675; x_wconf 83' lang='lat' dir='ltr'>x1</span> <span class='ocrx_word' id='word_1_39' title='bbox 3134 621 3265 692; x_wconf 91' lang='lat' dir='ltr'>(cor.</span> <span class='ocrx_word' id='word_1_40' title='bbox 3280 619 3383 690; x_wconf 80' lang='lat' dir='ltr'><strong>x11)</strong></span> <span class='ocrx_word' id='word_1_41' title='bbox 3404 618 3661 690; x_wconf 86' lang='lat' dir='ltr'>indict.(9)</span> <span class='ocrx_word' id='word_1_42' title='bbox 3677 620 3827 677; x_wconf 76' lang='lat' dir='ltr'>Petrum</span> 
     </span>
    </p>
   </div>
   <div class='ocr_carea' id='block_1_7' title="bbox 550 726 1107 804">
    <p class='ocr_par' dir='ltr' id='par_1_7' title="bbox 550 726 1107 804">
     <span class='ocr_line' id='line_1_7' title="bbox 550 726 1107 804; baseline -0.014 -16"><span class='ocrx_word' id='word_1_43' title='bbox 550 748 731 804; x_wconf 89' lang='lat' dir='ltr'>copus</span> <span class='ocrx_word' id='word_1_44' title='bbox 762 726 1107 798; x_wconf 83' lang='lat' dir='ltr'>subscripsi.</span> 
     </span>
    </p>
   </div>
   <div class='ocr_carea' id='block_1_8' title="bbox 622 809 2193 881">
    <p class='ocr_par' dir='ltr' id='par_1_8' title="bbox 622 809 2193 881">
     <span class='ocr_line' id='line_1_8' title="bbox 622 809 2193 881; baseline -0.011 -6"><span class='ocrx_word' id='word_1_45' title='bbox 622 818 969 875; x_wconf 77' lang='lat' dir='ltr'>Benedictus</span> <span class='ocrx_word' id='word_1_46' title='bbox 1001 816 1304 881; x_wconf 88' lang='lat' dir='ltr'>diaconus,</span> <span class='ocrx_word' id='word_1_47' title='bbox 1339 812 1596 868; x_wconf 89' lang='lat' dir='ltr'>Joannes</span> <span class='ocrx_word' id='word_1_48' title='bbox 1646 809 1928 865; x_wconf 85' lang='lat' dir='ltr'>diaconus</span> <span class='ocrx_word' id='word_1_49' title='bbox 1977 809 2193 861; x_wconf 62' lang='lat' dir='ltr'>sanctae</span> 
     </span>
    </p>
   </div>
   <div class='ocr_carea' id='block_1_9' title="bbox 547 907 1145 965">
    <p class='ocr_par' dir='ltr' id='par_1_9' title="bbox 547 907 1145 965">
     <span class='ocr_line' id='line_1_9' title="bbox 547 907 1145 965; baseline -0.012 0"><span class='ocrx_word' id='word_1_50' title='bbox 547 908 816 965; x_wconf 77' lang='lat' dir='ltr'>Ecclesiae</span> <span class='ocrx_word' id='word_1_51' title='bbox 850 907 1145 961; x_wconf 80' lang='lat' dir='ltr'>Romanae.</span> 
     </span>
    </p>
   </div>
   <div class='ocr_carea' id='block_1_10' title="bbox 621 981 2196 1063">
    <p class='ocr_par' dir='ltr' id='par_1_10' title="bbox 621 981 2196 1063">
     <span class='ocr_line' id='line_1_10' title="bbox 621 981 2196 1063; baseline -0.011 -11"><span class='ocrx_word' id='word_1_52' title='bbox 621 997 828 1052; x_wconf 80' lang='lat' dir='ltr'>Petrus</span> <span class='ocrx_word' id='word_1_53' title='bbox 860 994 1065 1059; x_wconf 82' lang='lat' dir='ltr'>abbas,</span> <span class='ocrx_word' id='word_1_54' title='bbox 1098 991 1199 1063; x_wconf 88' lang='lat' dir='ltr'>qui</span> <span class='ocrx_word' id='word_1_55' title='bbox 1239 991 1297 1045; x_wconf 90' lang='lat' dir='ltr'>in</span> <span class='ocrx_word' id='word_1_56' title='bbox 1331 989 1571 1062; x_wconf 83' lang='lat' dir='ltr'>synodo,</span> <span class='ocrx_word' id='word_1_57' title='bbox 1620 988 1773 1059; x_wconf 92' lang='lat' dir='ltr'>quod</span> <span class='ocrx_word' id='word_1_58' title='bbox 1820 986 1928 1040; x_wconf 89' lang='lat' dir='ltr'>hoc</span> <span class='ocrx_word' id='word_1_59' title='bbox 1971 981 2196 1055; x_wconf 86' lang='lat' dir='ltr'>privile-</span> 
     </span>
    </p>
   </div>
   <div class='ocr_carea' id='block_1_11' title="bbox 548 1074 1651 1159">
    <p class='ocr_par' dir='ltr' id='par_1_11' title="bbox 548 1074 1651 1159">
     <span class='ocr_line' id='line_1_11' title="bbox 548 1074 1651 1159; baseline -0.011 -16"><span class='ocrx_word' id='word_1_60' title='bbox 548 1086 713 1159; x_wconf 89' lang='lat' dir='ltr'>gium</span> <span class='ocrx_word' id='word_1_61' title='bbox 746 1087 964 1149; x_wconf 89' lang='lat' dir='ltr'>narrat,</span> <span class='ocrx_word' id='word_1_62' title='bbox 1000 1079 1184 1135; x_wconf 78' lang='lat' dir='ltr'>resedi</span> <span class='ocrx_word' id='word_1_63' title='bbox 1218 1084 1276 1133; x_wconf 91' lang='lat' dir='ltr'>et</span> <span class='ocrx_word' id='word_1_64' title='bbox 1306 1074 1651 1147; x_wconf 87' lang='lat' dir='ltr'>subscripsi.</span> 
     </span>
    </p>
   </div>
   <div class='ocr_carea' id='block_1_12' title="bbox 620 1160 2198 1245">
    <p class='ocr_par' dir='ltr' id='par_1_12' title="bbox 620 1160 2198 1245">
     <span class='ocr_line' id='line_1_12' title="bbox 620 1160 2198 1245; baseline -0.01 -17"><span class='ocrx_word' id='word_1_65' title='bbox 620 1174 738 1245; x_wconf 91' lang='lat' dir='ltr'>Ego</span> <span class='ocrx_word' id='word_1_66' title='bbox 797 1170 929 1226; x_wconf 89' lang='lat' dir='ltr'>Otto</span> <span class='ocrx_word' id='word_1_67' title='bbox 1005 1167 1105 1223; x_wconf 88' lang='lat' dir='ltr'>Dei</span> <span class='ocrx_word' id='word_1_68' title='bbox 1167 1167 1358 1239; x_wconf 86' lang='lat' dir='ltr'>gratia</span> <span class='ocrx_word' id='word_1_69' title='bbox 1429 1166 1825 1221; x_wconf 76' lang='lat' dir='ltr'>Romanorum</span> <span class='ocrx_word' id='word_1_70' title='bbox 1882 1160 2198 1232; x_wconf 90' lang='lat' dir='ltr'>imperator</span> 
     </span>
    </p>
   </div>
   <div class='ocr_carea' id='block_1_13' title="bbox 546 1255 1226 1335">
    <p class='ocr_par' dir='ltr' id='par_1_13' title="bbox 546 1255 1226 1335">
     <span class='ocr_line' id='line_1_13' title="bbox 546 1255 1226 1335; baseline -0.015 -16"><span class='ocrx_word' id='word_1_71' title='bbox 546 1263 850 1335; x_wconf 81' lang='lat' dir='ltr'>Augustus</span> <span class='ocrx_word' id='word_1_72' title='bbox 882 1255 1226 1329; x_wconf 87' lang='lat' dir='ltr'>subscripsi.</span> 
     </span>
    </p>
   </div>
   <div class='ocr_carea' id='block_1_14' title="bbox 621 1336 2195 1421">
    <p class='ocr_par' dir='ltr' id='par_1_14' title="bbox 621 1336 2195 1421">
     <span class='ocr_line' id='line_1_14' title="bbox 621 1336 2195 1421; baseline -0.009 -16"><span class='ocrx_word' id='word_1_73' title='bbox 621 1352 787 1406; x_wconf 81' lang='lat' dir='ltr'>Anno</span> <span class='ocrx_word' id='word_1_74' title='bbox 818 1346 1197 1421; x_wconf 82' lang='lat' dir='ltr'>pontificatus</span> <span class='ocrx_word' id='word_1_75' title='bbox 1228 1342 1429 1399; x_wconf 90' lang='lat' dir='ltr'>demni</span> <span class='ocrx_word' id='word_1_76' title='bbox 1472 1339 1734 1415; x_wconf 83' lang='lat' dir='ltr'>Gregorii</span> <span class='ocrx_word' id='word_1_77' title='bbox 1786 1336 2003 1394; x_wconf 91' lang='lat' dir='ltr'>summi</span> <span class='ocrx_word' id='word_1_78' title='bbox 2052 1352 2195 1409; x_wconf 91' lang='lat' dir='ltr'>pen-</span> 
     </span>
    </p>
   </div>
   <div class='ocr_carea' id='block_1_15' title="bbox 547 1424 2199 1504">
    <p class='ocr_par' dir='ltr' id='par_1_15' title="bbox 547 1424 2199 1504">
     <span class='ocr_line' id='line_1_15' title="bbox 547 1424 2199 1504; baseline -0.01 -9"><span class='ocrx_word' id='word_1_79' title='bbox 547 1437 724 1495; x_wconf 82' lang='lat' dir='ltr'>tiﬁcis</span> <span class='ocrx_word' id='word_1_80' title='bbox 749 1441 807 1493; x_wconf 90' lang='lat' dir='ltr'>et</span> <span class='ocrx_word' id='word_1_81' title='bbox 835 1432 1182 1492; x_wconf 89' lang='lat' dir='ltr'>universalis</span> <span class='ocrx_word' id='word_1_82' title='bbox 1230 1431 1420 1504; x_wconf 87' lang='lat' dir='ltr'>quinti</span> <span class='ocrx_word' id='word_1_83' title='bbox 1470 1448 1633 1503; x_wconf 82' lang='lat' dir='ltr'>papae</span> <span class='ocrx_word' id='word_1_84' title='bbox 1686 1429 1745 1483; x_wconf 93' lang='lat' dir='ltr'>in</span> <span class='ocrx_word' id='word_1_85' title='bbox 1798 1424 2199 1483; x_wconf 88' lang='lat' dir='ltr'>sacratissima</span> 
     </span>
    </p>
   </div>
   <div class='ocr_carea' id='block_1_16' title="bbox 550 1515 2197 1594">
    <p class='ocr_par' dir='ltr' id='par_1_16' title="bbox 550 1515 2197 1594">
     <span class='ocr_line' id='line_1_16' title="bbox 550 1515 2197 1594; baseline -0.009 -11"><span class='ocrx_word' id='word_1_86' title='bbox 550 1527 686 1584; x_wconf 87' lang='lat' dir='ltr'>sede</span> <span class='ocrx_word' id='word_1_87' title='bbox 716 1525 870 1581; x_wconf 88' lang='lat' dir='ltr'>beati</span> <span class='ocrx_word' id='word_1_88' title='bbox 902 1522 1053 1579; x_wconf 91' lang='lat' dir='ltr'>Petri</span> <span class='ocrx_word' id='word_1_89' title='bbox 1106 1520 1354 1594; x_wconf 86' lang='lat' dir='ltr'>apostoli</span> <span class='ocrx_word' id='word_1_90' title='bbox 1394 1519 1584 1586; x_wconf 89' lang='lat' dir='ltr'>tertio,</span> <span class='ocrx_word' id='word_1_91' title='bbox 1612 1517 1937 1589; x_wconf 87' lang='lat' dir='ltr'>imperante</span> <span class='ocrx_word' id='word_1_92' title='bbox 1981 1515 2197 1569; x_wconf 91' lang='lat' dir='ltr'>domno</span> 
     </span>
    </p>
   </div>
   <div class='ocr_carea' id='block_1_17' title="bbox 551 1602 2196 1677">
    <p class='ocr_par' dir='ltr' id='par_1_17' title="bbox 551 1602 2196 1677">
     <span class='ocr_line' id='line_1_17' title="bbox 551 1602 2196 1677; baseline -0.009 -5"><span class='ocrx_word' id='word_1_93' title='bbox 551 1615 721 1672; x_wconf 80' lang='lat' dir='ltr'>tertio</span> <span class='ocrx_word' id='word_1_94' title='bbox 751 1614 958 1670; x_wconf 88' lang='lat' dir='ltr'>Ottone</span> <span class='ocrx_word' id='word_1_95' title='bbox 1005 1628 1039 1667; x_wconf 91' lang='lat' dir='ltr'>a</span> <span class='ocrx_word' id='word_1_96' title='bbox 1087 1611 1202 1666; x_wconf 90' lang='lat' dir='ltr'>Dee</span> <span class='ocrx_word' id='word_1_97' title='bbox 1253 1612 1528 1665; x_wconf 89' lang='lat' dir='ltr'>coronato</span> <span class='ocrx_word' id='word_1_98' title='bbox 1578 1622 1791 1677; x_wconf 88' lang='lat' dir='ltr'>magno</span> <span class='ocrx_word' id='word_1_99' title='bbox 1841 1609 1898 1660; x_wconf 93' lang='lat' dir='ltr'>et</span> <span class='ocrx_word' id='word_1_100' title='bbox 1954 1602 2196 1676; x_wconf 87' lang='lat' dir='ltr'>paeitico</span> 
     </span>
    </p>
   </div>
   <div class='ocr_carea' id='block_1_18' title="bbox 552 1692 2200 1778">
    <p class='ocr_par' dir='ltr' id='par_1_18' title="bbox 552 1692 2200 1778">
     <span class='ocr_line' id='line_1_18' title="bbox 552 1692 2200 1778; baseline -0.009 -18"><span class='ocrx_word' id='word_1_101' title='bbox 552 1704 904 1778; x_wconf 85' lang='lat' dir='ltr'>imperatore</span> <span class='ocrx_word' id='word_1_102' title='bbox 951 1716 1104 1757; x_wconf 87' lang='lat' dir='ltr'>anno</span> <span class='ocrx_word' id='word_1_103' title='bbox 1177 1698 1454 1768; x_wconf 89' lang='lat' dir='ltr'>secundo,</span> <span class='ocrx_word' id='word_1_104' title='bbox 1506 1696 1565 1752; x_wconf 90' lang='lat' dir='ltr'>in</span> <span class='ocrx_word' id='word_1_105' title='bbox 1627 1710 1827 1752; x_wconf 88' lang='lat' dir='ltr'>mense</span> <span class='ocrx_word' id='word_1_106' title='bbox 1879 1692 2090 1761; x_wconf 81' lang='lat' dir='ltr'>Medio,</span> <span class='ocrx_word' id='word_1_107' title='bbox 2141 1695 2200 1747; x_wconf 86' lang='lat' dir='ltr'>et</span> 
     </span>
    </p>
   </div>
   <div class='ocr_carea' id='block_1_19' title="bbox 552 1790 979 1849">
    <p class='ocr_par' dir='ltr' id='par_1_19' title="bbox 552 1790 979 1849">
     <span class='ocr_line' id='line_1_19' title="bbox 552 1790 979 1849; baseline -0.009 -1"><span class='ocrx_word' id='word_1_108' title='bbox 552 1790 872 1849; x_wconf 85' lang='lat' dir='ltr'>indictione</span> <span class='ocrx_word' id='word_1_109' title='bbox 900 1805 979 1845; x_wconf 74' lang='grc' dir='ltr'>χι.</span> 
     </span>
    </p>
   </div>
   <div class='ocr_carea' id='block_1_20' title="bbox 2302 709 3829 783">
    <p class='ocr_par' dir='ltr' id='par_1_20' title="bbox 2302 709 3829 783">
     <span class='ocr_line' id='line_1_20' title="bbox 2302 709 3829 783; baseline -0.001 -14"><span class='ocrx_word' id='word_1_110' title='bbox 2302 714 2542 770; x_wconf 85' lang='lat' dir='ltr'>fratrem</span> <span class='ocrx_word' id='word_1_111' title='bbox 2574 716 2629 767; x_wconf 90' lang='lat' dir='ltr'>et</span> <span class='ocrx_word' id='word_1_112' title='bbox 2661 710 3073 783; x_wconf 90' lang='lat' dir='ltr'>coepiscopum</span> <span class='ocrx_word' id='word_1_113' title='bbox 3104 727 3138 765; x_wconf 91' lang='lat' dir='ltr'>a</span> <span class='ocrx_word' id='word_1_114' title='bbox 3166 710 3391 783; x_wconf 91' lang='lat' dir='ltr'>gremio</span> <span class='ocrx_word' id='word_1_115' title='bbox 3419 713 3612 765; x_wconf 64' lang='lat' dir='ltr'>sancta</span> <span class='ocrx_word' id='word_1_116' title='bbox 3646 709 3829 767; x_wconf 76' lang='lat' dir='ltr'>Romana</span> 
     </span>
    </p>
   </div>
   <div class='ocr_carea' id='block_1_21' title="bbox 2301 798 3831 870">
    <p class='ocr_par' dir='ltr' id='par_1_21' title="bbox 2301 798 3831 870">
     <span class='ocr_line' id='line_1_21' title="bbox 2301 798 3831 870; baseline -0.002 -13"><span class='ocrx_word' id='word_1_117' title='bbox 2301 801 2571 858; x_wconf 74' lang='lat' dir='ltr'>Ecclesiae</span> <span class='ocrx_word' id='word_1_118' title='bbox 2602 798 3083 864; x_wconf 88' lang='lat' dir='ltr'>transmittimus,</span> <span class='ocrx_word' id='word_1_119' title='bbox 3109 802 3192 866; x_wconf 93' lang='lat' dir='ltr'>ut,</span> <span class='ocrx_word' id='word_1_120' title='bbox 3220 798 3497 853; x_wconf 87' lang='lat' dir='ltr'>fratribus</span> <span class='ocrx_word' id='word_1_121' title='bbox 3525 798 3737 868; x_wconf 85' lang='lat' dir='ltr'>ejusdem</span> <span class='ocrx_word' id='word_1_122' title='bbox 3757 816 3831 870; x_wconf 72' lang='lat' dir='ltr'>pre</span> 
     </span>
    </p>
   </div>
   <div class='ocr_carea' id='block_1_22' title="bbox 2302 884 3831 960">
    <p class='ocr_par' dir='ltr' id='par_1_22' title="bbox 2302 884 3831 960">
     <span class='ocr_line' id='line_1_22' title="bbox 2302 884 3831 960; baseline -0.001 -17"><span class='ocrx_word' id='word_1_123' title='bbox 2302 889 2505 945; x_wconf 70' lang='lat' dir='ltr'>vincies</span> <span class='ocrx_word' id='word_1_124' title='bbox 2539 890 2598 945; x_wconf 92' lang='lat' dir='ltr'>in</span> <span class='ocrx_word' id='word_1_125' title='bbox 2649 904 2835 944; x_wconf 92' lang='lat' dir='ltr'>unum</span> <span class='ocrx_word' id='word_1_126' title='bbox 2885 885 3277 959; x_wconf 84' lang='lat' dir='ltr'>congregatis,</span> <span class='ocrx_word' id='word_1_127' title='bbox 3309 884 3631 941; x_wconf 87' lang='lat' dir='ltr'>immunitas</span> <span class='ocrx_word' id='word_1_128' title='bbox 3668 890 3709 940; x_wconf 89' lang='lat' dir='ltr'>et</span> <span class='ocrx_word' id='word_1_129' title='bbox 3741 904 3831 960; x_wconf 76' lang='lat' dir='ltr'>pre-</span> 
     </span>
    </p>
   </div>
   <div class='ocr_carea' id='block_1_23' title="bbox 2305 974 3834 1051">
    <p class='ocr_par' dir='ltr' id='par_1_23' title="bbox 2305 974 3834 1051">
     <span class='ocr_line' id='line_1_23' title="bbox 2305 974 3834 1051; baseline -0.002 -18"><span class='ocrx_word' id='word_1_130' title='bbox 2305 979 2562 1051; x_wconf 89' lang='lat' dir='ltr'>sumptie</span> <span class='ocrx_word' id='word_1_131' title='bbox 2588 982 2645 1033; x_wconf 91' lang='lat' dir='ltr'>et</span> <span class='ocrx_word' id='word_1_132' title='bbox 2675 976 3051 1048; x_wconf 84' lang='lat' dir='ltr'>sacrilegium</span> <span class='ocrx_word' id='word_1_133' title='bbox 3085 974 3368 1030; x_wconf 90' lang='lat' dir='ltr'>canonica</span> <span class='ocrx_word' id='word_1_134' title='bbox 3398 974 3699 1029; x_wconf 84' lang='lat' dir='ltr'>auctoritate</span> <span class='ocrx_word' id='word_1_135' title='bbox 3722 982 3760 1029; x_wconf 83' lang='lat' dir='ltr'>et</span> <span class='ocrx_word' id='word_1_136' title='bbox 3778 993 3834 1030; x_wconf 78' lang='lat' dir='ltr'>ve-</span> 
     </span>
    </p>
   </div>
   <div class='ocr_carea' id='block_1_24' title="bbox 2305 1060 3835 1139">
    <p class='ocr_par' dir='ltr' id='par_1_24' title="bbox 2305 1060 3835 1139">
     <span class='ocr_line' id='line_1_24' title="bbox 2305 1060 3835 1139; baseline -0.004 -16"><span class='ocrx_word' id='word_1_137' title='bbox 2305 1071 2427 1123; x_wconf 87' lang='lat' dir='ltr'>stra</span> <span class='ocrx_word' id='word_1_138' title='bbox 2456 1065 2614 1139; x_wconf 86' lang='lat' dir='ltr'>regia</span> <span class='ocrx_word' id='word_1_139' title='bbox 2644 1064 2927 1137; x_wconf 85' lang='lat' dir='ltr'>dignitate</span> <span class='ocrx_word' id='word_1_140' title='bbox 2959 1062 3136 1119; x_wconf 85' lang='lat' dir='ltr'>talem</span> <span class='ocrx_word' id='word_1_141' title='bbox 3183 1061 3501 1118; x_wconf 87' lang='lat' dir='ltr'>terminum</span> <span class='ocrx_word' id='word_1_142' title='bbox 3530 1060 3774 1134; x_wconf 80' lang='lat' dir='ltr'>accipiant,</span> <span class='ocrx_word' id='word_1_143' title='bbox 3794 1078 3835 1117; x_wconf 82' lang='lat' dir='ltr'>ne</span> 
     </span>
    </p>
   </div>
   <div class='ocr_carea' id='block_1_25' title="bbox 2305 1150 3838 1228">
    <p class='ocr_par' dir='ltr' id='par_1_25' title="bbox 2305 1150 3838 1228">
     <span class='ocr_line' id='line_1_25' title="bbox 2305 1150 3838 1228; baseline -0.003 -18"><span class='ocrx_word' id='word_1_144' title='bbox 2305 1160 2439 1228; x_wconf 91' lang='lat' dir='ltr'>post</span> <span class='ocrx_word' id='word_1_145' title='bbox 2466 1154 2589 1209; x_wconf 61' lang='lat' dir='ltr'>hac</span> <span class='ocrx_word' id='word_1_146' title='bbox 2619 1154 2886 1209; x_wconf 89' lang='lat' dir='ltr'>membra</span> <span class='ocrx_word' id='word_1_147' title='bbox 2917 1151 3153 1220; x_wconf 90' lang='lat' dir='ltr'>diaboli,</span> <span class='ocrx_word' id='word_1_148' title='bbox 3185 1151 3291 1205; x_wconf 77' lang='lat' dir='ltr'>filii</span> <span class='ocrx_word' id='word_1_149' title='bbox 3331 1167 3589 1223; x_wconf 87' lang='lat' dir='ltr'>nequam,</span> <span class='ocrx_word' id='word_1_150' title='bbox 3618 1150 3667 1205; x_wconf 91' lang='lat' dir='ltr'>in</span> <span class='ocrx_word' id='word_1_151' title='bbox 3706 1156 3838 1205; x_wconf 78' lang='lat' dir='ltr'>sancta</span> 
     </span>
    </p>
   </div>
   <div class='ocr_carea' id='block_1_26' title="bbox 2304 1237 3787 1313">
    <p class='ocr_par' dir='ltr' id='par_1_26' title="bbox 2304 1237 3787 1313">
     <span class='ocr_line' id='line_1_26' title="bbox 2304 1237 3787 1313; baseline -0.004 -14"><span class='ocrx_word' id='word_1_152' title='bbox 2304 1242 2563 1300; x_wconf 86' lang='lat' dir='ltr'>Ecclesia</span> <span class='ocrx_word' id='word_1_153' title='bbox 2593 1247 2650 1299; x_wconf 88' lang='lat' dir='ltr'>te</span> <span class='ocrx_word' id='word_1_154' title='bbox 2679 1242 2857 1299; x_wconf 90' lang='lat' dir='ltr'>etiam</span> <span class='ocrx_word' id='word_1_155' title='bbox 2890 1240 2972 1298; x_wconf 90' lang='lat' dir='ltr'>ibi</span> <span class='ocrx_word' id='word_1_156' title='bbox 3002 1244 3286 1313; x_wconf 85' lang='lat' dir='ltr'>regnante</span> <span class='ocrx_word' id='word_1_157' title='bbox 3315 1237 3454 1294; x_wconf 87' lang='lat' dir='ltr'>talia</span> <span class='ocrx_word' id='word_1_158' title='bbox 3480 1244 3787 1310; x_wconf 70' lang='lat' dir='ltr'>praesumant.</span> 
     </span>
    </p>
   </div>
   <div class='ocr_carea' id='block_1_27' title="bbox 3072 1336 3187 1393">
    <p class='ocr_par' dir='ltr' id='par_1_27' title="bbox 3072 1336 3187 1393">
     <span class='ocr_line' id='line_1_27' title="bbox 3072 1336 3187 1393; baseline -0.017 0"><span class='ocrx_word' id='word_1_159' title='bbox 3072 1336 3187 1393; x_wconf 84' lang='lat' dir='ltr'>XX.</span> 
     </span>
    </p>
   </div>
   <div class='ocr_carea' id='block_1_28' title="bbox 2306 1440 3844 1486">
    <p class='ocr_par' dir='ltr' id='par_1_28' title="bbox 2306 1440 3844 1486">
     <span class='ocr_line' id='line_1_28' title="bbox 2306 1440 3844 1486; baseline -0.004 0"><span class='ocrx_word' id='word_1_160' title='bbox 2306 1444 2680 1486; x_wconf 76' lang='lat' dir='ltr'>PRIVILEGIUM</span> <span class='ocrx_word' id='word_1_161' title='bbox 2714 1444 2827 1484; x_wconf 79' lang='lat' dir='ltr'>PRO</span> <span class='ocrx_word' id='word_1_162' title='bbox 2859 1442 3221 1484; x_wconf 73' lang='lat' dir='ltr'>MONASTERIO</span> <span class='ocrx_word' id='word_1_163' title='bbox 3255 1441 3518 1480; x_wconf 79' lang='lat' dir='ltr'>GREGORII</span> <span class='ocrx_word' id='word_1_164' title='bbox 3548 1440 3686 1481; x_wconf 52' lang='lat' dir='ltr'>PAR}:</span> <span class='ocrx_word' id='word_1_165' title='bbox 3712 1441 3738 1478; x_wconf 76' lang='grc' dir='ltr'><strong>ν</strong></span> <span class='ocrx_word' id='word_1_166' title='bbox 3763 1440 3844 1480; x_wconf 77' lang='grc' dir='ltr'>ειυ-</span> 
     </span>
    </p>
   </div>
   <div class='ocr_carea' id='block_1_29' title="bbox 2982 1514 3267 1554">
    <p class='ocr_par' dir='ltr' id='par_1_29' title="bbox 2982 1514 3267 1554">
     <span class='ocr_line' id='line_1_29' title="bbox 2982 1514 3267 1554; baseline -0.011 0"><span class='ocrx_word' id='word_1_167' title='bbox 2982 1514 3267 1554; x_wconf 76' lang='lat' dir='ltr'>NIACENSI.</span> 
     </span>
    </p>
   </div>
   <div class='ocr_carea' id='block_1_30' title="bbox 2912 1585 3336 1659">
    <p class='ocr_par' dir='ltr' id='par_1_30' title="bbox 2912 1585 3336 1659">
     <span class='ocr_line' id='line_1_30' title="bbox 2912 1585 3336 1659; baseline -0.005 -17"><span class='ocrx_word' id='word_1_168' title='bbox 2912 1588 2928 1659; x_wconf 88' lang='lat'>(</span> <span class='ocrx_word' id='word_1_169' title='bbox 2950 1588 3115 1642; x_wconf 83' lang='lat' dir='ltr'>Anno</span> <span class='ocrx_word' id='word_1_170' title='bbox 3163 1585 3293 1640; x_wconf 84' lang='lat'>990.</span> <span class='ocrx_word' id='word_1_171' title='bbox 3319 1585 3336 1655; x_wconf 91' lang='lat'><strong>)</strong></span> 
     </span>
    </p>
   </div>
   <div class='ocr_carea' id='block_1_31' title="bbox 2782 1674 3474 1748">
    <p class='ocr_par' dir='ltr' id='par_1_31' title="bbox 2782 1674 3474 1748">
     <span class='ocr_line' id='line_1_31' title="bbox 2782 1674 3474 1748; baseline -0.004 -18"><span class='ocrx_word' id='word_1_172' title='bbox 2782 1676 3019 1748; x_wconf 84' lang='lat' dir='ltr'>(Bullar.</span> <span class='ocrx_word' id='word_1_173' title='bbox 3051 1674 3326 1742; x_wconf 58' lang='lat' dir='ltr'>Clanium,</span> <span class='ocrx_word' id='word_1_174' title='bbox 3364 1674 3474 1741; x_wconf 89' lang='grc'>10.)</span> 
     </span>
    </p>
   </div>
   <div class='ocr_carea' id='block_1_32' title="bbox 2384 1760 3844 1838">
    <p class='ocr_par' dir='ltr' id='par_1_32' title="bbox 2384 1760 3844 1838">
     <span class='ocr_line' id='line_1_32' title="bbox 2384 1760 3844 1838; baseline -0.005 -16"><span class='ocrx_word' id='word_1_175' title='bbox 2384 1767 2718 1822; x_wconf 80' lang='lat' dir='ltr'>Gnaeemus</span> <span class='ocrx_word' id='word_1_176' title='bbox 2734 1765 3048 1838; x_wconf 89' lang='lat' dir='ltr'>episcopus</span> <span class='ocrx_word' id='word_1_177' title='bbox 3078 1779 3284 1819; x_wconf 89' lang='lat' dir='ltr'>servus</span> <span class='ocrx_word' id='word_1_178' title='bbox 3301 1777 3584 1818; x_wconf 88' lang='lat' dir='ltr'>servorum</span> <span class='ocrx_word' id='word_1_179' title='bbox 3611 1760 3693 1815; x_wconf 90' lang='lat' dir='ltr'>Dei</span> <span class='ocrx_word' id='word_1_180' title='bbox 3709 1760 3844 1817; x_wconf 82' lang='lat' dir='ltr'>dilecto</span> 
     </span>
    </p>
   </div>
   <div class='ocr_carea' id='block_1_33' title="bbox 622 1834 3844 1951">
    <p class='ocr_par' dir='ltr' id='par_1_33' title="bbox 622 1834 3844 1951">
     <span class='ocr_line' id='line_1_33' title="bbox 622 1834 3844 1951; baseline -0.007 -16"><span class='ocrx_word' id='word_1_181' title='bbox 902 1834 1235 1951; x_wconf 44' lang='lat' dir='ltr'>praefectus,</span> <span class='ocrx_word' id='word_1_182' title='bbox 1269 1880 1327 1931; x_wconf 93' lang='lat' dir='ltr'>et</span> <span class='ocrx_word' id='word_1_183' title='bbox 1357 1890 1551 1930; x_wconf 90' lang='lat' dir='ltr'>comes</span> <span class='ocrx_word' id='word_1_184' title='bbox 1595 1871 1816 1944; x_wconf 87' lang='lat' dir='ltr'>palatii,</span> <span class='ocrx_word' id='word_1_185' title='bbox 1852 1876 2025 1942; x_wconf 89' lang='lat' dir='ltr'>atque</span> <span class='ocrx_word' id='word_1_186' title='bbox 2052 1868 2199 1924; x_wconf 90' lang='lat' dir='ltr'>dati-</span> <span class='ocrx_word' id='word_1_187' title='bbox 2230 1834 2278 1901; x_wconf 80' lang='grc' dir='ltr'><strong>Β</strong></span> <span class='ocrx_word' id='word_1_188' title='bbox 2310 1854 2429 1951; x_wconf 71' lang='lat' dir='ltr'>ﬁlio</span> <span class='ocrx_word' id='word_1_189' title='bbox 2460 1852 2706 1951; x_wconf 61' lang='grc' dir='ltr'>Οιῖιιοωξ</span> <span class='ocrx_word' id='word_1_190' title='bbox 2734 1834 2955 1951; x_wconf 49' lang='lat' dir='ltr'>abbati:</span> <span class='ocrx_word' id='word_1_191' title='bbox 2973 1849 3322 1907; x_wconf 79' lang='lat' dir='ltr'>monasterii</span> <span class='ocrx_word' id='word_1_192' title='bbox 3368 1850 3513 1951; x_wconf 66' lang='grc' dir='ltr'>(ιιιοᾴ</span> <span class='ocrx_word' id='word_1_193' title='bbox 3558 1847 3733 1951; x_wconf 41' lang='lat' dir='ltr'>dicit?</span> <span class='ocrx_word' id='word_1_194' title='bbox 3760 1848 3844 1948; x_wconf 53' lang='lat' dir='ltr'>Clu»</span> 
     </span>
    </p>
   </div>
   <div class='ocr_carea' id='block_1_34' title="bbox 551 1968 884 2040">
    <p class='ocr_par' dir='ltr' id='par_1_34' title="bbox 551 1968 884 2040">
     <span class='ocr_line' id='line_1_34' title="bbox 551 1968 884 2040; baseline -0.018 -13"><span class='ocrx_word' id='word_1_195' title='bbox 551 1985 660 2026; x_wconf 88' lang='lat' dir='ltr'>vus</span> <span class='ocrx_word' id='word_1_196' title='bbox 682 1968 884 2040; x_wconf 75' lang='lat' dir='ltr'>judex.</span> 
     </span>
    </p>
   </div>
   <div class='ocr_carea' id='block_1_35' title="bbox 1300 2033 1440 2090">
    <p class='ocr_par' dir='ltr' id='par_1_35' title="bbox 1300 2033 1440 2090">
     <span class='ocr_line' id='line_1_35' title="bbox 1300 2033 1440 2090; baseline -0.021 0"><span class='ocrx_word' id='word_1_197' title='bbox 1300 2033 1440 2090; x_wconf 86' lang='lat' dir='ltr'>XIX.</span> 
     </span>
    </p>
   </div>
   <div class='ocr_carea' id='block_1_36' title="bbox 625 2102 2128 2170">
    <p class='ocr_par' dir='ltr' id='par_1_36' title="bbox 625 2102 2128 2170">
     <span class='ocr_line' id='line_1_36' title="bbox 625 2102 2128 2170; baseline -0.008 -4"><span class='ocrx_word' id='word_1_198' title='bbox 625 2124 894 2166; x_wconf 72' lang='lat' dir='ltr'>esseest!</span> <span class='ocrx_word' id='word_1_199' title='bbox 935 2123 1095 2164; x_wconf 59' lang='lat' dir='ltr'>parm</span> <span class='ocrx_word' id='word_1_200' title='bbox 1130 2123 1166 2161; x_wconf 95' lang='lat' dir='ltr'>v</span> <span class='ocrx_word' id='word_1_201' title='bbox 1203 2122 1469 2161; x_wconf 70' lang='lat' dir='ltr'>sprs&#39;rou</span> <span class='ocrx_word' id='word_1_202' title='bbox 1506 2120 1578 2159; x_wconf 77' lang='lat' dir='ltr'>AD</span> <span class='ocrx_word' id='word_1_203' title='bbox 1617 2118 1906 2158; x_wconf 66' lang='lat' dir='ltr'>consum</span> <span class='ocrx_word' id='word_1_204' title='bbox 1929 2117 2010 2158; x_wconf 75' lang='lat' dir='ltr'><strong>AM</strong></span> <span class='ocrx_word' id='word_1_205' title='bbox 2050 2102 2128 2170; x_wconf 89' lang='grc'>(8)</span> 
     </span>
    </p>
   </div>
   <div class='ocr_carea' id='block_1_37' title="bbox 1053 2190 1700 2233">
    <p class='ocr_par' dir='ltr' id='par_1_37' title="bbox 1053 2190 1700 2233">
     <span class='ocr_line' id='line_1_37' title="bbox 1053 2190 1700 2233; baseline -0.008 0"><span class='ocrx_word' id='word_1_206' title='bbox 1053 2193 1311 2233; x_wconf 69' lang='grc' dir='ltr'>ιιεῡιΝΑΜ</span> <span class='ocrx_word' id='word_1_207' title='bbox 1349 2190 1700 2231; x_wconf 78' lang='lat' dir='ltr'>GALLIARUM.</span> 
     </span>
    </p>
   </div>
   <div class='ocr_carea' id='block_1_38' title="bbox 1192 2248 1560 2318">
    <p class='ocr_par' dir='ltr' id='par_1_38' title="bbox 1192 2248 1560 2318">
     <span class='ocr_line' id='line_1_38' title="bbox 1192 2248 1560 2318; baseline -0.008 -15"><span class='ocrx_word' id='word_1_208' title='bbox 1192 2249 1377 2318; x_wconf 87' lang='lat' dir='ltr'>(Anno</span> <span class='ocrx_word' id='word_1_209' title='bbox 1406 2248 1560 2317; x_wconf 84' lang='lat'>998.)</span> 
     </span>
    </p>
   </div>
   <div class='ocr_carea' id='block_1_39' title="bbox 558 2333 2199 2413">
    <p class='ocr_par' dir='ltr' id='par_1_39' title="bbox 558 2333 2199 2413">
     <span class='ocr_line' id='line_1_39' title="bbox 558 2333 2199 2413; baseline -0.008 -15"><span class='ocrx_word' id='word_1_210' title='bbox 558 2342 622 2398; x_wconf 86' lang='lat' dir='ltr'>Ut</span> <span class='ocrx_word' id='word_1_211' title='bbox 650 2339 935 2413; x_wconf 64' lang='lat' dir='ltr'>quiviltas</span> <span class='ocrx_word' id='word_1_212' title='bbox 963 2337 1180 2413; x_wconf 58' lang='lat' dir='ltr'>Iuliam“</span> <span class='ocrx_word' id='word_1_213' title='bbox 1202 2336 1439 2413; x_wconf 73' lang='lat' dir='ltr'>episcopi</span> <span class='ocrx_word' id='word_1_214' title='bbox 1468 2333 1707 2413; x_wconf 53' lang='lat' dir='ltr'>praediti</span> <span class='ocrx_word' id='word_1_215' title='bbox 1742 2334 1982 2413; x_wconf 66' lang='lat' dir='ltr'>fuerant,</span> <span class='ocrx_word' id='word_1_216' title='bbox 2015 2340 2066 2387; x_wconf 86' lang='lat' dir='ltr'>et</span> <span class='ocrx_word' id='word_1_217' title='bbox 2111 2333 2199 2386; x_wconf 81' lang='lat' dir='ltr'>in-</span> 
     </span>
    </p>
   </div>
   <div class='ocr_carea' id='block_1_40' title="bbox 623 2407 2201 2539">
    <p class='ocr_par' dir='ltr' id='par_1_40' title="bbox 623 2407 2201 2539">
     <span class='ocr_line' id='line_1_40' title="bbox 623 2407 2201 2537; baseline -0.006 -70"><span class='ocrx_word' id='word_1_218' title='bbox 623 2407 933 2537; x_wconf 51' lang='lat' dir='ltr'>cenderant,</span> <span class='ocrx_word' id='word_1_219' title='bbox 974 2407 1334 2466; x_wconf 74' lang='lat' dir='ltr'>ecclesiastica</span> <span class='ocrx_word' id='word_1_220' title='bbox 1384 2409 1642 2479; x_wconf 82' lang='lat' dir='ltr'>regiaque</span> <span class='ocrx_word' id='word_1_221' title='bbox 1687 2407 2006 2460; x_wconf 76' lang='lat' dir='ltr'>auctoritate</span> <span class='ocrx_word' id='word_1_222' title='bbox 2053 2419 2201 2459; x_wconf 88' lang='lat' dir='ltr'>coer-</span> 
     </span>
     <span class='ocr_line' id='line_1_41' title="bbox 624 2497 871 2539; baseline -0.016 0"><span class='ocrx_word' id='word_1_223' title='bbox 624 2499 755 2539; x_wconf 85' lang='lat' dir='ltr'>cean</span> <span class='ocrx_word' id='word_1_224' title='bbox 782 2497 871 2537; x_wconf 85' lang='lat' dir='ltr'>ur.</span> 
     </span>
    </p>
   </div>
   <div class='ocr_carea' id='block_1_41' title="bbox 624 2552 2203 2626">
    <p class='ocr_par' dir='ltr' id='par_1_41' title="bbox 624 2552 2203 2626">
     <span class='ocr_line' id='line_1_42' title="bbox 624 2552 2203 2626; baseline -0.005 0"><span class='ocrx_word' id='word_1_225' title='bbox 624 2570 770 2626; x_wconf 86' lang='lat' dir='ltr'>Cum</span> <span class='ocrx_word' id='word_1_226' title='bbox 787 2552 1225 2625; x_wconf 85' lang='lat' dir='ltr'>devotissimam</span> <span class='ocrx_word' id='word_1_227' title='bbox 1243 2566 1541 2623; x_wconf 91' lang='lat' dir='ltr'>dominam</span> <span class='ocrx_word' id='word_1_228' title='bbox 1560 2566 1742 2621; x_wconf 91' lang='lat' dir='ltr'>sciam</span> <span class='ocrx_word' id='word_1_229' title='bbox 1759 2565 1829 2620; x_wconf 91' lang='lat' dir='ltr'>de</span> <span class='ocrx_word' id='word_1_230' title='bbox 1850 2562 2068 2619; x_wconf 75' lang='lat' dir='ltr'>cmlesti</span> <span class='ocrx_word' id='word_1_231' title='bbox 2087 2562 2203 2618; x_wconf 88' lang='lat' dir='ltr'>vita</span> 
     </span>
    </p>
   </div>
   <div class='ocr_carea' id='block_1_42' title="bbox 553 2652 2198 2732">
    <p class='ocr_par' dir='ltr' id='par_1_42' title="bbox 553 2652 2198 2732">
     <span class='ocr_line' id='line_1_43' title="bbox 553 2652 2198 2732; baseline -0.005 -17"><span class='ocrx_word' id='word_1_232' title='bbox 553 2663 728 2732; x_wconf 90' lang='lat' dir='ltr'>atque</span> <span class='ocrx_word' id='word_1_233' title='bbox 756 2657 1013 2714; x_wconf 90' lang='lat' dir='ltr'>remedio</span> <span class='ocrx_word' id='word_1_234' title='bbox 1045 2657 1255 2713; x_wconf 68' lang='lat' dir='ltr'>animas</span> <span class='ocrx_word' id='word_1_235' title='bbox 1281 2674 1399 2712; x_wconf 66' lang='lat' dir='ltr'>suae</span> <span class='ocrx_word' id='word_1_236' title='bbox 1432 2654 1636 2711; x_wconf 90' lang='lat' dir='ltr'>sedulo</span> <span class='ocrx_word' id='word_1_237' title='bbox 1665 2655 1938 2727; x_wconf 86' lang='lat' dir='ltr'>cogitare,</span> <span class='ocrx_word' id='word_1_238' title='bbox 1964 2652 2198 2725; x_wconf 89' lang='lat' dir='ltr'>culpam</span> 
     </span>
    </p>
   </div>
   <div class='ocr_carea' id='block_1_43' title="bbox 552 2743 2199 2814">
    <p class='ocr_par' dir='ltr' id='par_1_43' title="bbox 552 2743 2199 2814">
     <span class='ocr_line' id='line_1_44' title="bbox 552 2743 2199 2814; baseline -0.005 -11"><span class='ocrx_word' id='word_1_239' title='bbox 552 2765 648 2805; x_wconf 90' lang='lat' dir='ltr'>me</span> <span class='ocrx_word' id='word_1_240' title='bbox 694 2746 1058 2803; x_wconf 86' lang='lat' dir='ltr'>committere</span> <span class='ocrx_word' id='word_1_241' title='bbox 1104 2746 1477 2802; x_wconf 88' lang='lat' dir='ltr'>vehementer</span> <span class='ocrx_word' id='word_1_242' title='bbox 1524 2743 1814 2809; x_wconf 89' lang='lat' dir='ltr'>existimo,</span> <span class='ocrx_word' id='word_1_243' title='bbox 1868 2743 1917 2799; x_wconf 92' lang='lat' dir='ltr'>si</span> <span class='ocrx_word' id='word_1_244' title='bbox 1964 2759 2033 2798; x_wconf 90' lang='lat' dir='ltr'>ea</span> <span class='ocrx_word' id='word_1_245' title='bbox 2071 2758 2199 2814; x_wconf 63' lang='lat' dir='ltr'>quas</span> 
     </span>
    </p>
   </div>
   <div class='ocr_carea' id='block_1_44' title="bbox 551 2828 2200 2909">
    <p class='ocr_par' dir='ltr' id='par_1_44' title="bbox 551 2828 2200 2909">
     <span class='ocr_line' id='line_1_45' title="bbox 551 2828 2200 2909; baseline -0.005 -17"><span class='ocrx_word' id='word_1_246' title='bbox 551 2852 657 2909; x_wconf 89' lang='lat' dir='ltr'>pro</span> <span class='ocrx_word' id='word_1_247' title='bbox 685 2836 896 2891; x_wconf 90' lang='lat' dir='ltr'>timore</span> <span class='ocrx_word' id='word_1_248' title='bbox 925 2832 1343 2906; x_wconf 89' lang='lat' dir='ltr'>omnipotentis</span> <span class='ocrx_word' id='word_1_249' title='bbox 1376 2833 1475 2889; x_wconf 91' lang='lat' dir='ltr'>Dei</span> <span class='ocrx_word' id='word_1_250' title='bbox 1517 2837 1657 2889; x_wconf 88' lang='lat' dir='ltr'>sunt</span> <span class='ocrx_word' id='word_1_251' title='bbox 1703 2831 2089 2905; x_wconf 89' lang='lat' dir='ltr'>suggerenda,</span> <span class='ocrx_word' id='word_1_252' title='bbox 2122 2828 2200 2885; x_wconf 87' lang='lat' dir='ltr'>si-</span> 
     </span>
    </p>
   </div>
   <div class='ocr_carea' id='block_1_45' title="bbox 551 2918 2200 2989">
    <p class='ocr_par' dir='ltr' id='par_1_45' title="bbox 551 2918 2200 2989">
     <span class='ocr_line' id='line_1_46' title="bbox 551 2918 2200 2989; baseline -0.004 -11"><span class='ocrx_word' id='word_1_253' title='bbox 551 2922 747 2988; x_wconf 87' lang='lat' dir='ltr'>luere;</span> <span class='ocrx_word' id='word_1_254' title='bbox 781 2925 840 2977; x_wconf 91' lang='lat' dir='ltr'>et</span> <span class='ocrx_word' id='word_1_255' title='bbox 868 2926 925 2976; x_wconf 91' lang='lat' dir='ltr'>te</span> <span class='ocrx_word' id='word_1_256' title='bbox 955 2919 1396 2976; x_wconf 88' lang='lat' dir='ltr'>sanctissimam</span> <span class='ocrx_word' id='word_1_257' title='bbox 1430 2920 1500 2975; x_wconf 92' lang='lat' dir='ltr'>de</span> <span class='ocrx_word' id='word_1_258' title='bbox 1533 2918 1929 2974; x_wconf 85' lang='lat' dir='ltr'>ecclesiastica</span> <span class='ocrx_word' id='word_1_259' title='bbox 1950 2934 2089 2989; x_wconf 91' lang='lat' dir='ltr'>pace</span> <span class='ocrx_word' id='word_1_260' title='bbox 2110 2932 2200 2973; x_wconf 90' lang='lat' dir='ltr'>se-</span> 
     </span>
    </p>
   </div>
   <div class='ocr_carea' id='block_1_46' title="bbox 552 3005 2202 3068">
    <p class='ocr_par' dir='ltr' id='par_1_46' title="bbox 552 3005 2202 3068">
     <span class='ocr_line' id='line_1_47' title="bbox 552 3005 2202 3068; baseline -0.004 -2"><span class='ocrx_word' id='word_1_261' title='bbox 552 3009 688 3068; x_wconf 88' lang='lat' dir='ltr'>dule</span> <span class='ocrx_word' id='word_1_262' title='bbox 718 3027 834 3065; x_wconf 91' lang='lat' dir='ltr'>non</span> <span class='ocrx_word' id='word_1_263' title='bbox 866 3024 1303 3065; x_wconf 88' lang='lat' dir='ltr'>commonuero.</span> <span class='ocrx_word' id='word_1_264' title='bbox 1334 3006 1521 3063; x_wconf 89' lang='lat' dir='ltr'>Nimis</span> <span class='ocrx_word' id='word_1_265' title='bbox 1552 3023 1646 3063; x_wconf 90' lang='lat' dir='ltr'>me</span> <span class='ocrx_word' id='word_1_266' title='bbox 1675 3006 1895 3063; x_wconf 88' lang='lat' dir='ltr'>Juliani</span> <span class='ocrx_word' id='word_1_267' title='bbox 1928 3005 2126 3061; x_wconf 85' lang='lat' dir='ltr'>fratris</span> <span class='ocrx_word' id='word_1_268' title='bbox 2145 3007 2202 3059; x_wconf 90' lang='lat' dir='ltr'>et</span> 
     </span>
    </p>
   </div>
   <div class='ocr_carea' id='block_1_47' title="bbox 552 3092 2196 3170">
    <p class='ocr_par' dir='ltr' id='par_1_47' title="bbox 552 3092 2196 3170">
     <span class='ocr_line' id='line_1_48' title="bbox 552 3092 2196 3170; baseline -0.005 -15"><span class='ocrx_word' id='word_1_269' title='bbox 552 3098 881 3170; x_wconf 84' lang='lat' dir='ltr'>coepiscopi</span> <span class='ocrx_word' id='word_1_270' title='bbox 916 3096 1101 3153; x_wconf 89' lang='lat' dir='ltr'>nostri</span> <span class='ocrx_word' id='word_1_271' title='bbox 1133 3095 1515 3168; x_wconf 88' lang='lat' dir='ltr'>proclamatio</span> <span class='ocrx_word' id='word_1_272' title='bbox 1565 3112 1752 3168; x_wconf 90' lang='lat' dir='ltr'>nuper</span> <span class='ocrx_word' id='word_1_273' title='bbox 1790 3092 2154 3151; x_wconf 85' lang='lat' dir='ltr'>centristavit</span> <span class='ocrx_word' id='word_1_274' title='bbox 2183 3109 2196 3148; x_wconf 90' lang='lat'>:</span> 
     </span>
    </p>
   </div>
   <div class='ocr_carea' id='block_1_48' title="bbox 2311 1935 3846 2011">
    <p class='ocr_par' dir='ltr' id='par_1_48' title="bbox 2311 1935 3846 2011">
     <span class='ocr_line' id='line_1_49' title="bbox 2311 1935 3846 2011; baseline -0.005 -12"><span class='ocrx_word' id='word_1_275' title='bbox 2311 1944 2567 2011; x_wconf 90' lang='lat' dir='ltr'>niacum,</span> <span class='ocrx_word' id='word_1_276' title='bbox 2602 1944 2659 1998; x_wconf 93' lang='lat' dir='ltr'>in</span> <span class='ocrx_word' id='word_1_277' title='bbox 2692 1942 2911 1997; x_wconf 87' lang='lat' dir='ltr'>honore</span> <span class='ocrx_word' id='word_1_278' title='bbox 2942 1942 3251 1997; x_wconf 89' lang='lat' dir='ltr'>beatorum</span> <span class='ocrx_word' id='word_1_279' title='bbox 3285 1938 3651 2011; x_wconf 87' lang='lat' dir='ltr'>apostolorum</span> <span class='ocrx_word' id='word_1_280' title='bbox 3687 1935 3846 1993; x_wconf 78' lang='lat' dir='ltr'>Petriet</span> 
     </span>
    </p>
   </div>
   <div class='ocr_carea' id='block_1_49' title="bbox 2310 2025 3842 2089">
    <p class='ocr_par' dir='ltr' id='par_1_49' title="bbox 2310 2025 3842 2089">
     <span class='ocr_line' id='line_1_50' title="bbox 2310 2025 3842 2089; baseline -0.005 -1"><span class='ocrx_word' id='word_1_281' title='bbox 2310 2032 2473 2089; x_wconf 87' lang='lat' dir='ltr'>Pauli</span> <span class='ocrx_word' id='word_1_282' title='bbox 2503 2034 2907 2087; x_wconf 90' lang='lat' dir='ltr'>consecratum</span> <span class='ocrx_word' id='word_1_283' title='bbox 2931 2030 2987 2084; x_wconf 92' lang='lat' dir='ltr'>in</span> <span class='ocrx_word' id='word_1_284' title='bbox 3013 2027 3301 2084; x_wconf 86' lang='lat' dir='ltr'>comitatu</span> <span class='ocrx_word' id='word_1_285' title='bbox 3325 2027 3695 2083; x_wconf 87' lang='lat' dir='ltr'>Matisconensi</span> <span class='ocrx_word' id='word_1_286' title='bbox 3709 2025 3842 2089; x_wconf 87' lang='lat' dir='ltr'>situm,</span> 
     </span>
    </p>
   </div>
   <div class='ocr_carea' id='block_1_50' title="bbox 2309 2112 3845 2194">
    <p class='ocr_par' dir='ltr' id='par_1_50' title="bbox 2309 2112 3845 2194">
     <span class='ocr_line' id='line_1_51' title="bbox 2309 2112 3845 2194; baseline -0.007 -18"><span class='ocrx_word' id='word_1_287' title='bbox 2309 2125 2367 2176; x_wconf 91' lang='lat' dir='ltr'>et</span> <span class='ocrx_word' id='word_1_288' title='bbox 2394 2137 2497 2194; x_wconf 89' lang='lat' dir='ltr'>per</span> <span class='ocrx_word' id='word_1_289' title='bbox 2524 2125 2581 2175; x_wconf 91' lang='lat' dir='ltr'>te</span> <span class='ocrx_word' id='word_1_290' title='bbox 2638 2119 2697 2174; x_wconf 88' lang='lat' dir='ltr'>in</span> <span class='ocrx_word' id='word_1_291' title='bbox 2740 2119 2967 2174; x_wconf 89' lang='lat' dir='ltr'>cunctis</span> <span class='ocrx_word' id='word_1_292' title='bbox 3018 2116 3459 2174; x_wconf 89' lang='lat' dir='ltr'>successoribus</span> <span class='ocrx_word' id='word_1_293' title='bbox 3488 2115 3595 2171; x_wconf 85' lang='lat' dir='ltr'>tuis</span> <span class='ocrx_word' id='word_1_294' title='bbox 3627 2112 3845 2172; x_wconf 81' lang='lat' dir='ltr'>abbatian</span> 
     </span>
    </p>
   </div>
   <div class='ocr_carea' id='block_1_51' title="bbox 2308 2209 2767 2281">
    <p class='ocr_par' dir='ltr' id='par_1_51' title="bbox 2308 2209 2767 2281">
     <span class='ocr_line' id='line_1_52' title="bbox 2308 2209 2767 2281; baseline -0.004 -16"><span class='ocrx_word' id='word_1_295' title='bbox 2308 2209 2368 2265; x_wconf 90' lang='lat' dir='ltr'>in</span> <span class='ocrx_word' id='word_1_296' title='bbox 2399 2212 2767 2281; x_wconf 87' lang='lat' dir='ltr'>perpetuum.</span> 
     </span>
    </p>
   </div>
   <div class='ocr_carea' id='block_1_52' title="bbox 2380 2291 3844 2369">
    <p class='ocr_par' dir='ltr' id='par_1_52' title="bbox 2380 2291 3844 2369">
     <span class='ocr_line' id='line_1_53' title="bbox 2380 2291 3844 2369; baseline -0.008 -16"><span class='ocrx_word' id='word_1_297' title='bbox 2380 2296 2746 2354; x_wconf 90' lang='lat' dir='ltr'>Desiderium</span> <span class='ocrx_word' id='word_1_298' title='bbox 2773 2296 2927 2369; x_wconf 91' lang='lat' dir='ltr'>quod</span> <span class='ocrx_word' id='word_1_299' title='bbox 2961 2293 3371 2367; x_wconf 85' lang='lat' dir='ltr'>religiosorum</span> <span class='ocrx_word' id='word_1_300' title='bbox 3420 2291 3786 2366; x_wconf 64' lang='lat' dir='ltr'>praepositorum</span> <span class='ocrx_word' id='word_1_301' title='bbox 3810 2293 3844 2342; x_wconf 82' lang='lat' dir='ltr'>et</span> 
     </span>
    </p>
   </div>
   <div class='ocr_carea' id='block_1_53' title="bbox 2309 2382 3843 2456">
    <p class='ocr_par' dir='ltr' id='par_1_53' title="bbox 2309 2382 3843 2456">
     <span class='ocr_line' id='line_1_54' title="bbox 2309 2382 3843 2456; baseline -0.008 -14"><span class='ocrx_word' id='word_1_302' title='bbox 2309 2390 2647 2443; x_wconf 89' lang='lat' dir='ltr'>sanctorum</span> <span class='ocrx_word' id='word_1_303' title='bbox 2678 2385 2941 2441; x_wconf 88' lang='lat' dir='ltr'>locorum</span> <span class='ocrx_word' id='word_1_304' title='bbox 2973 2382 3297 2439; x_wconf 89' lang='lat' dir='ltr'>stabilitate</span> <span class='ocrx_word' id='word_1_305' title='bbox 3317 2395 3631 2456; x_wconf 87' lang='lat' dir='ltr'>permanere</span> <span class='ocrx_word' id='word_1_306' title='bbox 3647 2382 3843 2434; x_wconf 71' lang='lat' dir='ltr'>monstra-</span> 
     </span>
    </p>
   </div>
   <div class='ocr_carea' id='block_1_54' title="bbox 2308 2465 3841 2546">
    <p class='ocr_par' dir='ltr' id='par_1_54' title="bbox 2308 2465 3841 2546">
     <span class='ocr_line' id='line_1_55' title="bbox 2308 2465 3841 2546; baseline -0.008 -15"><span class='ocrx_word' id='word_1_307' title='bbox 2308 2480 2405 2531; x_wconf 90' lang='lat' dir='ltr'>tur</span> <span class='ocrx_word' id='word_1_308' title='bbox 2434 2474 2558 2530; x_wconf 90' lang='lat' dir='ltr'>sine</span> <span class='ocrx_word' id='word_1_309' title='bbox 2587 2474 2786 2546; x_wconf 86' lang='lat' dir='ltr'>aliqua</span> <span class='ocrx_word' id='word_1_310' title='bbox 2815 2471 3094 2528; x_wconf 89' lang='lat' dir='ltr'>dilatione</span> <span class='ocrx_word' id='word_1_311' title='bbox 3125 2475 3220 2527; x_wconf 87' lang='lat' dir='ltr'>est</span> <span class='ocrx_word' id='word_1_312' title='bbox 3251 2477 3363 2527; x_wconf 90' lang='lat' dir='ltr'>Dee</span> <span class='ocrx_word' id='word_1_313' title='bbox 3389 2474 3604 2526; x_wconf 89' lang='lat' dir='ltr'>auctore</span> <span class='ocrx_word' id='word_1_314' title='bbox 3627 2465 3841 2538; x_wconf 70' lang='lat' dir='ltr'>perﬁcies</span> 
     </span>
    </p>
   </div>
   <div class='ocr_carea' id='block_1_55' title="bbox 2309 2556 3841 2635">
    <p class='ocr_par' dir='ltr' id='par_1_55' title="bbox 2309 2556 3841 2635">
     <span class='ocr_line' id='line_1_56' title="bbox 2309 2556 3841 2635; baseline -0.008 -16"><span class='ocrx_word' id='word_1_315' title='bbox 2309 2565 2536 2632; x_wconf 91' lang='lat' dir='ltr'>dum,et</span> <span class='ocrx_word' id='word_1_316' title='bbox 2564 2562 2794 2635; x_wconf 90' lang='lat' dir='ltr'>quoties</span> <span class='ocrx_word' id='word_1_317' title='bbox 2826 2561 2885 2615; x_wconf 90' lang='lat' dir='ltr'>in</span> <span class='ocrx_word' id='word_1_318' title='bbox 2917 2577 3036 2617; x_wconf 65' lang='lat' dir='ltr'>suae</span> <span class='ocrx_word' id='word_1_319' title='bbox 3054 2558 3329 2616; x_wconf 86' lang='lat' dir='ltr'>utilitatis</span> <span class='ocrx_word' id='word_1_320' title='bbox 3344 2557 3640 2615; x_wconf 84' lang='lat' dir='ltr'>commodis</span> <span class='ocrx_word' id='word_1_321' title='bbox 3657 2556 3841 2610; x_wconf 86' lang='lat' dir='ltr'>nostrum</span> 
     </span>
    </p>
   </div>
   <div class='ocr_carea' id='block_1_56' title="bbox 2310 2643 3845 2722">
    <p class='ocr_par' dir='ltr' id='par_1_56' title="bbox 2310 2643 3845 2722">
     <span class='ocr_line' id='line_1_57' title="bbox 2310 2643 3845 2722; baseline -0.008 -13"><span class='ocrx_word' id='word_1_322' title='bbox 2310 2668 2616 2710; x_wconf 89' lang='lat' dir='ltr'>assensum</span> <span class='ocrx_word' id='word_1_323' title='bbox 2648 2655 2706 2707; x_wconf 90' lang='lat' dir='ltr'>et</span> <span class='ocrx_word' id='word_1_324' title='bbox 2734 2649 2917 2706; x_wconf 67' lang='lat' dir='ltr'>solitas</span> <span class='ocrx_word' id='word_1_325' title='bbox 2964 2648 3299 2722; x_wconf 78' lang='lat' dir='ltr'>apostolicae</span> <span class='ocrx_word' id='word_1_326' title='bbox 3352 2643 3679 2703; x_wconf 86' lang='lat' dir='ltr'>auctoritatis</span> <span class='ocrx_word' id='word_1_327' title='bbox 3715 2654 3845 2712; x_wconf 57' lang='lat' dir='ltr'>expue</span> 
     </span>
    </p>
   </div>
   <div class='ocr_carea' id='block_1_57' title="bbox 2310 2733 3848 2812">
    <p class='ocr_par' dir='ltr' id='par_1_57' title="bbox 2310 2733 3848 2812">
     <span class='ocr_line' id='line_1_58' title="bbox 2310 2733 3848 2812; baseline -0.009 -16"><span class='ocrx_word' id='word_1_328' title='bbox 2310 2745 2452 2797; x_wconf 93' lang='lat' dir='ltr'>cunt</span> <span class='ocrx_word' id='word_1_329' title='bbox 2479 2738 2844 2812; x_wconf 65' lang='lat' dir='ltr'>praesidium,</span> <span class='ocrx_word' id='word_1_330' title='bbox 2879 2736 3031 2793; x_wconf 93' lang='lat' dir='ltr'>ultre</span> <span class='ocrx_word' id='word_1_331' title='bbox 3054 2735 3437 2811; x_wconf 67' lang='lat' dir='ltr'>benignitatis</span> <span class='ocrx_word' id='word_1_332' title='bbox 3457 2733 3646 2789; x_wconf 87' lang='lat' dir='ltr'>intuitu</span> <span class='ocrx_word' id='word_1_333' title='bbox 3665 2746 3745 2786; x_wconf 87' lang='lat' dir='ltr'>nos</span> <span class='ocrx_word' id='word_1_334' title='bbox 3760 2743 3848 2783; x_wconf 79' lang='lat' dir='ltr'>con-</span> 
     </span>
    </p>
   </div>
   <div class='ocr_carea' id='block_1_58' title="bbox 2307 2819 3846 2897">
    <p class='ocr_par' dir='ltr' id='par_1_58' title="bbox 2307 2819 3846 2897">
     <span class='ocr_line' id='line_1_59' title="bbox 2307 2819 3846 2897; baseline -0.01 -13"><span class='ocrx_word' id='word_1_335' title='bbox 2307 2828 2466 2885; x_wconf 89' lang='lat' dir='ltr'>venit</span> <span class='ocrx_word' id='word_1_336' title='bbox 2494 2826 2823 2895; x_wconf 88' lang='lat' dir='ltr'>subvenire,</span> <span class='ocrx_word' id='word_1_337' title='bbox 2856 2831 2915 2882; x_wconf 92' lang='lat' dir='ltr'>et</span> <span class='ocrx_word' id='word_1_338' title='bbox 2944 2826 3053 2882; x_wconf 90' lang='lat' dir='ltr'>rite</span> <span class='ocrx_word' id='word_1_339' title='bbox 3092 2842 3200 2897; x_wconf 93' lang='lat' dir='ltr'>pro</span> <span class='ocrx_word' id='word_1_340' title='bbox 3252 2825 3475 2897; x_wconf 88' lang='lat' dir='ltr'>integra</span> <span class='ocrx_word' id='word_1_341' title='bbox 3519 2819 3770 2878; x_wconf 75' lang='lat' dir='ltr'>securitate</span> <span class='ocrx_word' id='word_1_342' title='bbox 3802 2830 3846 2869; x_wconf 72' lang='lat' dir='ltr'>es</span> 
     </span>
    </p>
   </div>
   <div class='ocr_carea' id='block_1_59' title="bbox 2309 2906 3846 2987">
    <p class='ocr_par' dir='ltr' id='par_1_59' title="bbox 2309 2906 3846 2987">
     <span class='ocr_line' id='line_1_60' title="bbox 2309 2906 3846 2987; baseline -0.012 -12"><span class='ocrx_word' id='word_1_343' title='bbox 2309 2919 2532 2975; x_wconf 87' lang='lat' dir='ltr'>ratione</span> <span class='ocrx_word' id='word_1_344' title='bbox 2562 2916 2907 2983; x_wconf 90' lang='lat' dir='ltr'>solidare,ut</span> <span class='ocrx_word' id='word_1_345' title='bbox 2927 2931 2995 2970; x_wconf 84' lang='lat' dir='ltr'>ex</span> <span class='ocrx_word' id='word_1_346' title='bbox 3014 2914 3123 2970; x_wconf 92' lang='lat' dir='ltr'>hoc</span> <span class='ocrx_word' id='word_1_347' title='bbox 3141 2914 3318 2971; x_wconf 89' lang='lat' dir='ltr'>nobis</span> <span class='ocrx_word' id='word_1_348' title='bbox 3337 2928 3552 2987; x_wconf 90' lang='lat' dir='ltr'>quoque</span> <span class='ocrx_word' id='word_1_349' title='bbox 3569 2906 3846 2983; x_wconf 82' lang='lat' dir='ltr'>potissimum</span> 
     </span>
    </p>
   </div>
   <div class='ocr_carea' id='block_1_60' title="bbox 2308 2993 3844 3080">
    <p class='ocr_par' dir='ltr' id='par_1_60' title="bbox 2308 2993 3844 3080">
     <span class='ocr_line' id='line_1_61' title="bbox 2308 2993 3844 3080; baseline -0.01 -18"><span class='ocrx_word' id='word_1_350' title='bbox 2308 3007 2615 3080; x_wconf 67' lang='lat' dir='ltr'>praemium</span> <span class='ocrx_word' id='word_1_351' title='bbox 2647 3022 2682 3061; x_wconf 89' lang='lat' dir='ltr'>a</span> <span class='ocrx_word' id='word_1_352' title='bbox 2710 3003 3010 3061; x_wconf 91' lang='lat' dir='ltr'>conditore</span> <span class='ocrx_word' id='word_1_353' title='bbox 3043 3003 3316 3058; x_wconf 90' lang='lat' dir='ltr'>omnium</span> <span class='ocrx_word' id='word_1_354' title='bbox 3346 3002 3456 3058; x_wconf 90' lang='lat' dir='ltr'>Deo</span> <span class='ocrx_word' id='word_1_355' title='bbox 3485 2998 3539 3053; x_wconf 89' lang='lat' dir='ltr'>in</span> <span class='ocrx_word' id='word_1_356' title='bbox 3578 2993 3765 3053; x_wconf 87' lang='lat' dir='ltr'>sidereis</span> <span class='ocrx_word' id='word_1_357' title='bbox 3786 3007 3844 3045; x_wconf 83' lang='lat' dir='ltr'>ar-</span> 
     </span>
    </p>
   </div>
   <div class='ocr_carea' id='block_1_61' title="bbox 2310 3078 3846 3165">
    <p class='ocr_par' dir='ltr' id='par_1_61' title="bbox 2310 3078 3846 3165">
     <span class='ocr_line' id='line_1_62' title="bbox 2310 3078 3846 3165; baseline -0.012 -14"><span class='ocrx_word' id='word_1_358' title='bbox 2310 3078 2477 3151; x_wconf 77' lang='lat' dir='ltr'>cibus</span> <span class='ocrx_word' id='word_1_359' title='bbox 2506 3095 2933 3151; x_wconf 89' lang='lat' dir='ltr'>conscribatur.</span> <span class='ocrx_word' id='word_1_360' title='bbox 2950 3094 3018 3148; x_wconf 90' lang='lat' dir='ltr'>Et</span> <span class='ocrx_word' id='word_1_361' title='bbox 3047 3093 3180 3148; x_wconf 91' lang='lat' dir='ltr'>ideo</span> <span class='ocrx_word' id='word_1_362' title='bbox 3215 3090 3355 3165; x_wconf 89' lang='lat' dir='ltr'>quia</span> <span class='ocrx_word' id='word_1_363' title='bbox 3382 3078 3846 3164; x_wconf 78' lang='lat' dir='ltr'>postulastisanobis</span> 
     </span>
    </p>
   </div>
   <div class='ocr_carea' id='block_1_62' title="bbox 552 3165 3845 3267">
    <p class='ocr_par' dir='ltr' id='par_1_62' title="bbox 552 3165 3845 3267">
     <span class='ocr_line' id='line_1_63' title="bbox 552 3165 3845 3267; baseline -0.007 -25"><span class='ocrx_word' id='word_1_364' title='bbox 552 3187 806 3242; x_wconf 81' lang='lat' dir='ltr'>maxime</span> <span class='ocrx_word' id='word_1_365' title='bbox 834 3200 968 3240; x_wconf 89' lang='lat' dir='ltr'>cum</span> <span class='ocrx_word' id='word_1_366' title='bbox 999 3182 1147 3239; x_wconf 79' lang='lat' dir='ltr'>villae</span> <span class='ocrx_word' id='word_1_367' title='bbox 1178 3182 1604 3255; x_wconf 65' lang='lat' dir='ltr'>suae,videlicet</span> <span class='ocrx_word' id='word_1_368' title='bbox 1621 3165 1949 3250; x_wconf 68' lang='lat' dir='ltr'>ecclesiaz,a</span> <span class='ocrx_word' id='word_1_369' title='bbox 1969 3180 2200 3252; x_wconf 91' lang='lat' dir='ltr'>nequis-</span> <span class='ocrx_word' id='word_1_370' title='bbox 2230 3200 2271 3267; x_wconf 73' lang='grc' dir='ltr'><strong>ρ</strong></span> <span class='ocrx_word' id='word_1_371' title='bbox 2310 3188 2376 3240; x_wconf 85' lang='lat' dir='ltr'>ut</span> <span class='ocrx_word' id='word_1_372' title='bbox 2402 3184 2708 3257; x_wconf 80' lang='lat' dir='ltr'>praefatum</span> <span class='ocrx_word' id='word_1_373' title='bbox 2740 3181 3164 3238; x_wconf 87' lang='lat' dir='ltr'>monasterium</span> <span class='ocrx_word' id='word_1_374' title='bbox 3215 3178 3533 3253; x_wconf 67' lang='lat' dir='ltr'>apostolicae</span> <span class='ocrx_word' id='word_1_375' title='bbox 3577 3165 3845 3230; x_wconf 73' lang='lat' dir='ltr'>auctoritatis</span> 
     </span>
    </p>
   </div>
   <div class='ocr_carea' id='block_1_63' title="bbox 550 3252 3843 3345">
    <p class='ocr_par' dir='ltr' id='par_1_63' title="bbox 550 3252 3843 3345">
     <span class='ocr_line' id='line_1_64' title="bbox 550 3252 3843 3345; baseline -0.007 -15"><span class='ocrx_word' id='word_1_376' title='bbox 550 3273 721 3330; x_wconf 86' lang='lat' dir='ltr'>simis</span> <span class='ocrx_word' id='word_1_377' title='bbox 751 3272 1123 3345; x_wconf 66' lang='lat' dir='ltr'>praedonibus</span> <span class='ocrx_word' id='word_1_378' title='bbox 1154 3271 1274 3327; x_wconf 91' lang='lat' dir='ltr'>sint</span> <span class='ocrx_word' id='word_1_379' title='bbox 1305 3271 1669 3342; x_wconf 66' lang='lat' dir='ltr'>depraedatas,</span> <span class='ocrx_word' id='word_1_380' title='bbox 1694 3275 1868 3342; x_wconf 87' lang='lat' dir='ltr'>atque</span> <span class='ocrx_word' id='word_1_381' title='bbox 1896 3266 2200 3323; x_wconf 88' lang='lat' dir='ltr'>nocturnis</span> <span class='ocrx_word' id='word_1_382' title='bbox 2233 3252 2271 3267; x_wconf 49' lang='lat' dir='ltr'><strong>u</strong></span> <span class='ocrx_word' id='word_1_383' title='bbox 2310 3252 2459 3329; x_wconf 68' lang='lat' dir='ltr'>serie</span> <span class='ocrx_word' id='word_1_384' title='bbox 2489 3270 2954 3339; x_wconf 83' lang='lat' dir='ltr'>muniremus,et</span> <span class='ocrx_word' id='word_1_385' title='bbox 2983 3268 3184 3326; x_wconf 86' lang='lat' dir='ltr'>omnia</span> <span class='ocrx_word' id='word_1_386' title='bbox 3200 3252 3330 3341; x_wconf 80' lang='lat' dir='ltr'>ejus</span> <span class='ocrx_word' id='word_1_387' title='bbox 3350 3252 3843 3340; x_wconf 83' lang='lat' dir='ltr'>pertinentiaperenni</span> 
     </span>
    </p>
   </div>
   <div class='ocr_carea' id='block_1_64' title="bbox 550 3357 2202 3427">
    <p class='ocr_par' dir='ltr' id='par_1_64' title="bbox 550 3357 2202 3427">
     <span class='ocr_line' id='line_1_65' title="bbox 550 3357 2202 3427; baseline -0.004 -9"><span class='ocrx_word' id='word_1_388' title='bbox 550 3362 838 3419; x_wconf 90' lang='lat' dir='ltr'>incendiis</span> <span class='ocrx_word' id='word_1_389' title='bbox 869 3377 1029 3416; x_wconf 92' lang='lat' dir='ltr'>more</span> <span class='ocrx_word' id='word_1_390' title='bbox 1046 3361 1243 3415; x_wconf 90' lang='lat' dir='ltr'>furum</span> <span class='ocrx_word' id='word_1_391' title='bbox 1270 3360 1588 3415; x_wconf 70' lang='lat' dir='ltr'>combustae</span> <span class='ocrx_word' id='word_1_392' title='bbox 1608 3359 1857 3427; x_wconf 65' lang='lat' dir='ltr'>;&#39;etdum</span> <span class='ocrx_word' id='word_1_393' title='bbox 1888 3357 2064 3412; x_wconf 91' lang='lat' dir='ltr'>iidem</span> <span class='ocrx_word' id='word_1_394' title='bbox 2083 3372 2202 3411; x_wconf 91' lang='lat' dir='ltr'>ma-</span> 
     </span>
    </p>
   </div>
   <div class='ocr_carea' id='block_1_65' title="bbox 551 3446 2200 3524">
    <p class='ocr_par' dir='ltr' id='par_1_65' title="bbox 551 3446 2200 3524">
     <span class='ocr_line' id='line_1_66' title="bbox 551 3446 2200 3524; baseline -0.003 -18"><span class='ocrx_word' id='word_1_395' title='bbox 551 3451 695 3524; x_wconf 92' lang='lat' dir='ltr'>ligni</span> <span class='ocrx_word' id='word_1_396' title='bbox 718 3451 887 3522; x_wconf 85' lang='lat' dir='ltr'>juxta</span> <span class='ocrx_word' id='word_1_397' title='bbox 903 3449 1085 3505; x_wconf 91' lang='lat' dir='ltr'>nostri</span> <span class='ocrx_word' id='word_1_398' title='bbox 1101 3447 1628 3520; x_wconf 69' lang='lat' dir='ltr'>praadecesseribus</span> <span class='ocrx_word' id='word_1_399' title='bbox 1645 3446 1922 3502; x_wconf 88' lang='lat' dir='ltr'>Benifacii</span> <span class='ocrx_word' id='word_1_400' title='bbox 1947 3446 2200 3515; x_wconf 89' lang='lat' dir='ltr'>decreta,</span> 
     </span>
    </p>
   </div>
   <div class='ocr_carea' id='block_1_66' title="bbox 551 3533 2202 3613">
    <p class='ocr_par' dir='ltr' id='par_1_66' title="bbox 551 3533 2202 3613">
     <span class='ocr_line' id='line_1_67' title="bbox 551 3533 2202 3613; baseline -0.004 -18"><span class='ocrx_word' id='word_1_401' title='bbox 551 3556 655 3613; x_wconf 93' lang='lat' dir='ltr'>pro</span> <span class='ocrx_word' id='word_1_402' title='bbox 682 3538 1053 3594; x_wconf 90' lang='lat' dir='ltr'>immunitate</span> <span class='ocrx_word' id='word_1_403' title='bbox 1082 3536 1225 3592; x_wconf 90' lang='lat' dir='ltr'>illud</span> <span class='ocrx_word' id='word_1_404' title='bbox 1267 3537 1580 3592; x_wconf 89' lang='lat' dir='ltr'>emendare</span> <span class='ocrx_word' id='word_1_405' title='bbox 1609 3533 1928 3602; x_wconf 89' lang='lat' dir='ltr'>noluerint;</span> <span class='ocrx_word' id='word_1_406' title='bbox 1972 3535 2113 3590; x_wconf 91' lang='lat' dir='ltr'>dum</span> <span class='ocrx_word' id='word_1_407' title='bbox 2144 3540 2202 3589; x_wconf 91' lang='lat' dir='ltr'>et</span> 
     </span>
    </p>
   </div>
   <div class='ocr_carea' id='block_1_67' title="bbox 552 3622 2199 3699">
    <p class='ocr_par' dir='ltr' id='par_1_67' title="bbox 552 3622 2199 3699">
     <span class='ocr_line' id='line_1_68' title="bbox 552 3622 2199 3699; baseline -0.004 -15"><span class='ocrx_word' id='word_1_408' title='bbox 552 3627 749 3684; x_wconf 73' lang='lat' dir='ltr'>seaculi</span> <span class='ocrx_word' id='word_1_409' title='bbox 782 3626 939 3699; x_wconf 87' lang='lat' dir='ltr'>leges</span> <span class='ocrx_word' id='word_1_410' title='bbox 972 3625 1091 3681; x_wconf 82' lang='lat' dir='ltr'>haec</span> <span class='ocrx_word' id='word_1_411' title='bbox 1122 3625 1327 3681; x_wconf 91' lang='lat' dir='ltr'>eadem</span> <span class='ocrx_word' id='word_1_412' title='bbox 1360 3624 1442 3679; x_wconf 87' lang='lat' dir='ltr'>ita</span> <span class='ocrx_word' id='word_1_413' title='bbox 1472 3624 1686 3680; x_wconf 91' lang='lat' dir='ltr'>habere</span> <span class='ocrx_word' id='word_1_414' title='bbox 1735 3623 2041 3691; x_wconf 90' lang='lat' dir='ltr'>voluerint,</span> <span class='ocrx_word' id='word_1_415' title='bbox 2073 3622 2199 3695; x_wconf 89' lang='lat' dir='ltr'>lege</span> 
     </span>
    </p>
   </div>
   <div class='ocr_carea' id='block_1_68' title="bbox 551 3712 2198 3790">
    <p class='ocr_par' dir='ltr' id='par_1_68' title="bbox 551 3712 2198 3790">
     <span class='ocr_line' id='line_1_69' title="bbox 551 3712 2198 3790; baseline -0.004 -18"><span class='ocrx_word' id='word_1_416' title='bbox 551 3716 778 3790; x_wconf 88' lang='lat' dir='ltr'>vulgari</span> <span class='ocrx_word' id='word_1_417' title='bbox 810 3720 960 3772; x_wconf 87' lang='lat' dir='ltr'>teste</span> <span class='ocrx_word' id='word_1_418' title='bbox 989 3714 1048 3769; x_wconf 91' lang='lat' dir='ltr'>in</span> <span class='ocrx_word' id='word_1_419' title='bbox 1081 3731 1198 3786; x_wconf 90' lang='lat' dir='ltr'>qua</span> <span class='ocrx_word' id='word_1_420' title='bbox 1227 3713 1312 3769; x_wconf 90' lang='lat' dir='ltr'>sic</span> <span class='ocrx_word' id='word_1_421' title='bbox 1343 3712 1623 3769; x_wconf 88' lang='lat' dir='ltr'>scribitur</span> <span class='ocrx_word' id='word_1_422' title='bbox 1657 3729 1670 3768; x_wconf 89' lang='lat'><strong>:</strong></span> <span class='ocrx_word' id='word_1_423' title='bbox 1709 3736 1736 3765; x_wconf 84' lang='lat'><strong>«</strong></span> <span class='ocrx_word' id='word_1_424' title='bbox 1765 3713 1824 3769; x_wconf 92' lang='lat' dir='ltr'>Si</span> <span class='ocrx_word' id='word_1_425' title='bbox 1856 3713 1988 3785; x_wconf 90' lang='lat' dir='ltr'>quis</span> <span class='ocrx_word' id='word_1_426' title='bbox 2018 3728 2198 3766; x_wconf 90' lang='lat' dir='ltr'>manu</span> 
     </span>
    </p>
   </div>
   <div class='ocr_carea' id='block_1_69' title="bbox 552 3800 2200 3878">
    <p class='ocr_par' dir='ltr' id='par_1_69' title="bbox 552 3800 2200 3878">
     <span class='ocr_line' id='line_1_70' title="bbox 552 3800 2200 3878; baseline -0.004 -15"><span class='ocrx_word' id='word_1_427' title='bbox 552 3810 782 3863; x_wconf 84' lang='lat' dir='ltr'>armata</span> <span class='ocrx_word' id='word_1_428' title='bbox 802 3822 989 3878; x_wconf 90' lang='lat' dir='ltr'>usque</span> <span class='ocrx_word' id='word_1_429' title='bbox 1007 3803 1081 3860; x_wconf 89' lang='lat' dir='ltr'>ad</span> <span class='ocrx_word' id='word_1_430' title='bbox 1098 3807 1350 3876; x_wconf 88' lang='lat' dir='ltr'>quatuor</span> <span class='ocrx_word' id='word_1_431' title='bbox 1366 3803 1636 3859; x_wconf 89' lang='lat' dir='ltr'>homines</span> <span class='ocrx_word' id='word_1_432' title='bbox 1661 3803 1720 3857; x_wconf 92' lang='lat' dir='ltr'>in</span> <span class='ocrx_word' id='word_1_433' title='bbox 1738 3802 1931 3858; x_wconf 90' lang='lat' dir='ltr'>vicum</span> <span class='ocrx_word' id='word_1_434' title='bbox 1956 3800 2200 3857; x_wconf 88' lang='lat' dir='ltr'>alterius</span> 
     </span>
    </p>
   </div>
   <div class='ocr_carea' id='block_1_70' title="bbox 551 3890 2200 3964">
    <p class='ocr_par' dir='ltr' id='par_1_70' title="bbox 551 3890 2200 3964">
     <span class='ocr_line' id='line_1_71' title="bbox 551 3890 2200 3964; baseline -0.005 -11"><span class='ocrx_word' id='word_1_435' title='bbox 551 3896 627 3953; x_wconf 89' lang='lat' dir='ltr'>ad</span> <span class='ocrx_word' id='word_1_436' title='bbox 653 3892 1140 3951; x_wconf 87' lang='lat' dir='ltr'>malefaciendum</span> <span class='ocrx_word' id='word_1_437' title='bbox 1164 3892 1408 3959; x_wconf 90' lang='lat' dir='ltr'>venerit,</span> <span class='ocrx_word' id='word_1_438' title='bbox 1460 3890 1558 3948; x_wconf 87' lang='lat' dir='ltr'>ille</span> <span class='ocrx_word' id='word_1_439' title='bbox 1607 3891 1709 3964; x_wconf 91' lang='lat' dir='ltr'>qui</span> <span class='ocrx_word' id='word_1_440' title='bbox 1750 3891 1908 3963; x_wconf 90' lang='lat' dir='ltr'>prior</span> <span class='ocrx_word' id='word_1_441' title='bbox 1957 3893 2048 3946; x_wconf 86' lang='lat' dir='ltr'>est</span> <span class='ocrx_word' id='word_1_442' title='bbox 2094 3906 2200 3961; x_wconf 89' lang='lat' dir='ltr'>pro</span> 
     </span>
    </p>
   </div>
   <div class='ocr_carea' id='block_1_71' title="bbox 551 3977 2197 4055">
    <p class='ocr_par' dir='ltr' id='par_1_71' title="bbox 551 3977 2197 4055">
     <span class='ocr_line' id='line_1_72' title="bbox 551 3977 2197 4055; baseline -0.005 -16"><span class='ocrx_word' id='word_1_443' title='bbox 551 3983 757 4039; x_wconf 90' lang='lat' dir='ltr'>illicita</span> <span class='ocrx_word' id='word_1_444' title='bbox 785 3979 1241 4055; x_wconf 69' lang='lat' dir='ltr'>praesumptione</span> <span class='ocrx_word' id='word_1_445' title='bbox 1272 3982 1587 4051; x_wconf 83' lang='lat' dir='ltr'>componat</span> <span class='ocrx_word' id='word_1_446' title='bbox 1634 3977 1857 4034; x_wconf 82' lang='lat' dir='ltr'>solidos</span> <span class='ocrx_word' id='word_1_447' title='bbox 1902 3992 2063 4033; x_wconf 77' lang='lat' dir='ltr'>occa.</span> <span class='ocrx_word' id='word_1_448' title='bbox 2096 3977 2197 4032; x_wconf 83' lang='lat' dir='ltr'>Se-</span> 
     </span>
    </p>
   </div>
   <div class='ocr_carea' id='block_1_72' title="bbox 554 4066 2197 4143">
    <p class='ocr_par' dir='ltr' id='par_1_72' title="bbox 554 4066 2197 4143">
     <span class='ocr_line' id='line_1_73' title="bbox 554 4066 2197 4143; baseline -0.003 -17"><span class='ocrx_word' id='word_1_449' title='bbox 554 4087 769 4143; x_wconf 90' lang='lat' dir='ltr'>quaces</span> <span class='ocrx_word' id='word_1_450' title='bbox 794 4087 931 4126; x_wconf 88' lang='lat' dir='ltr'>vero</span> <span class='ocrx_word' id='word_1_451' title='bbox 960 4071 1111 4142; x_wconf 79' lang='lat' dir='ltr'>ejus,</span> <span class='ocrx_word' id='word_1_452' title='bbox 1123 4068 1532 4142; x_wconf 82' lang='lat' dir='ltr'>unusquisque</span> <span class='ocrx_word' id='word_1_453' title='bbox 1560 4067 1778 4124; x_wconf 87' lang='lat' dir='ltr'>solidos</span> <span class='ocrx_word' id='word_1_454' title='bbox 1808 4084 1969 4123; x_wconf 77' lang='lat' dir='ltr'><strong>LXXX.</strong></span> <span class='ocrx_word' id='word_1_455' title='bbox 1986 4066 2045 4122; x_wconf 92' lang='lat' dir='ltr'>Si</span> <span class='ocrx_word' id='word_1_456' title='bbox 2063 4082 2197 4121; x_wconf 82' lang='lat' dir='ltr'>vero</span> 
     </span>
    </p>
   </div>
   <div class='ocr_carea' id='block_1_73' title="bbox 553 4155 2195 4225">
    <p class='ocr_par' dir='ltr' id='par_1_73' title="bbox 553 4155 2195 4225">
     <span class='ocr_line' id='line_1_74' title="bbox 553 4155 2195 4225; baseline -0.003 -13"><span class='ocrx_word' id='word_1_457' title='bbox 553 4156 637 4212; x_wconf 80' lang='lat' dir='ltr'>ibi</span> <span class='ocrx_word' id='word_1_458' title='bbox 684 4156 1022 4211; x_wconf 85' lang='lat' dir='ltr'>incendium</span> <span class='ocrx_word' id='word_1_459' title='bbox 1069 4156 1329 4224; x_wconf 83' lang='lat' dir='ltr'>fecerint,</span> <span class='ocrx_word' id='word_1_460' title='bbox 1386 4155 1500 4211; x_wconf 89' lang='lat' dir='ltr'>sibi</span> <span class='ocrx_word' id='word_1_461' title='bbox 1555 4173 1772 4212; x_wconf 91' lang='lat' dir='ltr'>nonam</span> <span class='ocrx_word' id='word_1_462' title='bbox 1821 4157 2195 4225; x_wconf 87' lang='lat' dir='ltr'>componant,</span> 
     </span>
    </p>
   </div>
   <div class='ocr_carea' id='block_1_74' title="bbox 553 4242 2196 4319">
    <p class='ocr_par' dir='ltr' id='par_1_74' title="bbox 553 4242 2196 4319">
     <span class='ocr_line' id='line_1_75' title="bbox 553 4242 2196 4319; baseline -0.002 -19"><span class='ocrx_word' id='word_1_463' title='bbox 553 4244 810 4319; x_wconf 64' lang='lat' dir='ltr'>praedam</span> <span class='ocrx_word' id='word_1_464' title='bbox 838 4260 973 4300; x_wconf 89' lang='lat' dir='ltr'>vero</span> <span class='ocrx_word' id='word_1_465' title='bbox 1003 4245 1063 4299; x_wconf 92' lang='lat' dir='ltr'>in</span> <span class='ocrx_word' id='word_1_466' title='bbox 1095 4244 1490 4317; x_wconf 88' lang='lat' dir='ltr'>quadruplum</span> <span class='ocrx_word' id='word_1_467' title='bbox 1511 4245 1839 4301; x_wconf 88' lang='lat' dir='ltr'>restituant.</span> <span class='ocrx_word' id='word_1_468' title='bbox 1854 4265 1884 4296; x_wconf 88' lang='lat'><strong>»</strong></span> <span class='ocrx_word' id='word_1_469' title='bbox 1916 4243 1975 4299; x_wconf 92' lang='lat' dir='ltr'>Si</span> <span class='ocrx_word' id='word_1_470' title='bbox 1999 4242 2196 4298; x_wconf 80' lang='lat' dir='ltr'>saeculi</span> 
     </span>
    </p>
   </div>
   <div class='ocr_carea' id='block_1_75' title="bbox 554 4331 2197 4408">
    <p class='ocr_par' dir='ltr' id='par_1_75' title="bbox 554 4331 2197 4408">
     <span class='ocr_line' id='line_1_76' title="bbox 554 4331 2197 4408; baseline -0.002 -18"><span class='ocrx_word' id='word_1_471' title='bbox 554 4333 712 4408; x_wconf 87' lang='lat' dir='ltr'>leges</span> <span class='ocrx_word' id='word_1_472' title='bbox 744 4332 922 4389; x_wconf 90' lang='lat' dir='ltr'>talem</span> <span class='ocrx_word' id='word_1_473' title='bbox 953 4332 1242 4406; x_wconf 84' lang='lat' dir='ltr'>justitiam</span> <span class='ocrx_word' id='word_1_474' title='bbox 1275 4333 1489 4389; x_wconf 89' lang='lat' dir='ltr'>habere</span> <span class='ocrx_word' id='word_1_475' title='bbox 1516 4333 1826 4402; x_wconf 90' lang='lat' dir='ltr'>voluerint,</span> <span class='ocrx_word' id='word_1_476' title='bbox 1861 4331 1951 4389; x_wconf 83' lang='lat' dir='ltr'>lex</span> <span class='ocrx_word' id='word_1_477' title='bbox 2001 4331 2197 4387; x_wconf 90' lang='lat' dir='ltr'>divina</span> 
     </span>
    </p>
   </div>
   <div class='ocr_carea' id='block_1_76' title="bbox 554 4421 2197 4495">
    <p class='ocr_par' dir='ltr' id='par_1_76' title="bbox 554 4421 2197 4495">
     <span class='ocr_line' id='line_1_77' title="bbox 554 4421 2197 4495; baseline -0.001 -15"><span class='ocrx_word' id='word_1_478' title='bbox 554 4441 660 4481; x_wconf 90' lang='lat' dir='ltr'>cur</span> <span class='ocrx_word' id='word_1_479' title='bbox 688 4422 928 4479; x_wconf 88' lang='lat' dir='ltr'>inferior</span> <span class='ocrx_word' id='word_1_480' title='bbox 957 4437 1086 4478; x_wconf 89' lang='lat' dir='ltr'>esse</span> <span class='ocrx_word' id='word_1_481' title='bbox 1115 4421 1384 4477; x_wconf 75' lang='lat' dir='ltr'>debebit?</span> <span class='ocrx_word' id='word_1_482' title='bbox 1412 4421 1558 4478; x_wconf 92' lang='lat' dir='ltr'>Cum</span> <span class='ocrx_word' id='word_1_483' title='bbox 1589 4424 1647 4478; x_wconf 91' lang='lat' dir='ltr'>in</span> <span class='ocrx_word' id='word_1_484' title='bbox 1701 4423 1888 4495; x_wconf 87' lang='lat' dir='ltr'>ipsius</span> <span class='ocrx_word' id='word_1_485' title='bbox 1934 4422 2197 4478; x_wconf 89' lang='lat' dir='ltr'>veritatis</span> 
     </span>
    </p>
   </div>
   <div class='ocr_carea' id='block_1_77' title="bbox 553 4509 2194 4586">
    <p class='ocr_par' dir='ltr' id='par_1_77' title="bbox 553 4509 2194 4586">
     <span class='ocr_line' id='line_1_78' title="bbox 553 4509 2194 4586; baseline -0.002 -18"><span class='ocrx_word' id='word_1_486' title='bbox 553 4512 865 4586; x_wconf 64' lang='lat' dir='ltr'>praesentia</span> <span class='ocrx_word' id='word_1_487' title='bbox 895 4528 930 4567; x_wconf 93' lang='lat' dir='ltr'>a</span> <span class='ocrx_word' id='word_1_488' title='bbox 955 4510 1225 4567; x_wconf 68' lang='lat' dir='ltr'>Zacchaze</span> <span class='ocrx_word' id='word_1_489' title='bbox 1265 4509 1662 4566; x_wconf 91' lang='lat' dir='ltr'>collaudatum</span> <span class='ocrx_word' id='word_1_490' title='bbox 1712 4512 1809 4580; x_wconf 91' lang='lat' dir='ltr'>sit,</span> <span class='ocrx_word' id='word_1_491' title='bbox 1844 4512 1892 4567; x_wconf 90' lang='lat' dir='ltr'>si</span> <span class='ocrx_word' id='word_1_492' title='bbox 1939 4512 2194 4584; x_wconf 87' lang='lat' dir='ltr'>aliquem</span> 
     </span>
    </p>
   </div>
   <div class='ocr_carea' id='block_1_78' title="bbox 556 4597 2197 4671">
    <p class='ocr_par' dir='ltr' id='par_1_78' title="bbox 556 4597 2197 4671">
     <span class='ocr_line' id='line_1_79' title="bbox 556 4597 2197 4671; baseline -0.002 -14"><span class='ocrx_word' id='word_1_493' title='bbox 556 4601 947 4669; x_wconf 87' lang='lat' dir='ltr'>defraudaret,</span> <span class='ocrx_word' id='word_1_494' title='bbox 980 4603 1046 4654; x_wconf 93' lang='lat' dir='ltr'>ut</span> <span class='ocrx_word' id='word_1_495' title='bbox 1073 4600 1134 4654; x_wconf 91' lang='lat' dir='ltr'>in</span> <span class='ocrx_word' id='word_1_496' title='bbox 1166 4597 1560 4671; x_wconf 90' lang='lat' dir='ltr'>quadruplum</span> <span class='ocrx_word' id='word_1_497' title='bbox 1590 4600 2040 4667; x_wconf 84' lang='lat' dir='ltr'>restitueret.Et</span> <span class='ocrx_word' id='word_1_498' title='bbox 2058 4598 2197 4670; x_wconf 91' lang='lat' dir='ltr'>quia</span> 
     </span>
    </p>
   </div>
   <div class='ocr_carea' id='block_1_79' title="bbox 555 4685 2201 4760">
    <p class='ocr_par' dir='ltr' id='par_1_79' title="bbox 555 4685 2201 4760">
     <span class='ocr_line' id='line_1_80' title="bbox 555 4685 2201 4760; baseline -0.004 -14"><span class='ocrx_word' id='word_1_499' title='bbox 555 4704 857 4746; x_wconf 89' lang='lat' dir='ltr'>summum</span> <span class='ocrx_word' id='word_1_500' title='bbox 889 4688 947 4743; x_wconf 91' lang='lat' dir='ltr'>in</span> <span class='ocrx_word' id='word_1_501' title='bbox 981 4686 1217 4760; x_wconf 87' lang='lat' dir='ltr'>regibus</span> <span class='ocrx_word' id='word_1_502' title='bbox 1240 4688 1458 4743; x_wconf 92' lang='lat' dir='ltr'>bonum</span> <span class='ocrx_word' id='word_1_503' title='bbox 1488 4690 1578 4742; x_wconf 91' lang='lat' dir='ltr'>est</span> <span class='ocrx_word' id='word_1_504' title='bbox 1589 4686 1886 4758; x_wconf 88' lang='lat' dir='ltr'>justitiam</span> <span class='ocrx_word' id='word_1_505' title='bbox 1920 4685 2201 4753; x_wconf 89' lang='lat' dir='ltr'>colere,ac</span> 
     </span>
    </p>
   </div>
   <div class='ocr_carea' id='block_1_80' title="bbox 555 4773 2199 4850">
    <p class='ocr_par' dir='ltr' id='par_1_80' title="bbox 555 4773 2199 4850">
     <span class='ocr_line' id='line_1_81' title="bbox 555 4773 2199 4850; baseline -0.003 -16"><span class='ocrx_word' id='word_1_506' title='bbox 555 4795 665 4834; x_wconf 86' lang='lat' dir='ltr'>sua</span> <span class='ocrx_word' id='word_1_507' title='bbox 694 4777 906 4850; x_wconf 90' lang='lat' dir='ltr'>cuique</span> <span class='ocrx_word' id='word_1_508' title='bbox 928 4778 1067 4849; x_wconf 89' lang='lat' dir='ltr'>jura</span> <span class='ocrx_word' id='word_1_509' title='bbox 1095 4793 1344 4845; x_wconf 89' lang='lat' dir='ltr'>servare,</span> <span class='ocrx_word' id='word_1_510' title='bbox 1364 4781 1421 4831; x_wconf 90' lang='lat' dir='ltr'>et</span> <span class='ocrx_word' id='word_1_511' title='bbox 1450 4775 1509 4829; x_wconf 90' lang='lat' dir='ltr'>in</span> <span class='ocrx_word' id='word_1_512' title='bbox 1542 4776 1840 4847; x_wconf 89' lang='lat' dir='ltr'>subjectos</span> <span class='ocrx_word' id='word_1_513' title='bbox 1871 4790 1985 4829; x_wconf 91' lang='lat' dir='ltr'>non</span> <span class='ocrx_word' id='word_1_514' title='bbox 2009 4773 2199 4829; x_wconf 90' lang='lat' dir='ltr'>sinere</span> 
     </span>
    </p>
   </div>
   <div class='ocr_carea' id='block_1_81' title="bbox 556 4864 2199 4939">
    <p class='ocr_par' dir='ltr' id='par_1_81' title="bbox 556 4864 2199 4939">
     <span class='ocr_line' id='line_1_82' title="bbox 556 4864 2199 4939; baseline -0.002 -17"><span class='ocrx_word' id='word_1_515' title='bbox 556 4867 710 4939; x_wconf 89' lang='lat' dir='ltr'>quod</span> <span class='ocrx_word' id='word_1_516' title='bbox 741 4866 1046 4939; x_wconf 88' lang='lat' dir='ltr'>potestatis</span> <span class='ocrx_word' id='word_1_517' title='bbox 1076 4869 1165 4921; x_wconf 78' lang='lat' dir='ltr'>est</span> <span class='ocrx_word' id='word_1_518' title='bbox 1194 4866 1339 4930; x_wconf 83' lang='lat' dir='ltr'>fieri,</span> <span class='ocrx_word' id='word_1_519' title='bbox 1355 4864 1453 4920; x_wconf 89' lang='lat' dir='ltr'>sed</span> <span class='ocrx_word' id='word_1_520' title='bbox 1475 4865 1630 4936; x_wconf 89' lang='lat' dir='ltr'>quod</span> <span class='ocrx_word' id='word_1_521' title='bbox 1649 4867 1993 4935; x_wconf 66' lang='lat' dir='ltr'>aequum&#39;est</span> <span class='ocrx_word' id='word_1_522' title='bbox 2012 4868 2199 4919; x_wconf 85' lang='lat' dir='ltr'>custo-</span> 
     </span>
    </p>
   </div>
   <div class='ocr_carea' id='block_1_82' title="bbox 626 4972 1903 5043">
    <p class='ocr_par' dir='ltr' id='par_1_82' title="bbox 626 4972 1903 5043">
     <span class='ocr_line' id='line_1_83' title="bbox 626 4972 1903 5043; baseline -0.004 -15"><span class='ocrx_word' id='word_1_523' title='bbox 626 4977 704 5043; x_wconf 90' lang='lat'>(8)</span> <span class='ocrx_word' id='word_1_524' title='bbox 739 4973 973 5028; x_wconf 81' lang='lat' dir='ltr'>Reberti</span> <span class='ocrx_word' id='word_1_525' title='bbox 1005 4972 1158 5043; x_wconf 81' lang='lat' dir='ltr'>regis</span> <span class='ocrx_word' id='word_1_526' title='bbox 1189 4973 1541 5027; x_wconf 84' lang='lat' dir='ltr'>Francorum</span> <span class='ocrx_word' id='word_1_527' title='bbox 1574 4972 1903 5042; x_wconf 84' lang='lat' dir='ltr'>cenjugcm.</span> 
     </span>
    </p>
   </div>
   <div class='ocr_carea' id='block_1_83' title="bbox 627 5042 2200 5118">
    <p class='ocr_par' dir='ltr' id='par_1_83' title="bbox 627 5042 2200 5118">
     <span class='ocr_line' id='line_1_84' title="bbox 627 5042 2200 5118; baseline -0.003 -18"><span class='ocrx_word' id='word_1_528' title='bbox 627 5042 705 5118; x_wconf 85' lang='grc'>(9)</span> <span class='ocrx_word' id='word_1_529' title='bbox 739 5042 1093 5118; x_wconf 29' lang='lat' dir='ltr'>Indictionis’</span> <span class='ocrx_word' id='word_1_530' title='bbox 1113 5043 1460 5118; x_wconf 77' lang='lat' dir='ltr'>certissima,</span> <span class='ocrx_word' id='word_1_531' title='bbox 1493 5060 1670 5118; x_wconf 79' lang='lat' dir='ltr'>quam</span> <span class='ocrx_word' id='word_1_532' title='bbox 1704 5042 1970 5118; x_wconf 70' lang='lat' dir='ltr'>apposui,</span> <span class='ocrx_word' id='word_1_533' title='bbox 2003 5057 2200 5118; x_wconf 81' lang='lat' dir='ltr'>emen-</span> 
     </span>
    </p>
   </div>
   <div class='ocr_carea' id='block_1_84' title="bbox 556 5112 2198 5195">
    <p class='ocr_par' dir='ltr' id='par_1_84' title="bbox 556 5112 2198 5195">
     <span class='ocr_line' id='line_1_85' title="bbox 556 5112 2198 5195; baseline -0.004 -22"><span class='ocrx_word' id='word_1_534' title='bbox 556 5112 1093 5195; x_wconf 31' lang='lat' dir='ltr'>dationes‘tScripta</span> <span class='ocrx_word' id='word_1_535' title='bbox 1122 5120 1223 5195; x_wconf 60' lang='lat' dir='ltr'>est</span> <span class='ocrx_word' id='word_1_536' title='bbox 1240 5115 1396 5169; x_wconf 90' lang='lat' dir='ltr'>enim</span> <span class='ocrx_word' id='word_1_537' title='bbox 1425 5112 1668 5195; x_wconf 71' lang='lat' dir='ltr'>cpistola</span> <span class='ocrx_word' id='word_1_538' title='bbox 1697 5112 1896 5195; x_wconf 72' lang='lat' dir='ltr'>mense</span> <span class='ocrx_word' id='word_1_539' title='bbox 1920 5112 2198 5167; x_wconf 89' lang='lat' dir='ltr'>Novemb.</span> 
     </span>
    </p>
   </div>
   <div class='ocr_carea' id='block_1_85' title="bbox 557 5185 2200 5257">
    <p class='ocr_par' dir='ltr' id='par_1_85' title="bbox 557 5185 2200 5257">
     <span class='ocr_line' id='line_1_86' title="bbox 557 5185 2200 5257; baseline -0.004 -14"><span class='ocrx_word' id='word_1_540' title='bbox 557 5188 833 5255; x_wconf 83' lang='lat' dir='ltr'>ann.993,</span> <span class='ocrx_word' id='word_1_541' title='bbox 854 5202 968 5257; x_wconf 93' lang='lat' dir='ltr'>quo</span> <span class='ocrx_word' id='word_1_542' title='bbox 996 5185 1152 5241; x_wconf 77' lang='lat' dir='ltr'>anno</span> <span class='ocrx_word' id='word_1_543' title='bbox 1185 5185 1585 5257; x_wconf 80' lang='lat' dir='ltr'>Constantiam</span> <span class='ocrx_word' id='word_1_544' title='bbox 1620 5185 1906 5257; x_wconf 78' lang='lat' dir='ltr'>Robertus</span> <span class='ocrx_word' id='word_1_545' title='bbox 1936 5201 2035 5257; x_wconf 78' lang='lat' dir='ltr'>rex</span> <span class='ocrx_word' id='word_1_546' title='bbox 2065 5200 2200 5239; x_wconf 89' lang='lat' dir='ltr'>con-</span> 
     </span>
    </p>
   </div>
   <div class='ocr_carea' id='block_1_86' title="bbox 549 5254 2200 5333">
    <p class='ocr_par' dir='ltr' id='par_1_86' title="bbox 549 5254 2200 5333">
     <span class='ocr_line' id='line_1_87' title="bbox 549 5254 2200 5333; baseline -0.002 -19"><span class='ocrx_word' id='word_1_547' title='bbox 549 5254 968 5333; x_wconf 61' lang='lat' dir='ltr'>jugem_dui_it.</span> <span class='ocrx_word' id='word_1_548' title='bbox 1004 5257 1201 5329; x_wconf 88' lang='lat' dir='ltr'>Neque</span> <span class='ocrx_word' id='word_1_549' title='bbox 1244 5257 1403 5333; x_wconf 78' lang='lat' dir='ltr'>enim</span> <span class='ocrx_word' id='word_1_550' title='bbox 1453 5256 1627 5333; x_wconf 80' lang='lat' dir='ltr'>scribi</span> <span class='ocrx_word' id='word_1_551' title='bbox 1676 5256 1875 5333; x_wconf 69' lang='lat' dir='ltr'>potuit</span> <span class='ocrx_word' id='word_1_552' title='bbox 1909 5254 2006 5333; x_wconf 89' lang='lat' dir='ltr'>vel</span> <span class='ocrx_word' id='word_1_553' title='bbox 2048 5270 2200 5333; x_wconf 80' lang='lat' dir='ltr'>anno</span> 
     </span>
    </p>
   </div>
   <div class='ocr_carea' id='block_1_87' title="bbox 557 5326 2198 5409">
    <p class='ocr_par' dir='ltr' id='par_1_87' title="bbox 557 5326 2198 5409">
     <span class='ocr_line' id='line_1_88' title="bbox 557 5326 2198 5409; baseline -0.004 -23"><span class='ocrx_word' id='word_1_554' title='bbox 557 5326 927 5409; x_wconf 51' lang='lat' dir='ltr'>praecedenti,</span> <span class='ocrx_word' id='word_1_555' title='bbox 958 5345 1074 5409; x_wconf 82' lang='lat' dir='ltr'>quo</span> <span class='ocrx_word' id='word_1_556' title='bbox 1105 5326 1369 5409; x_wconf 68' lang='lat' dir='ltr'>nondum</span> <span class='ocrx_word' id='word_1_557' title='bbox 1416 5328 1617 5409; x_wconf 83' lang='lat' dir='ltr'>regina</span> <span class='ocrx_word' id='word_1_558' title='bbox 1666 5326 1800 5409; x_wconf 62' lang='lat' dir='ltr'>erat</span> <span class='ocrx_word' id='word_1_559' title='bbox 1836 5326 2198 5409; x_wconf 75' lang='lat' dir='ltr'>Constantia,</span> 
     </span>
    </p>
   </div>
   <div class='ocr_carea' id='block_1_88' title="bbox 554 5397 2202 5482">
    <p class='ocr_par' dir='ltr' id='par_1_88' title="bbox 554 5397 2202 5482">
     <span class='ocr_line' id='line_1_89' title="bbox 554 5397 2202 5482; baseline -0.004 -24"><span class='ocrx_word' id='word_1_560' title='bbox 554 5397 664 5482; x_wconf 50' lang='lat' dir='ltr'>vel</span> <span class='ocrx_word' id='word_1_561' title='bbox 677 5397 1081 5482; x_wconf 73' lang='lat' dir='ltr'>consequenti,</span> <span class='ocrx_word' id='word_1_562' title='bbox 1115 5397 1575 5482; x_wconf 36' lang='lat' dir='ltr'>que‘Qreg‘orllus</span> <span class='ocrx_word' id='word_1_563' title='bbox 1605 5398 1865 5482; x_wconf 71' lang='lat' dir='ltr'>pontifex</span> <span class='ocrx_word' id='word_1_564' title='bbox 1905 5400 2034 5482; x_wconf 79' lang='lat' dir='ltr'>jam</span> <span class='ocrx_word' id='word_1_565' title='bbox 2064 5397 2202 5452; x_wconf 91' lang='lat' dir='ltr'>inde</span> 
     </span>
    </p>
   </div>
   <div class='ocr_carea' id='block_1_89' title="bbox 558 5468 2199 5530">
    <p class='ocr_par' dir='ltr' id='par_1_89' title="bbox 558 5468 2199 5530">
     <span class='ocr_line' id='line_1_90' title="bbox 558 5468 2199 5530; baseline -0.004 0"><span class='ocrx_word' id='word_1_566' title='bbox 558 5490 593 5530; x_wconf 86' lang='lat' dir='ltr'>a</span> <span class='ocrx_word' id='word_1_567' title='bbox 623 5468 937 5529; x_wconf 81' lang='lat' dir='ltr'>Februario</span> <span class='ocrx_word' id='word_1_568' title='bbox 968 5468 1169 5527; x_wconf 79' lang='lat' dir='ltr'>mense</span> <span class='ocrx_word' id='word_1_569' title='bbox 1207 5468 1447 5526; x_wconf 73' lang='lat' dir='ltr'>obierat.</span> <span class='ocrx_word' id='word_1_570' title='bbox 1483 5468 1655 5527; x_wconf 78' lang='lat' dir='ltr'>Porro</span> <span class='ocrx_word' id='word_1_571' title='bbox 1704 5468 2012 5526; x_wconf 79' lang='lat' dir='ltr'>Novembri</span> <span class='ocrx_word' id='word_1_572' title='bbox 2061 5484 2199 5523; x_wconf 88' lang='lat' dir='ltr'>ann.</span> 
     </span>
    </p>
   </div>
   <div class='ocr_carea' id='block_1_90' title="bbox 557 5539 2199 5613">
    <p class='ocr_par' dir='ltr' id='par_1_90' title="bbox 557 5539 2199 5613">
     <span class='ocr_line' id='line_1_91' title="bbox 557 5539 2199 5613; baseline -0.004 -12"><span class='ocrx_word' id='word_1_573' title='bbox 557 5544 664 5601; x_wconf 87' lang='grc'>998</span> <span class='ocrx_word' id='word_1_574' title='bbox 686 5544 957 5600; x_wconf 87' lang='lat' dir='ltr'>currebat</span> <span class='ocrx_word' id='word_1_575' title='bbox 984 5542 1231 5613; x_wconf 89' lang='lat' dir='ltr'>indictie</span> <span class='ocrx_word' id='word_1_576' title='bbox 1244 5558 1354 5613; x_wconf 15' lang='lat' dir='ltr'>7x11,</span> <span class='ocrx_word' id='word_1_577' title='bbox 1370 5540 1642 5613; x_wconf 83' lang='lat' dir='ltr'>inchoata</span> <span class='ocrx_word' id='word_1_578' title='bbox 1657 5540 1835 5613; x_wconf 62' lang='lat' dir='ltr'>alia].</span> <span class='ocrx_word' id='word_1_579' title='bbox 1850 5539 2199 5613; x_wconf 77' lang='lat' dir='ltr'>septembr.,</span> 
     </span>
    </p>
   </div>
   <div class='ocr_carea' id='block_1_91' title="bbox 560 5610 2201 5693">
    <p class='ocr_par' dir='ltr' id='par_1_91' title="bbox 560 5610 2201 5693">
     <span class='ocr_line' id='line_1_92' title="bbox 560 5610 2201 5693; baseline -0.002 -19"><span class='ocrx_word' id='word_1_580' title='bbox 560 5615 717 5693; x_wconf 81' lang='lat' dir='ltr'>quod</span> <span class='ocrx_word' id='word_1_581' title='bbox 745 5617 869 5674; x_wconf 84' lang='lat' dir='ltr'>erat</span> <span class='ocrx_word' id='word_1_582' title='bbox 896 5613 958 5672; x_wconf 90' lang='lat' dir='ltr'>in</span> <span class='ocrx_word' id='word_1_583' title='bbox 988 5612 1350 5690; x_wconf 85' lang='lat' dir='ltr'>temporibus</span> <span class='ocrx_word' id='word_1_584' title='bbox 1378 5611 1688 5690; x_wconf 80' lang='lat' dir='ltr'>pontificias</span> <span class='ocrx_word' id='word_1_585' title='bbox 1717 5610 2055 5677; x_wconf 74' lang='lat' dir='ltr'>indictienis</span> <span class='ocrx_word' id='word_1_586' title='bbox 2090 5610 2201 5670; x_wconf 55' lang='lat' dir='ltr'>inié</span> 
     </span>
    </p>
   </div>
   <div class='ocr_carea' id='block_1_92' title="bbox 2302 3348 3842 3435">
    <p class='ocr_par' dir='ltr' id='par_1_92' title="bbox 2302 3348 3842 3435">
     <span class='ocr_line' id='line_1_93' title="bbox 2302 3348 3842 3435; baseline -0.012 -17"><span class='ocrx_word' id='word_1_587' title='bbox 2302 3363 2437 3435; x_wconf 89' lang='lat' dir='ltr'>jure</span> <span class='ocrx_word' id='word_1_588' title='bbox 2468 3362 2686 3418; x_wconf 88' lang='lat' dir='ltr'>ibidem</span> <span class='ocrx_word' id='word_1_589' title='bbox 2720 3358 3130 3415; x_wconf 84' lang='lat' dir='ltr'>inviolabiliter</span> <span class='ocrx_word' id='word_1_590' title='bbox 3160 3355 3545 3430; x_wconf 87' lang='lat' dir='ltr'>permanenda</span> <span class='ocrx_word' id='word_1_591' title='bbox 3569 3348 3842 3408; x_wconf 59' lang='lat' dir='ltr'>confirmare</span> 
     </span>
    </p>
   </div>
   <div class='ocr_carea' id='block_1_93' title="bbox 2309 3439 3843 3521">
    <p class='ocr_par' dir='ltr' id='par_1_93' title="bbox 2309 3439 3843 3521">
     <span class='ocr_line' id='line_1_94' title="bbox 2309 3439 3843 3521; baseline -0.011 -15"><span class='ocrx_word' id='word_1_592' title='bbox 2309 3454 2537 3521; x_wconf 89' lang='lat' dir='ltr'>mus,et</span> <span class='ocrx_word' id='word_1_593' title='bbox 2567 3450 2788 3521; x_wconf 89' lang='lat' dir='ltr'>absque</span> <span class='ocrx_word' id='word_1_594' title='bbox 2810 3448 2969 3504; x_wconf 91' lang='lat' dir='ltr'>omni</span> <span class='ocrx_word' id='word_1_595' title='bbox 2994 3449 3141 3519; x_wconf 86' lang='lat' dir='ltr'>jugo</span> <span class='ocrx_word' id='word_1_596' title='bbox 3173 3464 3279 3503; x_wconf 88' lang='lat' dir='ltr'>seu</span> <span class='ocrx_word' id='word_1_597' title='bbox 3311 3444 3517 3501; x_wconf 89' lang='lat' dir='ltr'>ditione</span> <span class='ocrx_word' id='word_1_598' title='bbox 3541 3439 3843 3511; x_wconf 71' lang='lat' dir='ltr'>cujuscunque</span> 
     </span>
    </p>
   </div>
   <div class='ocr_carea' id='block_1_94' title="bbox 2310 3528 3842 3612">
    <p class='ocr_par' dir='ltr' id='par_1_94' title="bbox 2310 3528 3842 3612">
     <span class='ocr_line' id='line_1_95' title="bbox 2310 3528 3842 3612; baseline -0.011 -17"><span class='ocrx_word' id='word_1_599' title='bbox 2310 3555 2569 3612; x_wconf 81' lang='lat' dir='ltr'>personas</span> <span class='ocrx_word' id='word_1_600' title='bbox 2601 3536 2976 3594; x_wconf 89' lang='lat' dir='ltr'>constabilire</span> <span class='ocrx_word' id='word_1_601' title='bbox 3007 3536 3191 3592; x_wconf 89' lang='lat' dir='ltr'>nostri</span> <span class='ocrx_word' id='word_1_602' title='bbox 3227 3533 3502 3608; x_wconf 86' lang='lat' dir='ltr'>privilegii</span> <span class='ocrx_word' id='word_1_603' title='bbox 3530 3528 3706 3602; x_wconf 80' lang='lat' dir='ltr'>pagina</span> <span class='ocrx_word' id='word_1_604' title='bbox 3720 3533 3842 3612; x_wconf 78' lang='lat' dir='ltr'>com-</span> 
     </span>
    </p>
   </div>
   <div class='ocr_carea' id='block_1_95' title="bbox 2309 3610 3843 3699">
    <p class='ocr_par' dir='ltr' id='par_1_95' title="bbox 2309 3610 3843 3699">
     <span class='ocr_line' id='line_1_96' title="bbox 2309 3610 3843 3699; baseline -0.014 -16"><span class='ocrx_word' id='word_1_605' title='bbox 2309 3610 2653 3684; x_wconf 86' lang='lat' dir='ltr'>boraremus</span> <span class='ocrx_word' id='word_1_606' title='bbox 2687 3643 2700 3683; x_wconf 93' lang='lat'>:</span> <span class='ocrx_word' id='word_1_607' title='bbox 2735 3629 3042 3699; x_wconf 90' lang='lat' dir='ltr'>propterea</span> <span class='ocrx_word' id='word_1_608' title='bbox 3068 3624 3193 3680; x_wconf 88' lang='lat' dir='ltr'>tuis</span> <span class='ocrx_word' id='word_1_609' title='bbox 3224 3624 3353 3679; x_wconf 84' lang='lat' dir='ltr'>ﬂexi</span> <span class='ocrx_word' id='word_1_610' title='bbox 3383 3618 3627 3694; x_wconf 83' lang='lat' dir='ltr'>precibus</span> <span class='ocrx_word' id='word_1_611' title='bbox 3652 3613 3709 3669; x_wconf 88' lang='lat' dir='ltr'>ob</span> <span class='ocrx_word' id='word_1_612' title='bbox 3731 3610 3843 3664; x_wconf 71' lang='lat' dir='ltr'>inter</span> 
     </span>
    </p>
   </div>
   <div class='ocr_carea' id='block_1_96' title="bbox 2306 3701 3839 3783">
    <p class='ocr_par' dir='ltr' id='par_1_96' title="bbox 2306 3701 3839 3783">
     <span class='ocr_line' id='line_1_97' title="bbox 2306 3701 3839 3783; baseline -0.012 -11"><span class='ocrx_word' id='word_1_613' title='bbox 2306 3721 2549 3773; x_wconf 92' lang='lat' dir='ltr'>ventum</span> <span class='ocrx_word' id='word_1_614' title='bbox 2585 3713 2818 3771; x_wconf 90' lang='lat' dir='ltr'>Domini</span> <span class='ocrx_word' id='word_1_615' title='bbox 2848 3712 3225 3769; x_wconf 88' lang='lat' dir='ltr'>invictissimi</span> <span class='ocrx_word' id='word_1_616' title='bbox 3255 3716 3313 3768; x_wconf 90' lang='lat' dir='ltr'>et</span> <span class='ocrx_word' id='word_1_617' title='bbox 3343 3710 3419 3783; x_wconf 93' lang='lat' dir='ltr'>pii</span> <span class='ocrx_word' id='word_1_618' title='bbox 3449 3703 3646 3765; x_wconf 91' lang='lat' dir='ltr'>Ottonis</span> <span class='ocrx_word' id='word_1_619' title='bbox 3670 3701 3839 3769; x_wconf 74' lang='lat' dir='ltr'>impera-</span> 
     </span>
    </p>
   </div>
   <div class='ocr_carea' id='block_1_97' title="bbox 2307 3783 3840 3879">
    <p class='ocr_par' dir='ltr' id='par_1_97' title="bbox 2307 3783 3840 3879">
     <span class='ocr_line' id='line_1_98' title="bbox 2307 3783 3840 3879; baseline -0.013 -18"><span class='ocrx_word' id='word_1_620' title='bbox 2307 3806 2453 3861; x_wconf 91' lang='lat' dir='ltr'>toris</span> <span class='ocrx_word' id='word_1_621' title='bbox 2484 3804 2747 3877; x_wconf 88' lang='lat' dir='ltr'>augusti,</span> <span class='ocrx_word' id='word_1_622' title='bbox 2776 3804 3022 3875; x_wconf 86' lang='lat' dir='ltr'>ejusque</span> <span class='ocrx_word' id='word_1_623' title='bbox 3054 3801 3381 3865; x_wconf 86' lang='lat' dir='ltr'>remedium</span> <span class='ocrx_word' id='word_1_624' title='bbox 3410 3796 3599 3854; x_wconf 72' lang='lat' dir='ltr'>anima:</span> <span class='ocrx_word' id='word_1_625' title='bbox 3624 3805 3706 3879; x_wconf 74' lang='lat' dir='ltr'>per</span> <span class='ocrx_word' id='word_1_626' title='bbox 3725 3783 3840 3879; x_wconf 38' lang='lat' dir='ltr'>hujus</span> 
     </span>
    </p>
   </div>
   <div class='ocr_carea' id='block_1_98' title="bbox 2309 3877 3842 3967">
    <p class='ocr_par' dir='ltr' id='par_1_98' title="bbox 2309 3877 3842 3967">
     <span class='ocr_line' id='line_1_99' title="bbox 2309 3877 3842 3967; baseline -0.001 -17"><span class='ocrx_word' id='word_1_627' title='bbox 2309 3898 2523 3950; x_wconf 65' lang='lat' dir='ltr'>nostra</span> <span class='ocrx_word' id='word_1_628' title='bbox 2550 3892 2927 3949; x_wconf 78' lang='lat' dir='ltr'>auctoritatis</span> <span class='ocrx_word' id='word_1_629' title='bbox 2949 3890 3329 3963; x_wconf 66' lang='lat' dir='ltr'>privilegium</span> <span class='ocrx_word' id='word_1_630' title='bbox 3346 3885 3648 3945; x_wconf 68' lang='lat' dir='ltr'>statuentes</span> 
     </span>
    </p>
   </div>
   <div class='ocr_carea' id='block_1_99' title="bbox 2308 3958 3841 4050">
    <p class='ocr_par' dir='ltr' id='par_1_99' title="bbox 2308 3958 3841 4050">
     <span class='ocr_line' id='line_1_100' title="bbox 2308 3958 3841 4050; baseline -0.006 -12"><span class='ocrx_word' id='word_1_631' title='bbox 2308 3999 2465 4050; x_wconf 91' lang='lat' dir='ltr'>mus,</span> <span class='ocrx_word' id='word_1_632' title='bbox 2498 3987 2563 4037; x_wconf 84' lang='lat' dir='ltr'>ut</span> <span class='ocrx_word' id='word_1_633' title='bbox 2591 3984 2804 4037; x_wconf 89' lang='lat' dir='ltr'>cuncta</span> <span class='ocrx_word' id='word_1_634' title='bbox 2846 3958 2975 4035; x_wconf 77' lang='lat' dir='ltr'>loca</span> <span class='ocrx_word' id='word_1_635' title='bbox 3022 3983 3083 4034; x_wconf 88' lang='lat' dir='ltr'>et</span> <span class='ocrx_word' id='word_1_636' title='bbox 3135 3958 3484 4034; x_wconf 72' lang='lat' dir='ltr'>monasteria</span> <span class='ocrx_word' id='word_1_637' title='bbox 3523 3971 3587 4027; x_wconf 88' lang='lat' dir='ltr'>ad</span> <span class='ocrx_word' id='word_1_638' title='bbox 3626 3958 3841 4050; x_wconf 48' lang='grc' dir='ltr'>ευρηάίῗ</span> 
     </span>
    </p>
   </div>
   <div class='ocr_carea' id='block_1_100' title="bbox 2307 4041 3838 4138">
    <p class='ocr_par' dir='ltr' id='par_1_100' title="bbox 2307 4041 3838 4138">
     <span class='ocr_line' id='line_1_101' title="bbox 2307 4041 3838 4138; baseline -0.012 -11"><span class='ocrx_word' id='word_1_639' title='bbox 2307 4041 2865 4127; x_wconf 42' lang='lat' dir='ltr'>tum’Cluniacense</span> <span class='ocrx_word' id='word_1_640' title='bbox 2914 4066 3251 4124; x_wconf 81' lang='lat' dir='ltr'>cmnebium</span> <span class='ocrx_word' id='word_1_641' title='bbox 3299 4059 3639 4138; x_wconf 86' lang='lat' dir='ltr'>pertinentia,</span> <span class='ocrx_word' id='word_1_642' title='bbox 3671 4064 3764 4124; x_wconf 69' lang='lat' dir='ltr'>qua!</span> <span class='ocrx_word' id='word_1_643' title='bbox 3794 4041 3838 4097; x_wconf 62' lang='lat' dir='ltr'>ab</span> 
     </span>
    </p>
   </div>
   <div class='ocr_carea' id='block_1_101' title="bbox 2308 4140 3839 4232">
    <p class='ocr_par' dir='ltr' id='par_1_101' title="bbox 2308 4140 3839 4232">
     <span class='ocr_line' id='line_1_102' title="bbox 2308 4140 3839 4232; baseline -0.014 -17"><span class='ocrx_word' id='word_1_644' title='bbox 2308 4158 2604 4232; x_wconf 90' lang='lat' dir='ltr'>aliquibus</span> <span class='ocrx_word' id='word_1_645' title='bbox 2617 4156 2988 4225; x_wconf 87' lang='lat' dir='ltr'>Christianis,</span> <span class='ocrx_word' id='word_1_646' title='bbox 3003 4150 3561 4229; x_wconf 88' lang='lat' dir='ltr'>regibus,episcepis,</span> <span class='ocrx_word' id='word_1_647' title='bbox 3573 4140 3839 4232; x_wconf 47' lang='lat' dir='ltr'>ducibuset!</span> 
     </span>
    </p>
   </div>
   <div class='ocr_carea' id='block_1_102' title="bbox 2307 4225 3839 4322">
    <p class='ocr_par' dir='ltr' id='par_1_102' title="bbox 2307 4225 3839 4322">
     <span class='ocr_line' id='line_1_103' title="bbox 2307 4225 3839 4322; baseline -0.012 -18"><span class='ocrx_word' id='word_1_648' title='bbox 2307 4248 2673 4322; x_wconf 89' lang='lat' dir='ltr'>principibus</span> <span class='ocrx_word' id='word_1_649' title='bbox 2704 4246 2893 4302; x_wconf 92' lang='lat' dir='ltr'>eidem</span> <span class='ocrx_word' id='word_1_650' title='bbox 2926 4244 3052 4301; x_wconf 92' lang='lat' dir='ltr'>loco</span> <span class='ocrx_word' id='word_1_651' title='bbox 3071 4225 3226 4301; x_wconf 68' lang='lat' dir='ltr'>sunt</span> <span class='ocrx_word' id='word_1_652' title='bbox 3255 4225 3534 4306; x_wconf 81' lang='lat' dir='ltr'>concessa,</span> <span class='ocrx_word' id='word_1_653' title='bbox 3564 4230 3695 4291; x_wconf 88' lang='lat' dir='ltr'>etab</span> 
     </span>
    </p>
   </div>
   <div class='ocr_carea' id='block_1_103' title="bbox 2306 4309 3838 4404">
    <p class='ocr_par' dir='ltr' id='par_1_103' title="bbox 2306 4309 3838 4404">
     <span class='ocr_line' id='line_1_104' title="bbox 2306 4309 3838 4404; baseline -0.016 -11"><span class='ocrx_word' id='word_1_654' title='bbox 2306 4309 2640 4393; x_wconf 73' lang='lat' dir='ltr'>cesseribus</span> <span class='ocrx_word' id='word_1_655' title='bbox 2669 4335 2789 4391; x_wconf 93' lang='lat' dir='ltr'>tuis</span> <span class='ocrx_word' id='word_1_656' title='bbox 2823 4334 3136 4390; x_wconf 90' lang='lat' dir='ltr'>abbatibus</span> <span class='ocrx_word' id='word_1_657' title='bbox 3167 4330 3468 4404; x_wconf 89' lang='lat' dir='ltr'>acquisita,</span> <span class='ocrx_word' id='word_1_658' title='bbox 3500 4327 3716 4382; x_wconf 85' lang='lat' dir='ltr'>Bernone</span> <span class='ocrx_word' id='word_1_659' title='bbox 3737 4309 3838 4366; x_wconf 53' lang='lat' dir='ltr'>tida-</span> 
     </span>
    </p>
   </div>
   <div class='ocr_carea' id='block_1_104' title="bbox 2305 4405 3835 4496">
    <p class='ocr_par' dir='ltr' id='par_1_104' title="bbox 2305 4405 3835 4496">
     <span class='ocr_line' id='line_1_105' title="bbox 2305 4405 3835 4496; baseline -0.009 -15"><span class='ocrx_word' id='word_1_660' title='bbox 2305 4425 2461 4492; x_wconf 90' lang='lat' dir='ltr'>licet,</span> <span class='ocrx_word' id='word_1_661' title='bbox 2479 4425 2696 4492; x_wconf 91' lang='lat' dir='ltr'>Odone,</span> <span class='ocrx_word' id='word_1_662' title='bbox 2730 4423 3042 4496; x_wconf 87' lang='lat' dir='ltr'>Aymarde,</span> <span class='ocrx_word' id='word_1_663' title='bbox 3065 4426 3124 4478; x_wconf 89' lang='lat' dir='ltr'>et</span> <span class='ocrx_word' id='word_1_664' title='bbox 3144 4422 3323 4478; x_wconf 61' lang='lat' dir='ltr'>beatae</span> <span class='ocrx_word' id='word_1_665' title='bbox 3361 4405 3721 4474; x_wconf 76' lang='lat' dir='ltr'>recordationis</span> <span class='ocrx_word' id='word_1_666' title='bbox 3748 4410 3835 4496; x_wconf 66' lang='grc' dir='ltr'>ειυς</span> 
     </span>
    </p>
   </div>
   <div class='ocr_carea' id='block_1_105' title="bbox 2303 4480 3833 4585">
    <p class='ocr_par' dir='ltr' id='par_1_105' title="bbox 2303 4480 3833 4585">
     <span class='ocr_line' id='line_1_106' title="bbox 2303 4480 3833 4585; baseline -0.002 -15"><span class='ocrx_word' id='word_1_667' title='bbox 2303 4480 2406 4571; x_wconf 25' lang='lat' dir='ltr'>ctio—</span> <span class='ocrx_word' id='word_1_668' title='bbox 2444 4480 2650 4570; x_wconf 12' lang='lat' dir='ltr'>lltiaielo</span> <span class='ocrx_word' id='word_1_669' title='bbox 2684 4480 3125 4585; x_wconf 48' lang='lat' dir='ltr'>&#39;prazdeeessore</span> <span class='ocrx_word' id='word_1_670' title='bbox 3174 4514 3297 4576; x_wconf 92' lang='lat' dir='ltr'>tuo,</span> <span class='ocrx_word' id='word_1_671' title='bbox 3327 4507 3410 4564; x_wconf 90' lang='lat' dir='ltr'>vel</span> <span class='ocrx_word' id='word_1_672' title='bbox 3457 4480 3833 4585; x_wconf 46' lang='lat' dir='ltr'>quacunqufn&#39;d</span> 
     </span>
    </p>
   </div>
   <div class='ocr_carea' id='block_1_106' title="bbox 2304 4574 3838 4672">
    <p class='ocr_par' dir='ltr' id='par_1_106' title="bbox 2304 4574 3838 4672">
     <span class='ocr_line' id='line_1_107' title="bbox 2304 4574 3838 4672; baseline -0.023 -12"><span class='ocrx_word' id='word_1_673' title='bbox 2304 4604 2576 4660; x_wconf 90' lang='lat' dir='ltr'>eumdem</span> <span class='ocrx_word' id='word_1_674' title='bbox 2606 4574 2801 4658; x_wconf 75' lang='lat' dir='ltr'>locum</span> <span class='ocrx_word' id='word_1_675' title='bbox 2842 4600 3132 4672; x_wconf 90' lang='lat' dir='ltr'>pertinere</span> <span class='ocrx_word' id='word_1_676' title='bbox 3178 4574 3682 4662; x_wconf 48' lang='lat' dir='ltr'>videntum—absque</span> <span class='ocrx_word' id='word_1_677' title='bbox 3704 4574 3838 4672; x_wconf 64' lang='lat' dir='ltr'>altius</span> 
     </span>
    </p>
   </div>
   <div class='ocr_carea' id='block_1_107' title="bbox 2308 4663 3837 4765">
    <p class='ocr_par' dir='ltr' id='par_1_107' title="bbox 2308 4663 3837 4765">
     <span class='ocr_line' id='line_1_108' title="bbox 2308 4663 3837 4765; baseline -0.018 -15"><span class='ocrx_word' id='word_1_678' title='bbox 2308 4691 2767 4750; x_wconf 89' lang='lat' dir='ltr'>contradictione</span> <span class='ocrx_word' id='word_1_679' title='bbox 2785 4663 2919 4746; x_wconf 75' lang='lat' dir='ltr'>cum</span> <span class='ocrx_word' id='word_1_680' title='bbox 2940 4705 3154 4760; x_wconf 84' lang='lat' dir='ltr'>magna</span> <span class='ocrx_word' id='word_1_681' title='bbox 3166 4686 3471 4743; x_wconf 81' lang='lat' dir='ltr'>securitate</span> <span class='ocrx_word' id='word_1_682' title='bbox 3483 4663 3837 4765; x_wconf 43' lang='lat' dir='ltr'>quietlistittlutttﬁ</span> 
     </span>
    </p>
   </div>
   <div class='ocr_carea' id='block_1_108' title="bbox 2308 4757 3837 4853">
    <p class='ocr_par' dir='ltr' id='par_1_108' title="bbox 2308 4757 3837 4853">
     <span class='ocr_line' id='line_1_109' title="bbox 2308 4757 3837 4853; baseline -0.019 -16"><span class='ocrx_word' id='word_1_683' title='bbox 2308 4781 2630 4853; x_wconf 89' lang='lat' dir='ltr'>possidere,</span> <span class='ocrx_word' id='word_1_684' title='bbox 2654 4783 2712 4834; x_wconf 91' lang='lat' dir='ltr'>et</span> <span class='ocrx_word' id='word_1_685' title='bbox 2742 4794 2845 4849; x_wconf 89' lang='lat' dir='ltr'>per</span> <span class='ocrx_word' id='word_1_686' title='bbox 2874 4782 2929 4833; x_wconf 91' lang='lat' dir='ltr'>te</span> <span class='ocrx_word' id='word_1_687' title='bbox 2962 4776 3217 4832; x_wconf 89' lang='lat' dir='ltr'>universi</span> <span class='ocrx_word' id='word_1_688' title='bbox 3251 4757 3676 4853; x_wconf 78' lang='lat' dir='ltr'>successorestui</span> <span class='ocrx_word' id='word_1_689' title='bbox 3694 4757 3739 4809; x_wconf 90' lang='lat' dir='ltr'>in</span> 
     </span>
    </p>
   </div>
   <div class='ocr_carea' id='block_1_109' title="bbox 2309 4846 3839 4945">
    <p class='ocr_par' dir='ltr' id='par_1_109' title="bbox 2309 4846 3839 4945">
     <span class='ocr_line' id='line_1_110' title="bbox 2309 4846 3839 4945; baseline -0.018 -20"><span class='ocrx_word' id='word_1_690' title='bbox 2309 4875 2572 4943; x_wconf 87' lang='lat' dir='ltr'>petuum,</span> <span class='ocrx_word' id='word_1_691' title='bbox 2587 4868 2698 4923; x_wconf 91' lang='lat' dir='ltr'>hoc</span> <span class='ocrx_word' id='word_1_692' title='bbox 2719 4870 2826 4935; x_wconf 89' lang='lat' dir='ltr'>est,</span> <span class='ocrx_word' id='word_1_693' title='bbox 2843 4866 3036 4938; x_wconf 89' lang='lat' dir='ltr'>ipsum</span> <span class='ocrx_word' id='word_1_694' title='bbox 3054 4864 3432 4920; x_wconf 89' lang='lat' dir='ltr'>Cluniacense</span> <span class='ocrx_word' id='word_1_695' title='bbox 3450 4846 3725 4912; x_wconf 63' lang='lat' dir='ltr'>coenobium</span> <span class='ocrx_word' id='word_1_696' title='bbox 3741 4846 3839 4945; x_wconf 41' lang='lat' dir='ltr'>apt:</span> 
     </span>
    </p>
   </div>
   <div class='ocr_carea' id='block_1_110' title="bbox 2310 4947 3837 5061">
    <p class='ocr_par' dir='ltr' id='par_1_110' title="bbox 2310 4947 3837 5061">
     <span class='ocr_line' id='line_1_111' title="bbox 2310 4947 3837 5061; baseline -0.006 -31"><span class='ocrx_word' id='word_1_697' title='bbox 2310 4976 2480 5061; x_wconf 37' lang='lat' dir='ltr'>tivum,</span> <span class='ocrx_word' id='word_1_698' title='bbox 2514 4975 2719 5061; x_wconf 34' lang='lat' dir='ltr'>iri-levet</span> <span class='ocrx_word' id='word_1_699' title='bbox 2749 4970 3087 5061; x_wconf 75' lang='lat' dir='ltr'>aliquandiu</span> <span class='ocrx_word' id='word_1_700' title='bbox 3118 4974 3319 5052; x_wconf 73' lang='lat' dir='ltr'>postea</span> <span class='ocrx_word' id='word_1_701' title='bbox 3339 4964 3541 5061; x_wconf 44' lang='lat' dir='ltr'>fuitﬁ‘t</span> <span class='ocrx_word' id='word_1_702' title='bbox 3566 4947 3837 5061; x_wconf 45' lang='grc' dir='ltr'>ξκρίὲξξῇςξ</span> 
     </span>
    </p>
   </div>
   <div class='ocr_carea' id='block_1_111' title="bbox 2308 5018 3835 5119">
    <p class='ocr_par' dir='ltr' id='par_1_111' title="bbox 2308 5018 3835 5119">
     <span class='ocr_line' id='line_1_112' title="bbox 2308 5018 3835 5119; baseline -0.01 -19"><span class='ocrx_word' id='word_1_703' title='bbox 2308 5047 2410 5119; x_wconf 74' lang='lat' dir='ltr'>v11</span> <span class='ocrx_word' id='word_1_704' title='bbox 2441 5018 2703 5119; x_wconf 61' lang='lat' dir='ltr'>epistolis</span> <span class='ocrx_word' id='word_1_705' title='bbox 2734 5018 3071 5119; x_wconf 47' lang='lat' dir='ltr'>appaream</span> <span class='ocrx_word' id='word_1_706' title='bbox 3102 5018 3437 5119; x_wconf 63' lang='lat' dir='ltr'>rieminatim</span> <span class='ocrx_word' id='word_1_707' title='bbox 3454 5018 3835 5119; x_wconf 45' lang='lat' dir='ltr'>&#39;lib.:1_,£t&#39;)&quot;f:-g:</span> 
     </span>
    </p>
   </div>
   <div class='ocr_carea' id='block_1_112' title="bbox 2309 5092 3817 5223">
    <p class='ocr_par' dir='ltr' id='par_1_112' title="bbox 2309 5092 3817 5223">
     <span class='ocr_line' id='line_1_113' title="bbox 2309 5092 3817 5223; baseline -0.011 -50"><span class='ocrx_word' id='word_1_708' title='bbox 2309 5118 2435 5173; x_wconf 89' lang='lat' dir='ltr'>Non</span> <span class='ocrx_word' id='word_1_709' title='bbox 2468 5092 2737 5188; x_wconf 65' lang='lat' dir='ltr'>designat</span> <span class='ocrx_word' id='word_1_710' title='bbox 2766 5092 3079 5187; x_wconf 57' lang='lat' dir='ltr'>Gregorius</span> <span class='ocrx_word' id='word_1_711' title='bbox 3110 5113 3280 5183; x_wconf 84' lang='lat' dir='ltr'>cujus</span> <span class='ocrx_word' id='word_1_712' title='bbox 3305 5107 3458 5163; x_wconf 87' lang='lat' dir='ltr'>urbis</span> <span class='ocrx_word' id='word_1_713' title='bbox 3500 5098 3751 5223; x_wconf 46' lang='lat' dir='ltr'>cpiscoptas</span> <span class='ocrx_word' id='word_1_714' title='bbox 3773 5092 3817 5172; x_wconf 38' lang='lat'>3’.</span> 
     </span>
     <span class='ocr_line' id='line_1_114' title="bbox 2312 5145 3817 5223; baseline 0 0"><span class='ocrx_word' id='word_1_715' title='bbox 2312 5193 2395 5223; x_wconf 59' lang='grc' dir='ltr'>σοι</span> <span class='ocrx_word' id='word_1_716' title='bbox 2430 5188 2522 5223; x_wconf 70' lang='lat' dir='ltr'>illa</span> <span class='ocrx_word' id='word_1_717' title='bbox 2564 5188 2823 5223; x_wconf 71' lang='lat' dir='ltr'>Inlinnnc</span> <span class='ocrx_word' id='word_1_718' title='bbox 2883 5182 3165 5223; x_wconf 66' lang='lat' dir='ltr'>Anﬂnnnvi</span> <span class='ocrx_word' id='word_1_719' title='bbox 3202 5175 3517 5223; x_wconf 53' lang='lat' dir='ltr'>{briaﬁiﬂul</span> <span class='ocrx_word' id='word_1_720' title='bbox 3556 5180 3633 5221; x_wconf 88' lang='lat' dir='ltr'>em</span> <span class='ocrx_word' id='word_1_721' title='bbox 3653 5145 3817 5223; x_wconf 59' lang='grc' dir='ltr'>θβιθιοιί</span> 
     </span>
    </p>
   </div>
   <div class='ocr_carea' id='block_1_113' title="bbox 2312 5156 3837 5309">
    <p class='ocr_par' dir='ltr' id='par_1_113' title="bbox 2312 5156 3837 5309">
     <span class='ocr_line' id='line_1_115' title="bbox 2312 5156 3837 5299; baseline -0.012 -54"><span class='ocrx_word' id='word_1_722' title='bbox 2312 5193 2399 5245; x_wconf 90' lang='lat' dir='ltr'>set</span> <span class='ocrx_word' id='word_1_723' title='bbox 2430 5188 2523 5244; x_wconf 90' lang='lat' dir='ltr'>ille</span> <span class='ocrx_word' id='word_1_724' title='bbox 2553 5156 2843 5242; x_wconf 64' lang='lat' dir='ltr'>Jiilianus.</span> <span class='ocrx_word' id='word_1_725' title='bbox 2876 5156 3037 5239; x_wconf 49' lang='lat' dir='ltr'>inde</span> <span class='ocrx_word' id='word_1_726' title='bbox 3081 5156 3633 5299; x_wconf 47' lang='lat' dir='ltr'>avidiorte,sitéui(lem</span> <span class='ocrx_word' id='word_1_727' title='bbox 3653 5156 3837 5236; x_wconf 57' lang='lat' dir='ltr'>eplsmm</span> 
     </span>
     <span class='ocr_line' id='line_1_116' title="bbox 2312 5200 3835 5309; baseline -0.012 0"><span class='ocrx_word' id='word_1_728' title='bbox 2312 5260 2489 5309; x_wconf 81' lang='lat' dir='ltr'>huius</span> <span class='ocrx_word' id='word_1_729' title='bbox 2519 5256 2851 5309; x_wconf 80' lang='lat' dir='ltr'>exemnlum</span> <span class='ocrx_word' id='word_1_730' title='bbox 2872 5273 2940 5309; x_wconf 84' lang='lat' dir='ltr'>ex</span> <span class='ocrx_word' id='word_1_731' title='bbox 2952 5200 3347 5309; x_wconf 58' lang='lat' dir='ltr'>Angeaavensi</span> <span class='ocrx_word' id='word_1_732' title='bbox 3373 5264 3434 5302; x_wconf 90' lang='lat' dir='ltr'>ce</span> <span class='ocrx_word' id='word_1_733' title='bbox 3476 5256 3551 5297; x_wconf 80' lang='lat' dir='ltr'>ice</span> <span class='ocrx_word' id='word_1_734' title='bbox 3566 5226 3835 5309; x_wconf 49' lang='grc' dir='ltr'>ἀθερτιρῑιζω</span> 
     </span>
    </p>
   </div>
   <div class='ocr_carea' id='block_1_114' title="bbox 2310 5235 3838 5339">
    <p class='ocr_par' dir='ltr' id='par_1_114' title="bbox 2310 5235 3838 5339">
     <span class='ocr_line' id='line_1_117' title="bbox 2310 5235 3838 5339; baseline 0 0"><span class='ocrx_word' id='word_1_735' title='bbox 2310 5260 2489 5339; x_wconf 62' lang='lat' dir='ltr'>huius</span> <span class='ocrx_word' id='word_1_736' title='bbox 2519 5256 2851 5339; x_wconf 57' lang='lat' dir='ltr'>exemptam</span> <span class='ocrx_word' id='word_1_737' title='bbox 2872 5235 3838 5339; x_wconf 56' lang='grc' dir='ltr'>εκ,Αηῖὶεξεεινρηείὲοέἱῖίίξῖθθξῖἓὲἓῗ</span> 
     </span>
    </p>
   </div>
   <div class='ocr_carea' id='block_1_115' title="bbox 2310 5302 3833 5396">
    <p class='ocr_par' dir='ltr' id='par_1_115' title="bbox 2310 5302 3833 5396">
     <span class='ocr_line' id='line_1_118' title="bbox 2310 5302 3833 5396; baseline -0.017 -10"><span class='ocrx_word' id='word_1_738' title='bbox 2310 5302 2851 5396; x_wconf 48' lang='lat'>33.363532;</span> <span class='ocrx_word' id='word_1_739' title='bbox 2868 5302 3324 5396; x_wconf 46' lang='lat'>6&amp;‘(33213633</span> <span class='ocrx_word' id='word_1_740' title='bbox 3333 5302 3346 5304; x_wconf 39' lang='lat'>_</span> <span class='ocrx_word' id='word_1_741' title='bbox 3358 5315 3617 5396; x_wconf 55' lang='lat' dir='ltr'>Julianus‘</span> 
     </span>
    </p>
   </div>
   <div class='ocr_carea' id='block_1_116' title="bbox 2308 5361 3835 5483">
    <p class='ocr_par' dir='ltr' id='par_1_116' title="bbox 2308 5361 3835 5483">
     <span class='ocr_line' id='line_1_119' title="bbox 2310 5361 3835 5405; baseline -0.012 -17"><span class='ocrx_word' id='word_1_742' title='bbox 2310 5361 2419 5387; x_wconf 68' lang='lat' dir='ltr'>uno.</span> <span class='ocrx_word' id='word_1_743' title='bbox 2454 5361 2616 5396; x_wconf 61' lang='lat' dir='ltr'>quuu</span> <span class='ocrx_word' id='word_1_744' title='bbox 2649 5361 2697 5384; x_wconf 73' lang='lat' dir='ltr'>at</span> <span class='ocrx_word' id='word_1_745' title='bbox 2740 5361 2821 5382; x_wconf 69' lang='lat' dir='ltr'>nu</span> <span class='ocrx_word' id='word_1_746' title='bbox 2868 5361 2977 5394; x_wconf 67' lang='lat' dir='ltr'>cat,</span> <span class='ocrx_word' id='word_1_747' title='bbox 3012 5361 3314 5382; x_wconf 70' lang='lat' dir='ltr'>uuucuuuq</span> <span class='ocrx_word' id='word_1_748' title='bbox 3358 5361 3597 5376; x_wconf 67' lang='lat' dir='ltr'>.u-.————</span> <span class='ocrx_word' id='word_1_749' title='bbox 3761 5361 3771 5371; x_wconf 92' lang='lat'>.</span> <span class='ocrx_word' id='word_1_750' title='bbox 3823 5361 3835 5405; x_wconf 55' lang='grc' dir='ltr'>ι</span> 
     </span>
     <span class='ocr_line' id='line_1_120' title="bbox 2308 5371 3835 5483; baseline -0.006 -26"><span class='ocrx_word' id='word_1_751' title='bbox 2308 5402 2580 5483; x_wconf 63' lang='lat' dir='ltr'>venatum</span> <span class='ocrx_word' id='word_1_752' title='bbox 2630 5398 3057 5483; x_wconf 37' lang='lat' dir='ltr'>episcoporum.</span> <span class='ocrx_word' id='word_1_753' title='bbox 3083 5394 3358 5467; x_wconf 88' lang='lat' dir='ltr'>catalogo.</span> <span class='ocrx_word' id='word_1_754' title='bbox 3404 5387 3581 5483; x_wconf 48' lang='grc' dir='ltr'>Νξίξὲθ</span> 
     </span>
    </p>
   </div>
   <div class='ocr_carea' id='block_1_117' title="bbox 2311 5443 3754 5541">
    <p class='ocr_par' dir='ltr' id='par_1_117' title="bbox 2311 5443 3754 5541">
     <span class='ocr_line' id='line_1_121' title="bbox 2311 5443 3754 5541; baseline -0.006 -14"><span class='ocrx_word' id='word_1_755' title='bbox 2311 5443 3303 5541; x_wconf 44' lang='lat' dir='ltr'>AEEFiEﬁ&#39;anciI-Et&#39;vhae‘itéxﬁﬁi‘i</span> <span class='ocrx_word' id='word_1_756' title='bbox 3332 5443 3559 5532; x_wconf 64' lang='lat' dir='ltr'>magni”</span> <span class='ocrx_word' id='word_1_757' title='bbox 3601 5443 3754 5501; x_wconf 58' lang='lat' dir='ltr'>him“</span> 
     </span>
    </p>
   </div>
   <div class='ocr_carea' id='block_1_118' title="bbox 2311 5539 2976 5604">
    <p class='ocr_par' dir='ltr' id='par_1_118' title="bbox 2311 5539 2976 5604">
     <span class='ocr_line' id='line_1_122' title="bbox 2311 5539 2976 5604; baseline -0.008 -2"><span class='ocrx_word' id='word_1_758' title='bbox 2311 5544 2373 5604; x_wconf 88' lang='lat' dir='ltr'>in</span> <span class='ocrx_word' id='word_1_759' title='bbox 2402 5543 2595 5604; x_wconf 86' lang='lat' dir='ltr'>Gallia</span> <span class='ocrx_word' id='word_1_760' title='bbox 2623 5539 2976 5600; x_wconf 83' lang='lat' dir='ltr'>Christiana.</span> 
     </span>
    </p>
   </div>
   <div class='ocr_carea' id='block_1_119' title="bbox 3266 5595 3705 5670">
    <p class='ocr_par' dir='ltr' id='par_1_119' title="bbox 3266 5595 3705 5670">
     <span class='ocr_line' id='line_1_123' title="bbox 3266 5595 3705 5670; baseline -0.021 -9"><span class='ocrx_word' id='word_1_761' title='bbox 3266 5606 3436 5670; x_wconf 57' lang='lat' dir='ltr'>(ius.</span> <span class='ocrx_word' id='word_1_762' title='bbox 3474 5595 3705 5656; x_wconf 56' lang='lat' dir='ltr'>Casum</span> 
     </span>
    </p>
   </div>
  </div>
