4044 6176
195 328 316 392 933

1390 325 1796 392 EPISTOL/E
1841 326 1940 393 ΕΤ
1985 326 2377 396 PRIVILEGI
2391 339 2460 398 A.

3508 341 3632 409 034

201 460 536 518 ωηιὶεείωο
566 459 706 516 olim
729 459 874 516 duce
898 457 1281 517 Guillelmoin
1302 476 1450 534 pago
1474 461 1858 518 Matisconen-
1883 465 1940 532 Α
1967 466 2220 522 traditis.
2261 467 2544 523 Cellulam
2595 485 2828 541 quoque
2873 461 3045 543 juxta
3093 472 3343 544 positam
3394 473 3453 529 in
3503 476 3631 546 ipso

201 551 252 608 si
267 550 744 616 fundatum,cum
758 548 1033 604 omnibus
1055 551 1232 605 rebus
1254 551 1309 604 in
1334 551 1582 605 circuitu
1597 552 1862 622 ejusdem

201 637 340 703 loci,
372 641 427 692 et
454 637 514 692 in
546 636 678 692 aliis
711 637 1050 709 regionibus
1082 638 1290 709 positis
1319 639 1392 693 ad
1414 639 1609 710 ipsum
1640 638 1861 706 locum,

201 724 658 798 pertinentibus,
693 725 754 779 in
801 726 1082 781 comitatu
1131 726 1402 782 videlicet
1451 727 1863 782 Matisconcnsi

204 813 414 878 cellam
430 813 488 869 in
505 812 724 870 honore
744 815 930 869 sancti
951 816 1186 870 Martini
1207 821 1493 871 sacratam
1518 833 1530 880 ;
1557 815 1863 871 ecclesiam

203 921 441 976 quoque
462 904 634 974 juxta
665 903 917 974 positam
951 904 1010 957 in
1045 904 1263 959 honore
1295 905 1480 959 sancti
1504 905 1748 959 Joannis
1772 906 1866 959 de-

205 993 498 1060 dicatam;
528 991 696 1046 villas
727 991 903 1046 etiam
955 993 1222 1046 Cavinias
1276 1009 1410 1047 cum
1461 992 1726 1060 ecclesia,
1760 994 1860 1047 So-

202 1079 556 1136 lustriacum
608 1079 804 1136 villam
855 1097 989 1134 cum
1039 1079 1308 1146 ecclesia,
1352 1080 1677 1136 Escutiolas
1727 1098 1860 1136 cum

205 1167 473 1234 ecclesia,
508 1166 897 1223 Galliniacum
929 1184 1063 1222 cum
1095 1167 1359 1233 ecclesia,
1388 1168 1694 1224 Ruﬁacum
1727 1185 1859 1224 cum

203 1255 474 1322 ecclesia,
509 1254 767 1310 Masilias
801 1272 935 1310 cum
964 1254 1228 1322 ecclesia,
1264 1256 1724 1322 Clairmannum,
1762 1259 1862 1315 Pe-

206 1344 563 1412 troniacum,
594 1344 1046 1416 Bargeserenam
1069 1343 1288 1412 villam,
1316 1346 1704 1417 Arpayacum,
1722 1346 1862 1401 Dar-

205 1433 544 1498 boniacum,
576 1432 1014 1499 Besorniacum,
1051 1432 1358 1488 ecclesiam
1391 1437 1604 1489 sanctae
1637 1435 1865 1490 Colum-

204 1522 316 1588 bae,
349 1521 681 1588 Vitreriam,
715 1521 1160 1593 Burguliensem
1188 1522 1410 1591 villam,
1433 1529 1693 1579 castrum
1729 1525 1863 1580 Lur-

207 1611 454 1678 donum,
492 1609 846 1665 Blanuscum
876 1609 1076 1665 villam
1107 1612 1342 1667 nomine
1379 1614 1625 1681 Cottam,
1661 1629 1862 1668 mona-

207 1699 456 1755 sterium
517 1697 695 1754 etiam
753 1699 908 1770 quod
968 1705 1206 1755 vocatur
1263 1701 1446 1756 Carus
1503 1699 1669 1757 locus
1729 1719 1862 1757 cum

208 1787 490 1844 omnibus
530 1789 601 1843 ad
655 1805 716 1843 se
765 1789 1214 1860 pertinentibus,
1247 1789 1449 1845 cellam
1505 1791 1860 1863 Regniacum

209 1894 348 1932 cum
380 1877 659 1933 omnibus
691 1877 761 1932 ad
787 1894 916 1932 eam
940 1877 1703 1949 pertinentibus,ecclesiam
1728 1897 1862 1934 san-

208 1966 290 2021 cti
309 1964 555 2021 Victoris
579 1982 712 2021 cum
733 1966 1010 2021 omnibus
1028 1983 1156 2038 qua:
1175 1967 1254 2021 ibi
1279 1967 1538 2039 aspicere
1559 1969 1862 2035 videntur;

210 2053 419 2110 cellam
452 2070 682 2126 quoque
709 2054 769 2109 in
800 2053 1018 2110 honore
1040 2055 1227 2111 sancti
1249 2054 1498 2110 Victoris
1522 2072 1655 2111 cum
1683 2055 1866 2111 omni-

211 2143 326 2198 bus
356 2142 480 2198 suis
510 2143 893 2215 appendiciis,
925 2143 1204 2200 ecclesias
1236 2143 1412 2199 etiam
1435 2151 1492 2200 et
1521 2150 1707 2200 terras
1737 2162 1864 2217 qum

204 2233 378 2304 juxta
418 2230 580 2286 illam
632 2235 790 2299 sunt,
820 2250 923 2305 pro
972 2233 1189 2304 quibus
1239 2232 1509 2289 dedimus
1559 2233 1862 2289 ecclesiam

211 2321 402 2376 sancti
431 2319 710 2392 Jangulﬁ,
747 2321 1141 2393 Eguirandam
1175 2339 1406 2394 quoque
1456 2327 1678 2378 curtem
1728 2339 1862 2377 cum

212 2407 458 2466 ecclesia
488 2410 674 2464 sancti
705 2410 946 2465 Andreae
980 2410 1249 2482 apostoli,
1282 2415 1340 2466 et
1371 2427 1504 2466 cum
1537 2411 1668 2465 aliis
1689 2409 1866 2466 eccle-

212 2499 322 2554 siis
353 2503 411 2554 et
455 2499 733 2554 omnibus
785 2498 908 2554 suis
959 2500 1342 2571 appendiciis,
1378 2517 1582 2556 omnes
1633 2517 1865 2572 quoque

213 2585 492 2643 ecclesias
523 2592 582 2642 et
612 2591 820 2655 terras,
854 2605 957 2643 seu
988 2588 1187 2642 omnia
1218 2605 1579 2661 quaecunque
1602 2589 1866 2660 supradi-

217 2680 350 2732 ctus
380 2674 542 2731 locus
571 2675 804 2731 videtur
833 2674 1048 2731 habere
1072 2676 1272 2746 injam
1305 2676 1459 2731 dicto
1490 2676 1864 2732 comitatu.ln

215 2764 498 2820 comitatu
529 2780 663 2819 vero
695 2763 1062 2820 Cabilonensi
1096 2764 1301 2820 cellam
1331 2765 1402 2820 de
1426 2763 1783 2821 Bellomonte
1806 2767 1864 2821 in

216 2853 438 2910 honore
465 2857 680 2908 sancta;
712 2853 811 2908 Dei
851 2853 1153 2926 genitricis
1205 2853 1398 2909 Maria
1446 2859 1865 2922 constructam,

220 2959 356 2997 cum
388 2941 663 2996 omnibus
707 2958 833 3013 quae
884 2942 956 2996 ad
1008 2943 1196 3014 ipsam
1246 2942 1503 3014 aspicere
1549 2943 1863 2998 videntur:

220 3029 525 3086 ecclesiam
554 3047 784 3102 quoque
805 3030 875 3086 de
905 3030 1253 3102 Campiloco,
1284 3048 1417 3086 cum
1442 3032 1716 3087 omnibus
1740 3049 1866 3104 quae

217 3119 292 3174 ad
323 3135 450 3175 eam
480 3119 770 3190 pertinere
799 3119 1090 3174 videntur.
1117 3120 1351 3174 Curtem
1382 3119 1556 3175 etiam
1587 3120 1868 3176 vocabulo

1975 554 2258 610 comitatu
2303 556 2498 623 sitam,
2534 557 2592 611 in
2639 557 2856 613 honore
2905 563 3118 614 sancta:
3167 561 3268 615 Dei
3317 562 3630 619 Genitricis

1974 648 2290 710 sacratam,
2326 660 2453 715 quae
2500 648 2742 700 vocatur
2785 646 2854 700 ad
2903 650 3153 701 montes.
3205 648 3630 705 Monasterium

1973 731 2148 786 etiam
2181 732 2619 788 Celsinianense
2652 750 2786 788 cum
2839 733 3020 799 cellis,
3057 734 3338 802 ecclesiis,
3371 736 3543 803 villis,
3575 743 3634 794 et

1973 819 2146 874 terris
2206 820 2352 884 suis,
2415 821 2760 875 Carniacum
2821 820 3110 888 videlicet,
3164 823 3628 891 Burnunculum,

1970 908 2378 976 Abalniacum,
2413 909 2787 980 Ginniacum,
2822 910 3233 977 Cardonetum,
3260 916 3318 966 et
3349 929 3484 967 cum
3506 930 3630 968 om-

1973 997 2148 1051 nibus
2175 997 2437 1053 ecclesiis
2470 1004 2523 1052 et
2547 999 2718 1052 terris
2742 999 2812 1052 ad
2838 999 3032 1069 ipsum
3055 999 3492 1055 Celsiniancnsc
3515 1019 3632 1057 mo-

1973 1084 2299 1140 nasterium
2350 1085 2802 1157 pertinentibus.
2838 1085 3053 1140 Cellam
3105 1103 3336 1157 quoque
3386 1087 3444 1142 in
3503 1088 3631 1160 ipso

1973 1173 2255 1228 comitatu
2290 1174 2462 1229 sitam
2488 1174 2587 1228 ubi
2611 1173 2925 1244 requiescit
2948 1180 3188 1228 sanctus
3212 1174 3630 1247 Florus,quam

1973 1261 2217 1316 tradidit
2247 1262 2583 1334 supradicto
2620 1261 2745 1317 loco
2795 1262 3142 1334 Eustorgius
3193 1262 3440 1319 clericus
3489 1280 3627 1320 cum

1973 1350 2248 1406 omnibus
2280 1352 2352 1406 ad
2380 1367 2508 1405 eam
2549 1351 3002 1422 pertinentibus.
3038 1349 3256 1405 Cellam
3309 1368 3540 1424 quoque
3569 1352 3630 1410 in

1974 1439 2294 1494 Brivatensi
2325 1440 2448 1494 vico
2479 1439 2837 1510 pertinentes
2868 1439 2939 1494 ad
2976 1438 3379 1510 supradictum
3412 1440 3627 1497 locum.

1974 1526 2192 1583 Cellam
2225 1527 2400 1583 etiam
2445 1527 2734 1582 Riliacum
2786 1544 2920 1582 cum
2968 1532 3132 1582 curte
3163 1533 3220 1582 et
3251 1529 3527 1584 omnibus
3556 1531 3630 1586 ad

1973 1633 2103 1672 eam
2133 1616 2582 1688 pertinentibus.
2610 1615 2906 1688 Capellam
2931 1632 3166 1688 quoque
3179 1617 3349 1687 juxta
3376 1618 3629 1689 positam

1974 1705 2033 1760 in
2066 1704 2284 1760 honore
2332 1705 2518 1760 sancti
2570 1703 2885 1760 Salvatoris
2935 1709 3334 1760 constructam
3385 1706 3443 1760 in
3495 1705 3633 1762 villa

1975 1794 2310 1861 Saraciaco;
2344 1810 2547 1848 omnes
2580 1809 2811 1865 quoque
2851 1791 3130 1848 ecclesias
3181 1798 3237 1848 et
3287 1798 3496 1862 terras,
3528 1811 3631 1852 seu

1973 1898 2335 1954 quaecunque
2347 1882 2578 1936 videtur
2601 1881 2976 1954 supradictus
2998 1881 3312 1938 Cluniacus
3333 1884 3632 1954 possidere

1973 1971 2031 2025 in
2056 1971 2184 2041 jam
2215 1971 2371 2025 dicto
2402 1970 2707 2025 comitatu.
2744 1970 3079 2025 Mansiones
3109 1987 3341 2040 quoque
3369 1987 3504 2025 cum
3536 1987 3630 2026 ca-

1973 2057 2125 2130 pella
2154 2059 2212 2113 in
2243 2058 2533 2113 Aviciensi
2565 2057 2800 2113 civitate
2824 2057 2987 2125 sitas,
3006 2075 3154 2129 quos
3172 2058 3412 2112 tradidit
3433 2075 3632 2131 supra-

1974 2148 2126 2202 dicto
2146 2146 2271 2202 loco
2295 2147 2548 2202 domnus
2566 2145 2905 2202 Grimaldus
2923 2145 3189 2201 clericus.
3205 2146 3270 2202 In
3292 2146 3630 2218 episcopatu

1973 2236 2150 2292 etiam
2180 2235 2502 2290 Vivariensi
2543 2233 2750 2290 cellam
2803 2235 3120 2290 Mizoscum
3170 2252 3304 2291 cum
3353 2236 3631 2292 omnibus

1974 2341 2100 2397 qua:
2132 2323 2213 2379 ibi
2244 2323 2558 2397 aspiciunt,
2588 2323 2792 2379 cellam
2820 2324 2890 2378 de
2923 2324 3229 2396 Rumpono
3262 2328 3479 2392 monte,
3514 2324 3628 2380 cel-

1972 2413 2090 2468 lam
2121 2414 2194 2467 ad
2225 2413 2435 2480 fontes,
2470 2412 2678 2468 cellam
2725 2413 2936 2468 Riorus
2987 2429 3121 2468 cum
3174 2413 3450 2468 omnibus
3500 2430 3629 2485 qum

1974 2501 2187 2558 habere
2218 2502 2447 2557 videtur
2478 2501 2853 2574 supradictus
2887 2501 3049 2556 locus
3080 2501 3392 2556 Cluniacus
3423 2501 3626 2573 injam

1973 2591 2128 2646 dicto
2157 2591 2517 2662 episcopatu.
2553 2591 2615 2644 In
2647 2589 2989 2660 episcopatu
3021 2587 3277 2644 Uticensi
3327 2594 3628 2646 monaste-

1973 2680 2126 2735 rium
2159 2679 2214 2733 in
2249 2678 2466 2733 honore
2498 2677 2683 2733 sancti
2717 2677 2868 2732 Petri
2901 2681 2957 2732 et
2987 2677 3175 2731 sancti
3209 2677 3511 2732 Saturnini
3536 2678 3631 2732 de-

1973 2769 2255 2834 dicatum,
2290 2783 2466 2838 super
2495 2766 2682 2837 ripam
2717 2765 2982 2821 Rhodani
3015 2765 3218 2830 situm,
3250 2781 3386 2820 cum
3435 2769 3626 2821 castro

1973 2855 2330 2914 Colonccllas
2361 2860 2418 2910 et
2449 2858 2610 2910 curte
2639 2853 2888 2920 Tulleta,
2926 2858 2982 2908 et
3006 2869 3140 2907 cum
3172 2852 3448 2908 omnibus
3470 2856 3538 2908 ad
3565 2870 3628 2910 so

1975 2944 2403 3018 pertinentibus
2434 2961 2502 2999 ex
2528 2948 2774 3014 utraque
2806 2946 2967 3013 parte
2997 2941 3360 2996 ﬂuminis.1n
3393 2943 3629 2998 Trecas-

1976 3035 2104 3090 sino
2136 3034 2472 3106 episcopatu
2507 3031 2713 3088 cellam
2765 3031 2825 3084 in
2876 3029 3095 3084 honore
3144 3029 3331 3084 sancti
3376 3030 3625 3086 Amandi

1976 3128 2394 3179 constructam.
2423 3123 2483 3176 In
2517 3121 2854 3192 episcopatu
2886 3117 3166 3173 Arausico
3199 3117 3404 3173 cellam
3437 3117 3495 3174 in
3529 3118 3628 3174 Po-

215 3207 514 3264 Juliacum
547 3225 679 3263 cum
700 3207 928 3264 ecclsiis
946 3213 1000 3262 et
1021 3209 1192 3264 terris
1213 3208 1400 3264 eidem
1421 3208 1546 3264 loco
1568 3211 1864 3280 quondam
1901 3199 1943 3264 C
1978 3213 2072 3268 dio
2105 3211 2379 3280 Odoleno,
2416 3207 2896 3266 monasteriolum
2928 3207 2988 3261 in
3017 3206 3235 3262 honore
3265 3206 3450 3262 sancti
3474 3207 3626 3262 Pan-

216 3295 292 3350 ab
323 3295 594 3366 episcopo
628 3295 895 3350 Manasse
927 3294 1172 3361 collatis,
1199 3299 1256 3351 et
1285 3313 1488 3352 omnes
1518 3296 1793 3352 ecclesias
1814 3303 1872 3352 et

214 3389 424 3450 terras,
439 3400 802 3456 quaecunque
834 3384 1207 3455 supradictus
1229 3384 1392 3440 locus
1409 3386 1636 3440 videtur
1656 3386 1870 3441 habere

216 3472 277 3533 in
303 3473 429 3543 jam
460 3473 614 3527 dicto
647 3473 948 3529 comitatu.
978 3474 1038 3528 In
1071 3473 1409 3546 episcopatu
1431 3492 1564 3530 vero
1584 3477 1870 3548 Augusto-

214 3561 466 3616 duncnsi
499 3561 707 3617 cellam
741 3562 1026 3618 Oradellis
1066 3568 1462 3618 constructam
1496 3565 1553 3618 in
1586 3564 1867 3619 honorem

214 3653 430 3704 sancta:
453 3650 552 3704 Dei
572 3650 879 3706 Genitricis
896 3668 1030 3705 cum
1049 3651 1321 3706 omnibus
1341 3652 1462 3706 suis
1485 3651 1865 3723 appendiciis.

215 3736 358 3792 Illas
388 3736 564 3792 etiam
595 3738 871 3794 ecclesias
901 3744 958 3793 et
990 3744 1174 3794 terras
1208 3756 1355 3810 quas
1375 3739 1740 3794 Theotardus
1763 3739 1872 3794 cle-

212 3825 378 3881 ricus
411 3843 596 3898 nuper
615 3826 863 3882 contulit
875 3828 1002 3898 jam
1021 3828 1174 3883 dicto
1197 3827 1561 3884 Cluniacensi
1585 3829 1865 3884 coenobio.

212 3915 646 3972 Conﬁrmamus
678 3915 852 3971 etiam
883 3921 939 3971 et
959 3917 1404 3972 corroboramus
1429 3921 1625 3972 nostra
1646 3921 1871 3988 aposto-

212 4004 332 4060 lica
352 4005 698 4061 auctoritate
721 4005 1098 4078 illam,quam
1120 4005 1255 4061 fecit
1280 4007 1533 4061 domnus
1555 4005 1868 4061 Walterius

210 4095 768 4165 Augustodunensis
788 4095 1196 4167 episcopus,de
1219 4095 1573 4150 monasterio
1597 4095 1749 4167 quod
1774 4095 1868 4149 di-

213 4181 375 4237 citur
404 4183 785 4254 Magabrense
832 4184 904 4238 ad
953 4201 1124 4239 suam
1172 4183 1490 4240 Ecclesiam
1542 4184 1869 4256 pertinente

213 4286 355 4326 cum
368 4271 641 4328 omnibus
654 4273 726 4328 ad
741 4272 936 4343 ipsum
950 4272 1621 4345 pertinentibus.0mnes
1635 4289 1868 4344 quoque

211 4357 494 4415 ecclesias
523 4363 581 4415 et
609 4362 880 4426 terras,et
910 4377 1271 4432 quaecunque
1302 4361 1674 4432 supradictus
1704 4360 1866 4417 locus

213 4447 534 4504 Cluniacus
563 4449 795 4504 videtnr
820 4450 1035 4506 habere
1068 4450 1126 4504 in
1149 4451 1278 4520 jam
1312 4449 1465 4505 dicto
1504 4450 1863 4521 episcopatu.

1977 3301 2223 3357 taleonis
2255 3305 2656 3356 constructum
2689 3314 2822 3352 cum
2855 3295 3130 3351 omnibus
3162 3296 3233 3350 ad
3266 3294 3408 3350 illud
3450 3296 3626 3366 perti-

1978 3390 2255 3444 nentibus
2290 3389 2349 3443 1n
2370 3386 2717 3460 Gapincensi
2735 3385 3074 3457 episcopatu
3097 3383 3304 3439 cellam
3327 3383 3386 3438 in
3410 3384 3628 3440 honore

1979 3479 2167 3535 sancti
2199 3478 2439 3533 Andreze
2474 3480 2895 3541 constructam,
2920 3475 3047 3545 jam
3071 3473 3225 3528 dicto
3256 3472 3626 3529 Cluniacensi

1979 3567 2240 3622 cmnobio
2263 3581 2631 3621 concesssam
2647 3563 2950 3619 aRicaudo
2969 3561 3174 3617 clerico
3195 3579 3328 3617 cum
3352 3562 3627 3618 omnibus

1979 3654 2341 3728 appendiciis
2363 3653 2506 3707 suis.
2533 3651 2974 3722 Ganagobiense
2996 3666 3225 3721 quoque
3251 3650 3628 3704 monasterio-

1977 3746 2101 3800 lum
2133 3748 2188 3798 et
2219 3748 2439 3798 curtem
2469 3739 2878 3804 Valentiolam,
2911 3744 2968 3795 et
2998 3739 3198 3794 omnia
3228 3755 3352 3808 quae
3396 3738 3627 3793 videtur

1979 3832 2352 3905 supradictus
2382 3829 2545 3885 locus
2586 3828 2899 3884 Cluniacus
2931 3833 3126 3882 tenere
3156 3831 3212 3882 et
3245 3825 3398 3897 quod
3451 3825 3627 3881 habet

1979 3918 2494 3987 habere,videlicet
2515 3918 2585 3973 de
2613 3917 2830 3988 quibus
2856 3916 3030 3971 rebus
3052 3915 3227 3969 habet
3249 3911 3623 3970 donationem

1977 4008 2700 4081 etdescriptionem,atque
2717 4006 2786 4060 de
2804 4003 2942 4059 villa
2961 4009 3019 4059 et
3040 4007 3230 4059 castro
3251 4000 3627 4068 Sarrianis,et

1977 4102 2048 4157 de
2079 4099 2354 4156 omnibus
2387 4114 2513 4169 quze
2546 4095 2722 4150 habet
2749 4093 2807 4148 in
2839 4091 3027 4164 patria
3053 4109 3180 4164 qua
3212 4094 3454 4145 vocatur
3483 4089 3623 4146 Pro-

1975 4189 2183 4254 vincia,
2209 4188 2268 4242 in
2299 4183 2699 4242 Valentinensi
2730 4182 3066 4254 episcopatu
3088 4180 3197 4236 hoc
3217 4179 3372 4251 quod
3393 4179 3626 4234 videtur

1975 4279 2191 4336 habere
2221 4274 2553 4332 Cluniensis
2585 4272 2748 4328 locus
2778 4271 2837 4325 in
2867 4269 3008 4325 villa
3056 4287 3183 4341 qua:
3225 4267 3440 4323 dicitur
3467 4266 3622 4335 Ales,

1975 4374 2033 4426 et
2061 4368 2120 4422 in
2152 4369 2348 4421 monte
2370 4365 2544 4435 Syon,
2570 4365 2628 4416 et
2648 4359 2847 4416 omnia
2866 4377 2992 4431 quae
3015 4359 3245 4414 videtur
3265 4357 3477 4412 habere
3499 4355 3625 4426 ipse

1974 4457 2138 4513 locus
2171 4457 2228 4510 in
2262 4454 2388 4524 ipso
2417 4451 2776 4523 episcopatu.
2813 4448 2874 4503 In
2919 4449 3258 4520 episcopatu
3307 4442 3622 4500 Viennensi

213 4535 281 4592 In
315 4536 595 4592 comitatu
629 4554 861 4610 quoque
893 4538 1242 4594 Arvernensi
1267 4537 1648 4593 SilViniacum
1672 4556 1867 4594 mona-
1899 4562 1944 4627 D
1977 4544 2398 4602 monasterium
2431 4540 2586 4612 quod
2605 4543 2844 4594 vocatur
2872 4536 3300 4593 Taderniacum
3324 4549 3459 4587 cum
3482 4531 3627 4588 cella

211 4623 484 4691 sterium,
513 4625 612 4680 ubi
641 4627 1033 4698 praedecessor
1061 4632 1198 4682 tuus
1228 4631 1469 4683 sanctus
1500 4626 1745 4683 Maiolus
1779 4645 1866 4684 re-

207 4712 488 4785 quiescit,
520 4731 652 4769 cum
677 4716 952 4771 omnibus
974 4717 1044 4770 ad
1070 4717 1339 4772 eumdem
1365 4715 1559 4772 locum
1582 4715 1869 4788 pertinen-

211 4802 398 4856 tibus.
423 4803 491 4856 Et
515 4801 720 4858 cellam
741 4821 866 4875 qua:
884 4809 1124 4860 vocatur
1140 4805 1411 4861 Firmitas
1433 4822 1565 4860 cum
1591 4806 1867 4862 omnibus

211 4891 288 4946 ad
323 4907 386 4945 se
423 4892 884 4962 pertinentibus;
919 4893 1124 4949 cellam
1173 4911 1405 4965 quoque
1454 4911 1580 4965 qua:
1629 4900 1869 4950 vocatur

210 4978 544 5056 Scuriolas;
578 4979 882 5036 ecclesiam
914 4983 1087 5037 etiam
1108 4983 1400 5037 inhonore
1418 4983 1602 5037 sancti
1632 4983 1865 5054 Sulpitii

212 5068 469 5123 dicatam
501 5068 561 5122 in
592 5068 730 5124 villa
760 5088 886 5140 quae
920 5072 1134 5125 dicitur
1178 5071 1528 5142 Langiacus.
1562 5072 1630 5125 Et
1659 5070 1864 5126 cellam

209 5174 344 5229 quae
374 5163 613 5212 vocatur
643 5158 712 5212 ad
748 5159 994 5215 Boscum
1025 5159 1084 5214 in
1108 5160 1324 5214 honore
1347 5160 1533 5213 sancti
1560 5159 1709 5213 Petri
1733 5176 1863 5214 con-

208 5250 523 5302 structam.
560 5247 980 5303 Monasterium
1014 5265 1244 5320 quoque
1275 5248 1428 5319 quod
1460 5246 1673 5301 dicitur
1704 5247 1862 5302 Rivis

211 5338 625 5390 consecratum
657 5335 716 5391 in
750 5336 968 5393 honore
999 5343 1214 5393 sanctae
1246 5336 1346 5392 Dei
1385 5335 1696 5392 Genitricis
1727 5351 1862 5390 cum

209 5424 378 5478 curte
408 5422 651 5494 Lipsaco
676 5429 734 5480 et
762 5426 1038 5482 omnibus
1078 5425 1202 5482 suis
1247 5424 1628 5498 appendiciis.
1662 5422 1863 5479 Eccle-

210 5509 366 5566 siam
385 5526 511 5582 qua:
525 5517 768 5569 vocatur
785 5515 1167 5588 Manrengum
1187 5532 1322 5571 cum
1343 5514 1474 5570 aliis
1485 5514 1655 5570 terris
1674 5514 1863 5570 eidem

213 5598 572 5661 monasterio
621 5601 694 5660 ab
742 5603 1046 5681 Eustorgio
1096 5602 1462 5666 nobilissimo
1507 5602 1630 5663 viro
1681 5619 1866 5682 nuper

1976 4653 2103 4707 qum
2134 4633 2347 4688 dicitur
2375 4627 2652 4691 causslla,
2685 4631 2740 4682 et
2769 4625 2906 4680 villa
2935 4643 3062 4697 quae
3090 4626 3334 4678 vocatur
3364 4621 3623 4686 Braeost,

1977 4729 2033 4780 et
2059 4722 2198 4777 villa
2228 4738 2354 4792 quae
2387 4717 2600 4773 dicitur
2627 4715 2841 4774 Insula.
2866 4730 3000 4769 cum
3033 4711 3310 4767 omnibus
3339 4707 3626 4776 ecclesiis,

1973 4811 2127 4868 villis
2159 4814 2216 4865 et
2247 4808 2419 4864 terris
2451 4824 2576 4878 quaa
2607 4805 2834 4859 videtur
2863 4802 3076 4856 habere
3097 4801 3225 4870 jam
3248 4799 3440 4853 dictus
3463 4795 3626 4852 locus

1978 4902 2034 4956 in
2069 4899 2367 4954 nominato
2398 4895 2755 4966 episcopatu.
2778 4891 2838 4945 In
2863 4890 3198 4961 episcopatu
3223 4901 3456 4958 quoque
3479 4885 3628 4955 Lug-

1977 4987 2250 5053 dunensi,
2283 4985 2486 5040 cellam
2521 4983 2698 5035 beatze
2733 4978 2924 5032 Maria:
2957 4995 3083 5048 quae
3114 4976 3328 5031 dicitur
3375 4973 3624 5029 Taluza-

1975 5079 2080 5145 tis;
2115 5077 2318 5131 cellam
2352 5071 2668 5135 Pcliacum,
2703 5066 2972 5122 cellulam
3003 5066 3365 5119 Artedunum
3393 5059 3622 5131 ,cellam

1971 5181 2203 5236 quoque
2233 5161 2696 5221 Ambcrtensem,
2716 5173 2851 5211 cum
2873 5154 3154 5220 ecclesiis,
3179 5151 3332 5207 villis
3364 5157 3420 5205 et
3451 5149 3621 5204 terris

1972 5255 2042 5310 ad
2057 5254 2244 5325 ipsam
2264 5246 2722 5322 pertinentibus;
2742 5244 2947 5300 cellam
2969 5259 3200 5316 quoque
3223 5239 3620 5305 Saviniacum,

1973 5347 2029 5398 et
2067 5344 2290 5396 curtem
2328 5335 2836 5400 Ambariacum,et
2859 5332 3164 5388 ecclesiam
3185 5329 3372 5386 sancti
3396 5328 3621 5383 Andec-

1972 5431 2034 5499 li,
2066 5426 2371 5485 ecclesiam
2403 5440 2531 5494 qum
2561 5427 2800 5478 vocatur
2827 5420 3260 5488 Adoratorium,
3295 5421 3518 5472 curtem
3550 5415 3622 5470 de

1974 5516 2276 5582 Romanis,
2310 5511 2517 5568 cellam
2549 5509 3224 5578 Cavariacum,cellulam
3247 5505 3618 5574 Luiniacum,

1972 5607 2172 5674 villam
2201 5601 2589 5671 Tusciacum;
2621 5615 2826 5660 omnes
2856 5613 3088 5676 quoque
3119 5594 3419 5668 ecclesias,
3449 5592 3620 5664 villas
