4044 6176
543 313 664 376 933

1870 310 2174 372 GREGOH

2285 309 2335 370 V
2383 306 2630 371 ΡΑΡᾸΞ.
3747 323 3831 382 936

546 451 606 502 et
634 440 840 514 terras,
873 439 1018 517 quas
1048 445 1402 500 Wichardus
1433 445 1690 500 moriens
1709 443 1898 499 eidem
1921 443 2046 500 loco
2067 441 2197 499 Clu-
2221 444 2278 510 Α
2310 443 2581 498 Romanae
2613 442 2881 499 Ecclesia:
2915 443 3014 500 Dei
3061 445 3247 516 gratia
3293 445 3574 521 episcopus
3611 455 3658 505 et
3691 467 3830 510 uersus

547 532 736 588 niensi
769 532 1034 599 contulit,
1067 549 1202 588 cum
1234 533 1508 588 omnibus
1541 549 1667 604 quae
1704 531 1933 588 videtur
1980 531 2196 587 habere

547 621 920 694 supradictus
948 620 1112 677 locus
1139 621 1198 675 in
1239 638 1419 692 supra
1449 622 1579 693 jam
1629 621 1781 677 dicto
1828 620 2191 693 episcopatu.

547 709 962 766 Monasterium
996 725 1229 782 quoque
1257 709 1662 765 Paterniacum
1696 710 1768 766 ab
1797 709 2071 765 Adelaide
2091 707 2198 764 im-

542 797 826 872 peratrice
853 799 1116 870 Augusta
1147 801 1575 868 constructum,
1609 803 1665 854 et
1695 816 1728 854 a
1757 799 2020 854 Conrado
2063 814 2196 870 rege

540 891 598 943 et
627 885 744 942 tilio
777 904 882 943 suo
915 887 1224 960 Rodulpho
1256 905 1410 960 rege,
1446 887 1744 943 Cluniensi
1793 887 2056 944 coenobio
2095 904 2198 958 per

539 979 832 1048 praecepta
862 975 1082 1048 regalia
1110 975 1418 1043 traditum,
1442 993 1576 1031 cum
1599 976 1874 1032 omnibus
1896 993 2023 1048 quae
2045 975 2174 1030 vide

539 1068 640 1119 tur
671 1063 886 1120 habere
915 1064 975 1119 in
1005 1065 1367 1138 Burgundia,
1393 1070 1606 1121 etcum
1638 1066 1916 1122 omnibus
1937 1083 2062 1138 qua:
2083 1064 2194 1136 ipsi

540 1152 895 1208 monasterio
912 1153 972 1207 in
991 1151 1224 1208 Alsacia
1241 1153 1525 1208 dederunt
1543 1153 1925 1224 imperatores
1945 1151 2193 1224 Augusti

540 1240 802 1297 Ottones.
827 1241 1248 1297 Monasterium
1281 1258 1514 1314 quoque
1544 1243 1697 1314 quod
1732 1241 1946 1297 dicitur
1975 1242 2192 1296 Roma-

538 1346 681 1384 num
711 1346 844 1384 cum
879 1329 1152 1386 omnibus
1184 1330 1256 1384 ad
1291 1347 1352 1386 se
1390 1331 1821 1402 pertinentibus
1861 1331 1989 1402 jam
2037 1330 2191 1386 dicto

537 1417 837 1474 Cluniensi
869 1418 1148 1486 coenobio,
1165 1421 1222 1474 et
1241 1418 1348 1474 tibi
1371 1419 1607 1492 tuisque
1628 1418 2067 1476 successoribus
2087 1419 2189 1474 ha-

534 1505 672 1562 bere
701 1506 1079 1562 concedimus
1109 1506 1169 1562 in
1199 1512 1570 1580 perpetuum.
1603 1509 1733 1564 Haec
1783 1507 1980 1564 omnia
2009 1525 2190 1580 supra

532 1594 974 1667 scriptaloca,et
986 1596 1340 1653 monasteria
1367 1613 1504 1653 cum
1526 1596 2185 1666 cellis,ecclesiis,curti-

532 1681 1032 1752 bus,villis,servis
1053 1687 1110 1740 et
1139 1684 2184 1758 ancillis,silvis,vineis,campis,pra-

531 1771 1239 1846 tis,aquis,aquarumque
1261 1774 1694 1844 decursibus,et
1713 1775 1988 1831 omnibus
2009 1775 2181 1832 terris

530 1859 706 1916 cultis
735 1865 791 1916 et
820 1860 1061 1917 incultis
1102 1863 1173 1918 ad
1226 1863 1595 1934 supradictas
1643 1865 2044 1935 possessiones
2091 1863 2181 1920 vel

530 1953 848 2021 potestates
878 1949 1306 2022 pertinentibus
1336 1952 1450 2024 ipsi
1481 1952 1780 2009 Cluniensi
1803 1952 2184 2026 loco,tibiquc

529 2043 588 2093 et
627 2037 745 2094 tuis
795 2039 1232 2096 successoribus
1283 2057 1386 2113 per
1432 2041 1612 2114 hujus
1661 2043 1846 2098 nostri
1896 2041 2182 2115 privilegii

531 2127 934 2184 auctoritatem
967 2129 1221 2184 tenenda
1241 2133 1298 2184 et
1329 2130 1687 2200 possidenda
1715 2131 2091 2186 concedimus
2120 2131 2180 2186 in

530 2220 899 2289 perpetuum,
933 2215 1016 2272 ita
1047 2220 1113 2272 ut
1139 2215 1337 2274 nullus
1371 2219 1510 2288 dux,
1533 2235 1720 2290 neque
1742 2219 2180 2292 epiSCOpus,ne-

528 2320 642 2377 que
671 2303 886 2376 aliquis
917 2306 1210 2378 princeps,
1235 2323 1422 2378 neque
1455 2307 1732 2379 qualibet
1752 2325 1966 2382 magna
1985 2325 2183 2380 parva-

529 2410 644 2466 que
673 2411 921 2466 persona
951 2395 1023 2450 de
1053 2396 1310 2468 praefatis
1339 2396 1615 2452 omnibus
1637 2398 1812 2453 rebus
1833 2402 1890 2454 et
1909 2397 2176 2466 decimis,

527 2499 656 2555 quae
687 2483 830 2539 inibi
861 2484 1148 2556 pertinere
1176 2485 1465 2553 videntur,
1501 2486 1712 2542 audeat
1751 2486 2060 2542 molestare
2090 2486 2179 2542 vel

525 2571 870 2644 inquietare.
891 2573 1006 2630 Nec
1023 2590 1138 2629 non
1156 2575 1266 2630 sub
1285 2573 1461 2630 divini
1479 2575 1689 2647 judicii
1711 2575 2178 2649 promulgatione

525 2665 582 2718 et
610 2661 1077 2730 confirmatione,
1109 2663 1503 2719 anathematis
1535 2663 1940 2720 interdictione
1985 2680 2177 2720 corro-

525 2749 799 2806 borantes
829 2750 1224 2818 decernimus,
1249 2755 1315 2806 ut
1335 2749 1534 2806 nullus
1565 2752 1898 2824 episcopus,
1918 2768 2021 2806 seu
2053 2751 2180 2823 qui-

524 2837 666 2894 libet
722 2839 1092 2896 sacerdotum
1148 2840 1206 2895 in
1263 2841 1465 2896 eodem
1523 2839 1843 2896 venerabili
1914 2840 2176 2897 coenobio

524 2944 628 3002 pro
657 2927 854 3000 aliqua
881 2928 1250 2985 ordinatione
1281 2945 1386 2984 seu
1429 2929 1865 2986 consecratione
1895 2929 2176 2999 ecclesiae,

525 3017 996 3089 presbyterorum
1026 3015 1114 3072 vel
1147 3017 1528 3073 diaconorum
1561 3017 1995 3090 missarumque
2027 3017 2174 3074 cele-

525 3103 808 3172 bratione,
841 3104 956 3159 nisi
987 3105 1059 3160 ab
1089 3105 1298 3161 abbate
1329 3105 1593 3176 ejusdem
1614 3105 1724 3162 loci
1745 3105 2025 3162 invitatus
2053 3107 2174 3162 fue-

2303 547 2602 588 servorum
2634 531 2758 587 Dei.

2375 619 2739 677 Desiderium
2763 621 2918 692 quod
2935 622 3007 677 ad
3023 621 3358 695 religiosum
3372 625 3686 698 propositum
3697 633 3738 682 et
3747 646 3830 684 san-

2303 713 2530 764 ctorum
2562 708 2823 765 locorum
2847 708 3226 767 stabilitatem
3252 713 3526 784 pertinere
3544 720 3828 786 monstratur,

2305 797 2431 853 sine
2463 796 2662 870 aliqua
2691 802 2782 854 est
2803 797 2918 854 Deo
2950 803 3182 855 auctore
3205 799 3472 857 dilatione
3496 804 3829 875 perliciendum,

2305 891 2362 941 et
2377 887 2610 958 quoties
2626 886 2684 942 in
2703 887 3059 960 quibusdam
3080 893 3292 945 sanctae
3307 889 3558 946 Ecclesiae
3573 891 3831 949 utilitatibus

2303 974 2390 1030 vel
2405 975 2729 1032 commodis
2747 980 2943 1032 noster
2963 993 3162 1033 asssen
3171 996 3237 1033 su
3247 984 3355 1044 s,et
3366 979 3583 1035 solitum
3597 981 3830 1052 apostolicae

2304 1063 2672 1120 auctoritatis
2693 1065 3025 1137 exposcitur
3046 1066 3542 1138 prmsidium,ultro
3555 1069 3832 1142 benignitatis

2304 1150 2522 1207 intuitu
2553 1169 2659 1208 nos
2691 1153 2960 1210 convenit
2999 1155 3324 1225 subvenire,
3356 1159 3410 1212 et
3437 1161 3609 1213 ratum
3647 1157 3833 1230 preposi-

2301 1241 2428 1295 tum
2460 1257 2562 1312 pro
2594 1241 2819 1315 integra
2848 1242 3161 1298 securitate
3191 1261 3260 1300 ex
3281 1244 3492 1299 ratione
3507 1243 3834 1311 solidare,utex

2299 1326 2409 1383 hoc
2440 1335 2778 1385 sanctorum
2799 1330 3092 1388 veneratio
3120 1331 3549 1400 locorum,salus
3567 1337 3617 1389 et
3632 1331 3834 1388 indemni-

2297 1420 2388 1472 tas
2418 1417 2776 1490 proﬂigetur,
2811 1421 2868 1474 et
2894 1417 3064 1474 nobis
3095 1435 3325 1492 quoque
3373 1418 3510 1475 lucri
3553 1419 3832 1493 potissimum

2296 1505 2604 1576 praemium
2617 1506 2970 1562 aConditore
2983 1508 3249 1564 omnium
3261 1509 3654 1581 prascribatur.
3667 1509 3833 1564 Valente

2296 1592 2476 1666 igitur
2505 1598 2680 1666 atque
2710 1599 2949 1668 rogante
2979 1596 3150 1653 tertio
3194 1596 3398 1654 Ottone
3443 1597 3738 1670 imperatore
3755 1600 3831 1652 Au-

2293 1688 2468 1756 gusto
2498 1687 2556 1739 ct
2589 1684 2897 1756 Lamperto
2927 1688 3142 1741 sanctis
3173 1685 3612 1744 Constantiensis
3643 1685 3832 1742 Ecclesia

2293 1771 2889 1844 episcopo,quoddam
2913 1773 3336 1831 monasterium
3354 1775 3410 1830 in
3424 1775 3540 1848 ripa
3555 1773 3834 1846 Rhenijuxta

2294 1858 2699 1915 Constantiam
2733 1859 2792 1915 in
2837 1858 2976 1916 villa
3025 1877 3153 1933 quae
3204 1865 3436 1918 vocatur
3479 1860 3832 1928 Petrisliusa,de

2293 1945 2634 2003 Gebehardo
2673 1947 2852 2004 beatae
2885 1949 3182 2005 memoriae
3230 1951 3510 2023 episcopo,
3539 1951 3590 2005 in
3635 1949 3832 2005 honorem

2292 2035 2350 2091 S.
2385 2035 2644 2108 Gregorii
2676 2041 3102 2106 constructum,
3127 2038 3444 2111 apostolica
3462 2038 3741 2094 defensione
3754 2052 3834 2092 mu-

2291 2124 2510 2192 nimus,
2544 2129 2602 2178 et
2633 2125 2939 2198 praeceptis
2991 2127 3266 2183 Romana:
3315 2127 3566 2184 Ecclesiae
3607 2145 3662 2184 eo
3699 2131 3830 2181 tenore

2291 2213 2657 2282 decoramus,
2691 2218 2986 2286 quatenus
3015 2216 3087 2271 ad
3120 2216 3318 2288 ipsum
3367 2216 3747 2282 monasterium,
3769 2213 3828 2268 cui

2291 2318 2446 2357 nunc
2478 2303 2659 2359 abbas
2691 2303 3034 2362 Pericherus
3061 2309 3293 2378 praeest,
3315 2323 3443 2362 cum
3472 2306 3706 2362 omnibus
3727 2303 3829 2357 adeo

2287 2390 2740 2463 pertinentibus,
2775 2392 3021 2450 diversis
3064 2395 3321 2466 praediis,
3353 2394 3516 2450 cultis
3557 2398 3606 2449 et
3645 2390 3826 2454 incultis,

2288 2477 2508 2535 colonis
2537 2483 2596 2535 et
2617 2479 2982 2550 familiis,vel
3004 2499 3369 2556 quascunque
3386 2483 3529 2539 idem
3550 2479 3828 2538 Gebehaidus

2287 2566 2598 2640 episcopus
2627 2567 2998 2624 hereditario
3019 2571 3155 2642 jure
3185 2571 3275 2627 vel
3316 2569 3502 2644 aliqua
3543 2565 3828 2641 acquisitione

2287 2655 2359 2712 ad
2391 2656 2546 2712 idem
2579 2657 3002 2714 monasterium
3033 2659 3407 2729 contradidit,
3440 2663 3534 2715 aut
3558 2666 3826 2730 quacunque

2287 2743 2359 2800 de
2389 2744 2684 2818 episcopio
2727 2747 3128 2828 commutavit,
3164 2753 3270 2804 aut
3311 2749 3432 2806 sine
3475 2743 3827 2805 commutatione

2285 2833 2576 2904 permisit,
2609 2851 2836 2891 necnon
2883 2835 3175 2908 quidquid
3231 2837 3526 2910 praedictus
3569 2837 3826 2905 Lampadas

2285 2920 2596 2994 episc0pus
2625 2923 2698 2978 ad
2730 2923 2926 2996 ipsum
2949 2925 3374 2982 monasterium
3395 2925 3450 2980 in
3466 2935 3751 2997 quocunque
3764 2931 3828 2971 ne-

2283 3008 2441 3082 gotio
2467 3009 2776 3076 concessit,
2802 3027 2936 3068 cum
2959 3012 3188 3086 Siggeri
3213 3004 3826 3086 prmdiis,Tuscenanchet

2284 3097 2533 3171 Wengiu
2564 3099 2804 3169 vocatis,
2839 3101 2899 3156 in
2934 3118 3084 3174 pago
3114 3102 3488 3176 Turgeu,sub
3514 3099 3738 3156 comitatu
3759 3093 3824 3148 Pe-

526 3192 625 3261 rit,
653 3193 848 3248 venire
877 3193 950 3248 ad
973 3194 1265 3266 agendum
1286 3199 1636 3265 prmsumat;
1665 3195 1766 3250 sed
1787 3193 1958 3250 liceat
1978 3212 2174 3252 mona-
2205 3185 2248 3252 C
2287 3186 2536 3242 PethOIdi
2567 3188 2800 3245 comitis
2830 3189 2982 3259 sitia,
3014 3207 3273 3263 quorum
3308 3208 3481 3248 unum
3509 3191 3570 3245 de
3595 3179 3823 3254 Nblﬂel’i‘

521 3279 649 3336 chis
677 3280 866 3353 ipsius
897 3279 1006 3336 loci
1041 3283 1453 3354 cujuscunque
1484 3281 1774 3338 voluerint
1802 3283 2028 3339 ordinis
2047 3300 2172 3356 gra-

521 3369 662 3424 dum
675 3369 993 3442 suscipere,
1010 3367 1343 3441 ubicunque
1357 3369 1464 3426 tibi
1483 3370 1718 3443 tuisque
1732 3373 2171 3429 successoribus

519 3455 822 3530 placuerit.
858 3457 1110 3514 Abbates
1155 3475 1409 3531 namque
1437 3459 1536 3531 qui
1568 3461 1944 3516 consecrandi
1977 3465 2169 3529 erunt,

519 3543 592 3600 de
620 3543 749 3616 ipsa
775 3544 1222 3617 congregatione
1253 3561 1388 3601 cum
1435 3545 1680 3602 consilio
1725 3548 1974 3604 fratrum
2005 3565 2170 3606 com-

518 3629 778 3687 muniter
800 3629 1111 3704 eligantur,
1143 3636 1200 3688 et
1229 3633 1302 3688 ad
1334 3650 1432 3689 eos
1463 3635 1924 3690 consecrandum
1965 3653 2170 3709 quem-

517 3735 749 3792 cunque
777 3719 1064 3776 voluerint
1093 3721 1434 3794 episcopum
1467 3722 2171 3798 advocent.Quascunque

513 3825 647 3866 vero
677 3813 864 3866 terras
893 3825 1052 3866 nunc
1083 3814 1266 3879 tenes,
1301 3815 1358 3868 et
1389 3829 1536 3884 quas
1566 3815 1630 3867 tu
1679 3813 1886 3886 tuique
1934 3831 2168 3872 succes-

515 3914 678 3955 sores
708 3899 1011 3972 acquirere
1037 3900 1367 3972 potueritis,
1394 3900 1454 3956 in
1485 3906 1835 3974 perpetuum
1865 3903 2168 3975 possiden-

515 3987 623 4044 das
653 3987 1028 4045 concedimus
1057 3988 1239 4045 vobis.
1268 3988 1328 4045 Si
1355 3990 1491 4062 quis
1522 3995 1720 4046 autem
1741 3992 2051 4048 temerario
2072 4010 2172 4050 au-

517 4091 587 4130 su
615 4077 793 4147 (quod
826 4077 950 4132 ﬁeri
983 4093 1100 4133 non
1132 4079 1450 4152 credimus)
1481 4084 1685 4135 contra
1726 4079 1907 4152 hujus
1955 4085 2167 4138 nostra:

517 4161 848 4234 apostolicae
879 4166 1343 4222 confirmationis
1381 4167 1592 4224 seriem
1639 4169 1836 4225 venire
1866 4175 1970 4226 aut
1999 4187 2169 4244 agere

517 4251 845 4321 tentaverit,
871 4253 1020 4309 sciat
1042 4271 1103 4310 se
1125 4255 1355 4310 Domini
1380 4257 1565 4312 nostri
1593 4258 1989 4330 apostolorum
2013 4260 2168 4332 prin-

516 4338 665 4412 cipis
681 4339 832 4396 Petri
853 4341 1253 4400 annthematis
1271 4343 1502 4402 vinculo
1524 4346 2011 4415 innodandum,et
2033 4366 2166 4406 cum

516 4428 746 4486 diabolo
759 4430 1002 4503 ejusque
1014 4431 1846 4508 atrocissimispompis,atque
1858 4454 1992 4493 cum
2014 4438 2044 4495 J
2053 4439 2170 4495 uda

2281 3274 2466 3348 scopii
2494 3293 2599 3348 per
2625 3277 2968 3350 episcopum
3001 3279 3434 3349 Gebehardum,
3466 3277 3604 3335 aliud
3638 3276 3695 3332 de
3714 3273 3824 3342 ejus-

2282 3365 2415 3421 dem
2448 3367 2785 3422 monasterii
2807 3367 2982 3424 rebus
3002 3384 3106 3441 per
3126 3370 3465 3442 praedictum
3485 3367 3708 3424 abbatem
3725 3357 3823 3416 Peri-

2281 3451 2522 3510 cherum
2541 3454 2896 3526 acquisitum
2913 3461 3021 3525 est,
3037 3457 3124 3513 vel
3140 3459 3521 3531 quodcunque
3539 3471 3626 3529 per
3641 3451 3820 3521 aliquem

2281 3542 2596 3599 Dominum
2626 3543 2964 3601 timentium
2995 3547 3067 3602 ad
3102 3549 3376 3604 eumdem
3399 3546 3546 3620 pium
3568 3543 3720 3600 locum
3735 3551 3821 3592 con-

2281 3632 2608 3688 cedendum
2639 3637 2855 3701 est,aut
2884 3651 3235 3692 concessum
3258 3637 3383 3710 jam
3410 3635 3572 3702 venit,
3589 3624 3820 3704 apostolica

2280 3720 2434 3776 beati
2467 3721 2616 3777 Petri
2649 3722 2986 3778 defensione
3015 3741 3082 3780 ac
3113 3725 3363 3782 tuitione
3391 3723 3674 3782 stabilitum
3697 3720 3739 3771 et
3757 3712 3818 3768 in-

2280 3826 2634 3866 concussum
2683 3812 2796 3868 sub
2847 3812 3065 3870 Christi
3116 3814 3450 3872 testimonio
3493 3807 3759 3886 permaneat
3783 3803 3818 3853 et

2279 3899 2576 3971 persistat.
2611 3900 2730 3956 Hoc
2758 3901 2937 3958 etiam
2960 3903 3086 3974 jam
3120 3902 3439 3976 apostolica
3465 3899 3705 3975 jussione,
3729 3903 3815 3946 cum

2279 4004 2570 4044 consensu
2603 3990 2761 4044 tertii
2784 3989 3010 4047 Ottouis
3032 3991 3402 4064 imperatoris
3422 3986 3638 4064 Augusti
3654 3989 3697 4041 et
3712 3983 3819 4037 Lam-

2279 4077 2429 4150 perti
2461 4078 2785 4149 supradicti
2817 4078 3097 4152 episcopi,
3121 4081 3228 4154 qui
3258 4081 3377 4138 haec
3406 4077 3522 4136 fieri
3548 4069 3816 4148 rogaverunt.

2279 4165 2518 4222 omnino
2550 4165 2981 4237 interdicimus,
3015 4186 3090 4226 ne
3119 4171 3268 4227 forte
3288 4167 3491 4242 aliquis
3511 4166 3670 4224 eidem
3685 4169 3818 4248 mone-

2277 4255 2456 4312 sterio
2486 4257 2842 4330 prteligatur,
2869 4257 2984 4314 nisi
3007 4275 3184 4332 quem
3205 4257 3524 4316 communis
3541 4255 3735 4310 fratrum
3749 4243 3815 4298 ibi-

2279 4345 2411 4401 dem
2442 4345 2559 4402 Deo
2589 4347 2968 4403 servientium
2996 4349 3306 4405 concordia
3348 4342 3624 4420 cligat;ad
3662 4335 3815 4408 episco-

2277 4451 2418 4507 pum
2449 4451 2582 4492 vero
2611 4452 2747 4491 eum
2777 4435 2878 4508 qui
2908 4436 2990 4492 ita
3019 4436 3240 4494 eleetus
3265 4443 3370 4504 est,
3404 4431 3635 4492 stabilire
3656 4425 3814 4508 tantum

515 4517 792 4619 traditore
841 4519 1074 4619 Domini
1104 4525 1161 4577 et
1191 4519 1909 4619 SalvatorismostriJesu
1949 4527 2164 4584 Christi
2195 4554 2244 4619 Β
2277 4523 2684 4619 pertineat.
2712 4507 3816 4619 ipsumetiamdeadvocatielectioneie‘

519 4605 581 4663 in
611 4611 893 4664 ueternum
926 4610 1122 4682 ignem
1152 4611 1970 4688 concremandum,simulque
1991 4615 2051 4672 in
2071 4633 2165 4673 vo-

517 4696 779 4770 raginem
809 4702 1212 4772 tartarumque
1238 4700 1787 4770 chaos,demersum
1809 4721 1944 4760 cum
1966 4705 2167 4778 impiis

517 4785 928 4843 deﬁciendum.
963 4788 1070 4854 Qui
1101 4805 1232 4844 vero
1283 4793 1480 4845 custos
1529 4793 1585 4846 et
1623 4790 1958 4848 observator
1986 4793 2167 4867 hujus

517 4875 702 4931 nostri
735 4875 1018 4949 privilegii
1046 4878 1350 4945 exstiterit,
1383 4878 1806 4936 benedictionis
1837 4881 2086 4953 gratiam
2111 4889 2168 4942 et

422 5003 436 5014 ,
517 4964 695 5022 vitam
727 4981 762 5021 a
789 4964 1038 5022 Domino
1069 4972 1344 5023 cateruam
1377 4973 1786 5040 consequatur.
1816 4971 2020 5027 Amen.

517 5176 787 5218 GBEGORII
828 5151 986 5218 ΡΑΡίεέ
1021 5179 1056 5218 ν
1085 5179 1266 5218 BULLA
1307 5179 1416 5219 PRO
1455 5180 1881 5222 CONFIRMAXDIS
1917 5182 2165 5224 JURIBUS

588 5249 933 5289 MONASTERXI
973 5250 1044 5289 DE
1081 5251 1560 5292 PETTERSHAUSEM
1588 5253 1660 5293 AD
1692 5254 1873 5295 RIPAM
1898 5255 2072 5295 RHENI
2105 5256 2165 5296 ΙΝ

589 5320 837 5362 ῡιοεοεει
874 5321 1315 5362 εοΝετΑΝτιεΝει
1329 5347 1341 5361 .

1146 5395 1333 5468 (Anno
1377 5395 1532 5468 999.)

589 5499 652 5557 In
683 5500 920 5558 nomine
950 5506 1166 5559 sanctae
1187 5507 1246 5559 et
1267 5501 1578 5558 individua:
1601 5503 2163 5574 Trinitatis,Gaseo-

517 5603 673 5662 aius,
703 5588 808 5666 qui
837 5595 895 5650 et
924 5591 1148 5666 Bauuo,
1174 5593 1388 5653 sanetae
1417 5590 1712 5666 catholicae
1744 5597 1800 5653 et
1831 5593 2162 5672 apostolica

2275 4593 2801 4670 cernimus.Electo
2831 4618 3027 4670 autem
3050 4614 3250 4671 abbati
3297 4613 3385 4671 vel
3427 4593 3813 4695 monasterioedf

2275 4706 2476 4758 vocato
2506 4718 2658 4758 cura:
2689 4703 2767 4758 sit
2797 4719 2888 4758 res
2917 4703 3256 4759 monasterii
3277 4718 3492 4766 curare,
3512 4687 3816 4776 easque

2277 4790 2556 4863 pantihus
2587 4790 2876 4848 resistere.
2910 4791 2970 4848 Si
2999 4792 3134 4865 quis
3165 4786 3548 4862 interea,quod
3569 4797 3662 4838 non
3686 4770 3813 4865 credi'

2277 4862 2432 4948 mus,
2466 4879 2774 4936 temerario
2803 4897 2952 4936 ausu
2983 4862 3188 4937 contra
3216 4897 3283 4937 ea
3312 4896 3434 4952 qua:
3460 4875 3526 4932 ab
3553 4871 3645 4928 hac
3677 4862 3815 4960 “95?.”

2277 4945 2624 5025 auctoritate
2654 4969 2747 5042 pie
2778 4985 2845 5025 ac
2876 4969 3125 5026 firmiter
3154 4987 3258 5042 per
3277 4945 3383 5025 hoc
3403 4968 3639 5022 nostrum
3659 4945 3816 5042 privile-

2275 5058 2440 5132 gium
2471 5057 2756 5130 disposita
2787 5062 2944 5125 sunt,
2980 5058 3286 5128 contraire,
3317 5055 3400 5112 vel
3424 5053 3508 5110 his
3534 5034 3816 5132 queaneblf

2276 5127 2348 5204 ad
2381 5127 2616 5203 laudem
2647 5146 2749 5203 Dei
2783 5163 2886 5220 pro
2917 5145 3234 5204 stabilitate
3255 5147 3378 5218 jam
3407 5137 3535 5198 dicti
3561 5127 3816 5220 monaswa

2275 5240 2496 5293 statuta
2523 5240 2682 5304 sunt,
2719 5205 2997 5309 reiragari
3031 5239 3132 5293 aut
3159 5235 3218 5292 in
3249 5205 3530 5308 quoquam

2273 5325 2602 5395 tentaverit,
2635 5324 2784 5382 sciat
2809 5307 2971 5382 se‘ex
3001 5307 3343 5382 auctoritate
3370 5321 3430 5377 Β.
3449 5312 3583 5374 Petri
3607 5307 3815 5384 princip“

2275 5413 2694 5488 apostolorum,
2717 5415 2889 5487 cujus
2906 5413 2994 5470 vel
3018 5411 3296 5470 immeriti
3317 5409 3490 5467 vicem
3511 5398 3814 5488 θείηξιιενέηῗ

2273 5482 2550 5562 thematis
2579 5482 2810 5561 vinculo
2841 5503 3206 5573 innodatum,
3238 5506 3295 5558 et
3322 5514 3449 5558 cum
3479 5484 3676 5550 diabolo
3691 5482 3813 5546 ait!“

2271 5595 2303 5656 ,ἶ
2309 5594 2426 5656 uda
2445 5592 2728 5657 traditore
2748 5591 2963 5654 Christi
2985 5591 3211 5658 aeternis
3231 5583 3500 5652 incendiis
3521 5575 3812 5642 concreman-
