4050 6172
243 333 360 394 93⁸1

1448 318 1860 395 EPISTOL/E
1901 318 2006 388 ΕΤ
2049 324 2541 395 PRIVILEGIA.

3588 334 3725 413 ‘938

166 514 169 517 .
242 465 410 519 dum.
435 464 510 518 At
540 478 676 519 vero
708 462 809 535 qui
841 461 938 534 pio
970 461 1195 519 intuitu
1229 440 1573 521 observator
1601 466 1814 519 nostrae
1838 476 1926 515 sa-
1955 460 2012 525 Α
2041 460 2268 529 stituta,
2303 466 2627 521 annuatim
2688 469 3032 540 pensionem
3090 472 3367 533 solvendo
3416 476 3590 537 liceat
3617 498 3719 539 vos

242 550 489 608 lutiferae
526 550 942 624 praeceptionis
984 552 1297 622 exstiterit,
1335 550 1766 609 benedictionis
1798 564 1940 623 gra-

243 641 391 698 tiam
415 657 450 697 a
461 641 631 711 justo
645 639 1002 695 retributore
1024 640 1277 697 Domino
1300 640 1714 713 multipliciter
1732 655 1937 694 conse-

241 732 480 802 quatur,
514 733 572 783 et
590 727 719 784 vitae
755 731 983 784 aeternae
1023 729 1327 804 particeps
1360 728 1520 787 efﬁci
1551 732 1852 784 mereatur
1877 727 1937 781 in

241 816 459 875 saecula
488 815 871 874 saeculorum.
904 819 1113 875 Amen.

997 925 1167 981 XXII.

243 1015 527 1071 Gasconu
581 1031 745 1069 PAPA-I
780 1031 817 1071 v
856 1031 1263 1156 EFAS'I‘OLAQéAQD)
1278 1030 1607 1068 MARTINUM
1645 1026 1933 1069 ABDATEM.

963 1103 1078 1141 nno
1223 1127 1236 1139 .

963 1103 1078 1141 ῙΠΙΟ
1107 1103 1236 1140 υυυ.

241 1176 506 1247 (Histoire
551 1174 627 1230 du
678 1174 1012 1245 Languedoc,
1046 1177 1188 1229 tom.
1225 1172 1268 1241 l,
1300 1188 1570 1243 preuves,
1615 1188 1749 1244 pag.
1785 1170 1933 1243 155.)

319 1265 658 1320 Gnaoomus
680 1262 991 1336 cpiscopus
1013 1279 1211 1319 servus
1235 1276 1557 1316 servorum
1580 1260 1937 1329 Dei,charis—

245 1355 401 1410 simo
424 1353 543 1408 ﬁlio
565 1352 834 1409 MARTINO
857 1349 1331 1408 reverentissimo
1356 1348 1564 1405 abbati
1583 1348 1933 1405 venerabilis

245 1441 597 1499 monasterii
617 1440 806 1497 sancti
826 1441 1068 1497 Andreae
1091 1437 1366 1513 apostoli,
1384 1442 1446 1495 et
1468 1437 1662 1495 sancti
1684 1437 1935 1494 Michae-

248 1531 328 1589 lis
350 1530 707 1605 archangeli,
726 1534 785 1588 et
803 1529 961 1588 beati
982 1527 1221 1586 Martini
1253 1527 1638 1597 confessoris,
1663 1527 1820 1599 quod
1842 1530 1933 1584 est

247 1621 563 1677 fundatum
593 1619 654 1676 in
687 1619 994 1676 cacumine
1026 1617 1246 1675 montis
1276 1616 1380 1688 qui
1414 1620 1796 1689 nuncupatur
1820 1617 1933 1670 An-

249 1709 634 1782 daoni,super
654 1708 902 1765 fluvium
925 1705 1468 1778 Rhodani,ejusque
1481 1703 1931 1762 successoribus

174 1844 181 1847 μ
249 1798 569 1856 abbatibus
600 1798 658 1853 in
690 1800 1065 1871 perpetuum.
1830 1868 1833 1871 _

325 1887 471 1943 Cum
516 1902 792 1943 summus
843 1882 1177 1957 apostolicae
1209 1881 1514 1955 dignitatis
1547 1898 1693 1954 apex
1723 1882 1783 1937 in
1814 1882 1923 1938 hoc

248 1974 436 2039 divini
476 1973 817 2031 certaminis
848 1972 1039 2029 nitore
1069 1971 1435 2044 dignoscitur
1464 1970 1827 2044 praefulgere,
1858 1974 1924 2027 ut

249 2064 313 2119 in
347 2063 684 2120 exercendis
714 2061 817 2119 Dei
851 2060 1128 2123 laudibus
1161 2060 1273 2117 sibi
1312 2059 1641 2132 impensius
1687 2061 1922 2117 studeat

252 2153 479 2209 laboris
495 2151 765 2209 exhibere
792 2154 1092 2207 certamen
1118 2167 1132 2218 ;
1158 2148 1231 2205 ob
1263 2148 1372 2204 hoc
1402 2148 1600 2204 debita
1623 2165 1729 2204 nos
1759 2149 1923 2221 ejus-

252 2240 392 2299 dem
424 2239 752 2314 apostolicae
803 2235 1119 2312 pastoralis
1166 2236 1454 2310 compulsi
1504 2236 1922 2294 sollicitudinis

253 2341 421 2399 Cura,
454 2345 699 2403 quaeque
730 2328 803 2384 ad
836 2326 1219 2384 stabilitatem
1249 2326 1481 2398 piorum
1513 2326 1807 2398 pertinere
1839 2326 1923 2382 di-

255 2420 624 2493 gnoscuntur
643 2417 911 2473 locorum
935 2415 1188 2472 ubertim
1217 2414 1591 2489 promulgare
1611 2417 1668 2469 et
1696 2419 1922 2487 aposto-

256 2509 384 2565 lica:
414 2507 803 2564 institutionis
859 2522 1113 2562 censura
1169 2505 1535 2560 conﬁrmare.
1574 2503 1759 2576 igitur
1783 2503 1921 2576 quia

256 2596 491 2670 petistis
508 2613 542 2651 a
560 2595 750 2666 nobis,
777 2599 1075 2668 quatenus
1098 2594 1552 2650 concederemus
1575 2591 1694 2648 sive
1716 2594 1922 2648 conﬁr-

257 2700 557 2743 maremus
584 2691 696 2743 tua:
714 2684 1085 2758 religiositati
1119 2683 1461 2757 praedictum
1494 2683 1919 2737 monasterium

257 2775 450 2832 sancti
489 2777 729 2830 Andreae
762 2772 1035 2846 apostoli,
1069 2773 1257 2830 sancti
1290 2771 1613 2839 Michaelis,
1645 2776 1702 2825 et
1730 2771 1919 2826 sancti

257 2865 515 2933 Martini,
550 2870 614 2921 ut
642 2865 736 2921 his
770 2864 962 2920 tribus
992 2862 1254 2920 ecclesiis
1292 2880 1477 2919 unum
1521 2878 1753 2933 semper
1791 2879 1918 2934 per-

257 2953 434 3009 sistat
462 2951 911 3009 monasterium.
944 2951 1093 3006 Cum
1125 2951 1250 3023 ipso
1282 2955 1480 3006 monte
1510 2950 1568 3005 in
1600 2948 1826 3021 integro
1859 2949 1918 3004 in

258 3056 379 3114 quo
402 3041 617 3097 adsunt
658 3041 796 3113 ipsa)
829 3038 1087 3095 ecclesiae
1121 3056 1254 3095 cum
1287 3039 1564 3095 omnibus
1594 3038 1744 3093 infra
1775 3055 1835 3093 se
1864 3042 1922 3093 et

257 3130 414 3186 circa
435 3148 496 3186 se
516 3130 825 3185 haben.....
850 3146 987 3183 cum
1018 3128 1312 3197 domibus,
1343 3127 1499 3184 villis
1522 3128 1601 3182 ibi
1624 3131 1682 3182 et
1704 3126 1919 3199 ubique

258 3236 397 3275 cum
420 3218 693 3274 omnibus
728 3218 904 3274 rebus
936 3220 992 3273 et
1018 3216 1367 3274 substantiis
1398 3215 1717 3271 mobilibus
1737 3220 1793 3271 et
1815 3197 1918 3270 im-
1946 3197 1991 3265 C

258 3307 579 3369 mobilibus
609 3325 675 3364 ac
707 3322 954 3379 seseque
985 3308 1296 3373 moventia,
1331 3310 1853 3379 quantumcunque
1885 3322 1918 3360 a

258 3398 355 3457 die
378 3396 737 3453 fundationis
768 3412 958 3467 usque
991 3414 1145 3452 nunc
1176 3397 1259 3452 ibi
1291 3412 1567 3452 concessa
1595 3395 1681 3452 vel
1710 3394 1922 3468 largita

256 3491 421 3543 sant.
436 3486 652 3542 Verum
674 3487 870 3557 ctjam
903 3487 959 3541 et
989 3503 1176 3558 usque
1207 3485 1267 3540 in
1302 3485 1567 3540 futurum
1601 3502 1703 3556 per
1722 3502 1921 3556 quem-

249 3576 342 3635 vis
365 3576 607 3632 modum
630 3574 713 3631 ibi
736 3574 1058 3644 advenerit,
1082 3593 1188 3631 nos
1220 3573 1543 3647 apostolica
1573 3572 1919 3629 auctoritate

252 3665 503 3721 ﬁrmiter
530 3669 588 3723 et
611 3664 909 3720 stabiliter
950 3663 1058 3719 hoc
1109 3663 1531 3719 monasterium
1560 3662 1669 3717 sub
1701 3666 1920 3733 protec-

251 3752 413 3811 tione
434 3752 664 3808 abbatis
687 3750 987 3825 perpetuis
1020 3752 1381 3825 temporibus
1402 3750 1772 3822 praecipimus
1796 3766 1918 3822 per-

250 3854 491 3899 manere
524 3842 749 3913 absque
780 3839 1098 3911 cujuslibet
1126 3839 1550 3896 contestatione
1571 3836 1920 3910 velimpedi-

250 3930 472 3987 mento.
492 3929 754 4001 Denique
785 3929 963 3985 etiam
997 3930 1419 3985 conﬁrmamus
1439 3932 1502 3983 ut
1526 3927 1918 4000 undecunque

251 4023 622 4075 mortuorum
639 4034 887 4090 corpora
911 4016 1225 4074 masculini
1247 4035 1419 4074 sexus
1444 4016 1529 4074 vel
1552 4015 1816 4072 feminini
1836 4016 1920 4073 ibi

249 4125 314 4165 se
336 4106 572 4181 sepeliri
599 4107 981 4175 devotaverit,
1007 4106 1208 4163 nullus
1240 4106 1571 4180 episcopus,
1606 4108 1707 4160 aut
1737 4122 1917 4162 cano-

248 4198 424 4254 nicus
475 4201 579 4251 aut
631 4195 1071 4265 canonicorum,
1105 4195 1371 4264 clericus,
1404 4194 1493 4252 vel
1541 4195 1780 4250 vice.....
1815 4195 1916 4251 do-

250 4285 438 4341 minio
469 4283 633 4341 nulla
665 4284 1078 4340 contrarietate
1124 4283 1359 4340 malitiae
1404 4288 1607 4339 contra
1634 4284 1799 4339 vobis
1827 4283 1917 4339 vel

246 4378 459 4431 contra
489 4386 687 4430 servos
720 4372 1065 4429 monasterii
1108 4378 1392 4429 exerceat.
1429 4372 1577 4428 Loca
1604 4372 1761 4428 enim
1789 4389 1917 4445 quae

2046 548 2370 622 possidere,
2394 557 2457 608 et
2488 558 2557 611 ea
2587 557 2791 613 omnia
2821 560 2932 615 sub
2956 561 3113 631 juris
3144 567 3211 619 et.
3234 563 3458 622 ditionc
3488 570 3731 628 sanctis-

2048 637 2209 694 simae
2274 645 2492 697 nostrae
2552 644 2832 703 Romanae
2888 649 3180 721 Ecclesiae,
3214 653 3312 709 cui
3345 654 3463 712 Deo
3495 660 3732 715 auctore

2046 727 2613 819 deservimus,vobis
2632 735 2705 789 ad
2726 738 3047 794 tenendum
3071 742 3477 801 concedimus.
3493 745 3730 819 Scitote,

2046 815 2254 908 fratres
2285 817 2690 889 dilectissimi,
2725 828 2861 883 ante
2890 827 3093 886 oculos
3133 832 3351 890 mentis
3381 837 3439 890 et
3468 815 3729 908 corporis

2045 905 2394 996 traditiones
2429 909 2772 981 regularum
2805 918 3283 989 paternarum,ut
3312 905 3725 996 unusquisque

2045 992 2321 1064 praelatus
2354 996 2606 1068 noverit,
2641 999 2898 1071 qualiter
2926 1003 3136 1060 debeat
3175 992 3511 1079 imperasse
3531 992 3724 1082 subje-

2044 1082 2176 1152 ctis,
2200 1082 2425 1139 nedum
2450 1102 2661 1158 aspera
2681 1091 2739 1144 et
2755 1106 2870 1145 non
2894 1092 3214 1167 unicuique
3226 1096 3395 1154 fratri
3412 1098 3722 1170 aptissima

2043 1171 2353 1237 videamur
2383 1173 2631 1246 imponi,
2670 1195 2743 1233 ne
2774 1196 2961 1251 usque
3010 1172 3083 1237 ad
3133 1181 3542 1258 centemptum
3592 1206 3721 1260 pro~

2044 1265 2281 1332 rumpat
2319 1262 2395 1317 de
2437 1262 2790 1336 imperantis
2848 1268 3268 1329 indiscretione
3324 1275 3598 1348 subjecti.
3633 1278 3723 1335 Sit

2042 1366 2301 1440 namque
2317 1352 2625 1409 moderata
2634 1353 2917 1413 vivacitas
2930 1357 2990 1413 in
3002 1359 3529 1434 sollicitudinibus,
3543 1383 3719 1440 supe-

2040 1438 2345 1496 reminens
2365 1440 2426 1497 in
2448 1441 2735 1500 fratribus
2756 1446 3175 1519 strennitas,ut
3194 1450 3342 1508 dum
3372 1438 3722 1527 regulariter

2040 1527 2234 1584 omnis
2257 1528 2542 1600 quietudo
2564 1526 2941 1605 integerrime
2967 1536 3289 1608 confertur,
3314 1557 3419 1614 per
3446 1526 3718 1603 obedien-

2038 1615 2133 1672 tiae
2155 1615 2378 1673 lineam
2409 1618 2557 1676 bene
2590 1620 2909 1678 servientes
2941 1623 3224 1683 exhibent
3252 1631 3619 1704 temporalia,
3639 1635 3713 1692 ad

2039 1705 2256 1778 gaudia
2313 1705 2568 1766 cmlestis
2611 1709 2819 1781 patria:
2867 1711 3216 1783 perveniant
3254 1719 3633 1792 sempiterna.
3664 1725 3713 1781 A

1952 1830 2011 1895 Β
2037 1795 2315 1895 praesenti
2347 1796 2699 1895 duodecima
2729 1798 3072 1872 indictione,
3105 1807 3165 1860 et
3194 1822 3383 1879 usque
3412 1808 3472 1865 in
3503 1826 3708 1885 perpe-

2032 1888 2201 1940 tuum
2216 1887 2601 1944 concedimus
2610 1892 2670 1943 et
2681 1889 3106 1948 conﬁrmamus
3118 1894 3287 1952 vobis
3300 1899 3706 1971 supradictum

2033 1975 2462 2031 monasterium
2496 1980 2552 2033 et
2582 1978 3057 2048 montem,sicuti
3090 1998 3198 2054 per
3226 1988 3707 2047 commutationis
3778 2004 3785 2008 '

2032 2062 2301 2118 chartam
2352 2063 2518 2120 vobis
2567 2065 2762 2121 evenit
2809 2066 2882 2121 de
2927 2066 3243 2130 Aldeberto
3275 2058 3332 2147 et
3359 2072 3489 2147 ejus
3527 2062 3706 2135 fratre

2030 2150 2355 2222 Adalelmo,
2371 2153 2549 2209 simul
2568 2170 2705 2210 cum
2720 2154 3075 2229 conjugibus
3089 2158 3217 2218 suis
3230 2146 3453 2221 scilicet
3466 2152 3708 2222 Leucin-

2031 2239 2101 2295 de
2114 2241 2353 2298 nomine
2366 2247 2424 2311 et
2437 2242 2810 2312 Beliilde,seu
2826 2244 3389 2327 Poncione,etfratre
3402 2249 3530 2327 ejus
3540 2254 3707 2312 Com-

2032 2329 2216 2398 berto,
2250 2330 2429 2387 simul
2461 2349 2597 2387 cum
2648 2332 3025 2406 conjugibus.
3057 2322 3345 2398 Adalind‘e
3394 2322 3619 2400 scilicet
3647 2349 3707 2401 et

2032 2417 2201 2487 Unia,
2236 2436 2342 2476 nec
2372 2439 2489 2476 non
2523 2405 2873 2494 Berengario
2925 2427 3268 2501 presbytero
3326 2405 3512 2491 simul
3564 2438 3701 2497 eum

2030 2507 2312 2565 fratribus
2345 2510 2579 2566 duobus
2611 2512 2830 2567 Perone
2858 2513 3134 2572 videlicet
3163 2522 3221 2574 et
3252 2504 3509 2592 Nectale,
3542 2514 3696 2579 Dab-

2029 2596 2164 2651 bato
2181 2596 2361 2652 etiam
2385 2617 2522 2654 cum
2547 2599 2738 2655 tribus
2763 2599 2898 2655 ﬁliis
2927 2602 3054 2658 suis
3072 2604 3166 2661 his
3190 2594 3551 2667 nominibus.
3587 2602 3699 2668 Ga-

2030 2685 2269 2754 riberto,
2297 2687 2674 2757 Silvestro,et
2696 2688 3004 2759 Poncione,
3039 2691 3122 2748 ita
3152 2692 3460 2767 praesentis
3479 2698 3693 2755 conﬁro

2030 2773 2307 2829 mntionis
2345 2775 2648 2849 privilegio
2687 2781 2899 2832 cuncta
2939 2795 3188 2850 quin...”
3222 2782 3575 2845 inconcussa
3602 2804 3694 2843 va-

2026 2861 2145 2917 leat
2165 2864 2486 2935 possidere.
2513 2865 2732 2922 Idcirco
2755 2866 3174 2927 constituimus
3207 2890 3314 2930 nos
3343 2858 3690 2932 auctoritate
3742 2900 3745 2905 ·

2029 2952 2129 3008 Dei
2152 2957 2208 3008 et
2230 2953 2419 3008 sancti
2444 2953 2593 3009 Petri
2628 2955 2872 3027 apostoli
2900 2961 2957 3013 et
2974 2964 3208 3031 nostrae,
3244 2967 3310 3019 ut
3330 2963 3471 3019 dum
3503 2956 3687 3021 abbas

2028 3040 2163 3097 inde
2193 3041 2423 3110 obierit,
2458 3041 2658 3099 nullus
2708 3043 2785 3099 ibi
2838 3044 3011 3127 liceat
3058 3048 3284 3123 ingredi
3334 3053 3540 3118 abbas,
3572 3052 3688 3113 nisi

2028 3130 2166 3186 talis
2197 3130 2298 3202 qui
2332 3130 2448 3188 Deo
2482 3137 2538 3188 et
2566 3134 2796 3189 cunctis
2846 3135 3131 3194 fratribus
3186 3139 3432 3212 placeat,
3465 3147 3523 3199 et
3551 3154 3686 3201 eum

2029 3235 2203 3291 quem
2226 3221 2663 3294 congregationi
2686 3220 2973 3294 placuerit
2994 3226 3216 3300 absque
3239 3216 3475 3302 peccato
3491 3248 3691 3289 conse-

2028 3307 2175 3363 crari
2205 3307 2396 3364 liceat.
2431 3310 2491 3366 Si
2536 3310 2669 3383 quis
2718 3316 2939 3382 autem,
2972 3317 3131 3387 quod
3188 3334 3305 3374 non
3365 3320 3687 3389 credimus,

2028 3396 2456 3470 qualiscunque
2485 3398 2820 3473 episcopus,
2844 3404 3129 3474 marchio,
3156 3423 3373 3478 comes,
3410 3412 3512 3465 aut
3541 3398 3690 3466 vice?-

2028 3503 2244 3555 comes,
2276 3485 2365 3543 vel
2397 3488 2727 3559 austaldus,
2759 3490 2845 3547 vel
2879 3491 3131 3563 quilibet
3168 3512 3394 3569 magna:
3425 3513 3691 3569 personae

2027 3575 2147 3630 haec
2170 3592 2298 3646 qum
2321 3593 2425 3648 pro
2457 3576 2557 3633 Dei
2590 3578 3010 3651 omnipotentis
3039 3600 3237 3641 amore
3266 3568 3695 3657 constituimus

2028 3663 2303 3735 refragari
2334 3668 2437 3719 aut
2463 3664 2521 3719 in
2555 3682 2788 3738 quoquo
2820 3672 3269 3743 transgredi.....
3303 3672 3451 3731 sciat
3480 3691 3542 3730 se
3573 3656 3685 3732 sub

2027 3750 2205 3806 divini
2219 3751 2428 3823 judicii
2446 3753 2830 3810 obtestatione
2854 3749 2912 3811 et
2931 3759 3325 3818 anathematis
3345 3759 3581 3817 vincula
3603 3762 3688 3819 in-

2028 3839 2395 3907 nodatum,et
2414 3857 2449 3896 a
2471 3857 2647 3913 regno
2670 3841 2771 3897 Dei
2796 3843 3261 3917 alienandum,et
3280 3865 3416 3904 cum
3448 3834 3682 3906 diabolo

2026 3927 2152 3985 sine
2179 3929 2292 3984 ﬁne
2316 3928 2720 3985 crueiandum.
2753 3933 2863 3997 Qui
2901 3949 3035 3991 vero
3071 3934 3206 4007 pius
3236 3926 3472 4008 adjutor
3498 3941 3558 3993 et
3587 3924 3684 3994 ob-

2027 4022 2286 4073 servator
2305 4017 2484 4090 hujus
2509 4023 2716 4074 nostrae
2739 4021 3147 4094 praeceptionis
3169 4024 3480 4094 exstiterit,
3513 4008 3684 4084 bene-

2026 4107 2300 4162 dictionis
2327 4107 2577 4179 gratiam
2606 4124 2641 4163 a
2670 4107 2903 4165 Christo
2934 4110 3183 4168 Domino
3215 4118 3610 4186 consequatur
3625 4100 3684 4174 et

2024 4196 2155 4252 vita:
2187 4199 2413 4252 aeternae
2436 4196 2728 4269 particeps
2754 4198 2904 4254 efﬁci
2931 4204 3243 4257 mereatur.
3344 4206 3351 4213 “

2098 4285 2393 4358 Scriptum
2418 4302 2520 4358 per
2540 4303 2784 4343 manum
2815 4287 3113 4345 Benedicti
3145 4290 3437 4348 scriniarii
3463 4286 3683 4350 sancta:

2028 4375 2303 4431 Romanae
2335 4375 2603 4432 Ecclesiae
2634 4376 2694 4433 in
2727 4394 2930 4436 mense
2959 4378 3224 4437 Januarii
3255 4383 3312 4436 et
3361 4378 3683 4439 indiatione

250 4464 322 4520 d‘e
349 4461 599 4520 aliorum
628 4461 888 4518 locorum
919 4461 1151 4534 piorum
1185 4478 1433 4517 numero
1468 4478 1583 4516 non
1615 4466 1755 4516 sunt
1787 4478 1917 4518 con-
1946 4460 1994 4528 D
2027 4462 2268 4537 praefata
2297 4464 2663 4522 duodecima.

589 5774 867 5844 PATROL.
917 5777 1254 5846 CXXXVII.

3288 5792 3368 5886 ῳ
