4052 6180
432 279 3778 318 μ

1606 507 1780 555 CIRCA
1823 505 2036 555 ANNUII
2079 505 2292 555 DOIIINI
2335 505 2672 553 DCCCCXCIX

1144 696 3142 956 HROTSUITHA

543 1107 784 1171 VIRGO
828 1105 926 1166 ET
972 1067 1344 1167 MONIALIS
1389 1099 2186 1163 GANDERSHEIMENSIS
2234 1100 2311 1160 IN
2357 1099 2794 1174 GERMANIA,
2839 1099 3158 1162 ORDINIS
3201 1099 3268 1160 S.
3315 1099 3709 1162 BENEDICTI

1033 1459 1502 1548 NOTITIA
1560 1457 2177 1547 HISTORICA
2233 1458 2350 1545 IN
2407 1455 3268 1548 HROTSUITHAM

1764 1662 1868 1732 (Ex
1908 1661 2216 1720 Meibomio
2250 1660 2525 1731 Seniori.)

1930 1835 2330 1858 *ι’-’-

507 1998 856 2058 Laurentius
885 1997 1261 2063 Humfredus,
1294 1995 1544 2068 Anglus,
1575 1962 1677 2066 qui
1722 1993 2086 2066 aliquandiu,
2117 1994 2173 2060 Α
2201 1994 2430 2051 tissimis
2467 1993 2678 2066 didicit,
2710 2011 2798 2052 me
2838 1994 3132 2052 admodum
3173 1994 3434 2052 erudivit.
3468 1991 3592 2049 Haec
3633 1991 3718 2048 ibi.
3742 1991 3802 2049 Ex

447 2088 746 2162 religionis
767 2087 1031 2155 causa,in
1058 2083 1370 2142 Germania
1399 2082 1700 2150 exsulavit,
1736 2082 2084 2150 Roswitham,

437 2176 745 2251 poetriam,
779 2173 980 2247 patrim
1010 2190 1129 2228 suae
1165 2171 1462 2228 vindicare
1493 2170 1724 2244 satagit.
1759 2169 1900 2226 Vult
1929 2169 2087 2226 enim

438 2265 621 2322 fuisse
670 2263 853 2319 ﬁliam
911 2261 1196 2330 Hederici,
1230 2261 1384 2334 regis
1432 2259 1986 2328 Northumbrorum,
2020 2274 2089 2314 ex

435 2353 758 2428 Bregsinda
775 2369 972 2418 uxore,
987 2349 1102 2406 alio
1124 2351 1362 2406 nomine
1383 2353 1650 2405 vocatam
1674 2347 1926 2416 Hildam,
1959 2363 2088 2420 quae

437 2443 498 2498 in
529 2441 811 2499 cmuobiis
859 2440 1172 2496 Britannia)
1203 2445 1260 2495 et
1289 2438 1486 2496 Galliae
1533 2454 1720 2494 annos
1749 2441 1867 2493 tres
1897 2441 1955 2492 et
1980 2437 2090 2492 tri-

437 2533 602 2606 ginta
631 2530 938 2604 peregerit,
973 2529 1192 2584 femina
1247 2527 1578 2583 clarissima
1623 2531 1682 2582 et
1723 2525 2086 2581 doctissima.

438 2620 654 2676 Verum
686 2617 1049 2691 temporibus
1080 2617 1391 2689 decipitur,
1421 2620 1718 2688 testesque
1775 2613 1922 2670 alias
1953 2617 2094 2670 sunt

440 2709 723 2782 Georgius
785 2706 1104 2774 Fabricius,
1166 2705 1472 2777 Originum
1531 2705 1721 2760 Saxon
1781 2703 1886 2759 lib.
1933 2719 1996 2771 ιι,
2036 2707 2094 2759 et

442 2795 726 2856 Henricus
747 2797 927 2864 Bodo,
949 2795 1164 2850 Chron.
1197 2793 1520 2850 Gandersh.
1555 2810 1690 2861 ms.,
1726 2792 2093 2847 Roswitham

443 2885 711 2944 Saxonici
742 2884 976 2958 generis
995 2882 1253 2956 puellam
1277 2881 1638 2937 fuisse.Sunt
1665 2879 1765 2954 qui
1796 2897 1925 2936 eam
1957 2897 2094 2936 con-

445 2975 705 3032 fundunt
723 2957 857 3030 cum
881 2957 1776 3039 Roswitha,’Gandershcimcnsi
1799 2969 2097 3026 abbatissa

445 3069 656 3137 quarta
673 3062 1020 3134 (Bruschius
1042 3061 1232 3116 Rodes
1259 3059 1509 3117 Windam
1537 3059 1747 3131 vocat),
1783 3075 1908 3130 quae
1939 3058 2100 3114 Chri-

444 3153 613 3208 stinaa
644 3151 852 3218 tertiae,
884 3149 1212 3206 fundatoris
1261 3147 1485 3204 Ludolﬁ
1535 3147 1688 3216 ﬁliai,
1723 3147 1782 3201 in
1813 3146 2097 3220 regimine

444 3238 784 3297 monasterii
836 3235 1141 3304 successit,
1173 3237 1271 3291 sed
1305 3241 1361 3291 et
1387 3236 1447 3290 hi
1477 3235 1842 3308 temporibus
1884 3235 2097 3291 fallun-

443 3332 561 3385 tur.
595 3327 676 3384 De
706 3325 1015 3383 Roswitha
1057 3324 1360 3381 abbatissa
1401 3323 1728 3380 Chronicon
1757 3323 2002 3379 coenobii
2035 3324 2093 3380 S.

443 3415 745 3474 Michaelis
767 3415 921 3488 apud
945 3413 1272 3470 Hildessam
1287 3413 1346 3466 in
1359 3413 1518 3467 hunc
1539 3413 1781 3468 modum
1805 3411 2094 3486 loquitur:

449 3505 766 3571 Walbertus,
797 3504 1058 3576 septimus
1109 3504 1388 3574 episcopus
1444 3499 1942 3569 Hildesheimensis,
1982 3509 2102 3573 post

439 3589 1377 3663 Ghristiriamﬁandersheimensem
1403 3589 1735 3646 abbatissam
1763 3589 2094 3662 defunctam,

439 3681 768 3742 Roswitham
797 3681 1000 3738 ibidem
1029 3682 1092 3736 in
1120 3679 1368 3742 rehi-men
1393 3680 1710 3746 intromisit,
1735 3695 1856 3751 quae
1883 3682 2096 3736 cwteris

438 3772 790 3831 excellentior
821 3771 882 3826 in
913 3771 1086 3842 logica
1114 3776 1166 3826 et
1193 3767 1461 3824 rhetorica
1489 3769 1717 3834 exstitit,
1740 3775 1801 3822 ut
1817 3769 1934 3839 ejus
1964 3768 2099 3823 libri

439 3869 492 3918 et
513 3862 787 3935 scriptura
814 3866 1080 3917 testantur
1107 3878 1126 3925 ;
1151 3857 1452 3928 composuit
1504 3871 1742 3928 namque
1782 3855 1986 3911 librum
2013 3857 2096 3912 lo-

439 3951 581 4022 gicae
607 3949 766 4006 valde
794 3950 1087 4020 insignem.
1122 3946 1202 4002 De
1231 3945 1437 4000 eadem
1489 3943 1764 3999 Nicolaus
1795 3943 2094 4000 Selnecce-

441 4055 566 4108 rus,
589 4037 918 4110 theologus,
943 4034 1296 4108 Padagogiae
1337 4037 1501 4104 parte
1526 4050 1564 4100 ι,
1587 4031 1760 4088 titulo
1779 4033 1855 4089 De
1884 4036 2091 4100 usuris,

441 4125 565 4182 haec
595 4125 802 4182 scribit
829 4141 843 4179 ε
874 4125 950 4181 De
978 4123 1249 4180 Roswitha
1292 4122 1584 4191 abbatissa,
1617 4121 1738 4192 ﬁlia
1768 4124 1912 4194 regis
1944 4122 2092 4180 Gree-

441 4215 566 4284 ciee,
593 4220 655 4269 ut
679 4214 877 4284 fertur,
909 4212 1116 4268 dicitur
1161 4210 1302 4283 quod
1351 4210 1564 4266 diabolo
1602 4210 1935 4280 schedulam,
1987 4227 2095 4284 qua

435 4319 578 4376 puer
628 4301 854 4375 quidam
903 4303 1173 4371 sanguine
1228 4315 1326 4355 suo
1352 4301 1556 4371 scripta
1579 4317 1636 4356 se
1659 4301 1713 4355 ei
1739 4299 2090 4372 obligaverat,

438 4392 750 4450 extorserit.
783 4389 995 4446 Nostra
1022 4387 1673 4460 poetria,Roswitha,in
1705 4389 2092 4445 Gandcrshci-

438 4481 628 4538 mensi
658 4478 921 4538 casnobio
970 4476 1246 4532 instituta
1275 4479 1364 4531 est
1393 4477 1464 4532 ab
1497 4476 1906 4544 adolescentia,
1937 4478 2088 4548 quod

436 4570 772 4644 prmfatione
797 4568 859 4624 in
888 4565 1195 4624 historiam
1246 4565 1423 4622 beatae
1467 4565 1712 4638 virginis
1743 4565 1934 4620 Mariae
1964 4565 2094 4636 ipsa

435 4663 690 4716 testatur
718 4657 911 4714 verbis
944 4655 1327 4728 sequentibus
1362 4670 1374 4708 :
1415 4653 1582 4718 Unde,
1613 4655 1753 4709 clam
1783 4656 2012 4720 cunctis,
2043 4661 2096 4710 et

434 4749 595 4821 quasi
620 4749 838 4819 furtim,
869 4725 1044 4801 nunc—
1073 4747 1134 4802 in
1179 4741 1562 4814 componendis
1607 4743 1726 4798 sola
1754 4741 2088 4811 desudando,
2120 4725 2164 4793 C

431 4854 583 4893 nunc
633 4836 780 4892 male
821 4834 1115 4906 composita
1167 4830 1508 4901 destruendo,
1567 4831 1897 4902 satagebam,
1925 4834 2094 4904 juxta

429 4943 615 4984 meum
644 4941 822 4998 posse,
857 4924 984 4978 licet
1035 4923 1269 4977 minime
1323 4922 1715 4986 necessarium,
1745 4921 1987 4992 aliquem
2017 4929 2095 4978 ια.

427 5031 556 5072 men
575 5015 838 5086 conﬁcere
867 5020 1074 5068 textum
1103 5027 1173 5066 etc
1200 5011 1490 5066 santentiis
1517 5009 2091 5082 Scripturarum,quas

429 5106 580 5160 intra
633 5119 820 5160 aream
865 5100 1405 5157 Gandershcimensis
1461 5099 1784 5170 collegeram
1839 5100 2086 5166 ctenobii,

422 5195 606 5265 primo
625 5192 1047 5265 sapientissimo:
1074 5197 1236 5261 atque
1264 5189 1676 5259 benignissimae
1696 5171 1950 5245 Rikardis
1975 5205 2090 5245 ma-

427 5272 638 5354 gistrae,
667 5282 1018 5352 aliarumpue
1045 5293 1165 5335 sua:
1201 5278 1338 5333 vicis
1381 5279 1689 5333 instruente
1731 5279 2082 5348 magisterio;

427 5370 622 5428 deinde
645 5385 823 5442 prona
853 5371 1069 5440 favente
1124 5367 1432 5423 clementiae
1477 5367 1648 5436 regiae
1702 5366 1906 5422 indolis
1957 5365 2082 5422 Ger-

2197 2083 2413 2156 quibus
2467 2083 2660 2142 verbis
2720 2083 2992 2157 colligere
3049 2083 3204 2154 licet,
3242 2083 3590 2141 Richardam
3633 2081 3799 2154 primo,

2197 2172 2406 2228 deinde
2464 2173 2831 2246 Gerbirgam,
2891 2172 3210 2231 Roswitha':
3278 2172 3588 2246 magistras
3640 2170 3799 2233 fuisse,

2197 2262 2416 2334 quibus
2472 2262 2602 2334 ipsa
2643 2279 2778 2319 mox
2816 2263 2876 2317 in
2917 2262 3123 2318 eodem
3181 2277 3431 2318 munere
3485 2258 3797 2316 successerit.

2199 2350 2402 2407 Fuisse
2431 2351 2650 2408 ibidem
2680 2351 2858 2408 etiam
2889 2349 3294 2424 prmlectiones
3317 2354 3376 2406 et
3396 2347 3651 2406 exercitia
3675 2345 3801 2401 theo-

2199 2440 2405 2514 logica,
2440 2457 2509 2496 ex
2538 2440 2774 2513 scriptis
2815 2439 3132 2497 Roswithze
3181 2443 3366 2513 patet.
3398 2438 3613 2495 Etenim
3652 2434 3798 2491 multa

2199 2545 2268 2585 ex
2293 2529 2611 2601 Scripturis
2670 2529 2967 2603 eleganter
3020 2529 3262 2602 profert,
3297 2531 3357 2585 et
3413 2528 3472 2582 in
3515 2524 3796 2600 przefatione

2201 2634 2380 2689 quam
2413 2617 2690 2686 diximus,
2714 2622 3076 2690 protestatur
3104 2635 3168 2674 se
3195 2617 3517 2673 immatura
3545 2615 3640 2670 hac
3673 2615 3802 2668 state

2199 2707 2468 2778 quaedam
2499 2723 2568 2762 ex
2597 2705 2944 2780 apocryphis
2976 2707 3383 2779 desumpsisse
3403 2723 3470 2761 ex
3499 2699 3799 2776 ignorantia,

2203 2811 2351 2867 quae,
2405 2794 2544 2850 licet
2594 2794 2774 2851 dubia
2845 2795 2984 2865 sint,
3044 2799 3243 2852 tamen
3304 2794 3440 2852 boni
3496 2787 3798 2850 consulenda

2204 2887 2420 2940 censet.

2275 2971 2691 3028 Nobilissimus
2721 2971 3006 3027 Martinus
3038 2971 3373 3028 Fridericus
3404 2967 3796 3034 Seidelius,con-

2206 3059 2465 3118 siliarius
2525 3060 3099 3133 Brandenburgicus,
3131 3077 3270 3117 cum
3329 3061 3520 3117 icones
3562 3061 3612 3114 et
3652 3052 3796 3127 elogia

2205 3150 2460 3206 virorum
2491 3149 2716 3222 aliquot
2745 3149 3172 3222 praestantium,
3205 3151 3310 3223 qui
3363 3147 3602 3205 multum
3628 3140 3796 3201 studiis

2206 3237 2583 3312 consiliisque
2604 3238 2729 3310 suis
2751 3237 3073 3293 Marchiam
3087 3239 3374 3310 juverunt
3396 3232 3794 3294 etillustrarunt,

2207 3326 2585 3400 publicasset,
2618 3326 2736 3382 illis
2768 3326 3089 3384 Hroswida:
3131 3332 3347 3384 nostra:
3395 3316 3794 3383 sanctimonialis

2206 3417 2266 3472 in
2290 3415 2710 3472 Gandcrsheim
2740 3415 2992 3489 efﬁgiem
3009 3415 3562 3488 inseruit,vocatquc
3576 3410 3794 3468 Helenam

2206 3522 2240 3562 a
2262 3505 2527 3573 Rossow,
2559 3505 2730 3576 cujus
2752 3503 2966 3560 nobilis
2988 3502 3222 3560 familia:
3238 3504 3526 3576 hodieque
3545 3499 3711 3574 plures
3727 3509 3799 3550 su-

2205 3598 2469 3667 persunt.
2503 3593 2595 3662 (H.
2631 3594 2888 3649 MEIBOM.
2919 3593 3184 3662 Jumoa.)

2277 3685 2464 3756 Opera
2513 3681 2830 3738 Roswithaa
2881 3681 3264 3752 Trithemius,
3299 3683 3402 3738 lib.
3437 3681 3513 3738 De
3539 3677 3660 3735 viris
3695 3671 3792 3728 illu-

2205 3773 2426 3829 stribus
2463 3771 2806 3840 Germaniae,
2867 3771 2977 3827 hoc
3034 3771 3237 3828 ordine
3294 3772 3566 3828 recenset.
3597 3759 3790 3824 Rasum.

2203 3861 2523 3917 monasterii
2548 3859 3086 3916 Gandersheimensis
3116 3863 3178 3916 in
3204 3861 3448 3918 Saxonia
3476 3850 3794 3915 sanctimonia-

2205 3951 2276 4006 lis
2307 3952 2480 4022 virgo,
2515 3949 2740 4017 nobilis,
2797 3948 3012 4005 ordinis
3069 3949 3186 4005 divi
3229 3950 3416 4006 Patris
3469 3941 3724 4006 Benedicti,
3749 3937 3791 3990 ξπ

2202 4039 2411 4096 divinis
2438 4038 2739 4110 Scripturis
2779 4037 3023 4094 studiosa
3051 4045 3102 4094 et
3127 4037 3368 4106 erudita,
3405 4031 3793 4097 saeuientiqu

2203 4129 2513 4184 litterarum
2557 4125 2874 4198 disciplinis
2899 4127 3067 4198 probe
3096 4127 3326 4196 imbuta,
3356 4125 3563 4198 ingenio
3575 4122 3789 4194 praesim

2199 4225 2251 4274 et
2277 4216 2428 4272 clara
2456 4215 2677 4287 eloquio
2702 4230 2800 4270 nec
2823 4217 3012 4272 minus
3041 4219 3447 4273 conversatione
3485 4227 3630 4286 quam
3653 4199 3790 4262 ϐνυάίο

2201 4309 2346 4362 tione
2375 4305 2635 4375 insignis,
2667 4305 2892 4376 scripsit
2918 4312 3029 4359 tam
3048 4313 3220 4362 metro
3269 4321 3432 4378 qnam
3475 4314 3623 4375 prosa
3657 4288 3787 4349 mum

2197 4393 2472 4466 praeclara
2508 4391 2792 4463 opuscula,
2825 4392 3023 4464 quibus
3067 4411 3260 4450 sexum
3305 4393 3519 4464 ingenio
3559 4391 3785 4456 superat".

2198 4499 2396 4539 nomen
2443 4498 2606 4536 suum
2653 4497 2778 4536 cum
2806 4483 3018 4554 ingenti
3043 4483 3222 4554 gloria
3251 4480 3550 4540 transmisit
3572 4473 3634 4530 ad
3653 4474 3783 4544 pom-

2199 4588 2308 4628 ros.
2337 4571 2420 4626 Ex
2449 4570 2534 4626 his
2563 4585 2656 4642 ego
2687 4570 2794 4642 legi
2821 4570 3058 4644 subjecta
3091 4587 3104 4626 :

2200 4669 2278 4726 Ad
2307 4669 2628 4740 Gerbergam
2654 4667 2986 4725 abbatissam
3022 4668 3236 4726 heroico
3295 4669 3529 4726 nomine
3551 4664 3616 4720 De
3639 4657 3726 4740 pia}

2270 4733 2673 4813 conversdtione
2719 4741 3058 4798 intemeratae
3102 4741 3202 4796 Dei
3227 4740 3504 4813 genitricis
3530 4743 3576 4792 et
3600 4733 3781 4799 virgini!

2271 4813 2462 4869 Maria“;
2491 4811 2696 4867 librum
2725 4827 2919 4866 unum.

2199 4887 2273 4941 De
2300 4885 2622 4940 Ascensione
2642 4883 2865 4938 Domini
2893 4882 3077 4940 eodem
3104 4886 3351 4940 carmine
3381 4883 3436 4938 L.
3465 4881 3507 4936 1.

2197 4957 2272 5012 De
2298 4956 2355 5011 S.
2391 4955 2649 5026 Gangolfo
2679 4953 2813 5026 μιε
3616 5013 3641 5026 ,,
3737 5006 3752 5026 _.

2197 5033 2277 5088 De
2299 5013 2554 5100 passione
2581 5013 2638 5080 S.
2669 5025 2886 5100 Pelagii
2934 5028 3220 5099 martyris,
3281 5027 3368 5082 his
3419 5013 3702 5092 temporibus
3733 5013 3775 5060 tu

2269 5097 2523 5156 Corduba
2539 5097 2817 5169 passi,AL.’
2847 5097 2890 5152 I.
3085 5097 3096 5099 ἡ
3618 5157 3644 5169 ,_
3687 5149 3734 5169 7,,

2193 5171 2456 5296 DeLlapsu
2492 5155 2792 5240 Tlieophili,
2831 5169 2950 5226 Vice
2979 5170 3220 5238 Domini,
3252 5176 3304 5226 et
3346 5169 3460 5240 ejus
3499 5155 3775 5235 ριεηίιθπιίσν

2191 5313 2452 5440 DeLlaIIJsu
2481 5309 2768 5384 cujusdam
2804 5313 3050 5384 juvenis,
3079 5327 3180 5383 per
3208 5311 3266 5368 S.
3298 5309 3555 5366 Basilium
3581 5300 3774 5356 converu

428 5459 628 5532 bergse,
645 5427 813 5532 icujus
831 5427 980 5514 nunc
1006 5455 1209 5512 subdor
1236 5455 1480 5511 dominio
1509 5427 1900 5528 abbatiw,quae
1925 5463 2083 5513 aetate
2189 5427 2544 5532 Deupassione
2573 5453 2630 5532 S_.
2662 5453 2969 5532 Dionysii,_
2999 5456 3241 5532 episcopi
3283 5461 3346 5532 _et
3383 5444 3639 5520 martyris,
3666 5435 3712 5488 ι.
3735 5427 3768 5482 1.

383 5620 388 5627 _
423 5549 627 5614 minor,
657 5548 770 5613 sed,
801 5555 863 5602 ut
908 5545 1249 5618 imperialem
1306 5543 1522 5600 decebat
1572 5551 1804 5616 neptem,
1851 5546 2080 5600 scientia

419 5639 742 5732 Egredior,
771 5636 980 5718 aliquot
1005 5641 1268 5706 auctores,
1303 5648 1434 5711 quos
1461 5635 1582 5708 ipsa
1602 5635 1763 5709 prior
1791 5651 1826 5692 a
1853 5636 2071 5711 sapien-

2192 5534 2270 5586 De
2289 5525 2550 5600 passione
2580 5526 2638 5580 S.
2670 5525 2892 5596 Agnetse
2911 5525 3152 5598 virginis
3176 5525 3240 5581 ἰ.
3276 5527 3316 5582 1.

2261 5626 2454 5686 Omnia
2477 5623 2746 5704 praedicta
2801 5625 3042 5706 eleganti
3095 5627 3341 5688 carmine
3390 5618 3582 5684 heroico
3604 5611 3769 5680 οωπροῒ
