4044 6176
321 268 437 330 9M

1219 270 1323 333 AD
1367 272 1627 334 OPERA
1670 270 2201 332 HROTSUITIUE
2242 271 2850 344 PROLEGOMENA.

3614 278 3732 339 942

321 404 452 459 suit.
480 401 717 475 Scripsit
747 410 1013 475 praeterea
1042 420 1139 459 sea:
1184 405 1491 473 comoedias,
1527 406 1741 460 imitata
1785 406 1968 460 Tercn-
1994 406 2051 471 Α
2081 405 2349 461 notitiam
2381 405 2678 462 habuisse.
2722 406 3004 462 Henricus
3044 408 3220 474 Bodo,
3255 407 3579 463 monachus
3598 407 3733 464 Clu-

322 493 481 557 tium,
514 507 752 563 quarum
774 495 961 563 prima
987 493 1311 550 inscribitur
1339 512 1359 548 :

323 580 611 654 Conuersio
671 580 941 637 Gallicani
984 583 1272 653 principis,
1322 585 1631 654 passionem
1691 582 1976 637 includens

390 651 618 725 Joannts
636 660 689 707 et
714 654 883 725 Pauli
902 651 1233 725 martyrum.

321 723 570 806 Secunda
609 730 688 779 est
732 724 797 779 de
836 723 1091 796 passione
1138 726 1356 798 Agapis,
1408 726 1656 782 Chioniee
1685 732 1735 780 et
1762 726 1976 779 Ilireme

391 811 480 848 vir
516 811 693 850 mum.

326 812 522 992 Τσὲιίιὲ,
554 866 620 920 de
650 868 1056 924 resuscitationc
1087 869 1412 924 Callimachi
1460 876 1511 923 et
1552 869 1840 923 Drusianae
1878 883 1975 938 per

436 978 448 990 .
502 954 756 992 oanncm.

322 954 839 1091 (derizfgcitzpsu
867 1020 921 1067 et
944 1012 1515 1084 convcrstouejlariae,
1538 1014 1715 1082 neptis
1743 1010 1974 1066 Abrahm

393 1088 658 1136 crcmitm.

328 1153 540 1222 Quinta
570 1152 893 1208 inscribitur
918 1156 1195 1209 conversio
1231 1154 1468 1220 Thaide,
1501 1154 1791 1208 merctiris.

320 1222 485 1296 Sexta
531 1224 835 1295 passionem
886 1228 1076 1282 recitat
1115 1234 1428 1281 sanctarum
1472 1226 1751 1296 virginum
1798 1223 1969 1291 Fidei,

391 1295 520 1366 Spei
548 1303 601 1350 et
629 1296 942 1352 Charitatis.

391 1366 626 1438 Scripsit
650 1369 817 1423 etiam
842 1370 1066 1423 metriae
1095 1386 1114 1422 :

324 1436 476 1511 Gesta
508 1436 713 1494 Ottonis
744 1440 1111 1511 imperatoris,
1144 1440 1203 1495 L.
1236 1439 1279 1494 Ι.

322 1509 1169 1636 Epigrammatmpdiversbrum
1200 1512 1259 1565 L.
1292 1511 1359 1579 1.,
1391 1517 1442 1566 et
1470 1509 1723 1582 quaedam
1753 1525 1863 1565 non
1896 1510 1977 1564 in-

394 1597 424 1636 e
475 1588 661 1636 aantes
688 1583 962 1636 epistolas.

394 1583 661 1652 elegantes
688 1583 962 1653 epistolas.

400 1668 638 1726 therea
659 1685 785 1742 quae
803 1672 1101 1743 composuit
1127 1671 1197 1726 ad
1216 1673 1469 1727 notitiam
1498 1677 1702 1727 nostra?
1732 1670 1977 1726 lectionis

2085 494 2295 559 seusis,
2327 494 2388 548 in
2418 494 2632 549 Chron.
2665 493 3109 551 Gaudersheim.
3144 492 3281 563 ms.,
3314 494 3586 551 meminit
3606 511 3738 568 ροσε

2082 584 2246 637 matis
2293 582 2613 639 Roswithaa
2642 582 2708 639 de
2733 582 3056 654 fundatione
3097 584 3419 640 monasterii
3469 582 3736 639 Ganders-

2085 670 2399 739 heimensis,
2434 672 2527 726 cui
2560 670 2907 743 praemiserit
2938 673 3080 727 Vitas
3110 672 3736 743 pontiﬁcum,Auasta-

2084 758 2155 813 sii
2187 765 2243 814 et
2282 760 2626 828 Innocentii,
2672 764 3070 832 patronorum.
3122 760 3338 817 Verum
3387 760 3498 815 hoc
3541 759 3733 816 lucem

2084 848 2345 902 nondum
2380 849 2695 913 vidit.Quze
2725 866 2758 903 a
2789 848 3133 904 ’l‘ritbcimio
3164 853 3623 904 commemorata
3644 849 3730 903 di-

2082 937 2532 1008 ximus,primus
2563 936 2853 1008 evulgavit
2882 937 3185 993 Couradus
3214 937 3734 1005 Celtes,Protucius

2086 1027 2364 1093 Francus,
2398 1027 2660 1080 an.l50l.
2697 1025 2959 1080 Retinuit
2992 1031 3187 1081 autem
3219 1027 3596 1098 scriptionum
3619 1042 3735 1082 me-

2084 1115 2190 1169 diae
2221 1115 2407 1169 aetatis
2439 1114 2826 1186 scriptoribus
2875 1114 3179 1182 usitatam,
3232 1115 3448 1187 quibus
3496 1115 3736 1170 nomina

2085 1200 2720 1269 Rudell‘us,Rutbertus
2753 1203 3144 1259 Ramwardus
3166 1207 3224 1258 et
3245 1203 3549 1271 similia,in
3570 1202 3737 1258 initio

2084 1292 2342 1365 aspirare
2372 1291 2659 1347 familiare
2692 1291 2822 1361 fuit,
2851 1292 3021 1363 cujus
3052 1291 3229 1347 etiam
3261 1291 3534 1347 meminit
3551 1292 3738 1349 Aven-

2083 1381 2246 1438 tinus
2275 1380 2589 1437 Annalium
2621 1379 2722 1436 lib.
2757 1397 2799 1447 ι,
2830 1379 2891 1435 in
2924 1379 3366 1436 uomenclatura
3393 1379 3554 1454 operi
3587 1398 3734 1454 pra-
3779 1435 3782 1438 .

2086 1468 2645 1541 ﬁxa.Panegyricum
2678 1468 2748 1523 de
2779 1466 3056 1523 laudibus
3077 1467 3308 1524 Ottouis
3329 1468 3525 1542 Magni
3547 1470 3737 1527 confo-

2085 1558 2165 1614 cit
2194 1558 2429 1614 hortatu
2460 1557 2752 1629 Gerbirgee
2784 1556 3188 1626 abbatissazmt
3216 1561 3469 1615 testatur
3489 1558 3552 1615 iu
3584 1576 3729 1632 prea-

2085 1647 2320 1715 fatione,
2364 1646 2425 1701 in
2473 1646 2731 1702 secundo
2784 1644 3045 1701 carmine
3089 1644 3463 1718 praelimiuari
3509 1646 3729 1718 innuit,

326 1773 438 1813 non
467 1733 748 1815 venerunt.
785 1733 999 1815 Claruit
1024 1760 1352 1830 temporibus
1384 1758 1589 1815 Ottonis
1614 1759 1789 1830 primi
1814 1765 1867 1814 et
1901 1771 1981 1813 se"
2009 1778 2056 1843 B

2086 1737 2355 1793 Ottonem
2387 1735 2710 1791 secundum
2742 1733 2884 1806 imp.
2909 1750 3119 1807 poema
3142 1733 3340 1807 ipsum
3369 1735 3565 1792 videre
3585 1736 3732 1793 desi-

2107 1827 2122 1843 .
2270 1841 2315 1843 ,_
2745 1821 3061 1843 μιηᾼειι-
3462 1842 3471 1843 ,
3548 1842 3551 1843 ,

325 1846 515 1916 eundi,
546 1848 985 1929 clarissimorum
1013 1851 1184 1921 impp.

398 1936 691 1993 Hactenus
721 1936 1303 2008 Tritheimius,cujus
1331 1937 1507 1992 verba
1534 1935 1742 2008 repetit
1772 1935 1982 1991 Biblio.

327 2023 498 2081 theca
526 2026 789 2096 Gesneri,
823 2026 1067 2095 addens,
1104 2024 1473 2082 Roswitham
1526 2025 1735 2080 Graecae
1764 2023 1979 2097 lingua)

2090 1827 2344 1881 derassa.
2378 1824 2562 1879 Dictio
2613 1826 2702 1879 est
2745 1821 3083 1891 tolerabilis,
3140 1824 3420 1881 saeculum
3451 1842 3568 1898 quo
3596 1824 3740 1882 vixit

2091 1913 2357 1971 redoleas
2391 1930 2405 1967 :
2437 1912 2497 1967 in
2529 1912 2864 1984 prosodiam
2895 1910 3220 1984 plurimum
3271 1913 3552 1985 peccavit,
3584 1915 3739 1986 quod

2090 2002 2253 2060 sexui
2283 2001 2737 2058 condonandum
2758 2004 2867 2056 est.

1070 2302 1271 2430 AD
1366 2298 2361 2432 HBOTSUITAE
2459 2294 2995 2430 OPEBA

1398 2510 2668 2648 PBOLEGOMENA.

667 2743 771 2811 (Ex
802 2742 1053 2797 editione
1083 2741 1315 2798 Henrici
1347 2741 1629 2797 Leonardi
1661 2740 2109 2796 Scburzﬂeschii
2135 2757 2288 2796 anno
2317 2740 2453 2794 1707
2480 2738 2865 2811 Vitcmbcrgte
2887 2738 3183 2795 Saxonum
3215 2740 3397 2810 data.)

1332 2985 1882 3072 EPISTOLA
1938 2987 2085 3073 DE
2102 2983 2752 3073 DICATORIA.

396 3164 822 3217 Reverendissimce
847 3166 1258 3229 serertissimteque
1286 3166 1498 3230 principi
1528 3179 1584 3214 ac
1612 3165 1841 3225 domintz,
1893 3165 2107 3216 domina
2133 3166 2360 3216 Hammona
2396 3163 2693 3221 Cumanam.
2738 3163 3164 3214 Brunnicensium
3205 3167 3253 3214 et
3287 3163 3747 3231 Lunaburgensium

332 3240 463 3298 duci,
492 3239 546 3291 S.
579 3240 638 3292 Β.
662 3241 700 3291 I.
731 3242 934 3291 canobii
964 3240 1417 3293 Gandesheimensis
1445 3240 1696 3291 abbatissa:
1716 3240 1981 3305 principali
2008 3241 2247 3305 dignitate
2269 3246 2445 3299 auctis,
2478 3244 2595 3301 etc.,
2626 3245 2718 3290 etc.

402 3314 560 3380 ΟΠ·ηο
589 3315 791 3366 demisse
819 3322 867 3367 et
895 3317 1173 3368 obedienter
1200 3317 1359 3375 trado,
1391 3330 1499 3380 qua
1517 3318 1774 3366 serenitati
1802 3321 1901 3367 tua:
1920 3318 2055 3375 omni
2071 3317 2187 3380 jure
2216 3316 2468 3376 debentur,
2501 3331 2647 3381 opera
2676 3316 2973 3366 IIrotsuithae
3012 3316 3215 3380 virginis
3245 3316 3427 3368 illustri
3464 3318 3568 3369 loco
3596 3324 3745 3381 nata,

329 3395 378 3440 et
398 3392 449 3440 in
476 3392 814 3455 antiquissimo
840 3391 893 3443 S.
924 3392 985 3446 R.
1018 3393 1059 3442 Ι.
1075 3397 1277 3458 prapter
1298 3392 1521 3446 Gaudam
1547 3391 1603 3456 ﬂ.
1633 3392 1867 3454 coenobio,
1899 3394 1980 3442 cui
2006 3406 2201 3442 summa
2228 3407 2341 3442 cum
2369 3393 2621 3443 abbatissa:
2650 3393 2945 3443 auctoritate
2972 3392 3210 3442 serenitas
3237 3395 3324 3442 tua
3348 3396 3752 3462 praestJeligio—

324 3467 531 3517 lissimte
561 3467 806 3531 quondam
831 3468 1114 3519 sacerdotis.
1149 3469 1268 3532 Quae
1286 3483 1397 3518 cum
1426 3468 1584 3518 multa
1605 3469 1845 3526 oratione,
1862 3481 2010 3533 prosa
2038 3468 2340 3532 uersibusque
2360 3469 2632 3534 conscripta
2652 3470 2868 3532 reliquit,
2902 3472 3008 3519 tum
3036 3468 3305 3518 coenobium
3334 3483 3365 3518 a
3398 3468 3648 3537 Ludolpho
3675 3474 3743 3527 Μ.

286 3546 291 3551 ’
324 3540 580 3593 Saxonum
608 3542 728 3592 duce
746 3542 1015 3602 conditum,
1038 3548 1086 3593 et
1113 3544 1431 3608 religionibus
1460 3544 1703 3605 majorum
1737 3547 1935 3592 tuorum
1963 3547 2319 3603 consecratum,
2352 3557 2547 3593 summa
2570 3544 2771 3608 pietatis
2802 3548 2849 3593 et
2879 3544 3116 3594 doctrinm
3154 3543 3317 3603 laude,
3348 3544 3435 3595 illo
3474 3552 3752 3610 prmertins

326 3616 657 3682 Augustorum
689 3615 920 3669 Ottonum
937 3619 1114 3668 sasculo
1143 3621 1476 3683 maximopere
1505 3619 1786 3677 illustravit,
1817 3617 2048 3680 famaque
2076 3619 2281 3681 ingenii,
2313 3618 2442 3680 quod
2470 3619 2522 3667 in
2541 3632 2600 3668 ea
2621 3619 2797 3676 eluxit,
2831 3620 3005 3683 optimi
3034 3632 3202 3667 omnes
3224 3631 3374 3682 prope
3411 3619 3623 3687 Europa
3666 3640 3751 3676 η..

323 3696 508 3757 giones.
530 3697 578 3743 et
606 3694 735 3743 inter
760 3707 842 3743 eas
863 3693 1177 3745 Germaniam
1193 3695 1436 3759 praecipue
1454 3698 1501 3743 et
1529 3693 1877 3751 Saxoniamjn
1912 3708 2009 3756 qua
2035 3693 2138 3743 alta
2166 3697 2212 3742 et
2234 3693 2438 3742 educata
2456 3693 2755 3755 est,miriﬁce
2775 3694 3008 3757 implevit.
3023 3692 3139 3756 Vigo
3179 3692 3627 3755 sanctissima,viris
3646 3702 3753 3751 uti-

326 3782 419 3833 que
450 3768 614 3821 Grece
632 3767 981 3833 Latineque,ut
1010 3773 1227 3835 tempora
1258 3771 1343 3819 illa
1362 3769 1897 3833 ferebant,doctissimis
1925 3768 2336 3833 anteponenda,et
2363 3782 2419 3818 eo
2444 3768 2619 3830 majori
2648 3768 2792 3817 laude
2821 3768 2989 3831 digna,
3010 3781 3104 3830 quo
3139 3767 3300 3817 rarior
3321 3780 3413 3831 per
3438 3783 3500 3819 ea
3533 3776 3753 3839 tempora

325 3844 538 3894 eruditio
564 3842 680 3907 fuit,
700 3843 872 3909 quibus
903 3845 1143 3895 scribendi
1162 3849 1392 3894 ornatum
1421 3850 1468 3894 et
1498 3844 1652 3894 verbis
1680 3847 1728 3894 et
1746 3844 2005 3893 sententiis
2026 3843 2383 3908 comprobauit;
2412 3846 2478 3901 et,
2510 3843 2729 3905 quamvis
2755 3856 2854 3891 non
2882 3843 3120 3906 optimum
3147 3855 3347 3907 semper
3382 3843 3576 3896 dicendi
3601 3862 3758 3911 genus

326 3921 898 3984 expresserit,tamen,ut
916 3919 1100 3970 diserta
1127 3920 1472 3985 erat,primum
1504 3920 1635 3969 inter
1662 3933 1829 3969 omnes
1858 3919 2017 3969 locum
2048 3919 2229 3979 tenuit,
2251 3918 2335 3982 qui
2361 3918 2538 3967 saeculo
2566 3918 2730 3967 minus
2754 3917 2966 3981 eleganti
2996 3916 3274 3967 litterarum
3302 3919 3560 3983 elegantia
3585 3923 3759 3974 stude-

328 3998 464 4044 runt.
498 3993 659 4058 Quare
684 3999 869 4047 veteres
885 3995 1262 4060 emendatosque
1290 3997 1566 4060 scriptores,
1603 4000 1705 4045 tam
1734 3995 1900 4045 soluta
1919 4008 2066 4058 quam
2088 3994 2288 4045 astricta
2320 3994 2542 4043 oratione
2573 3993 2785 4056 insignes
2814 3993 2929 4056 legit
2946 3992 3181 4069 religiosa
3206 3994 3428 4069 sacerdos
3451 3995 3759 4069 Hrotsuitha,

331 4073 378 4119 et
399 4069 664 4119 imitandos
687 4070 781 4120 sibi
793 4072 1070 4136 praposuit,
1102 4084 1430 4135 magnamque
1458 4071 1713 4120 verborum
1745 4072 1934 4134 copiam
1956 4070 2022 4120 ad
2050 4069 2216 4119 Latini
2242 4069 2481 4119 sermonis
2508 4072 2798 4133 apparatum
2828 4068 3014 4122 attulit.
3038 4072 3085 4117 et
3114 4067 3394 4133 disciplinas
3411 4076 3628 4123 veterum
3639 4067 3761 4140 per;

329 4148 547 4195 scrutata
566 4149 655 4208 est,
684 4149 741 4195 ut
768 4146 1003 4196 uarietate
1029 4147 1270 4197 scribendi
1296 4147 1548 4196 solertiam
1577 4147 1735 4196 animi
1770 4146 2333 4208 commendaretltaque
2363 4145 2429 4193 ad
2455 4145 2669 4193 divinam
2693 4144 3055 4207 humanamque
3082 4144 3384 4208 mpientiam,
3403 4161 3513 4212 qua
3538 4152 3761 4203 omnium

334 4219 573 4271 bonarum
596 4221 781 4271 artium
801 4225 964 4272 mater
990 4225 1079 4280 est,
1113 4222 1327 4271 laborem
1356 4235 1649 4285 operamque
1677 4222 1903 4279 contulit,
1939 4226 1987 4270 et
2017 4224 2150 4271 certo
2178 4220 2560 4283 conﬁrmatoque
2590 4220 2757 4268 animo
2804 4218 2931 4269 hanc
2956 4219 3087 4268 uiam
3132 4222 3179 4269 et
3222 4221 3468 4272 rationem
3505 4223 3635 4283 iniit,
3672 4240 3763 4277 nes

332 4293 479 4346 modo
507 4300 637 4346 artes
652 4297 890 4361 ingenuas
921 4311 1021 4347 non
1044 4297 1221 4362 probro
1242 4297 1333 4346 sibi
1365 4296 1529 4356 duxit,
1559 4296 1644 4345 sed
1662 4298 1814 4346 etiam
1842 4296 2001 4346 multa
2022 4296 2224 4346 illarum
2246 4299 2537 4345 ornamenta
2557 4295 2875 4359 compararit,
2926 4294 3061 4344 haud
3107 4297 3280 4360 quippe
3300 4300 3491 4362 ignara,
3512 4301 3762 4352 neminem

332 4371 438 4421 sine
463 4372 717 4436 sapientiae
742 4372 920 4422 studiis
938 4374 1177 4437 proﬁcere
1206 4373 1270 4421 ad
1299 4372 1534 4421 doctrinae
1562 4372 1760 4422 laudem
1776 4386 1934 4437 posse.
1960 4371 2095 4422 Adeo
2117 4385 2286 4421 verum
2317 4374 2407 4428 est,
2438 4371 2568 4434 quod
2599 4370 2769 4422 Cicero
2798 4371 3007 4435 scripsit,
3038 4371 3286 4421 neminem
3304 4373 3409 4422 sine
3429 4373 3758 4440 philosophia,

334 4460 445 4510 que
472 4452 762 4510 argumenta
791 4448 855 4498 ad
874 4448 1284 4498 inveniendum’et
1314 4447 1703 4511 confirmandum
1721 4448 1923 4512 pra-bet,
1954 4462 2069 4497 suas
2098 4448 2242 4512 digne
2265 4452 2431 4511 partes
2460 4446 2862 4497 tucri.Percurrit
2892 4460 3006 4511 ergo
3035 4460 3203 4496 omnes
3229 4446 3509 4512 disciplinas
3535 4455 3584 4501 et
3611 4454 3758 4510 artes.

335 4528 442 4572 tum
472 4524 602 4572 inter
618 4527 893 4587 geometras
921 4527 1129 4584 versata,
1160 4523 1321 4573 lineas
1340 4523 1506 4582 duxit,
1532 4537 1590 4573 ac
1616 4537 1845 4573 sonorum
1876 4523 2138 4573 varietates
2167 4527 2312 4586 atque
2335 4522 2593 4571 intervalla
2622 4526 2847 4571 (κρηναῖα
2867 4521 3104 4585 cognovit.
3130 4521 3378 4572 Prmterea
3397 4527 3658 4588 poetarum
3681 4528 3765 4591 fa—

335 4597 472 4648 bulas
499 4598 564 4648 ad
590 4600 702 4648 vitis
732 4613 875 4649 usum
903 4599 1252 4657 accomodavit,
1271 4613 1422 4662 eaque
1450 4599 1508 4649 de
1528 4613 1676 4649 causa
1703 4599 1986 4649 scitissimas
2024 4599 2239 4647 Tireutii
2270 4598 2530 4647 comoedias
2558 4598 2752 4656 evolvit,
2776 4600 2842 4655 et,
2876 4597 3064 4646 delectu
3092 4596 3275 4656 habito,
3306 4597 3372 4646 ad
3395 4599 3596 4663 pietatis
3621 4616 3766 4667 regis-

336 4672 409 4722 las
428 4673 634 4738 redegit.
658 4674 983 4726 Nihilosecius
1008 4676 1227 4726 studium
1259 4676 1310 4724 in
1339 4677 1635 4738 antiquitate
1658 4676 1843 4740 posuit,
1872 4680 1917 4724 et
1947 4688 2109 4724 mores
2136 4678 2351 4723 ueterum
2382 4677 2525 4737 atque
2558 4674 2813 4723 historiam
2841 4686 3031 4722 sacram
3051 4672 3241 4736 pariter
3267 4687 3325 4721 ac
3344 4673 3605 4737 profanam
3643 4692 3766 4742 per.

333 4748 533 4811 quisivit
559 4749 730 4799 sedulo
759 4753 808 4799 et
829 4751 1095 4815 perspexit.
1134 4748 1295 4812 Quare
1321 4765 1419 4799 una
1450 4751 1536 4800 illa
1555 4752 1734 4801 srrculo
1760 4756 1866 4815 post
1899 4750 2151 4801 Christum
2175 4755 2347 4798 natum
2369 4750 2574 4806 decimo,
2600 4749 2843 4813 imprimis
2884 4748 3033 4810 digna
3061 4761 3161 4796 visa
3189 4750 3278 4808 est,
3314 4762 3423 4811 qua
3460 4752 3672 4802 maximi
3716 4760 3766 4806 et

331 4822 680 4887 Augustissimi
709 4827 1017 4890 imperatoris
1049 4826 1238 4878 Ottonis
1257 4827 1281 4875 I
1306 4827 1465 4878 Vitam
1486 4831 1532 4876 et
1562 4842 1637 4876 res
1655 4827 1714 4876 ab
1735 4842 1791 4877 eo
1820 4831 1977 4891 gestas
2008 4825 2189 4875 litteris
2216 4826 2491 4882 mandaret,
2524 4829 2579 4874 ut
2601 4826 2675 4874 rel
2702 4824 2793 4873 hoc
2811 4826 3100 4886 argumento
3149 4823 3281 4881 viris,
3315 4838 3431 4888 quos
3466 4826 3569 4876 illae
3598 4834 3767 4892 partes

332 4900 505 4950 decent
523 4901 759 4951 doctrina:
777 4902 1072 4964 adjumentis
1093 4906 1370 4967 priestaret,
1401 4917 1672 4965 nomenque
1701 4902 1761 4951 ab
1791 4902 1990 4965 injuriis
2009 4906 2283 4966 temporum
2313 4906 2359 4951 et
2386 4901 2623 4950 oblivione
2657 4899 2959 4962 posteritatis
2996 4897 3278 4948 rimlicaret.
3320 4900 3436 4950 Ila'c
3489 4916 3600 4952 vero
3625 4907 3765 4955 tanta

333 4979 384 5025 et
412 4979 516 5026 tam
544 4978 784 5027 inusitata
807 4978 1109 5027 llrotsuitha:
1137 4982 1430 5026 ornamenta
1473 4978 1523 5026 in
1554 4977 1772 5027 emnobio
1791 4979 1920 5040 quod
1946 4979 2185 5029 serenitas
2214 4982 2299 5026 tua
2327 4976 2679 5040 sapientissime
2709 4977 2874 5022 nostra
2894 4974 3135 5022 memoria
3167 4973 3451 5026 moderatur
3476 4991 3595 5027 cura
3623 4983 3672 5029 et
3689 4981 3769 5030 ui—

334 5050 471 5115 giliis
498 5052 799 5101 llrotsuithoe
825 5052 1093 5111 elaborata,
1113 5052 1229 5114 jure
1258 5052 1471 5114 quodam
1497 5053 1562 5101 ad
1579 5053 1897 5103 serenitatem
1920 5058 2057 5104 tuam
2077 5055 2352 5117 pertinent,
2390 5067 2499 5114 qua!
2528 5052 2717 5100 divinas
2745 5051 3080 5112 humanasque
3100 5054 3230 5099 artes
3256 5051 3406 5100 etiam
3434 5066 3566 5102 nunc
3599 5053 3765 5117 fovet;

338 5128 406 5183 et,
437 5126 850 5189 quemadmodum
880 5128 1049 5191 magni
1077 5128 1289 5177 nominis
1316 5128 1559 5185 antistita,
1587 5126 1845 5191 Gerburgis
1867 5130 1929 5188 Il,
1964 5131 2016 5179 in
2036 5129 2201 5178 media
2227 5128 2396 5176 seculi
2424 5127 2664 5185 barbarie,
2698 5126 2975 5175 litterarum
3005 5125 3169 5175 studia
3199 5126 3436 5190 bonasque
3464 5129 3666 5179 artesab
3684 5131 3773 5181 in-

340 5202 494 5251 teritu
513 5205 561 5251 et
582 5202 733 5252 exilio
752 5204 978 5263 asseruit,
999 5204 1069 5252 sic
1086 5202 1486 5252 reverendissima
1505 5204 1739 5251 serenitas
1758 5208 1843 5252 tua
1858 5205 2048 5267 pariter
2074 5217 2184 5252 cum
2215 5202 2627 5251 reverendissimis
2643 5201 3053 5262 serenissimisque
3072 5214 3302 5250 curarum
3316 5202 3665 5267 principalium
3685 5220 3771 5256 so-

340 5277 507 5327 ciabus
525 5276 744 5336 ducibus,
777 5279 1047 5339 decanissa;
1072 5279 1231 5329 Maria
1254 5277 1553 5337 Elisabetha,
1576 5278 1936 5342 Megapolitana
1956 5280 2076 5328 duce
2096 5282 2142 5327 et
2163 5277 2431 5336 canonissa;
2456 5278 2722 5335 Eleonora,
2743 5276 3187 5326 Brunswiscenium
3210 5291 3267 5326 ac
3303 5276 3773 5344 Lunmburgensium

342 5350 482 5413 duce,
504 5351 709 5416 benigne
739 5353 1099 5416 liberaliterque
1119 5353 1182 5402 ad
1201 5353 1330 5402 hunc
1349 5353 1477 5402 diem
1500 5367 1649 5416 usque
1670 5357 1858 5410 tuetur,
1881 5353 2123 5416 beneﬁciis
2142 5355 2286 5401 ornat
2307 5366 2364 5399 ac
2383 5353 2612 5414 muniﬁce
2632 5355 2900 5410 conservat,
2922 5351 3225 5415 gloriamque
3260 5355 3550 5405 transmittit
3570 5356 3637 5406 ad
3648 5371 3770 5422 pos—

343 5431 487 5487 teros,
509 5428 593 5491 qui
612 5428 801 5478 divinas
819 5432 965 5492 atque
993 5429 1346 5478 excelcissimas
1373 5429 1577 5477 virtutes
1602 5429 1880 5477 serenitatis
1900 5428 2143 5487 tum,dum
2164 5431 2307 5476 erunt
2327 5426 2702 5484 homines,ultro
2723 5430 2769 5475 et
2790 5430 3067 5476 constanter
3082 5427 3547 5493 pradirabuntﬂgo
3566 5433 3766 5496 quidem

343 5501 650 5567 inreligione
683 5508 927 5561 votorum.
961 5517 1070 5567 quae
1083 5517 1173 5568 pro
1199 5508 1285 5552 tua
1313 5504 1371 5555 η.
1395 5504 1657 5552 serenitate
1691 5504 1847 5554 Deum
1883 5503 2109 5566 facienda
2153 5506 2288 5560 sunt,
2329 5502 2630 5566 conquiesco,
2671 5506 2718 5551 et
2761 5501 2931 5551 laudes
2969 5505 3096 5562 tuas,
3125 5516 3275 5567 supra
3312 5518 3460 5567 quam
3488 5520 3519 5555 a
3555 5521 3634 5558 me
3674 5514 3769 5561 aut

348 5576 443 5629 diei
471 5582 558 5630 aut
577 5579 784 5646 cogitari
822 5584 1045 5647 possunt,
1075 5580 1323 5629 maximas
1341 5578 1532 5630 assidue
1558 5592 1777 5639 veneror,
1804 5579 2071 5647 Deumque,
2111 5578 2487 5630 celsissimarum
2534 5577 2843 5642 familiarum
2888 5581 3123 5629 statorem
3143 5592 3319 5647 precor
3336 5584 3392 5632 ut
3415 5584 3765 5641 reverendissi-
