4044 6176
324 372 446 440 948

1726 388 2341 456 PROLEGOMENA.

3616 381 3732 473 946

326 534 484 593 pam,
512 515 615 591 qui
636 521 771 575 ante
798 519 1204 591 pontificatum
1228 521 1579 582 Octavianus
1602 531 1691 583 est
1708 532 1969 597 vocatus,
2000 528 2055 596 Α
2082 528 2376 590 heimensis
2407 535 2469 591 in
2513 535 2756 595 Saronia
2783 538 2994 599 ordinis
3038 545 3214 602 nostri
3249 546 3527 603 monialis.
3582 550 3735 623 virgo

326 612 484 665 recte
507 607 629 664 zelo
654 608 935 681 rejecerit,
956 610 1445 669 dissentientibus
1466 614 1790 687 quamlibet
1813 618 1979 673 Baro-

2087 621 2309 688 nobilis,
2338 624 2397 678 in
2428 624 2634 682 divinis
2663 627 2958 701 Scrtpturis
2982 633 3150 688 simul
3179 642 3231 689 et
3272 636 3333 690 in
3368 621 3735 697 saecularibus

326 697 422 753 nio
454 702 512 753 et
542 697 914 765 Bellarmino,
940 697 1122 756 altero
1167 702 1238 757 ad
1288 720 1509 759 annum
1542 703 1758 761 Christi
1787 706 1893 761 964
1923 710 1980 763 et
2088 710 2283 768 litteris
2311 714 2732 786 studiosissimo,
2764 697 2933 776 metro
2963 724 3133 778 simul
3169 725 3383 781 erudita
3420 728 3658 785 scribere
3685 736 3741 787 et

325 787 449 856 966,
485 787 666 843 altero
696 790 731 841 2
761 787 832 843 de
864 788 998 859 jure
1039 789 1206 845 Rom.
1240 792 1449 863 pontii.
1479 794 1569 861 29,
1607 811 1869 867 respons.
1904 797 1976 851 ad

326 880 741 949 argumentum
776 877 827 943 4,
853 877 1165 947 aientibus,
1191 879 1420 937 Ottonis
1451 881 1646 955 Magni
1693 882 1881 939 zelum
1915 884 1975 939 in

324 963 796 1021 exauctoratione
820 965 1067 1022 Joannis
1086 967 1206 1036 XII,
1233 969 1341 1024 etsi
1365 970 1607 1041 bonum,
1633 988 1748 1028 non
1777 975 1974 1029 tamen

324 1058 547 1110 rectum
582 1053 761 1110 fuisse
784 1070 888 1110 nec
921 1057 1244 1111 secundum
1277 1058 1605 1114 scientiam.
1632 1063 1888 1127 Quorum
1919 1067 1976 1118 et

322 1143 675 1199 sententiam
709 1144 962 1199 maxime
995 1144 1417 1202 defendendam
1465 1155 1850 1222 susceperunt
1878 1151 1973 1207 Al-

322 1231 587 1304 phonsus
610 1231 897 1289 Ciaconus
928 1237 984 1289 et
1010 1235 1376 1306 Augustinus
1406 1236 1707 1307 Oldoinus,
1733 1239 1791 1295 in
1822 1240 1973 1297 Vitis

322 1326 379 1378 et
409 1323 581 1378 rebus
611 1322 793 1395 gestis
825 1323 1167 1395 pontificum
1200 1325 1596 1382 Romanorum
1628 1332 1683 1383 et
1712 1330 1974 1386 cardina-

318 1410 488 1478 lium,
522 1412 595 1466 ad
626 1428 849 1467 annum
879 1411 1005 1480 956,
1032 1430 1088 1485 p.
1122 1414 1249 1469 715.
1268 1414 1458 1471 Verba
1499 1416 1811 1473 Roswithze
1843 1436 1969 1491 qua}

322 1501 382 1557 in
405 1500 540 1557 Vita
570 1501 799 1557 Ottonis
831 1502 1027 1576 Magni
1061 1507 1291 1560 exstant
1319 1504 1441 1561 haec
1472 1511 1612 1562 sunt
1645 1523 1657 1561 :

383 1616 619 1682 Qualiter
642 1619 699 1668 et
727 1618 1222 1682 recticompunctis
1246 1623 1490 1672 acumine
1520 1623 1619 1674 zeli

383 1680 663 1749 _S_ummum
692 1680 994 1749 pontificem
1014 1680 1270 1746 quaedam
1302 1698 1553 1749 perversa
1580 1689 1905 1749 patrantem,

381 1742 506 1810 Ejus
535 1755 635 1791 nec
662 1742 1222 1810 monitis‘dignantem
1245 1742 1441 1810 cedere
1471 1742 1686 1810 crebris,

380 1805 863 1870 Sedisqapostolicm
887 1805 1123 1857 fraudari
1152 1808 1280 1858 fecit
1308 1808 1532 1870 honore,

379 1866 718 1918 Constituens
746 1867 906 1918 alium
937 1870 1157 1921 rectoris
1185 1872 1403 1923 nomine
1433 1866 1675 1938 dignum.

312 1963 398 2026 De
426 1965 893 2022 exauctoratione
914 1965 1159 2024 Joannis
1180 1967 1279 2025 ΧΙΙ
1306 1968 1417 2042 legi
1453 1975 1753 2027 merentur
1774 1973 1965 2029 Theo-

314 2053 548 2110 dericus
572 2054 643 2110 de
668 2054 939 2124 Niem,et
978 2072 1048 2112 ex
1081 2073 1146 2113 eo
1189 2057 1538 2115 Meibomius
1579 2059 1638 2115 in
1690 2060 1842 2116 notis
1892 2063 1963 2118 ad

315 2143 713 2212 Roswitham;
756 2147 883 2200 tum
933 2145 1189 2202 Joannes
1242 2146 1525 2203 Henricus
1570 2148 1860 2205 Bmelerus
1903 2149 1963 2206 in

316 2232 739 2289 commentario
759 2233 841 2289 De
862 2234 1037 2291 rebus
1058 2235 1253 2291 saeculi
1276 2252 1309 2292 a
1330 2235 1557 2293 Christo
1597 2242 1732 2294 nato
1754 2256 1810 2295 ιχ
1830 2244 1886 2296 et
1905 2256 1960 2310 x,

313 2323 370 2376 et
388 2319 692 2393 speciatim
714 2322 774 2378 in
795 2322 1032 2392 Ottone;
1055 2323 1311 2381 Joannes
1327 2324 1627 2383 Cenradus
1644 2327 1965 2386 Dieterieus

313 2409 373 2466 in
397 2408 652 2465 Historia
668 2410 898 2467 Ottonis
921 2411 1145 2485 Magni;
1167 2414 1538 2471 Hermannus
1555 2415 1862 2491 Coringius
1883 2418 1965 2475 De

313 2498 533 2555 finibus
578 2499 831 2571 imperii.
856 2503 990 2568 Qua:
1035 2501 1292 2559 Joannes
1339 2504 1636 2561 Launoius
1667 2522 1697 2561 e
1727 2506 1962 2563 nomine

309 2591 514 2649 contra
534 2588 849 2646 Baronium
871 2590 1062 2659 affert,
1081 2590 1195 2663 legi
1218 2597 1466 2665 possunt
1488 2593 1546 2649 in
1582 2595 1710 2665 ejus
1740 2595 1960 2669 episto-

310 2675 404 2747 lis,
439 2680 589 2748 part.
623 2694 701 2748 ιν,
732 2677 980 2749 epistola
1013 2679 1062 2748 1,
1096 2680 1168 2736 ad
1214 2681 1569 2737 Ludovicum
1605 2683 1957 2754 Martesium,

310 2764 650 2839 theologum
717 2764 1138 2838 Parisiensem,
1213 2769 1452 2843 scripta.
1512 2772 1715 2827 Tradit
1784 2772 1958 2828 etiam

310 2851 585 2927 religiosa
605 2855 878 2912 sacerdos
896 2852 1067 2928 plura
1081 2857 1152 2915 de
1170 2857 1495 2932 Ludolpho,
1512 2859 1741 2917 Ottonis
1763 2860 1960 2935 Magni

312 2942 454 3012 ﬁlio,
489 2943 641 3000 scitu
682 2943 879 3018 digna,
914 2943 1139 3019 hocque
1188 2948 1378 3021 magis
1427 2949 1808 3016 observanda,
1844 2966 1959 3023 quo

306 3030 443 3106 plus
476 3049 511 3088 a
540 3031 897 3106 reliquorum
931 3034 1285 3107 scriptorum
1316 3035 1429 3093 fide
1461 3038 1760 3094 recedunt.
1788 3039 1956 3109 Nam,

310 3136 438 3194 quae
470 3119 541 3176 de
582 3120 827 3177 dissidio
868 3121 1041 3193 civili,
1074 3127 1308 3181 auctore
1354 3125 1658 3199 Ludolpho
1689 3127 1957 3198 excitato,

306 3215 845 3267 commemorantur
873 3210 933 3267 in
975 3212 1384 3287 supplemento
1416 3214 1757 3288 Reginonis,
1788 3216 1961 3289 plene

306 3315 442 3355 cum
477 3296 813 3356 narratione
845 3300 1164 3357 Roswithze
1214 3318 1330 3358 non
1380 3303 1753 3360 conveniunt.
1790 3305 1960 3362 Putat

304 3390 501 3444 tamen
532 3386 627 3442 hic
668 3387 979 3460 Boeclerus,
1011 3390 1162 3446 hanc
1193 3391 1511 3449 Roswitha:
1563 3394 1957 3451 narrationem

306 3475 366 3533 in
389 3475 525 3531 Vita
552 3475 784 3534 Ottonis
806 3478 1001 3550 Magni
1023 3496 1232 3552 parum
1265 3498 1393 3538 esse
1416 3481 1722 3553 sinceram,
1749 3486 1960 3540 etcum

308 3563 688 3620 simulatione
718 3566 973 3638 quadam
1004 3570 1367 3640 permistam.

382 3651 455 3710 Ut
476 3670 632 3709 nunc
652 3654 830 3709 etiam
855 3660 1162 3713 auctorum
1187 3658 1538 3715 testimoniis
1560 3663 1957 3733 comprobem,

305 3741 596 3815 virginem
637 3743 1005 3800 Roswitham
1050 3746 1435 3816 sacerdotem,
1469 3751 1527 3803 et
1565 3748 1859 3805 natalibus
1891 3734 1960 3806 ἣ-

307 3829 577 3900 lustrem,
621 3832 855 3889 natione
903 3833 1309 3891 Germanicam
1355 3841 1413 3891 et
1460 3841 1632 3910 gente
1678 3838 1963 3896 Saxonica

308 3924 676 3995 prognatam,
711 3936 741 3976 e
774 3938 834 3978 re
884 3939 1016 3978 mea
1053 3939 1180 3980 esse
1210 3925 1429 3996 putavi.
1455 3924 1646 3982 Primo
1695 3926 1852 3983 enim
1901 3926 1960 3984 id

306 4006 530 4064 indicat
550 4009 989 4066 vetustissimus
1012 4012 1327 4069 Roswithaa
1349 4008 1594 4087 operum
1622 4017 1819 4084 codex,
1846 4034 1963 4073 ma-

306 4113 386 4152 nu
419 4095 685 4153 mulieris
711 4099 1099 4172 conscriptus,
1124 4118 1257 4158 cum
1286 4102 1467 4175 hujus
1494 4103 1702 4161 titulus
1724 4105 1962 4162 Roswi-

306 4184 472 4242 tham
505 4189 826 4243 nostratem
855 4188 1143 4261 virginem
1176 4190 1493 4248 monialem
1526 4192 1959 4264 Germanicam,

307 4279 481 4348 gente
521 4275 892 4344 Saxonicam,
929 4278 1212 4336 nominet.
1237 4280 1537 4348 Praeterea,
1571 4287 1783 4353 praesto
1815 4282 1961 4339 mihi

308 4369 470 4433 sunt,
494 4364 777 4423 Henricus
809 4366 986 4436 Bodo,
1012 4369 1310 4440 quondam
1350 4369 1407 4424 in
1448 4370 1634 4426 Clusae
1676 4372 1959 4439 coenobio,

302 4453 464 4525 quod
489 4452 624 4509 fano
648 4454 1202 4513 Gandersheimensi
1233 4458 1564 4530 proximum
1609 4463 1721 4528 est,
1754 4460 1962 4516 doctus

306 4546 486 4614 atque
507 4541 760 4616 diligens
780 4545 1127 4615 monachus,
1153 4545 1254 4619 qui
1288 4546 1346 4601 in
1370 4547 1642 4604 chronico
1675 4565 1780 4605 suo
1803 4549 1961 4606 Gan-

1995 1902 2044 1967 B

2079 807 2264 863 prosa,
2298 810 2397 850 nec
2424 798 2608 852 minns
2655 799 2960 857 eruditione
2989 819 3151 874 quam
3180 806 3311 861 vitae
3354 810 3547 864 merito
3575 824 3733 866 vene-

2084 881 2278 971 randa,
2310 887 2419 939 etc.
2456 886 2612 942 Idem
2646 888 2695 943 is
2726 893 2785 961 et
2814 890 2921 946 hoc
2943 895 3197 948 testatur
3224 894 3281 949 in
3306 895 3576 971 Catologo
3607 898 3737 956 illu-

2085 970 2297 1026 strium
2335 973 2615 1043 virorum,
2649 993 2706 1049 p.
2743 979 2845 1033 129
2885 980 3159 1037 editionis
3203 970 3669 1042 Francofurtanaa
3699 1006 3734 1044 a

2084 1058 2435 1132 Marquardo
2464 1064 2710 1120 Frehero
2731 1066 3029 1139 evulgatze.
3052 1070 3307 1127 Joannes
3336 1073 3731 1145 Cuspinianus

2082 1148 2140 1203 in
2174 1148 2382 1206 Ottone
2414 1152 2625 1225 Magno
2659 1155 2836 1210 tradit
2880 1159 3183 1229 sequentia
3213 1177 3225 1214 :
3262 1162 3361 1217 Res
3384 1171 3555 1228 gestas
3588 1164 3730 1222 Otto-

2079 1239 2169 1293 nis
2200 1239 2470 1296 Roswitha
2498 1245 2757 1300 monialis
2788 1247 3065 1318 complexa
3086 1257 3167 1304 est
3192 1251 3456 1321 versibus,
3485 1255 3581 1325 qui
3609 1254 3735 1312 licet

2078 1328 2193 1382 sint
2222 1335 2284 1383 ut
2311 1337 2550 1402 tempora
2575 1333 2838 1404 ferebant,
2872 1352 3045 1409 neque
3078 1338 3364 1410 elegantes,
3397 1358 3570 1414 neque
3596 1346 3729 1400 satis

2079 1418 2234 1483 culti,
2284 1421 2601 1477 mirandum
2649 1431 2827 1479 tamen
2874 1434 2971 1496 est,
3024 1429 3308 1499 ingenium
3354 1432 3622 1489 muliebre
3668 1437 3727 1490 in

2079 1506 2342 1578 Saxonia,
2373 1517 2425 1565 et
2459 1512 2519 1565 in
2546 1513 2669 1583 ipsa
2700 1512 2951 1571 barbarie
2978 1516 3263 1575 educatum
3292 1527 3344 1576 et
3367 1524 3633 1593 genitum,
3664 1541 3730 1581 ea

2075 1605 2341 1670 praestare
2377 1602 2637 1671 potuisse.
2699 1602 2884 1659 Lilius
2943 1605 3257 1679 Gregorius
3299 1610 3609 1683 Gyraldus,
3639 1614 3730 1670 vir

2079 1701 2218 1741 sane
2248 1687 2648 1756 doctissimus,
2673 1693 2773 1747 sed
2806 1692 3066 1764 meliore,
3088 1700 3154 1751 ut
3175 1697 3246 1753 de
3276 1715 3342 1753 eo
3373 1701 3567 1772 prodit
3596 1703 3729 1759 Bar-

2077 1774 2239 1832 thius
2265 1775 2325 1832 in
2355 1777 2662 1834 Animadv.
2696 1785 2751 1835 et
2781 1782 2953 1837 Statii
2986 1785 3048 1839 L.
3070 1784 3138 1839 V.
3164 1786 3302 1842 Silv.
3338 1789 3507 1861 II,.T.
3541 1791 3583 1861 Ι,
3617 1792 3727 1847 for-

2077 1868 2222 1954 tuna
2242 1865 2478 1939 dignus,
2503 1868 2573 1923 de
2595 1870 2783 1941 poetis
2808 1870 3106 1930 historicis
3127 1874 3358 1949 dialogo
3378 1896 3415 1934 v
3436 1879 3547 1935 ait:
3570 1879 3725 1954 Apud

2074 1952 2342 2021 Saxonas,
2376 1956 2433 2011 id
2464 1957 2602 2029 quod
2632 1959 2772 2015 mihi
2819 1963 3087 2019 miraculo
3122 1967 3441 2035 proximum
3488 1952 3719 2040 videtur,

2072 2042 2262 2112 ﬂoruit
2285 2045 2555 2103 Roswitha
2582 2049 2861 2104 monialis.
2896 2050 3178 2124 Georgius
3209 2054 3529 2125 Fabricius,
3561 2057 3719 2132 Orig.

2074 2132 2406 2189 Saxonicar.
2439 2134 2540 2190 lib.
2562 2153 2623 2205 ιι,
2648 2136 2769 2192 haec
2803 2138 2873 2194 de
2913 2138 3221 2197 Roswitha
3256 2144 3412 2200 fatur
3443 2162 3456 2202 :
3489 2147 3565 2202 De
3594 2148 3721 2204 Ros-

2072 2222 2239 2279 witha
2288 2226 2499 2296 poetria
2547 2228 2745 2282 rectius
2792 2228 3101 2299 gloriantur
3151 2231 3411 2291 Saxones.
3464 2235 3623 2292 Idem
3673 2238 3723 2293 is

2071 2312 2250 2383 hujus
2273 2313 2630 2370 mentionem
2651 2315 2791 2372 facit
2812 2316 2871 2373 in
2895 2318 3043 2375 libro
3063 2319 3144 2378 De
3165 2323 3352 2394 poetis
3374 2324 3719 2397 Germanim,

2071 2400 2291 2476 Caspar
2319 2403 2659 2473 Bruschius,
2685 2406 2742 2460 in
2768 2406 3021 2465 Historia
3041 2414 3551 2485 monasteriorum,
3577 2417 3721 2475 Ros-

2069 2491 2322 2547 witham
2346 2496 2664 2550 nostratem
2696 2496 2950 2567 puellam
2975 2501 3321 2558 Saxonicam
3347 2509 3531 2561 vocat.
3556 2508 3719 2573 Quod

2070 2580 2365 2638 luculento
2386 2583 2562 2638 etiam
2584 2586 2892 2641 confirmat
2913 2589 3246 2645 testimonio
3270 2593 3559 2651 Antonius
3592 2595 3751 2654 Pos—'

2071 2671 2327 2740 sevinus,
2359 2671 2416 2727 in
2467 2673 2763 2746 Apparatu
2810 2675 3175 2734 bibliotheca:
3224 2697 3400 2737 sacrae
3445 2683 3527 2739 ita
3575 2686 3717 2741 seri-

2070 2760 2213 2816 bens
2249 2776 2261 2815 :
2296 2760 2759 2836 Rosvidis,'quam
2788 2765 2929 2820 alibi
2956 2766 3235 2837 Rosvitim,
3258 2770 3363 2826 alii
3389 2772 3717 2842 Roswidam,

2069 2848 2361 2915 Saxonica,
2401 2865 2595 2921 genere
2649 2859 2702 2906 et
2751 2854 2973 2923 familia
3028 2854 3182 2911 valde
3226 2856 3451 2914 nobilis.
3484 2858 3717 2934 Reliqui

2071 2955 2293 3006 omnes,
2327 2942 2393 2993 ut
2423 2938 2652 2995 Gabriel
2685 2941 2943 2997 Bucelini
2973 2942 3033 2998 in
3065 2943 3378 3002 Germania
3406 2949 3717 3021 topochro-

2069 3029 2806 3102 no-stemmato-graphica
2855 3048 3021 3088 sacra
3066 3036 3123 3088 et
3170 3035 3414 3106 profana
3464 3041 3615 3109 part.
3667 3056 3716 3108 ις

2070 3116 2360 3173 Gerardus
2408 3117 2663 3175 Joannes
2712 3119 2969 3189 Vossius,
3024 3122 3105 3179 De
3152 3122 3448 3181 historicis
3494 3127 3720 3187 Latinis

2070 3205 2172 3262 lib.
2204 3224 2266 3274 ιι,
2299 3223 2348 3262 c.
2383 3208 2479 3274 41;
2513 3208 2789 3264 Joannes'
2813 3209 3098 3268 Henricus
3142 3213 3431 3271 Bmclerus
3462 3215 3521 3271 in
3553 3232 3720 3273 com-

2070 3297 2319 3348 mentar.
2354 3294 2433 3349 De
2477 3295 2652 3350 rebus
2703 3296 2898 3352 saeculi
2951 3315 2984 3353 a
3032 3298 3262 3357 Christo
3312 3306 3447 3359 nato
3478 3320 3535 3359 1x
3565 3309 3622 3361 et
3653 3323 3718 3374 x;

2071 3381 2392 3439 Casimirus
2436 3384 2625 3439 Oudin
2675 3384 2735 3440 in
2786 3386 3185 3459 Supplement.
3218 3392 3290 3447 de
3336 3392 3743 3468 scriptoribus

2071 3472 2478 3529 ecclesiasticis
2510 3490 2543 3528 a
2571 3474 2921 3531 Bellarmino
2951 3476 3208 3547 omissis,
3241 3498 3298 3552 p.
3332 3482 3465 3552 311;
3500 3481 3720 3542 Caveus

2072 3561 2131 3616 in
2162 3562 2415 3618 Historia
2458 3562 2742 3619 litteraria
2783 3566 3134 3638 scriptorum
3166 3568 3717 3645 ecclesiasticorum,

2072 3667 2129 3722 p.
2160 3652 2283 3717 412,
2319 3654 2375 3706 et
2406 3650 2721 3707 novissime
2751 3654 2905 3709 Elias
2938 3656 3016 3710 du
3050 3650 3175 3723 Pin,
3210 3661 3353 3713 tom.
3390 3660 3517 3715 VIII
3550 3661 3719 3717 Nova:

2072 3738 2439 3795 Bibliotheca:
2470 3744 2774 3795 auctorum
2807 3742 3357 3815 ecclesiasticorum,
3382 3763 3501 3802 una
3525 3753 3722 3805 mente

2071 3832 2247 3901 atque
2270 3829 2560 3885 sententia
2581 3831 2983 3901 comprobant,
3008 3837 3326 3889 nostratem
3351 3834 3718 3895 Roswitham

2068 3917 2356 3991 virginem
2390 3918 2570 3974 fuisse
2600 3918 2914 3975 illustrem.
2937 3921 3137 3993 Neque
3158 3922 3232 3977 ab
3262 3922 3355 3978 his
3386 3923 3559 3979 Henr.
3586 3926 3720 3981 Mei-

2070 4008 2305 4064 bomius
2336 4008 2394 4063 in
2424 4007 2557 4064 Vita
2601 4008 2932 4064 Roswithm‘
2953 4009 3220 4079 discedit,
3253 4010 3403 4067 hanc
3432 4012 3717 4088 virginem

2069 4096 2359 4152 illustrem
2383 4097 2616 4153 natione
2639 4096 3068 4167 Germanicam,
3084 4101 3254 4171 gente
3275 4099 3560 4159 Saxonica
3583 4118 3717 4175 pro-

2071 4190 2309 4260 gnatam
2349 4186 2962 4259 cvincens.,Spectant
3018 4192 3075 4244 et
3129 4188 3245 4245 huc
3294 4191 3720 4265 epigrammata

2071 4276 2409 4332 Sodalitatis
2440 4276 2758 4348 litterariae,
2783 4294 2908 4350 qua:
2928 4278 2987 4333 in
3011 4278 3198 4351 Opera
3220 4280 3557 4350 Roswithm,
3583 4298 3719 4338 cum

2070 4365 2239 4421 Conr.
2265 4365 2451 4422 Celtes
2501 4383 2567 4422 ea
2616 4366 2875 4439 primum
2908 4367 2967 4423 in
2998 4367 3189 4424 lucem
3236 4368 3548 4439 emitteret,
3580 4376 3722 4427 sunt

2070 4454 2351 4524 confecta,
2385 4460 2443 4511 et
2473 4472 2678 4511 rursus
2710 4455 2849 4511 huic
2879 4456 3119 4513 editioni
3151 4461 3285 4529 post
3308 4456 3483 4514 Celtis
3513 4460 3718 4531 prmia-

2070 4544 2290 4601 tionem
2323 4545 2660 4616 subjuneta,
2707 4546 3055 4601 nominatim
3102 4547 3347 4602 Joannis
3393 4545 3720 4621 Dalburgii,

296 4629 761 4702 .dersheimensi,
786 4634 941 4705 quod
963 4633 1262 4708 Syntagma
1288 4635 1354 4692 de
1372 4639 1772 4693 canstructione
1800 4654 1968 4695 cumo-
1995 4643 2044 4708 D
2072 4633 2315 4691 Joannis
2365 4633 2715 4703 Tritheimii,
2742 4634 2973 4691 Henrici
3024 4635 3094 4690 de
3144 4635 3369 4709 Bunau,
3401 4634 3613 4692 Ololiki
3651 4638 3723 4694 de

309 4718 390 4776 bii
419 4719 791 4791 Gandesiensi,
817 4724 1147 4795 perfectione
1176 4741 1385 4799 quoque
1412 4734 1462 4782 et
1494 4726 1787 4794 defectione
1814 4730 1963 4801 ejus-

306 4807 428 4865 dem
448 4808 811 4878 inscribitur,
828 4816 888 4867 et
910 4812 967 4867 in
986 4817 1145 4869 tomo
1168 4813 1218 4870 II
1240 4814 1455 4870 Rerum
1479 4814 1959 4874 Germanicarum

307 4884 606 4955 Meibomii
637 4904 849 4967 exstat,
883 4901 1249 4959 Roswitbam
1280 4903 1433 4960 hanc
1463 4903 1752 4961 illustrem
1786 4904 1961 4980 virgi-

306 5003 443 5043 nem
475 4991 533 5043 et
560 4988 905 5046 Saxonicam
947 4991 1232 5047 nominat.
1253 4991 1446 5049 Verba
1474 4995 1622 5066 ejus,
1648 5011 1776 5067 quas
1806 4996 1959 5069 apud

304 5076 692 5133 Meibomium
742 5083 887 5140 tom.
922 5080 992 5150 II,
1023 5097 1082 5153 p.
1115 5080 1239 5149 490,
1268 5079 1565 5155 leguntur,
1598 5082 1720 5139 haec
1771 5089 1911 5140 sunt
1943 5102 1957 5140 :

306 5164 418 5221 Sub
450 5166 829 5224 illustrissima
851 5168 1072 5225 domina
1098 5169 1368 5241 Garburgi
1398 5172 1502 5227 ista
1529 5173 1766 5229 secnnda
1794 5175 1962 5229 vitam

307 5256 416 5325 egit
443 5271 509 5310 ac
539 5256 730 5325 ﬂoruit
772 5258 1007 5313 illustris
1038 5260 1189 5330 virgo
1218 5261 1653 5317 sanctimonialis
1690 5263 1961 5328 Hrosvita,

309 5344 370 5399 in
398 5342 640 5401 Sawonia
668 5354 818 5415 nata,
847 5348 991 5404 miro
1020 5349 1238 5419 ingenio
1268 5365 1334 5404 ac
1358 5348 1605 5406 doctrina
1634 5351 1867 5419 clarens,
1902 5353 1963 5408 in

309 5440 537 5505 utroque
576 5435 852 5492 scribendi
904 5452 1099 5508 genere
1143 5436 1511 5494 admirabilis.
1544 5438 1801 5496 Joannes
1830 5439 1962 5497 Tri-

308 5521 590 5578 theimius
629 5528 789 5581 tome
840 5525 864 5581 Ι
911 5524 1226 5581 Annalium
1276 5525 1784 5600 Hirsaugiensium
1831 5547 1960 5585 eam

309 5608 593 5683 virginem
613 5612 1182 5686 nobilemznominat,
1206 5631 1339 5671 cum
1364 5615 1581 5672 ibidem
1606 5617 1725 5673 ait:
1749 5619 1970 5675 Claruit

313 5697 396 5756 his
432 5703 597 5759 etaim
636 5703 965 5776 temporibus
1015 5704 1285 5762 Roswitha
1328 5708 1648 5765 monasterii
1699 5706 1961 5766 Ganders-

2074 4723 2255 4792 Stein,
2295 4722 2597 4779 Wilibaldi
2656 4723 3056 4797 Byrkhameri,
3106 4724 3351 4781 Joannis
3406 4724 3721 4799 Tholophi,

2069 4813 2301 4871 Henrici
2335 4812 2701 4886 Groningeri,
2742 4811 2987 4868 Joannis
3016 4810 3273 4881 Verneri,
3310 4811 3544 4869 Martini
3576 4812 3716 4869 Mel-

2068 4901 2351 4971 lerstadii,
2385 4901 2633 4958 Conradi
2663 4901 2857 4969 Celtis,
2885 4900 3130 4957 Joannis
3160 4901 3452 4971 Laterani,
3474 4901 3719 4960 Joannis

2068 4993 2276 5061 Stabii,
2312 4991 2528 5048 Urbani
2561 4989 2903 5063 Praepusini,
2937 4990 3265 5046 Sebastiani
3306 4991 3589 5063 Sprenzii,
3615 4991 3717 5064 qui

2070 5080 2437 5139 Roswitham
2484 5082 2804 5135 nostratem
2855 5083 2913 5135 et
2949 5080 3179 5153 generis
3217 5079 3502 5153 dignitate
3550 5079 3717 5136 illus-

2070 5174 2240 5240 trem,
2270 5173 2329 5225 et
2374 5172 2544 5242 gente
2595 5169 2878 5224 Saxonica
2932 5168 3113 5224 fuisse
3165 5173 3373 5239 ortam,
3408 5170 3480 5226 ad
3530 5185 3717 5227 unum

2070 5275 2275 5314 omnes
2305 5258 2673 5313 confirmant.
2822 5293 2839 5299 -
3680 5330 3683 5335 ί

2142 5348 2269 5404 Non
2314 5347 2424 5402 fuit
2477 5348 2676 5420 itaque
2732 5348 2967 5404 natione
3013 5348 3219 5422 Angla,
3254 5354 3320 5405 ut
3368 5350 3721 5407 Laurentius

2071 5436 2449 5502 Humfredus,
2470 5435 2714 5509 Anglus,
2739 5453 2933 5493 errore
2962 5438 3196 5506 ductus,
3232 5437 3478 5510 putavit,
3502 5439 3721 5512 quippe

2073 5526 2171 5599 qui
2203 5542 2331 5581 eam
2362 5525 2520 5598 genti
2560 5525 2892 5599 Anglicanae
2923 5526 3219 5582 vindicare
3261 5525 3509 5595 studuit,
3545 5530 3720 5600 atque

2073 5613 2438 5670 Roswitham
2462 5614 2612 5670 hanc
2632 5632 2744 5670 non
2768 5614 2943 5670 aliam
2962 5632 3140 5687 quam
3157 5615 3443 5689 virginem
3462 5615 3718 5685 Hildam,

2072 5720 2199 5774 qua:
2230 5702 2657 5761 Northumbria:
2690 5702 3069 5776 provinciam,
3095 5706 3155 5762 in
3177 5722 3294 5778 qua
3326 5710 3462 5763 nata
3486 5710 3630 5777 erat,
3664 5710 3723 5763 et
