4044 6176
329 317 447 386 947

1533 315 1636 386 AD
1679 322 1940 387 OPERA
1981 323 2538 388 HROTSUITHJE.

3624 325 3746 392 918

321 471 561 516 omnem
591 453 955 515 Britanniam
983 454 1293 532 insigniter
1326 457 1660 526 illustravit,
1695 459 1970 515 audacter
1994 456 2051 528 Α
2081 457 2283 515 batissa
2310 461 2368 514 in
2387 457 2808 516 Streoncsheule.
2837 459 2989 515 Tum
3009 457 3366 517 Wilhelmus
3387 458 3746 518 Malmesbu-

323 547 516 620 magis
547 563 726 620 quam
756 564 887 604 vere
915 547 1172 602 tradidit.
1201 547 1312 603 Sed
1361 565 1719 620 magnopere
1750 547 1976 604 fallitur

320 635 689 704 Humfredes,
713 635 1186 708 quandoquidem
1215 652 1348 690 eum
1373 640 1430 690 et
1461 636 1725 692 locorum
1747 640 1805 690 et
1837 641 1976 692 tem-

317 741 530 798 porum
575 723 828 780 rationes
877 723 1172 778 ret‘cllunt.
1203 725 1443 780 Constat
1471 725 1626 781 enim
1682 743 1752 782 ex
1799 727 1972 794 Beda,

318 814 474 886 quod
506 811 693 881 Ililda,
717 812 886 884 uirgo
927 813 1324 873 sanctissima.
1351 819 1407 869 ct
1437 814 1728 886 virginum
1775 813 1974 886 Angli-

317 919 598 960 canarum
631 903 930 974 quondam
961 903 1142 958 decus
1176 908 1234 958 et
1265 909 1698 970 ornamentum,
1726 908 1857 975 post
1879 920 1977 958 an-

318 1009 464 1048 num
495 991 684 1048 aetatis
714 991 956 1047 tertium
979 995 1036 1047 et
1054 991 1444 1060 tricesimum,
1468 993 1756 1048 abdicatis
1778 991 1975 1046 saeculi

312 1080 576 1153 juribus,
609 1080 800 1136 ordini
831 1097 998 1136 sacro
1030 1097 1092 1136 se
1133 1081 1438 1148 addixerit,
1473 1087 1531 1136 et
1561 1101 1628 1137 ex
1659 1082 1974 1136 Northum-

320 1171 452 1227 bria
480 1168 671 1242 patria
701 1187 828 1238 sua,
851 1169 910 1224 in
941 1169 1212 1242 Angliam
1234 1169 1596 1236 orientalem,
1621 1172 1792 1242 cujus
1824 1170 1975 1243 regis

323 1258 656 1332 propinqua
675 1261 822 1325 erat,
847 1259 1105 1329 profecta
1125 1258 1318 1326 fuerit,
1343 1276 1409 1314 eo
1440 1259 1676 1330 quidem
1709 1258 1972 1327 consilio,

325 1349 392 1403 ut
417 1346 555 1402 inde
585 1347 828 1417 trajecto
861 1345 1008 1400 mari
1041 1345 1262 1402 veniret
1292 1347 1350 1402 in
1379 1348 1646 1415 Galliam,
1671 1351 1728 1404 et
1757 1348 1974 1404 ibidem

324 1435 386 1491 in
417 1433 680 1492 cmnobio
711 1435 967 1508 quodam
1017 1435 1134 1492 Deo
1164 1452 1227 1492 se
1256 1435 1551 1509 vitamque
1597 1436 1974 1509 dicaret.§Sed

321 1523 450 1598 ipsa
473 1524 858 1581 nihilominus
881 1524 940 1580 in
964 1525 1372 1597 peregrinandi
1397 1526 1692 1598 proposito
1715 1543 1818 1599 per
1837 1526 1976 1582 inte-

321 1631 493 1688 grum
527 1629 748 1670 annum
780 1613 1131 1686 persistebat
1159 1614 1217 1669 in
1247 1613 1458 1687 Anglia
1478 1613 1974 1686 orientali,quoad

320 1707 531 1776 praeter
559 1702 1052 1780 exspectationem
1081 1702 1154 1758 ab
1186 1703 1458 1774 episcopo
1487 1703 1709 1758 Aidano
1760 1703 1818 1757 in
1868 1720 1976 1776 pa-

320 1791 497 1848 triam
527 1795 915 1848 revocaretur.
949 1791 1012 1847 Id
1044 1791 1144 1847 ubi
1175 1791 1396 1848 factum
1431 1795 1540 1860 est,
1568 1791 1762 1848 locum
1797 1792 1974 1848 unius

325 1881 560 1938 familiai
582 1882 654 1938 ad
677 1879 1138 1954 septentrionem
1161 1880 1416 1954 plagam,
1433 1885 1499 1937 ut
1520 1881 1973 1955 loquituereda,

325 1971 493 2029 Viuri
525 1971 789 2029 ﬂuminis
817 1969 1062 2043 accepit,
1086 1975 1144 2026 et
1164 1988 1327 2042 teque
1348 1970 1428 2026 ibi
1451 1987 1635 2026 unum
1657 1988 1878 2026 annum
1900 1971 1980 2025 vi-

320 2065 444 2118 tam
476 2059 810 2134 religiosam
831 2076 966 2115 cum
998 2059 1307 2132 perpaucis
1328 2059 1504 2115 sociis
1532 2059 1840 2132 transegit,
1861 2059 1972 2127 vel,

318 2153 392 2206 ut
410 2149 674 2222 loquitur
689 2147 1980 2224 MatthieusWestmenasteriensis,abbatissa

323 2242 482 2298 facta
511 2239 688 2297 fuerit
717 2241 788 2296 de
813 2239 1108 2311 Hertesey.
1133 2237 1236 2294 Cui
1278 2237 1508 2293 muneri
1537 2242 1741 2310 postea
1773 2239 1834 2293 in
1865 2255 1976 2294 coa-

326 2331 502 2388 nobio
541 2347 578 2387 a
619 2345 683 2386 se
731 2331 1066 2386 constructo
1119 2325 1555 2395 Streanshalch,
1591 2327 1649 2382 in
1699 2327 1979 2382 comitatu

331 2419 686 2477 Eboracensi
710 2417 854 2496 site,
876 2433 1112 2474 summa
1131 2433 1273 2472 cura
1292 2416 1607 2488 studioque
1637 2417 1886 2488 praefuit,
1919 2415 1978 2471 in

295 2525 512 2583 .eoque
539 2509 670 2566 vitae
700 2524 911 2582 genere
937 2522 1126 2579 usque
1171 2506 1243 2561 ad
1282 2510 1530 2562 mortem
1571 2507 1974 2578 perseveravit.

325 2599 520 2656 Testis
539 2602 629 2656 est
647 2596 1004 2664 luculentus,
1032 2595 1132 2668 qui
1160 2596 1315 2668 apud
1347 2595 1562 2651 Bedam
1585 2599 1792 2664 exstat,
1817 2595 1980 2650 locus

327 2687 431 2746 lib.
483 2705 570 2757 ιιι,
621 2703 674 2744 c.
721 2687 812 2754 33,
844 2685 1060 2742 Hister.
1109 2683 1432 2740 ecclesiast.
1465 2683 1654 2739 Verba
1701 2688 1982 2756 concepta

323 2775 448 2834 hac
475 2781 648 2834 sunt:
670 2777 827 2833 Anno
848 2775 1152 2830 Dominica:
1170 2774 1575 2829 incarnationis
1593 2775 1981 2830 sexcentesimo

325 2868 644 2940 octogesimo
690 2865 1108 2936 religiosissima
1155 2862 1360 2918 Christi
1406 2863 1620 2934 famula
1665 2862 1848 2930 Ililda,
1886 2862 1981 2918 ab-

328 2954 530 3012 batissa
556 2955 880 3012 monasterii
898 2951 1332 3020 Streaneshalch,
1361 2958 1482 3022 post
1502 2951 1677 3006 multa
1707 2967 1832 3023 qum
1857 2953 1987 3023 fecit

337 3046 400 3101 in
428 3046 590 3101 terris
634 3059 798 3116 opera
825 3042 1059 3097 caelestia
1089 3040 1159 3096 ad
1183 3039 1534 3112 percipienda
1575 3043 1813 3112 praemia
1857 3042 1986 3098 vita:

330 3133 588 3200 caelestis,
619 3131 684 3187 de
711 3131 872 3186 terris
901 3129 1084 3185 ablata
1122 3129 1377 3184 transivit
1423 3128 1513 3184 die
1542 3131 1734 3200 quinta
1779 3129 1984 3185 decima

2005 1835 2054 1900 B

2085 548 2316 617 riensis,
2341 549 2422 604 De
2441 549 2623 622 gestis
2647 565 2852 622 regum
2874 549 3196 624 Anglorum
3233 549 3336 606 lib.
3371 568 3410 618 ι,
3433 555 3603 606 vocat
3633 550 3744 606 hoc

2086 638 2510 693 monasterium
2567 638 2936 704 Streanshale,
2985 637 3281 710 simulque
3335 643 3539 694 monet
3584 657 3746 695 nunc

2091 727 2294 798 Witeby
2327 725 2627 798 appellari.
2663 727 2852 783 Verba
2881 727 3002 782 haec
3043 733 3184 782 sunt
3217 745 3230 782 :
3268 729 3513 796 Quorum
3537 730 3746 800 praeci-

2080 832 2252 886 puum
2287 818 2677 871 monasterium
2721 824 2851 872 tunc
2888 818 3244 887 fminarum,
3276 835 3428 872 nunc
3452 817 3750 874 monacho-

2088 921 2230 972 rum,
2263 905 2331 959 ab
2359 905 2596 960 Eboraco
2626 907 2696 959 3O
2736 905 2986 959 millibus
3026 907 3083 960 in
3135 906 3343 961 borcali
3365 915 3524 978 parte
3550 909 3745 972 situm,

2085 997 2312 1066 antiquo
2344 994 2598 1050 vectibulo
2632 993 3049 1060 Streaneshall,
3079 994 3236 1050 modo
3266 995 3499 1068 Wileby
3529 1012 3749 1050 nuncu-

2082 1091 2264 1155 patur,
2299 1083 2437 1154 quod
2467 1083 2534 1137 ab
2575 1084 2808 1153 insignis
2851 1083 3138 1153 religionis
3176 1086 3386 1155 femina
3413 1084 3575 1139 Hilda
3605 1101 3749 1156 arp-

2088 1180 2218 1239 tum,
2253 1171 2551 1242 Edel/leda,
2582 1171 2822 1242 ejusdem
2851 1173 2994 1242 regis
3022 1173 3163 1243 ﬁlia,
3188 1174 3249 1228 in
3276 1174 3543 1244 regimine
3568 1190 3752 1228 succe—

2085 1261 2213 1316 dens
2243 1262 2462 1332 magnis
2488 1261 2764 1332 ﬁscalium
2802 1277 2965 1332 opum
3010 1261 3247 1316 molibus
3291 1263 3468 1317 auxit.
3503 1261 3752 1318 Guiliel-

2084 1366 2219 1404 mus
2241 1349 2536 1405 Cambden
2553 1365 2642 1416 us,
2667 1347 2950 1404 luculenti
2985 1349 3179 1421 operis
3201 1354 3426 1421 auctor,
3449 1351 3608 1422 quod
3635 1351 3760 1406 Bri-

2087 1437 2288 1493 tannia
2319 1437 2530 1509 Magna
2559 1436 2924 1505 inscribitur,
2951 1437 3373 1494 monasterium
3406 1437 3516 1494 hoc
3548 1456 3757 1495 recen-

2082 1526 2217 1581 tiori
2247 1525 2524 1580 vocabulo
2571 1525 2782 1598 Whitby
2832 1526 3181 1594 nominavit,
3216 1543 3351 1582 cum
3381 1527 3464 1582 ait
3495 1543 3509 1581 :
3544 1529 3749 1601 Hujus-

2083 1615 2234 1670 modi
2260 1616 2444 1686 fuerat
2469 1614 2689 1670 abbatia
2717 1613 2783 1669 de
2821 1613 3033 1686 Whitby
3078 1614 3146 1670 ab
3185 1614 3349 1670 Hilda
3380 1615 3628 1684 domina,
3661 1633 3752 1672 re-

2085 1704 2172 1759 his
2205 1705 2390 1760 Etvini
2414 1720 2484 1759 ex
2511 1704 2629 1774 ﬁlio
2659 1711 2833 1776 nepte,
2866 1703 3119 1774 fundata.
3154 1705 3345 1770 Quare
3382 1705 3442 1760 in
3482 1710 3751 1762 mentem

2084 1791 2248 1848 venit
2281 1791 2480 1846 mirari
2503 1791 2660 1864 quod
2683 1792 2976 1848 Gcrardus
2997 1791 3254 1848 Joannes
3273 1791 3521 1848 Vossius
3550 1791 3657 1848 lib.
3683 1810 3748 1861 ιι,

2085 1897 2212 1952 cap.
2240 1882 2331 1948 41,
2354 1881 2434 1936 De
2465 1879 2764 1936 historicis
2804 1879 3028 1936 Latinis
3060 1881 3486 1936 monasterium
3519 1881 3654 1947 hoc,
3687 1881 3749 1938 in

2087 1987 2200 2042 quo
2259 1969 2428 2024 IIilda
2477 1969 2590 2024 fuit
2637 1969 2960 2038 abbatissa,
2995 1969 3282 2026 llerethow
3330 1969 3749 2043 appellaverit;

2087 2059 2262 2132 plane
2291 2058 2448 2114 enim
2479 2059 2589 2114 hoc
2620 2075 2831 2114 nomen
2863 2075 2980 2114 non
3023 2053 3294 2132 quadrat,
3329 2060 3430 2116 sed
3458 2077 3493 2115 a
3524 2061 3749 2116 descri-

2088 2147 2285 2222 ptione
2316 2147 2638 2220 Anglorum
2661 2147 3016 2220 scriptorum
3036 2147 3268 2221 longius
3290 2148 3526 2205 recedit.
3548 2149 3610 2204 In
3636 2149 3749 2205 hoc

2088 2237 2442 2292 monasterio
2474 2235 2949 2305 Streoneshalch,
2971 2237 3126 2309 quod
3151 2238 3307 2293 Beda
3327 2237 3754 2310 interpretatur

2086 2326 2256 2382 Sinus
2314 2327 2464 2393 Fari,
2507 2342 2642 2380 cum
2702 2342 2816 2398 quo
2865 2325 3165 2398 conspirat
3211 2325 3388 2382 etiam
3440 2326 3752 2400 Philippus

2089 2415 2341 2471 Brietius
2373 2414 2430 2470 in
2463 2413 2762 2470 Parallelis
2802 2414 3014 2470 veteris
3061 2419 3120 2470 et
3165 2432 3322 2470 novae
3352 2415 3749 2489 geographia,

2089 2504 2348 2578 synodus
2377 2501 2591 2558 saeculo
2638 2503 2910 2576 septimo,
2945 2520 3098 2560 anno
3137 2503 3353 2560 Christi
3380 2505 3507 2573 664,
3542 2504 3752 2560 habita

2089 2598 2200 2658 est,
2233 2609 2359 2665 qua:
2410 2592 2584 2648 hodie
2630 2591 2962 2664 appellatur
3008 2591 3336 2661 Pharentis,
3368 2591 3480 2662 vel,
3532 2598 3599 2648 ut
3647 2593 3748 2648 alii

2090 2681 2378 2750 scribunt,
2405 2680 2694 2738 Farensis.
2721 2682 3108 2738 Tractabatur
3128 2686 3325 2738 autem
3349 2682 3408 2738 in
3429 2699 3498 2738 ea
3523 2682 3597 2738 de
3615 2681 3744 2751 lite,

2091 2788 2218 2844 quae
2251 2772 2320 2826 de
2351 2770 2444 2826 die
2475 2771 2792 2828 Paschatos
2819 2771 2971 2826 inter
2995 2769 3213 2844 Anglos
3234 2776 3292 2827 et
3311 2772 3515 2828 Scotos
3546 2777 3749 2828 coorta

2091 2865 2234 2915 erat.
2261 2859 3188 2930 Wilhelmus;Malmesburiensis
3208 2861 3593 2932 questionem
3615 2859 3658 2915 Ι.
3683 2878 3744 2916 m

2092 2951 2173 3005 De
2201 2949 2384 3022 gestis
2414 2949 2673 3021 pontific.
2705 2949 2900 3022 Angl,,
2933 2949 3016 3004 ita
3047 2949 3260 3004 format
3291 2965 3304 3004 :
3340 2948 3748 3022 Conquirebant

2093 3039 2226 3111 quid
2253 3047 2390 3094 esset
2413 3040 2796 3106 rectissimum,
2829 3046 3015 3094 utrum
3045 3053 3194 3094 more
3221 3039 3510 3094 Britonum
3538 3047 3590 3095 et
3617 3039 3744 3094 Sco-

2093 3134 2272 3184 torum
2297 3129 2582 3200 omnisque
2609 3129 2944 3200 aquilonalis
2983 3130 3161 3200 partis
3191 3144 3224 3182 a
3253 3145 3348 3182 xxv
3376 3129 3530 3195 luna,
3562 3129 3745 3184 Domi-

327 3219 700 3278 Kalendarum
745 3217 1140 3282 Decembrium,
1171 3233 1296 3272 eum
1323 3224 1459 3272 esset
1503 3233 1776 3273 annorum
1814 3234 1972 3274 sexa-
2004 3206 2047 3272 C
2083 3219 2211 3274 nica
2240 3217 2330 3273 die
2361 3219 2602 3273 veniente
2628 3233 2800 3290 usque
2827 3217 2897 3272 ad
2925 3233 3040 3272 XXII
3071 3217 3284 3273 Pascha
3311 3217 3586 3289 agendum
3615 3237 3634 3271 :
3666 3235 3741 3272 an

329 3311 482 3384 ginta
505 3325 605 3366 sea:
633 3325 652 3364 :
683 3307 882 3382 quibus
909 3321 1073 3378 aequa
1095 3307 1344 3377 portione
1372 3305 1588 3372 divisis,
1619 3309 1845 3378 triginta
1875 3314 1982 3363 tres

325 3399 536 3473 primos
568 3399 630 3454 in
658 3396 920 3454 saeculari
939 3393 1130 3450 habitu
1156 3394 1498 3450 nobilissime
1516 3403 1828 3450 conservata
1845 3411 1984 3452 com-

324 3487 515 3560 plevit,
541 3493 594 3543 et
619 3485 838 3542 totidem
856 3489 1134 3556 sequentes
1162 3483 1406 3538 nobilius
1438 3485 1498 3539 in
1527 3483 1847 3540 monachica
1874 3485 1982 3540 vita

329 3577 560 3633 Domino
587 3575 937 3640 consecravit,
963 3577 1074 3630 etc.
1109 3573 1244 3641 Quae
1280 3588 1407 3627 cum
1442 3574 1627 3628 relicto
1660 3573 1850 3629 habitu
1876 3588 1982 3630 saa-

329 3665 511 3722 culari
531 3666 621 3721 illi
633 3665 740 3722 soli
752 3665 960 3720 servire
977 3662 1319 3728 decrevisset,
1331 3663 1548 3718 secessit
1559 3661 1630 3716 ad
1645 3665 1986 3734 provinciam

327 3755 684 3812 orientalium
701 3753 1002 3824 Anglorum
1017 3755 1158 3820 (erat
1173 3767 1412 3822 namque
1426 3753 1735 3823 propinqua
1757 3753 1899 3824 regis
1921 3752 1988 3807 il-

331 3843 463 3918 lius)
496 3842 810 3901 desiderans
849 3840 1068 3908 exinde,
1090 3841 1142 3896 si
1179 3856 1284 3912 quo
1321 3839 1478 3895 modo
1501 3847 1697 3912 posset,
1726 3839 1988 3898 derelicta

325 3934 532 4006 patria,
563 3939 616 3990 et
654 3931 908 3988 omnibus
948 3945 1304 4003 quaecumque
1344 3927 1624 3997 habuerat,
1659 3930 1716 3984 in
1752 3929 1986 3986 Galliam

326 4023 635 4094 pervenire,
666 4029 828 4094 atque
856 4021 918 4076 in
961 4019 1290 4076 monasterio
1323 4017 1472 4074 Galae
1513 4019 1862 4090 peregrinam
1885 4036 1986 4092 pro

331 4111 562 4167 Domino
582 4111 753 4164 vitam
779 4107 1112 4173 ducere,etc.
1134 4107 1273 4162 Nam
1297 4114 1349 4162 et
1370 4107 1430 4161 in
1450 4105 1634 4162 eodem
1660 4109 1988 4164 monasterio

334 4213 490 4257 soror
535 4199 710 4270 ipsius
751 4195 1050 4262 Haeresvid,
1099 4203 1274 4250 mater
1321 4195 1520 4266 Adutﬁ,
1563 4198 1705 4266 regis
1749 4197 1985 4252 orienta-

339 4289 480 4346 lium
507 4287 822 4359 Anglorum,
853 4284 1198 4357 regularibus
1245 4283 1464 4340 subdita
1510 4284 1838 4358 disciplinis,
1874 4287 1988 4358 ipso

340 4385 576 4450 tempore
600 4390 856 4432 coronam
873 4372 1214 4446 exspectabat
1239 4380 1536 4440 aeternam,-
1561 4376 1714 4446 cujus
1729 4376 1992 4432 aemulata

339 4465 669 4539 exemplum,
691 4471 744 4520 et
771 4465 891 4536 ipsa
930 4463 1202 4535 proposito
1237 4463 1648 4535 peregrinandi,
1680 4481 1890 4520 annum
1919 4473 1992 4521 to-

2088 3307 2286 3362 melius
2323 3308 2398 3362 sit
2441 3307 2655 3362 ratione
2696 3305 2844 3364 sedis
2889 3306 3202 3378 apostolicae
3227 3323 3264 3361 a
3291 3323 3364 3361 xv
3393 3307 3528 3361 luna
3575 3323 3748 3378 usque

2089 3395 2160 3452 ad
2187 3413 2282 3451 xx:
2312 3396 2522 3451 Pascha
2548 3403 2685 3451 esset
2726 3397 3016 3452 Dominica
3054 3394 3390 3451 celebranda.
3418 3396 3531 3452 Sed
3567 3395 3747 3462 Scoti,

2092 3503 2126 3541 a
2155 3502 2404 3558 quorum
2435 3502 2614 3540 causa
2653 3485 2845 3541 stabat
2902 3483 3093 3552 Hilda,
3126 3483 3288 3540 litem
3339 3484 3743 3556 perdiderunt.

2092 3575 2258 3630 Haud
2290 3573 2584 3629 immerito
2617 3589 2834 3644 magna
2861 3573 3134 3628 sacerdos
3166 3572 3355 3641 Ililda,
3380 3573 3745 3630 sanctissimi

2093 3663 2272 3728 moris
2305 3667 2362 3718 et
2391 3661 2862 3734 exquisitissimae
2881 3660 3136 3727 virtutis,
3156 3661 3584 3734 reconditmque
3613 3679 3746 3718 eru-

2093 3750 3236 3825 ditionisvirgo,ascriptoribusAnglicis
3252 3769 3363 3807 non
3375 3751 3746 3825 vulgaribus,

2093 3856 2198 3912 pro
2226 3857 2315 3906 eo,
2337 3856 2404 3895 ac
2431 3840 2676 3911 pariest,
2701 3842 2944 3894 ornatur
2971 3837 3198 3911 elogiis,
3222 3839 3422 3912 sicque
3449 3845 3691 3896 vocatur
3715 3859 3749 3897 ιι

2095 3928 2376 3996 Godvino,
2397 3927 2458 3982 in
2478 3927 2770 3999 episcopis
2791 3927 3277 3995 Eboracensibus,
3299 3929 3505 3984 mulier
3521 3932 3750 3986 sanctis-

2094 4020 2238 4074 sima
2249 4037 2268 4084 ,-
2291 4035 2324 4073 a
2347 4018 2496 4073 Foxo
2528 4017 2587 4072 in
2608 4017 2769 4072 Actis
2790 4016 2936 4084 suis,
2955 4019 3165 4088 femina
3189 4017 3405 4074 erudita
3440 4026 3494 4074 et
3525 4019 3747 4088 devota,-

2097 4124 2132 4162 a
2160 4107 2350 4178 Spedo
2379 4106 2419 4161 ι.
2441 4123 2540 4173 vn,
2569 4122 2618 4162 c.
2643 4107 2732 4174 30,
2757 4107 2852 4178 pia
2878 4114 2931 4162 et
2957 4105 3210 4174 erudita,-
3239 4123 3274 4162 a
3304 4106 3561 4164 Lelando
3593 4109 3748 4182 apud

2098 4194 2336 4251 Baleum
2367 4198 2518 4250 cent.
2544 4196 2630 4264 10,
2659 4212 2709 4250 c.
2739 4196 2824 4264 16,
2845 4196 3056 4266 femina
3087 4195 3571 4268 incomparabilis;
3592 4203 3652 4253 et
3679 4199 3750 4253 ab

2099 4283 2344 4357 Illyrico,
2369 4285 2484 4340 fide
2507 4283 2742 4340 Lelandi
2765 4288 2822 4339 et
2858 4283 3016 4340 Balei
3039 4284 3097 4339 in
3119 4284 3412 4357 Catalogo,
3435 4295 3619 4342 mater
3653 4289 3756 4342 mi-

2097 4373 2434 4443 sericordiae,
2457 4373 2594 4428 dono
2627 4373 3028 4428 miraculorum
3059 4373 3332 4440 illustris;
3365 4390 3398 4429 a
3426 4373 3601 4430 Baleo
3630 4375 3757 4447 ipso

2101 4467 2252 4519 cent.
2297 4464 2346 4531 1,
2390 4479 2440 4517 c.
2480 4463 2569 4530 80,
2611 4461 2786 4517 mulir
2823 4463 2939 4533 pia,
2979 4461 3240 4533 prudens,
3288 4463 3546 4530 litterata,
3577 4468 3638 4519 et
3683 4463 3756 4518 ab

337 4564 456 4632 tum
483 4557 546 4612 in
572 4555 808 4630 praefata
850 4553 1138 4624 provincia
1187 4559 1392 4608 retenta
1416 4571 1437 4619 ;
1464 4551 1660 4608 deinde
1686 4553 1754 4609 ab
1784 4553 1992 4611 Aidano
2024 4573 2068 4638 ο
2100 4553 2303 4608 eodem
2325 4567 2374 4606 e.
2398 4552 2488 4619 94,
2511 4551 2716 4606 mulier
2740 4552 3128 4619 sanctissima,-
3159 4567 3194 4606 a
3213 4550 3590 4608 Wilhelmino
3622 4553 3760 4608 Mal-

332 4646 578 4718 episcopo
627 4645 689 4700 in
730 4643 976 4715 patriam
1025 4649 1296 4708 revocata,
1345 4643 1550 4713 accepit
1596 4643 1773 4698 locum
1827 4645 1992 4699 unius

331 4734 574 4808 famile
612 4720 684 4789 ad
729 4731 1205 4804 septentrionalem
1248 4731 1470 4804 plagam
1520 4731 1675 4787 Viuri
1717 4733 1988 4802 ﬂuminis,

332 4823 433 4881 ubi
457 4837 615 4896 seque
639 4837 786 4878 anno
814 4837 924 4878 uno
959 4820 1335 4877 monachicam
1359 4836 1484 4876 cum
1512 4823 1798 4894 perpaucis
1826 4825 1989 4879 sociis

328 4914 501 4969 vitam
527 4910 737 4984 agebat,
767 4915 880 4966 etc.
919 4909 1157 4981 Contigit
1196 4926 1320 4966 eam
1359 4913 1636 4982 suscipere
1677 4919 1990 4968 construen-

335 5002 469 5058 dum
494 5003 611 5058 sive
653 4997 1023 5056 ordinandum
1052 5000 1447 5054 monasterium
1476 5001 1537 5054 in
1567 5000 1680 5056 loco
1721 5003 1816 5072 qui
1846 5018 1993 5058 voca-

335 5100 426 5148 tur
452 5087 860 5156 Streanshalch,
890 5087 1030 5160 quod
1057 5104 1189 5159 opus
1217 5087 1328 5143 sibi
1352 5088 1658 5160 tnjunetum
1686 5107 1796 5145 non
1815 5093 1991 5162 segni-

333 5187 414 5236 ter
436 5179 698 5250 implevit.
720 5175 963 5233 Faciunt
984 5176 1160 5231 etiam
1185 5177 1255 5230 ad
1281 5175 1390 5231 hoc
1413 5177 1748 5233 institutum
1775 5197 1841 5234 ea
1862 5197 1990 5251 quae

333 5267 396 5323 in
451 5266 737 5324 Chronico
795 5265 1082 5322 Saxonico
1141 5265 1544 5336 reperiuntur,
1600 5269 1754 5338 quod
1813 5285 1990 5340 opera

332 5357 646 5428 studioque
666 5355 735 5410 V.
755 5355 864 5412 CL.
884 5355 963 5411 Ed
973 5355 1178 5411 mundi
1199 5353 1486 5421 Gibsonii,
1508 5357 1987 5414 rcvcrendissimo

333 5443 770 5516 archiepiscopo
791 5442 1197 5500 Cantuariensi
1230 5459 1262 5496 a
1293 5442 1478 5498 sacris
1518 5446 1576 5497 et
1614 5443 1982 5514 bibliotheca,

335 5548 486 5588 anno
519 5531 658 5588 1692
675 5531 878 5588 Oxonii
909 5531 1143 5604 prodiit.
1175 5531 1368 5587 Verba
1407 5547 1474 5585 ex
1507 5530 1985 5604 interpretatione

334 5619 544 5676 Latina
580 5621 700 5678 haec
739 5625 915 5678 sunt:
944 5621 1010 5676 Et
1043 5621 1227 5678 eodem
1255 5636 1402 5677 anno
1431 5619 1657 5678 decessit
1683 5621 1864 5691 Ililda,
1896 5623 1985 5678 ab-

2105 4640 2494 4696 mesburiensi
2527 4640 2607 4696 De
2637 4641 2820 4712 gestis
2852 4656 3055 4713 regum
3085 4639 3462 4713 Anglieorum
3490 4640 3529 4695 Ι.
3559 4658 3601 4709 ι,
3626 4645 3759 4698 insi-

2103 4732 2225 4802 gnis
2255 4731 2540 4802 religionis
2577 4730 2808 4800 femina.
2843 4728 3110 4786 Meminit
3143 4729 3318 4786 etiam
3361 4729 3540 4802 hujus
3572 4730 3752 4786 Hildae

2103 4817 2358 4886 Simeon,
2394 4817 2718 4874 monachus
2765 4817 3201 4888 Dunelmensis,
3232 4820 3389 4892 apud
3436 4819 3749 4877 Seldenum

2103 4925 2158 4980 p.
2189 4910 2262 4963 ’75
2289 4907 2562 4964 editionis
2595 4906 3006 4975 Londinensis,
3035 4907 3150 4975 cui,
3179 4912 3246 4964 ut
3272 4912 3526 4964 testatur
3555 4909 3751 4981 praefa-

2101 4998 2202 5064 tio,
2238 4997 2346 5052 hoc
2377 5014 2525 5069 opus
2559 4996 2883 5070 plurimum
2918 4997 3110 5052 debet.

2172 5085 2388 5139 Ilerum
2421 5083 2764 5138 auctoritate
2797 5101 2953 5138 nunc
2983 5084 3129 5140 satis
3160 5085 3512 5157 abundeque
3543 5087 3754 5142 evinci-

2100 5179 2216 5243 tur,
2240 5173 2469 5228 Ilildam
2503 5172 2737 5227 natione
2777 5172 2958 5228 fuisse
3003 5173 3273 5245 Anglam,
3307 5178 3365 5229 et
3401 5175 3457 5228 in
3488 5177 3752 5232 ccenobio

2100 5261 2538 5320 Streanesbeale
2561 5280 2594 5317 a
2613 5279 2676 5318 se
2699 5266 3036 5318 constructo
3061 5264 3246 5319 sacris
3263 5263 3596 5335 virginibus
3617 5283 3753 5337 ρνωο

2097 5355 2328 5420 fectum,
2345 5351 2543 5424 ibique
2561 5368 2628 5407 eo
2649 5342 2912 5423 praesule:
2933 5368 3175 5408 munere
3197 5370 3384 5424 usque
3404 5353 3476 5408 ad
3505 5359 3750 5410 mortem

2096 5443 2454 5508 defunctam,
2477 5441 2799 5513 eodemque
2823 5440 2880 5496 in
2903 5441 3259 5498 monasterio
3282 5441 3602 5514 sepultam,
3619 5461 3751 5499 ossa

2094 5539 2292 5588 tamen
2315 5531 2524 5586 deinde
2547 5535 2786 5602 propter
2803 5529 3106 5586 Danorum
3145 5531 3530 5588 excursiones
3553 5532 3752 5588 Glasco

2093 5623 2253 5678 niam
2286 5618 2590 5676 translata.
2615 5618 2842 5685 Quibus
2887 5619 3062 5677 rebus
3091 5619 3280 5676 evenit
3310 5624 3375 5676 ut
3401 5637 3471 5677 ex
3501 5619 3644 5678 solis
3671 5619 3748 5677 lo-
