4044 6176
1666 322 2253 389 PROLEGOMENA
2265 369 2281 389 .

3560 330 3679 397 95$

274 463 433 523 ricus
461 461 620 523 enim
650 459 1105 537 Roswithez,qui
1123 461 1286 520 solus
1316 462 1560 520 seorsim
1592 462 1782 519 editus
1814 465 1922 528 est,
1953 460 2010 527 Α
2042 462 2326 520 reswitha
2354 462 2563 537 Angla,
2602 462 2799 536 ibique
2848 461 2909 520 in
2953 462 3187 538 aliquod
3237 465 3681 537 monasterium,

276 560 342 613 ut
370 556 481 613 sub
506 556 681 611 finem
712 554 891 625 hujus
910 554 1266 626 prarfationis
1285 552 1597 621 indicatur,
1616 570 1790 626 opera
1806 553 1932 623 ejus

277 662 393 701 non
410 643 874 715 comprehcndit.
892 643 1106 697 lterum
1132 643 1203 697 ab
1225 642 1319 697 his
1343 642 1667 699 rationibus
1688 641 1938 698 discedit

278 731 849 804 Trithemius,planc
881 732 971 787 sui
1003 733 1248 788 fortasse
1278 732 1589 797 oblitus,ct
1621 732 1767 787 alias
1790 732 1938 803 prio.

280 824 447 879 ribus
477 822 803 877 contrarias
826 821 1274 894 supputationes
1293 820 1553 875 instituit
1575 822 1630 875 in
1652 821 1937 876 Chronico

282 912 605 985 Hirsaugia:
638 910 821 966 tom.l
851 910 1188 977 Annalium,
1211 910 1687 982 quandoquidem
1726 910 1801 965 ibi
1834 912 1939 966 Bo-

282 1002 563 1059 switham
586 1002 657 1055 ad
685 1018 903 1055 annum
928 999 1143 1054 Christi
1165 1002 1265 1054 071
1293 1000 1537 1071 ponit,et
1560 1004 1709 1055 recte
1728 1000 1937 1055 sa-culo

284 1092 510 1147 decimo
535 1106 663 1145 eam
682 1089 1237 1154 ascribit.Quamvis
1254 1092 1419 1143 vetus
1437 1087 1741 1143 Trithemii
1763 1090 1937 1143 editio

285 1181 628 1252 imperfecta
656 1178 839 1248 hujus
879 1177 1173 1244 Chronici,
1210 1195 1243 1232 a
1292 1178 1641 1249 Marquardo
1694 1177 1937 1233 Frehcro

288 1266 649 1325 Francofurti
678 1267 807 1320 1601
846 1265 1143 1338 evulgata,
1173 1266 1351 1321 unius
1382 1267 1518 1321 anni
1552 1266 1938 1323 dilferentiam

289 1358 627 1423 constituat,
660 1373 727 1410 ac
760 1359 936 1426 ponat
959 1371 1183 1409 annum
1217 1355 1431 1410 Christi
1463 1356 1588 1422 970,
1606 1355 1940 1428 pariterque

288 1447 557 1504 eumdem
591 1461 812 1501 annum
840 1444 1312 1517 970inCatalogo
1343 1443 1663 1499 illustrium
1681 1445 1939 1500 virorum

289 1539 577 1601 numeret,
604 1537 941 1606 repetatque
991 1551 1047 1605 p.
1101 1533 1222 1588 129.
1270 1536 1458 1599 Quare
1520 1533 1719 1589 mirari
1781 1534 1943 1589 subit

290 1626 460 1700 plane
484 1624 595 1679 sibi
624 1640 741 1679 non
772 1622 1107 1681 constitisse
1130 1621 1942 1711 Trithemium,\rationesque

291 1720 623 1787 temporum
654 1711 893 1767 omnino
925 1712 1332 1779 conturbasse,
1363 1717 1420 1767 et
1451 1728 1707 1767 errorem
1752 1730 1944 1769 errore

2045 554 2214 625 cujus
2247 571 2457 609 nomen
2491 553 2803 627 scriptores
2832 559 3045 623 tacent,
3079 556 3335 612 intravit.
3371 558 3505 622 Quae
3550 573 3685 612 vero

2046 644 2199 713 apud
2225 642 2627 698 Mabillonium
2644 642 2702 697 in
2718 643 2938 699 Saeculo
2962 645 3009 699 Il
3028 644 3484 714 Benedictino,in
3502 645 3689 719 elogio

2047 731 2689 801 S.Theoledchedis,ad
2722 733 2830 788 hoc
2862 733 3197 788 institutum
3228 735 3581 806 pertinentia
3609 736 3689 792 lc-

2046 821 2525 892 guntur,lubrico
2558 823 2827 876 nituntur
2849 823 3369 891 fundamento,nec
3388 826 3527 879 tanti
3553 830 3692 881 sunt

2048 914 2113 963 ut
2144 928 2237 964 me
2270 910 2327 964 in
2360 912 2487 981 ejus
2522 911 2872 966 sententiam
2892 913 3177 967 adducere
3196 913 3437 985 possint.
3458 915 3693 971 Rectius

2048 997 2249 1070 utique
2280 1004 2483 1055 contra
2533 1000 2937 1055 Mabillouium
2987 1006 3077 1055 est
3125 1004 3503 1057 statuendum
3536 1005 3693 1076 quod

2050 1088 2417 1143 Hereswitha
2448 1089 2633 1161 Angla
2664 1107 2777 1160 non
2812 1091 2961 1144 facta
2994 1090 3165 1145 fuerit
3196 1091 3466 1146 monialis
3488 1109 3694 1148 mona-

2050 1178 2210 1233 sterii
2241 1178 2501 1233 Calensis
2534 1179 2591 1232 in
2624 1179 2812 1234 Gallia
2843 1179 2959 1245 siti,
2981 1185 3057 1245 et,
3080 1180 3190 1235 fide
3222 1182 3698 1238 Sammarthono—

2050 1283 2179 1321 rum
2214 1268 2457 1322 fratrum
2494 1268 2549 1322 in
2582 1268 2769 1323 Gallia
2799 1268 3152 1338 Christiana,
3185 1288 3217 1325 a
3248 1270 3379 1325 diva
3411 1270 3696 1339 Bathildc,

2049 1354 2315 1411 Clodovei
2348 1356 2395 1410 ll
2428 1356 2581 1428 regis
2613 1359 2879 1429 conjuge,
2914 1358 3170 1425 fundati;
3206 1376 3393 1431 neque
3412 1360 3700 1416 Jotrensis

2052 1445 2415 1511 monasterii,
2450 1445 2667 1516 pariter
2694 1446 2752 1499 in
2786 1445 2973 1501 Gallia
3004 1447 3121 1516 siti,
3150 1452 3324 1520 atque
3369 1467 3403 1503 a
3432 1450 3492 1504 S.
3546 1450 3699 1505 Ado-

2052 1550 2143 1600 ne,
2180 1535 2240 1588 B.
2272 1534 2532 1589 Audonei
2570 1535 2767 1605 fratre,
2799 1535 3049 1604 conditi;
3084 1553 3272 1608 neque
3309 1538 3455 1593 Jotri
3508 1538 3701 1610 sepul-

2051 1626 2131 1691 ta,
2166 1627 2231 1677 ut
2262 1621 2534 1695 praeclare
2563 1625 2928 1679 demonstrat
2942 1626 3230 1681 Antonius
3253 1626 3385 1700 Pagi
3419 1627 3477 1681 in
3491 1627 3704 1684 Critica

2054 1712 2380 1767 Baroniana
2411 1713 2694 1768 adversus
2733 1713 3165 1784 Mabillonium,
3195 1720 3338 1771 tom.
3374 1717 3444 1784 II,
3475 1718 3548 1773 ad
3600 1734 3703 1774 an-

292 1802 646 1870 cumulasse,
699 1818 766 1857 ac
815 1800 1183 1857 Roswitham
1235 1817 1371 1856 mox
1418 1801 1489 1856 ad
1542 1800 1823 1857 saeculum
1864 1820 1940 1870 1x,
1975 1835 2022 1901 Β
2054 1818 2196 1856 num
2227 1800 2441 1856 Christi
2471 1803 2597 1871 680,
2630 1802 2730 1874 qui
2763 1820 2832 1858 ea
2881 1804 3183 1859 occasione
3232 1822 3485 1861 errorem
3539 1807 3703 1863 Beda:

293 1910 429 1950 mox
471 1892 544 1948 ad
592 1888 872 1947 saeculum
923 1907 978 1957 x,
1031 1906 1166 1944 mox
1217 1890 1290 1945 ad
1336 1889 1688 1962 principium
1746 1890 1943 1946 saiculi

292 2001 396 2049 xu,
420 1979 997 2037 rctulisse.Attamen
1028 1996 1142 2033 non
1176 1979 1389 2033 desunt
1418 1978 1519 2051 qui
1550 1978 1942 2034 Trithemium

294 2072 367 2127 ab
388 2070 496 2125 hoc
527 2083 723 2124 errore
752 2066 1047 2123 vindicare
1081 2068 1343 2134 student,
1376 2066 1528 2122 inter
1559 2083 1705 2138 quos
1736 2067 1946 2140 impri-

296 2159 411 2215 mis
437 2156 833 2213 nominandus
864 2160 953 2212 est
979 2155 1268 2211 Antonius
1302 2156 1650 2211 Possevinus
1683 2156 1740 2210 in
1763 2158 1948 2229 Appa-

297 2251 426 2304 ratu
478 2245 844 2302 bibliotheca:
890 2261 1088 2311 sacrae,
1140 2245 1228 2299 vir
1275 2245 1546 2316 equidem
1607 2246 1835 2310 doctus,
1886 2249 1945 2299 at

298 2336 455 2411 gravi
497 2352 757 2391 censurae
807 2334 1114 2402 obnoxius,
1145 2351 1261 2406 qua
1311 2350 1445 2389 eum
1497 2335 1719 2389 notavit
1767 2334 1946 2389 David

299 2424 632 2482 Biondellus
652 2424 713 2479 in
745 2424 1253 2488 Pseudo-Isidoro,
1283 2423 1511 2478 Baronii
1535 2423 1947 2496 exscriptorem

298 2512 784 2581 nominans,licet
812 2530 946 2569 cum
978 2529 1044 2568 eo
1069 2512 1271 2567 mitius
1300 2513 1527 2585 egerint
1556 2512 1822 2568 Valerius
1841 2514 1952 2567 An-

300 2605 471 2659 dreas
487 2602 807 2668 Desselius,
828 2602 887 2657 in
911 2602 1247 2675 praefatione
1269 2602 1342 2656 ad
1376 2600 1792 2657 Bibliothecam
1819 2602 1949 2658 Bel—

302 2693 517 2767 gicam,
568 2695 627 2746 et
675 2690 878 2746 Daniel
928 2691 1134 2762 Georg.
1169 2690 1501 2746 Morhosius
1551 2691 1609 2745 in
1644 2690 1951 2764 Polyhist.,

303 2798 433 2853 cap.
469 2782 556 2835 16.
590 2779 695 2835 Hic
724 2779 881 2835 enim
913 2779 1282 2835 Possevimus
1320 2778 1617 2834 existimat
1665 2795 1781 2834 non
1830 2780 1953 2835 haec

303 2869 444 2925 talia
465 2869 765 2942 ignorasse
802 2867 1385 2939 Tritbemium,quod
1416 2867 1721 2923 Roswitha
1754 2872 1955 2924 nostra

304 2958 517 3017 saeculo
546 2958 774 3014 decimo
808 2956 1086 3025 floruerit,
1112 2962 1170 3012 et
1197 2956 1292 3011 vix
1322 2956 1676 3012 credendum
1709 2957 1787 3013 sit
1809 2958 1955 3013 tales

304 3052 361 3105 et
391 3052 511 3104 tam
543 3047 830 3104 absurdae
854 3050 1185 3119 temporum
1217 3045 1471 3103 rationes
1503 3046 1575 3102 ab
1604 3063 1671 3101 eo
1702 3063 1830 3102 esse
1854 3046 1958 3101 ini-

306 3143 417 3207 tas,
450 3142 657 3194 contra
687 3136 881 3210 potius
914 3136 1293 3192 statuendum
1323 3135 1607 3204 videatur,
1644 3136 1716 3192 ab
1767 3134 1954 3191 alieno

305 3227 544 3284 homine
562 3224 831 3299 imperito
848 3224 937 3281 vel
956 3224 1273 3297 impostore
1286 3241 1404 3292 eas,
1422 3224 1615 3280 verbis
1637 3223 1952 3297 aliquando
1983 3202 2027 3269 (ἶ

308 3315 607 3372 nonnullis
624 3315 860 3383 additis,
880 3313 1127 3371 hislocis
1140 3314 1390 3369 insertas
1413 3314 1614 3370 fuisse.
1632 3315 1811 3369 Fatur
1828 3314 1957 3369 Pos-

282 3406 547 3463 {sevinus
576 3404 633 3459 in
665 3407 963 3477 Apparatu
998 3420 1164 3459 sacro
1192 3402 1276 3458 ita
1299 3420 1310 3458 :
1332 3403 1568 3459 Alterius
1597 3405 1778 3475 potius
1795 3420 1959 3476 quam

314 3492 596 3549 Trithemii
621 3507 737 3547 esse
761 3493 975 3564 opinor.
990 3492 1306 3563 Impostores
1335 3493 1486 3546 enim
1506 3494 1684 3547 nostri
1702 3493 1958 3564 temporis

306 3582 471 3654 hujus
496 3580 646 3636 modi
672 3581 845 3636 multa
880 3582 940 3636 in
968 3582 1189 3654 scriptis
1235 3580 1632 3636 catholicorum
1680 3580 1959 3636 doctorum

310 3673 679 3737 inseruerunt,
713 3673 822 3726 etc.
858 3669 1007 3738 Quod
1037 3672 1095 3725 in
1130 3669 1436 3725 Tritheimii
1460 3668 1696 3724 secunda
1724 3669 1960 3726 editione

306 3759 548 3833 ejusdem
594 3758 729 3815 libri
773 3760 849 3814 De
894 3758 1251 3831 scriptoribus
1280 3758 1659 3814 ecclesiasticis
1691 3760 1956 3830 fecerunt,

305 3864 476 3921 eaque
506 3849 858 3903 inseruerunt
882 3863 1007 3919 quae
1043 3846 1370 3903 Trithemius
1396 3863 1682 3918 nunquam
1703 3848 1961 3918 cogitave-

306 3945 411 3993 rat.
445 3937 737 3993 Gerardus
761 3936 1018 3992 Joannes
1048 3935 1295 3991 Vossius
1315 3936 1395 3991 De
1416 3935 1713 3992 historicis
1738 3936 1958 3992 Latinis

306 4026 411 4082 lib.
431 4042 493 4093 ιι,
512 4042 543 4081 c
583 4025 963 4095 111,0umdem
988 4023 1316 4080 Tritheimii
1338 4041 1593 4080 errorem
1613 4025 1956 4094 observavit,

307 4115 409 4171 sed
438 4113 656 4187 pariter
676 4112 872 4186 ipsum
905 4114 977 4168 ab
994 4113 1207 4169 erroris
1225 4113 1560 4186 suspicione
1577 4112 1863 4182 liberavit,
1880 4118 1957 4182 et,

306 4202 632 4260 abhomine
647 4206 978 4274 temporum
995 4219 1203 4274 parum
1216 4201 1578 4275 intelligente
1596 4202 1961 4273 adjectaesse

307 4288 851 4350 arbitratur.Verba
878 4289 1068 4347 Vossii
1104 4290 1223 4345 hinc
1255 4295 1397 4346 sunt
1429 4306 1441 4344 :
1476 4291 1655 4363 Neque
1680 4291 1777 4346 hoc
1793 4294 1963 4347 nesci-

302 4384 387 4439 vit
417 4380 787 4448 Tritheimius,
808 4378 1083 4436 etc.lllud
1115 4382 1311 4434 tamen
1343 4378 1436 4434 hic
1470 4378 1634 4451 angit
1662 4379 1961 4449 Vossium,

306 4486 490 4543 quam
516 4468 886 4529 Roswitham
919 4466 1305 4523 Tritheimius
1336 4466 1486 4523 inter
1515 4467 1829 4540 scriptores
1860 4470 1959 4541 qui

2052 1891 2343 1958 emendat,
2378 1890 2537 1946 aliud
2566 1890 2626 1945 in
2656 1891 2844 1947 Gallia
2874 1893 3296 1949 monasterium
3328 1911 3432 1967 pro
3473 1894 3702 1952 Calensi

2055 1980 2411 2034 monasterio
2458 1981 2769 2035 sumentis.
2794 1982 2839 2035 A
2871 1982 3026 2037 Beda
3068 1981 3346 2054 deceptus
3395 1989 3484 2039 est
3523 1984 3700 2039 etiam

2054 2068 2363 2124 Matthzeus
2419 2069 3089 2140 Westmonasteriensis,
3151 2088 3285 2126 cum
3345 2073 3416 2127 ad
3475 2089 3702 2128 annum

2054 2156 2270 2212 Christi
2301 2158 2414 2211 680
2437 2156 2638 2212 scribit
2669 2157 3097 2213 Hereswitham
3128 2160 3468 2232 praedictam
3492 2160 3709 2217 monia-

2056 2245 2170 2301 lem
2204 2246 2384 2301 fuisse
2417 2246 2678 2301 Calensis
2702 2248 3231 2320 monasterii,quod
3267 2253 3461 2304 tamen
3491 2254 3711 2322 tempo-

2058 2351 2189 2389 rum
2223 2335 2549 2389 rationibus
2576 2335 2746 2407 plane
2771 2353 2883 2391 non
2918 2338 3607 2409 congruit.Docentenim
3628 2356 3707 2395 ea)

2059 2424 2212 2495 quod
2247 2424 2614 2479 IIereswitha
2639 2424 2824 2497 Angla
2855 2430 2987 2481 ante
3018 2444 3239 2482 annum
3270 2430 3377 2483 647
3422 2429 3585 2503 virgo
3615 2446 3707 2485 sa-

2059 2514 2263 2568 cerdos
2294 2513 2445 2567 facta
2477 2514 2669 2581 fuerit,
2696 2516 2849 2586 quod
2881 2519 3140 2587 tempore
3162 2516 3401 2573 Calense
3423 2522 3711 2573 monaste-

2062 2601 2213 2656 rium
2250 2603 2510 2656 nondum
2540 2606 2942 2657 constructum
2973 2609 3114 2658 erat.
3149 2605 3222 2660 Ut
3248 2624 3382 2661 vero
3413 2625 3447 2661 a
3475 2606 3707 2662 Hildam

2061 2691 2316 2758 redeam,
2338 2691 2395 2745 id
2429 2691 2864 2746 admonendum
2897 2692 3007 2747 erit
3037 2693 3187 2748 hanc
3219 2695 3456 2766 quidem
3490 2696 3549 2750 in
3582 2695 3710 2751 Gal-

2061 2779 2203 2834 liam
2236 2780 2345 2834 iter
2376 2780 2715 2835 meditatam
2750 2780 3070 2848 fuissc,sed
3094 2798 3159 2836 eo
3190 2799 3493 2855 nunquam
3518 2800 3711 2856 perve-

2063 2868 2220 2923 uisse
2248 2867 2337 2923 vel
2370 2868 2564 2940 potius
2593 2885 2824 2941 semper
2854 2868 2910 2923 in
2942 2869 3149 2941 Anglia
3179 2871 3490 2939 mansisse,
3527 2889 3709 2944 quan-

2063 2973 2241 3029 quam
2272 2955 2407 3011 huic
2433 2957 2732 3012 sententize
2754 2962 3039 3030 repugnat
3054 2959 3337 3015 Henricus
3360 2961 3708 3018 Meibomius

2063 3046 2259 3102 senior
2290 3046 2346 3101 in
2377 3045 2511 3101 Vita
2545 3046 3239 3114 Roswithaz,existimans
3257 3049 3488 3105 Hildam
3522 3050 3579 3105 1n
3603 3068 3711 3106 cm-

2066 3135 2256 3191 nobiis
2290 3135 2600 3191 Britannia:
2632 3153 2697 3191 ac
2728 3136 2925 3192 Gallia:
2966 3155 3151 3193 annos
3201 3142 3319 3194 tres
3368 3143 3425 3194 et
3472 3139 3710 3213 triginta

2064 3224 2403 3281 confecisse.
2439 3229 2509 3279 At
2532 3225 2826 3281 enimvero
2855 3226 2903 3282 si
2935 3227 3109 3282 verba
3137 3228 3300 3283 Beda":
3325 3228 3595 3301 proprius
3628 3228 3710 3284 in-

2066 3313 2267 3386 spicio,
2303 3315 2659 3369 contrarium
2712 3316 2941 3384 docent,
2974 3320 3031 3371 et
3080 3321 3282 3372 contra
3329 3318 3707 3374 Meibomium

2067 3403 2452 3474 comprobant
2483 3402 2713 3458 llildam
2746 3404 3127 3476 nunquamin
3160 3404 3405 3461 Galliam
3438 3407 3707 3463 intrasse.

2066 3493 2212 3545 Tota
2243 3491 2321 3547 rei
2356 3491 2671 3547 dilﬁcultas
2703 3492 2815 3547 sita
2844 3496 2933 3549 est
2963 3492 3019 3546 in
3051 3493 3145 3549 his
3176 3494 3455 3563 verbis,in
3476 3498 3713 3568 praefata

2064 3582 2346 3651 provincia
2380 3588 2584 3635 retenta
2612 3588 2709 3647 est,
2746 3598 2872 3652 quae
2919 3580 3000 3635 ita
3047 3582 3392 3654 explicanda
3439 3584 3710 3653 arbitror,

2067 3672 2134 3722 ut
2157 3668 2226 3722 dc
2246 3667 2453 3740 Anglia
2475 3666 2738 3723 orientali
2757 3668 3177 3740 intelligantur,
3198 3675 3371 3741 atque
3388 3673 3530 3726 adeo
3550 3674 3712 3728 Beda:

2068 3772 2333 3820 sensum,
2365 3756 2683 3811 obscurum
2711 3756 2819 3811 hoc
2852 3755 2908 3810 in
2942 3756 3089 3824 loco,
3124 3757 3278 3811 hunc
3302 3774 3431 3813 ecse
3461 3760 3712 3830 affirmo,

2069 3846 2225 3918 quod
2276 3842 2445 3900 llilda
2474 3862 2543 3899 ex
2574 3844 2762 3916 patria
2800 3845 3223 3900 Northumbria
3265 3846 3603 3917 migraverit
3648 3848 3709 3903 in

2068 3933 2337 4005 Angliam
2369 3932 2728 3999 orientalem,
2749 3949 2883 3987 cum
2916 3933 2995 3987 ibi
3027 3934 3097 3987 de
3129 3932 3353 4000 itinere,
3375 3933 3432 3988 in
3465 3934 3711 3990 Galliam

2069 4024 2141 4078 ad
2175 4039 2432 4078 sororem
2453 4021 2881 4088 Ilercswitham
2898 4020 3291 4093 suscipiendo,
3308 4021 3715 4096 cogitaret,per

2069 4128 2291 4168 annum
2323 4109 2633 4176 mansisse,
2668 4111 2825 4182 quod
2857 4110 2928 4165 ab
2959 4110 3200 4178 Aidano,
3247 4112 3715 4169 Lindisfurnensi

2070 4201 2361 4273 episcopo,
2398 4200 2453 4253 in
2486 4199 2737 4271 patriam
2787 4199 3269 4255 Northumbriam
3324 4207 3711 4258 revocaretur.

2071 4290 2182 4345 Sed
2214 4289 2372 4345 enim
2406 4292 2617 4343 sancta:
2657 4286 2900 4360 virginis
2946 4289 3258 4345 consilium
3308 4291 3714 4363 proficiscendi

2070 4383 2231 4435 extra
2260 4376 2622 4433 Britanniam
2672 4393 2949 4432 successu
3000 4378 3206 4445 caruit,
3239 4379 3713 4450 quandoquidem
3740 4412 3753 4419 ι

2069 4468 2244 4524 verba
2276 4467 2440 4522 Beda:
2474 4466 2649 4521 aliam
2687 4465 3226 4538 interpretationem
3278 4467 3588 4538 rccipiunt,
3623 4472 3714 4524 ut-

308 4563 443 4632 post
473 4556 856 4614 millesimum
885 4561 944 4613 et
959 4557 1347 4613 centesimum
1370 4573 1591 4611 annum
1614 4556 1957 4625 floruerunt,
1990 4573 2038 4639 Β
2070 4561 2202 4631 pote
2232 4573 2345 4611 non
2378 4555 2905 4624 asseverantis,sed
2930 4559 3161 4610 tantum
3176 4558 3713 4625 commemorantis,

304 4648 540 4715 referat,
556 4648 657 4704 sed
689 4648 762 4703 ad
794 4647 919 4702 haec
948 4646 1299 4719 respondere
1330 4646 1666 4718 expeditum
1690 4649 1959 4720 est,quod

302 4734 712 4803 Tritheimius,
745 4735 808 4791 in
837 4735 1108 4809 Catalogo
1157 4734 1481 4791 illustrium
1530 4735 1788 4791 virorum
1838 4754 1955 4793 non

302 4830 505 4883 exacte
530 4825 800 4882 observet
825 4824 1093 4880 ordinem
1144 4827 1497 4898 temporum,
1534 4829 1711 4897 atque
1755 4829 1955 4882 aetates

303 4912 661 4986 scriptorum
693 4913 1017 4969 secundum
1049 4930 1234 4970 annos
1251 4930 1368 4970 non
1398 4928 1631 4986 semper
1654 4918 1952 4986 supputet.

379 5002 565 5075 Igitur
610 5002 935 5074 speciosius
996 5003 1186 5075 magis
1220 5019 1416 5075 'quam
1474 5002 1668 5058 verius
1724 5003 1958 5061 fecisset

306 5091 666 5148 Humfredus
695 5092 745 5146 si
776 5090 1479 5158 Hereswithammatione
1505 5090 1956 5164 Anglam,Anna3

308 5179 466 5253 regis
496 5181 867 5237 orientalium
896 5181 1217 5254 Anglorum
1257 5181 1589 5253 eonjugem,
1631 5198 1765 5237 cum
1815 5184 1957 5238 Ros-

310 5269 503 5325 witha
556 5273 819 5326 nostratc
877 5271 1259 5327 contudisset.
1323 5271 1512 5336 Forte,
1570 5271 1645 5325 ob
1701 5271 1958 5343 aliquam

310 5358 568 5415 nominis
595 5360 1006 5432 cognationem
1038 5360 1234 5433 plures
1278 5359 1656 5432 applausores
1716 5360 1964 5416 invenis-

290 5451 420 5517 set,
453 5446 669 5520 quibus
716 5447 775 5503 id
824 5450 1177 5521 persuadere
1226 5453 1284 5505 et
1331 5448 1601 5504 credulos
1653 5448 1713 5503 in
1765 5465 1962 5505 errore

308 5535 586 5593 inducere
613 5537 922 5609 potuisset.
958 5538 1111 5594 Nam
1139 5539 1368 5594 vivente
1398 5538 1704 5605 marito,et
1734 5555 1800 5593 eo
1833 5538 1961 5610 qui-

316 5624 447 5681 dem
479 5626 897 5696 consentiente,
930 5626 991 5682 in
1022 5626 1269 5685 Galliam
1299 5626 1569 5684 discessit
1601 5627 1821 5696 conjux
1854 5628 1961 5684 He-

2070 4645 2233 4701 illam
2268 4649 2554 4701 retentam
2586 4660 2713 4700 esse
2743 4643 2804 4699 in
2839 4644 3134 4717 praedicta,
3161 4643 3219 4697 id
3269 4648 3359 4699 est
3402 4643 3461 4699 in
3511 4646 3713 4701 eadem

2066 4734 2530 4809 provincia,qua3
2554 4751 2694 4790 sane
2717 4733 2827 4789 fuit
2846 4732 3168 4805 Anglorum
3193 4732 3567 4789 orientalium
3590 4752 3718 4807 pro-

2064 4825 2276 4895 vincia,
2310 4825 2380 4880 de
2412 4841 2529 4896 qua
2556 4821 3095 4895 Anglo-Saxonicus
3139 4816 3439 4895 presbyter
3485 4822 3715 4879 locutus

2066 4914 2273 4982 fuerat,
2311 4912 2656 4985 neutiquam
2686 4928 2820 4966 vero
2851 4911 2913 4965 in
2949 4910 3158 4978 Gallia,
3193 4928 3370 4983 quam
3415 4910 3571 4966 idem
3619 4911 3717 4969 ille

2067 5007 2239 5058 antea
2270 5000 2631 5075 provinciam
2666 5016 2783 5054 non
2817 4999 3057 5055 dixerat.
3095 5000 3201 5054 Pro
3248 5017 3379 5055 mea
3428 5001 3717 5056 sententia

2067 5096 2184 5149 stat
2213 5091 2521 5147 Matthmus
2543 5088 3223 5145 Weestmonasteriensis
3240 5090 3311 5143 ad
3344 5107 3563 5145 annum
3587 5091 3715 5158 680,

2071 5181 2169 5254 qui
2200 5179 2294 5235 his
2329 5180 2515 5233 utitur
2543 5178 2735 5233 verbis
2768 5195 2781 5232 :
2818 5178 2970 5233 Anno
3001 5179 3199 5248 gratia:
3229 5180 3340 5233 680
3370 5178 3531 5233 llilda
3551 5179 3715 5234 abba-

2071 5274 2223 5335 tissa,
2258 5286 2379 5324 cum
2413 5271 2471 5323 in
2502 5268 2691 5323 habitu
2722 5275 2927 5324 sanctae
2955 5268 3242 5338 religionis
3284 5268 3429 5340 apud
3469 5269 3716 5323 Strcnes-

2072 5360 2203 5415 halh
2232 5375 2406 5413 XXXIII
2437 5359 2601 5412 annis
2634 5357 2800 5411 vitam
2832 5356 3098 5421 duxisset,
3148 5355 3215 5411 de
3260 5356 3463 5412 mundo
3511 5357 3715 5427 migra-

2073 5450 2151 5504 vit
2178 5447 2248 5502 ad
2282 5448 2597 5502 Dominum.
2639 5446 2767 5501 [Iaso
2795 5452 2975 5499 autem
3029 5446 3179 5515 virgo
3231 5444 3562 5515 beatissima,
3594 5462 3719 5500 eum

2072 5543 2207 5594 esset
2235 5536 2299 5591 de
2328 5538 2499 5606 s.irpe
2530 5536 2670 5605 regis
2699 5534 2960 5589 Eadwini
2986 5541 3326 5604 generosa,et
3354 5533 3424 5589 ad
3452 5534 3718 5605 prmities:-

2075 5630 2272 5683 tionem
2307 5625 2447 5681 beati
2497 5624 2727 5678 Paulini
2762 5622 2831 5677 ad
2874 5622 3035 5693 ﬁdem
3087 5638 3361 5689 conversa,
3393 5630 3593 5695 postea,
3630 5639 3715 5679 re-
