4052 6180
468 295 590 361 955
637 243 646 252 ’

469 528 774 585 nasterium
805 526 975 591 σηιξη,
1025 524 1122 579 ubi
1167 539 1322 578 soror
1363 523 1538 592 ipsius
1583 523 1896 586 llercswita,
1945 528 2119 576 mater

473 616 776 688 Ai'ldulphi,
810 617 953 685 regis
984 613 1338 668 orientalium
1375 612 1694 682 Anglorum,
1729 616 1836 666 Deo
1883 611 2118 682 feliciter

471 705 764 762 militabat.
789 702 890 757 Sed
921 708 1125 756 retenta
1152 708 1232 755 est
1272 717 1306 754 a
1345 701 1582 771 pra‘sule
1630 699 1854 767 Aidano,
1888 708 1938 756 ct
1973 703 2113 771 facta

469 796 763 860 abbatissa,
813 791 882 846 ad
930 792 1204 861 llertescy,
1248 797 1299 844 et
1339 799 1461 862 post
1507 791 1564 844 in
1607 793 1933 846 monasterio
1977 790 2118 846 Stre-

466 883 695 955 nefhalh
743 882 1030 952 appellato,
1063 879 1202 951 quod
1253 881 1370 950 ipsa
1417 878 1760 950 fundaverat,
1801 883 1908 933 etc.
1962 881 2113 934 Tum

469 971 826 1040 sulfragatur
856 967 990 1022 huic
1023 968 1326 1022 sententia:
1358 971 1568 1022 nostra:
1618 968 1903 1022 Antonius
1955 968 2110 1040 Pagi,

468 1061 528 1115 in
561 1059 775 1115 Critiea
807 1057 1153 1124 Baroniana,
1189 1060 1329 1110 tom.
1361 1057 1457 1126 III,
1507 1059 1578 1112 ad
1631 1075 1853 1112 annum
1899 1057 2112 1114 Christi

465 1150 591 1216 680,
609 1145 863 1203 Matthaii
896 1145 1536 1203 Wcstmonastericnsis
1559 1147 1909 1201 sententiam
1933 1147 2116 1218 gravi-

467 1239 579 1294 bus
623 1237 978 1292 confirmans
1027 1233 1414 1307 argumentis.
1471 1236 1628 1289 Inter
1676 1235 1790 1290 alia
1839 1235 1975 1308 Pagi
2029 1236 2112 1291 sic

467 1327 549 1382 ait
583 1344 595 1380 :
624 1326 888 1398 Quisquis
919 1325 1068 1380 enim
1095 1332 1290 1378 attente
1319 1332 1487 1378 totum
1514 1324 1675 1380 Beda?
1723 1325 1898 1380 locum
1944 1342 2115 1397 supra

465 1418 752 1472 recitatum
777 1415 988 1485 legerit,
1030 1414 1296 1483 intelliget
1343 1413 1543 1468 Bedam
1583 1413 1730 1469 nihil
1771 1414 1929 1469 aliud
1974 1415 2116 1469 indi-

463 1521 588 1562 care
617 1521 780 1577 quam
806 1502 1027 1558 Hildam
1056 1519 1125 1558 ex
1145 1502 1538 1558 Northumbria
1563 1505 1746 1574 patria
1775 1520 1876 1558 sua
1921 1505 1982 1558 in
2012 1504 2114 1558 An-

464 1596 634 1668 gliam
663 1593 1006 1666 perrexisse;
1038 1599 1088 1647 et
1118 1593 1176 1646 in
1201 1608 1284 1659 ea,
1317 1608 1442 1646 cum
1461 1591 1527 1647 de
1552 1594 1883 1664 profectione
1912 1594 1973 1648 in
1997 1593 2114 1648 Gal-

467 1686 602 1741 liam
629 1681 976 1754 suscipienda
1003 1683 1276 1752 cogitaret,
1307 1698 1405 1752 per
1459 1699 1668 1737 annum
1708 1683 1994 1747 mansisse,
2025 1682 2114 1738 do-

463 1791 563 1830 nec
589 1779 833 1829 revocata
861 1779 940 1828 est
966 1771 1034 1826 ab
1081 1771 1290 1826 Aidano
1335 1771 1394 1826 in
1439 1774 1681 1843 patriam
1728 1773 1927 1860 seu'in
1975 1771 2110 1828 Nor-
2143 1798 2191 1864 Β

465 1863 817 1919 thumbriam.
877 1861 1227 1932 Propositum
1285 1861 1456 1931 igitur
1508 1850 1900 1932 peregrinandi
1957 1869 2113 1918 extra

463 1952 817 2006 Britanniam
857 1948 1194 2003 cxseeutioni
1252 1965 1362 2002 non
1428 1948 1712 2002 mandavit
1756 1948 1942 2014 Ililda,
1991 1966 2115 2005 cum

466 2038 608 2094 illud
633 2037 776 2092 Beda
805 2053 915 2091 non
941 2036 1213 2106 afﬁrmet;
1243 2036 1352 2089 imo
1395 2035 1616 2100 scribat,
1651 2036 1808 2090 illam
1851 2043 2114 2091 retentam

465 2128 660 2182 essein
688 2124 875 2180 eadem
899 2125 1209 2196 provincia,
1232 2122 1456 2194 ideoque
1486 2123 1544 2177 in
1569 2125 1854 2194 provincia
1881 2125 2116 2180 orienta-

467 2215 604 2269 lium
633 2213 950 2284 Anglorum,
979 2211 1045 2266 de
1070 2227 1178 2283 qua
1227 2212 1435 2266 locutus
1481 2212 1687 2282 fuerat,
1725 2228 1838 2267 non
1879 2229 2004 2268 vero
2052 2215 2114 2269 in

468 2303 670 2373 Gallia,
703 2319 868 2375 quam
894 2301 1036 2357 Beda
1068 2308 1227 2355 antea
1261 2302 1602 2372 provinciam
1627 2317 1733 2356 non
1764 2303 2082 2374 appellarat.

537 2391 700 2459 Quod
731 2407 889 2446 nunc
919 2389 1130 2445 attinet
1147 2390 1218 2444 ad
1237 2389 1553 2445 Roswithae
1581 2391 1858 2446 nostratis
1882 2409 2110 2447 morum

465 2479 855 2551 doctrinaeque
885 2477 1446 2550 magistras,habuit
1475 2478 1574 2534 illa
1604 2479 1823 2550 plures,
1839 2481 1940 2536 sed
1964 2482 2112 2538 duas

465 2568 758 2642 imprimis
799 2567 1086 2635 nominat,
1121 2565 1335 2638 quibus
1383 2569 1582 2623 omnia
1629 2570 1805 2624 refert
1852 2575 2108 2643 accepta,

465 2675 680 2730 easque
712 2657 964 2712 summis
981 2660 1149 2711 ornat
1177 2653 1572 2727 elogiis,et,ut
1601 2661 1878 2730 perpetua
1899 2657 2110 2714 harum

463 2746 748 2804 memoria
779 2745 1129 2802 feminarum
1148 2745 1219 2800 ad
1239 2761 1474 2800 omnem
1493 2747 1897 2817 posteritatem
1921 2763 2114 2819 perve-

464 2837 610 2904 niat,
626 2836 682 2891 in
697 2834 1054 2908 priet‘atione,
1073 2833 1132 2888 in
1152 2849 1328 2906 opera
1349 2850 1457 2889 sua
1475 2834 1742 2890 versibus
1759 2837 2110 2908 conscripta,

459 2927 716 3002 graviter
743 2923 1250 2996 expressit.Verba
1279 2921 1400 2976 hcec
1429 2925 1596 2978 sunt:
1615 2924 1800 2979 Primo
1828 2927 2112 2996 sapientis-

463 3018 644 3081 simae,
675 3022 835 3086 atque
865 3013 1277 3083 benignissimw
1307 3011 1594 3066 Rikkardis
1633 3015 1932 3084 nuzgistrce,
1965 3015 2110 3069 alia-

465 3119 696 3176 rumque
723 3117 844 3158 suse
873 3101 1006 3156 vicis
1037 3102 1337 3155 instruente
1364 3102 1696 3171 magisterio,
1712 3101 1923 3169 deinde,
1935 3120 2111 3174 prona

462 3167 674 3264 favente
704 3192 988 3246 clementia
1017 3190 1187 3259 regiae
1219 3187 1418 3243 indolis
1450 3167 1748 3262 Cerbergaz,
1780 3167 1950 3263 cujus-
1963 3209 2112 3248 nunc
2138 3167 2182 3235 C

463 3279 668 3336 subdor
715 3279 958 3334 dominio
1004 3277 1253 3344 abbatiw,
1305 3292 1430 3348 quae
1475 3284 1630 3334 (etate
1675 3281 1877 3346 minor,
1907 3280 2018 3349 sed,
2055 3290 2114 3338 ut

466 3369 809 3442 imperialem
853 3366 1069 3422 decebat
1108 3372 1340 3437 neptem,
1389 3367 1618 3421 scientia
1659 3369 1978 3437 provectior,
2011 3371 2114 3426 ali-

467 3465 594 3531 quot
621 3464 864 3512 auetores
895 3471 1025 3527 quos
1055 3455 1174 3525 ipsa
1217 3455 1375 3525 prior
1419 3471 1452 3509 a
1496 3455 1917 3526 sapientissimts
1960 3457 2111 3514 dedi-

466 3547 559 3613 cit,
592 3562 678 3600 me
704 3542 995 3599 admodum
1021 3544 1113 3614 pie
1140 3541 1396 3598 erudivit.
1427 3543 1617 3614 Atque
1648 3542 1730 3598 ita
1761 3548 1989 3601 constat
2020 3565 2116 3620 po-

467 3634 770 3691 steriorem
805 3632 1146 3705 magistram
1177 3631 1548 3704 Garburgim,
1584 3631 1716 3688 aliis
1748 3633 2110 3708 Gerbirgam,

469 3724 649 3780 fuisse
682 3721 1028 3788 antistitam,
1059 3720 1234 3794 vulgo
1264 3719 1730 3790 abbatissimam,
1767 3721 1824 3777 in
1858 3724 1966 3780 hoc
2001 3743 2112 3782 cm-

467 3812 833 3885 nobio,quod
867 3827 1007 3867 sane
1035 3811 1107 3866 de
1136 3809 1315 3883 priori
1348 3827 1465 3865 non
1487 3810 1600 3866 dici
1628 3829 1814 3884 neque
1836 3828 1904 3868 ex
1923 3816 2116 3871 verbis

466 3906 802 3960 memoratae
834 3899 1190 3974 prtet‘ationis
1221 3897 1417 3972 colligi
1451 3903 1660 3971 potest.
1696 3901 1890 3957 Nihilo
1920 3907 2115 3960 tamen

470 3993 660 4049 secius
693 3989 960 4046 nonnulli
993 3989 1365 4062 reperiuntur
1394 3989 1493 4060 qui
1526 3987 1776 4061 priorem
1800 3991 2116 4049 Roswithae

470 4081 815 4152 magistram
847 4077 1185 4133 Riehardim
1202 4076 1565 4133 abbatissam
1585 4077 1803 4150 pariter
1816 4079 1995 4151 hujus
2013 4098 2120 4140 ca:-

472 4167 628 4222 nobii
661 4167 843 4221 fuisse
856 4167 1062 4233 ferant,
1078 4165 1258 4221 baudi
1272 4165 1385 4222 alio
1399 4164 1518 4220 nixi
1541 4166 1921 4226 fundamento
1937 4187 2116 4243 quam

473 4255 628 4328 quod
659 4253 719 4310 in
751 4253 860 4308 hac
883 4253 1218 4325 praefatione
1239 4258 1410 4310 antea
1431 4254 1732 4312 nominata
1751 4260 2118 4330 ponunt.Sed

472 4343 566 4400 his
580 4361 696 4399 non
711 4340 1026 4416 applaudo,
1041 4357 1242 4397 verum
1265 4343 1463 4415 potius
1480 4343 1537 4398 in
1554 4348 1750 4416 partes
1772 4349 2116 4420 negantium

471 4451 558 4502 eo,
580 4449 826 4506 reorque
857 4430 1338 4498 Richardim,vel,
1353 4435 1419 4486 ut
1439 4431 1537 4486 alii
1559 4434 1874 4506 appellant,
1897 4437 2116 4494 Rikkar—

1681 289 1783 356 AD
1827 291 2086 359 OPERA
2125 284 2677 358 HRO'I‘SUITHJE.
3713 297 3799 362 956

474 437 598 495 licto
629 433 819 493 habitu
846 430 1127 500 saeculari,
1155 429 1438 505 proposuit
1463 431 1760 502 transferre
1804 445 1862 487 se
1905 427 1976 486 ad
2000 445 2116 487 τηο-
2144 425 2200 494 Α
2234 489 2242 497 ,

2334 427 2430 483 IV.
2465 425 2778 486 Hroswita.
2927 488 2936 493 _

2331 517 2400 573 V.
2435 518 2791 591 Luthgardis
2824 519 2866 575 Ι.

2331 607 2426 664 VI.
2458 608 2909 681 Windclgardis.

2329 697 2452 753 VII.
2487 697 2808 769 Garburgis
2839 699 2908 754 II.
2952 697 3085 768 (Sub
3134 698 3235 754 hac
3282 699 3558 771 Garburgi
3602 701 3807 758 Roswitlu

2328 794 2514 843 nostra
2553 789 2816 843 monialis
2863 789 3032 843 vitam
3079 790 3191 860 egit
3231 805 3294 844 ac
3332 789 3558 856 claruit,
3595 789 3809 864 eidqu

2328 890 2518 946 poema
2541 891 2706 930 suum
2735 875 3058 944 dedicavit.)

2331 963 2479 1019 VIII.
2515 963 2755 1036 Sophia.

2333 1055 2420 1109 1X.
2451 1053 2784 1109 Adelheidis
2818 1055 2861 1110 I.

2331 1144 2394 1198 Χ.
2421 1143 2668 1198 Beatrix.

2329 1233 2419 1288 XI.
2452 1231 2788 1288 Adelheidis
2821 1232 2888 1288 lI.

2327 1322 2446 1376 XII.
2482 1321 2902 1387 Frederuntha,

2328 1411 2474 1466 xm.
2508 1412 2698 1482 Agnes
2726 1412 2765 1466 I.

2328 1499 2465 1557 XIV.
2504 1498 2839 1555 Adelheidis
2876 1499 2974 1555 III.

2327 1589 2444 1643 XV.
2481 1590 2650 1644 Berta
2678 1589 2722 1645 Ι.

2329 1677 2470 1734 XVI.
2507 1677 2859 1750 Luthgardis
2895 1678 2966 1733 II.

2327 1766 2492 1823 XVII.
2526 1767 2861 1822 Adelheidis
2887 1765 2978 1822 IV.

2328 1855 2526 1911 XVIII.
2557 1855 2837 1912 Adheidis
2865 1855 2933 1910 V.

2329 1945 2468 2000 XIX.
2504 1943 2824 2000 Mathildis.

2330 2034 2443 2090 XX.
2479 2035 2648 2090 Berta
2679 2034 2746 2090 II.

2293 2123 2510 2180 Verum
2530 2122 2626 2179 hic
2657 2123 2818 2179 nulla
2838 2122 3137 2180 abbatissa
3164 2127 3472 2196 comparet
3491 2141 3609 2196 quae
3630 2123 3813 2179 Richar-

2223 2213 2314 2268 dis
2341 2211 2576 2268 nomine
2602 2211 3074 2284 sitinsignita,et
3104 2209 3346 2268 illorum
3380 2211 3814 2284 temporum,qui-

2221 2301 2334 2358 bus
2363 2301 2668 2357 Roswitha
2709 2299 2984 2356 monialis
3009 2301 3568 2357 Gandesheimensis
3612 2299 3732 2355 vixit
3765 2317 3812 2354 ac

2223 2389 2452 2458 claruit,
2487 2388 2750 2462 aequalis.
2784 2389 2900 2445 Nec
2945 2405 3079 2444 vero
3127 2388 3238 2444 hoc
3266 2389 3386 2446 tale
3416 2389 3700 2446 Richardis
3739 2406 3810 2445 no-

2222 2496 2358 2535 men
2391 2477 2678 2551 reperitur
2707 2477 2766 2533 in
2801 2477 2949 2534 serie
2990 2477 3204 2533 harum
3252 2477 3690 2546 abbatissarum,
3718 2495 3810 2551 qua

2189 2557 2408 2654 :exstat
2439 2568 2594 2640 apud
2627 2565 2955 2654 Gabrielem
2989 2565 3365 2634 Bucelinum,
3393 2571 3454 2622 et
3499 2565 3684 2622 multis
3707 2565 3812 2624 locis

2221 2675 2256 2714 a
2283 2656 2460 2730 priori
2490 2656 2720 2713 diversa
2739 2660 2828 2712 est
2849 2655 2908 2710 in
2940 2658 3104 2728 parte
3122 2672 3163 2711 ιι
3187 2655 3516 2712 Germaniae
3544 2655 3810 2728 topo-chro-

2219 2750 2611 2803 nostemmato
2645 2745 2937 2819 graphice:
2969 2760 3166 2800 sacrae.
3201 2743 3399 2801 Series
3439 2743 3808 2802 abbatissarum

2219 2837 2547 2892 secundum
2579 2834 2924 2891 Bucelinum
2951 2834 3074 2891 hac
3104 2837 3193 2890 est
3225 2849 3240 2888 :

2327 2930 2369 2982 l.
2405 2925 2730 2981 Habundis.

2327 3014 2400 3070 II.
2433 3013 2684 3088 Gerbiga
2711 3013 2750 3070 I.

2327 3103 2424 3159 III.
2460 3103 2773 3160 Christian.

2327 3193 2420 3248 IV.
2457 3191 2870 3250 Rodeswinda.

2325 3281 2393 3335 V.
2425 3281 2872 3354 Wendelgarda.

2327 3369 2420 3426 VI.
2455 3371 2745 3444 Gerberga
2790 3371 2860 3426 II.
2910 3370 3042 3440 (Sub
3101 3387 3226 3443 qua,
3276 3373 3348 3426 ut
3404 3369 3486 3426 ait
3529 3367 3802 3434 Bucelinus,

2328 3461 2530 3516 claruit
2555 3460 2817 3516 monialis
2845 3459 3084 3533 ejusdem
3113 3459 3350 3516 ownobii
3375 3456 3806 3528 doctissimamtjut

2331 3551 2576 3621 insignia
2595 3557 2810 3604 exstant
2833 3550 3097 3620 praeclari
3144 3550 3364 3620 ingenii
3388 3550 3694 3606 monimenta
3728 3545 3808 3600 his-

2330 3641 2501 3696 torica
2527 3647 2580 3695 et
2602 3640 2861 3711 poetica.)

2329 3728 2449 3784 VII.
2486 3727 2724 3800 Sophia.
2849 3722 2852 3730 ’

2329 3817 2482 3873 VIII.
2513 3815 2890 3873 Athelheides
2919 3816 2962 3872 Ι.

2333 3905 2420 3963 IX.
2457 3905 2689 3962 Bertha.
2999 3899 3007 3904 ’

2331 3997 2396 4052 Χ.
2435 3995 2750 4052 Loicardis.

2331 4084 2424 4141 XI.
2456 4083 2788 4142 Atelheides
2820 4083 2890 4153 II,
2923 4086 3034 4140 etc.

2225 4173 2460 4231 Certum
2491 4171 2672 4246 igitur
2695 4172 2852 4245 apud
2886 4189 2980 4229 me
3009 4174 3100 4229 est
3127 4171 3471 4238 Richardin,
3493 4169 3603 4227 sive
3627 4163 3807 4222 lliehu-

2227 4263 2384 4332 dam,
2432 4279 2548 4319 non
2606 4261 2668 4318 in
2723 4262 3161 4320 abbatissarum
3219 4252 3804 4318 Gandesheimensium,

2227 4353 2328 4410 sed
2361 4351 2729 4420 monialium,
2745 4367 2990 4408 numero
3018 4367 3149 4407 esse
3166 4349 3576 4422 reponendum.
3591 4345 3644 4402 Id
3657 4345 3806 4398 tamen

2227 4442 2393 4500 fateri
2423 4459 2517 4499 me
2545 4445 2794 4515 oportet,
2827 4440 3037 4498 harum
3066 4439 3276 4496 talium
3306 4438 3516 4496 seriem
3543 4433 3804 4515 primarum

471 4523 587 4580 dim
617 4522 796 4594 hujus
827 4518 1169 4576 monasterii
1213 4517 1392 4574 fuisse
1441 4521 1777 4592 monialem,
1813 4542 2115 4598 nunquam
2148 4540 2194 4606 D
2227 4532 2390 4590 illius
2421 4513 2762 4588 monasterii
2792 4529 3247 4601 abbatissarum,
3279 4545 3410 4602 qua:
3441 4524 3587 4600 apud
3627 4513 3812 4578 Buceli-.

469 4628 604 4668 vero
635 4611 710 4666 ad
741 4609 1053 4666 abbatissae
1092 4608 1438 4681 dignitatem
1487 4615 1766 4668 avectam.
1801 4614 1883 4670 Ex
1924 4617 2117 4674 verbis

473 4702 806 4756 memoratae
833 4697 1189 4770 praefationis
1212 4697 1320 4753 hoc
1343 4701 1570 4754 tantum
1589 4701 1938 4760 concludere
1960 4703 2117 4775 licet,

473 4789 628 4862 quod
661 4787 969 4846 Richardis
1000 4787 1237 4859 sapiens
1269 4787 1555 4860 doctaque
1583 4788 1743 4863 virgo
1769 4791 1946 4849 fuerit
1964 4794 2118 4851 vixe-

471 4879 667 4951 ritque
698 4877 755 4932 in
787 4874 1160 4944 monasterio,
1195 4879 1368 4948 atque
1415 4877 1677 4933 docuerit
1725 4879 2117 4954 Roswitham,

471 4981 590 5020 non
622 4968 816 5019 tamen
850 4963 981 5018 ideo
1011 4962 1302 5018 Hic/tardis
1329 4963 1630 5020 abbatissa
1675 4967 1877 5023 statim
1928 4972 2119 5028 vocari

475 5059 683 5127 potest,
714 5071 848 5108 cum
881 5053 938 5107 id
971 5053 1180 5125 virgini
1213 5071 1446 5126 quoque
1475 5056 1760 5112 sacerdoti
1791 5061 2115 5130 conveniat,

473 5147 600 5198 tum
633 5143 808 5198 etiam
840 5142 898 5197 in
930 5143 1086 5214 quod
1109 5147 1286 5215 caput
1311 5143 1390 5198 rei
1425 5149 1841 5218 cst,nusquam
1873 5165 2122 5207 comme-

477 5235 754 5288 moretur.
781 5231 972 5287 Series
1004 5231 1435 5287 abbatissarum
1469 5233 2116 5308 Gandesheimensium,

476 5337 655 5393 quam
687 5338 754 5375 ex
784 5323 1150 5392 syntagmate
1183 5321 1436 5376 Bodonis
1465 5321 1692 5395 collegi,
1723 5324 1844 5381 haec
1873 5332 1962 5383 est
1996 5346 2008 5382 :

583 5411 624 5464 Ι.
659 5408 1052 5475 Hathumoda,
1089 5407 1220 5463 aliis
1250 5409 1574 5464 IIabundis.

582 5497 654 5553 II.
689 5497 1006 5570 Garburgis
1039 5498 1080 5567 Ι,
1115 5497 1244 5554 aliis
1277 5498 1576 5570 Gerbirga.

585 5586 679 5642 III.
715 5585 1030 5644 Christian.

2228 4639 2374 4678 num
2405 4620 2640 4694 legitur,
2673 4619 3038 4691 mutilam,et
3065 4635 3135 4675 ex
3165 4617 3419 4674 Bodonis
3442 4609 3695 4672 Chronico
3707 4616 3807 4694 tu?

2229 4693 2507 4784 plendam
2549 4708 2765 4783 pariter
2808 4726 2875 4766 ac
2925 4707 3357 4765 emendandum
3402 4720 3545 4762 esse.
3573 4693 3803 4789 Illuqmdein

2229 4799 2486 4856 Bucelini
2530 4799 2796 4856 ordinem
2838 4797 3014 4854 habet
3059 4801 3118 4853 et
3167 4798 3391 4868 Gaspar
3436 4785 3718 4851 Bruschius
3757 4785 3801 4832 in

2229 4888 2494 4946 centuria
2511 4889 2535 4944 1
2555 4887 3048 4945 monasteriorum
3070 4885 3393 4942 Germania
3423 4879 3802 4958 praecipuol‘um»

2229 4979 2409 5052 p.66.
2453 4979 2565 5034 Sed
2617 4975 2770 5034 ultro
2820 4977 3036 5032 fatetur
3081 4991 3217 5032 eum
3266 4991 3394 5031 esse
3439 4963 3802 5052 imperfectam.

2231 5044 2390 5124 Idem
2422 5071 2510 5123 est
2539 5065 2634 5122 ille
2661 5065 3002 5132 Bruschius,
3035 5080 3212 5136 quem
3242 5062 3416 5136 plagii
3447 5044 3803 5141 accusavit

2228 5157 2376 5224 zius,
2408 5160 2467 5211 et
2497 5173 2531 5212 a
2561 5154 2869 5211 Francisco
2918 5151 3335 5222 Guillimanno,
3380 5151 3439 5206 in
3483 5136 3804 5206 Chronologia

2228 5245 2638 5318 episcoporum
2687 5241 3294 5317 Argentoratensium,
3344 5253 3489 5310 saepe
3531 5233 3802 5322 iterumque

2229 5337 2466 5390 notatus
2497 5338 2606 5402 est,
2639 5337 2696 5388 et
2723 5332 2964 5405 quidem
2994 5348 3064 5386 ex
3085 5329 3302 5387 tabulis
3351 5325 3498 5383 veris
3540 5335 3600 5377 ac

2229 5421 2564 5494 quibusque
2589 5397 3102 5478 monumentis.De
3133 5421 3261 5492 ejus
3292 5419 3472 5474 morte
3499 5407 3652 5467 refert
3673 5397 3797 5498 (ξιιτίς

2230 5510 2464 5568 stianus
2495 5511 2770 5578 Matthiae,
2815 5510 3052 5567 Theatr.
3103 5509 3310 5566 histor.
3353 5522 3409 5578 p.
3448 5498 3594 5588 1030,
3629 5495 3798 5588 Ense”

2228 5598 2470 5671 periisse
2502 5598 2698 5672 sclopo
2729 5599 3042 5671 trajectum
3071 5598 3133 5656 in
3155 5593 3394 5655 Francia
3421 5577 3679 5648 orientali-
