4044 6176
236 296 349 366 9'61

1639 298 2259 380 PROLEGO‘MENAI

3538 312 3659 380 962

238 450 397 503 nem,
425 435 637 492 harum
693 432 1169 492 lucubrationum
1225 440 1521 494 auctorem
1578 452 1728 507 esse,
1763 456 1890 511 quin
1918 438 2060 507 Ληςθ
2089 442 2384 496 tenuerunt
2436 444 2604 496 annis
2661 443 2877 498 circiter
2932 442 3129 500 decem.
3163 444 3232 499 Et
3262 446 3433 516 paulo
3486 454 3660 520 post:

238 525 535 580 sententia
557 540 672 597 pra:
695 524 939 596 reliquis
961 525 1104 581 mihi
1125 526 1301 581 etiam
1325 526 1535 599 placet.
1551 528 1677 583 Non
1700 532 1899 584 autem

240 611 474 685 primus
499 613 874 669 Eistettensis
903 612 1216 687 episcopus
1244 615 1625 673 Willibaldus
1656 616 1765 672 fuit
1796 632 1897 672 na-

238 700 399 758 tione
429 694 673 769 Saevus,
698 714 888 774 neque
917 704 1155 759 natione
1202 705 1434 773 Scotus,
1466 705 1576 761 etsi
1610 706 1899 778 posterius

239 791 311 846 D.
335 791 560 847 Oleario
593 792 651 847 in
685 792 864 847 abaco
896 792 1138 865 placuit,
1173 795 1273 851 sed
1306 793 1508 867 Anglis
1540 794 1658 849 sive
1688 794 1900 866 Anglo-

240 879 573 937 S'axonibus
595 881 974 955 annumerari
1004 883 1198 950 debet,
1226 888 1291 938 ut
1322 888 1475 939 recte
1506 888 1638 955 post
1668 886 1901 940 Cretse-

241 985 376 1025 rum
399 970 457 1024 in
479 970 985 1026 observationibus
1008 973 1079 1027 ad
1115 971 1367 1044 Philippi
1400 973 1899 1027 Commentarium

242 1076 372 1132 cap.
396 1060 815 1131 3,judicarunt
836 1060 1104 1115 Oudinus
1135 1060 1196 1115 in
1228 1060 1648 1133 Supplemento
1680 1062 1751 1116 ad
1786 1060 1904 1115 Bel-

242 1147 584 1215 larminum,
606 1162 663 1219 p.
690 1147 811 1216 190,
836 1151 893 1203 et
913 1147 1201 1219 Dupinius
1225 1151 1366 1203 tom.
1389 1148 1461 1203 IV
1482 1149 1650 1203 Novae
1681 1146 1900 1203 Biblio-

243 1236 426 1292 theca:
448 1240 756 1291 auctorum
789 1235 1572 1303 ecclesiasticorum.Quibus
1589 1240 1647 1293 et
1667 1236 1903 1309 applau-

243 1326 334 1381 dit
363 1326 585 1381 Caveas
622 1324 684 1380 in
726 1324 982 1381 Historia
1018 1324 1303 1382 litteraria
1333 1326 1687 1399 scriptorum
1717 1326 1904 1383 eccle-

243 1414 642 1471 siasticorum.
675 1414 876 1487 Neque
926 1430 1061 1470 eum
1110 1414 1220 1471 hoc
1261 1415 1602 1473 Willibaldo
1632 1416 1904 1489 episcopo

242 1496 586 1561 Eistettensi
644 1504 1101 1561 confundendus
1149 1509 1238 1561 est
1268 1503 1364 1561 ille
1394 1504 1774 1561 Willibaldus
1804 1504 1905 1578 qui

242 1593 439 1650 Vitam
499 1594 559 1651 8.
610 1592 891 1651 Bonifacii
950 1595 1322 1668 conscripsit,
1385 1612 1511 1667 quae
1572 1599 1774 1667 postea
1832 1594 1904 1650 ab

245 1683 519 1752 0thlono,
544 1682 841 1745 undecimi
874 1683 1071 1739 saeculi
1105 1683 1414 1751 monacho,
1444 1682 1732 1756 epistolis,
1758 1683 1905 1739 actis

248 1771 629 1828 conciliorum
676 1770 925 1843 aliisque
968 1772 1271 1828 nonnullis
1303 1777 1475 1828 aucta
1504 1776 1612 1828 est.
1647 1773 1712 1827 Hi
1746 1773 1904 1828 enim

247 1861 462 1918 diversi
493 1865 632 1917 sunt
652 1865 711 1917 et
732 1878 765 1916 a
787 1877 850 1916 se
880 1860 1125 1916 invicem
1159 1860 1444 1934 distingui
1504 1862 1736 1930 debent,
1771 1861 1907 1916 licet

249 1949 568 2015 Serrarius,
604 1947 643 2003 l.
676 1965 741 2004 ιιι
786 1948 1002 2004 Rerum
1059 1948 1587 2020 Moguntiacarum,
1650 1954 1770 2005 not.
1833 1950 1902 2016 1;

249 2037 627 2095 Mabillonius
661 2038 720 2091 in
749 2036 1255 2093 observationibus
1314 2037 1541 2108 praaviis
1594 2038 1662 2092 ad
1710 2037 1905 2092 Vitam

248 2127 435 2195 illam,
468 2131 525 2183 et
554 2126 823 2182 Ceintius
882 2126 941 2181 in
998 2125 1326 2181 Annalibus
1383 2125 1793 2182 ecclesiasticis
1834 2126 1905 2181 ad

250 2230 477 2271 annum
533 2212 746 2270 Christi
794 2214 923 2281 712,
958 2230 1017 2267 n.
1053 2214 1139 2280 12,
1176 2229 1369 2268 errore
1414 2213 1595 2281 ducti,
1648 2214 1907 2270 diversos

250 2305 361 2360 hos
384 2320 489 2377 pro
507 2302 717 2358 iisdem
743 2302 1075 2357 habuerint.
1092 2302 1243 2357 Illud
1268 2307 1463 2357 tamen
1481 2302 1578 2358 hic
1610 2320 1723 2358 non
1757 2320 1905 2374 queo

250 2392 521 2459 inﬁciari,
554 2391 786 2447 nullum
808 2390 1166 2446 Richardum
1189 2389 1410 2463 Angliaa
1432 2408 1648 2464 regem,
1666 2392 1766 2463 qui
1800 2409 1907 2464 pa-

251 2488 343 2538 ter
361 2483 420 2538 S.
440 2479 766 2536 Willibaldi
805 2479 1061 2553 episcopi
1100 2480 1491 2548 Eistettensis,
1519 2480 1661 2536 item
1692 2486 1907 2538 Wunc-

254 2571 413 2627 baldi
466 2569 717 2638 abbatis,
750 2572 807 2623 et
837 2569 896 2624 S.
923 2568 1286 2641 Walpurgis,
1319 2569 1630 2625 abbatissa:
1662 2569 1906 2624 Hcidcn-

254 2659 597 2727 beimensis,
630 2658 823 2725 fuerit,
858 2658 917 2713 in
949 2657 1098 2714 serie
1148 2673 1352 2730 regum
1390 2657 1609 2731 Anglia:
1644 2658 1906 2730 reperiri,

256 2766 445 2822 neque
477 2750 605 2820 ejus
637 2747 894 2803 nominis
925 2740 1120 2819 regem
1152 2746 1383 2819 uspiam
1418 2747 1478 2801 in
1512 2747 1910 2803 monumentis

258 2838 538 2912 Anglicis,
572 2824 789 2892 nedum
844 2836 902 2890 in
939 2836 1111 2901 Beda,
1145 2836 1245 2908 qui
1279 2840 1546 2891 accurate
1577 2853 1779 2909 regum
1812 2853 1915 2909 ge-

255 2926 557 2999 nealogias
612 2923 923 2991 recensuit,
974 2923 1243 2978 inveniri.
1291 2923 1508 2979 Omitto
1565 2924 1913 2980 recentiores

255 3015 641 3075 Wilhelmum
672 3012 1623 3080 MalmesburiensemMatthwum
1654 3012 1914 3069 Vestmo-

256 3106 702 3172 nasteriensem,
738 3102 1051 3158 Henricum
1082 3090 1910 3171 Huntindoniensemflorené

1937 1812 1984 1877 B

2007 530 2244 584 Devictz's
2273 537 2432 601 atque
2469 531 2665 585 amotis
2707 530 3037 602 subregulis,
3075 531 3389 589 Ceadwalla
3433 541 3668 609 suscepi:

2008 619 2323 689 imperium.
2356 620 2545 691 Atque
2574 619 2708 674 inde
2730 620 2960 689 judicat
2990 620 3274 689 Cointius,
3306 623 3665 682 Riehardum

2010 711 2277 762 nostrum
2308 723 2377 761 ex
2409 706 2643 762 illorum
2677 707 3128 780 subregulorum
3175 725 3420 765 numero
3462 712 3664 769 fuisse.

2011 794 2327 850 Bollandus
2353 796 2572 868 pariter
2594 795 2949 851 Richardum
2976 813 3171 868 regem
3202 798 3476 870 appellat,
3511 802 3666 873 apud

2011 900 2184 954 quem
2207 883 2383 939 etiam
2407 885 2537 954 ejus
2557 884 2784 950 Vita,cx
2804 884 2961 940 Actis
2984 890 3321 941 sanctorum
3346 888 3665 943 Willibaldi

2010 978 2067 1028 et
2085 972 2719 1043 Wunibaldiinprimis
2750 974 3031 1040 confecta,
3056 974 3127 1028 ad
3159 975 3315 1028 diem
3349 976 3665 1046 septimum

2012 1063 2150 1117 Idus
2173 1062 2470 1117 Februarii
2492 1061 2724 1132 legitur,
2750 1061 2849 1132 qui
2882 1061 3008 1115 dies
3032 1062 3087 1115 in
3123 1063 3289 1116 fastis
3321 1064 3669 1119 ecclesiasti-

2012 1151 2097 1205 cis
2128 1151 2187 1205 S.
2223 1150 2494 1205 Ricliardi
2556 1150 2850 1205 memorim
2910 1149 3137 1204 dicatus
3187 1154 3295 1205 est.
3330 1150 3546 1205 Verum
3594 1153 3667 1207 ab

2012 1238 2322 1311 utriusque
2378 1238 2667 1294 sententia
2724 1238 2944 1293 recedit
2994 1238 3207 1309 Pagius
3240 1241 3381 1293 tom.
3417 1239 3492 1293 ΙΙΙ
3522 1240 3665 1295 Crit.

2013 1329 2222 1384 Baron.
2255 1328 2327 1384 ad
2350 1344 2573 1383 annum
2607 1327 2821 1383 Christi
2842 1328 2971 1395 750,
2994 1331 3050 1382 et
3075 1328 3134 1382 S.
3161 1327 3517 1383 Richardum
3551 1345 3668 1385 non

2011 1415 2231 1490 Angliae
2262 1432 2457 1488 regem
2489 1416 2591 1471 sed
2620 1414 2877 1471 nobilem
2910 1418 2968 1471 et
2998 1414 3358 1488 praedivitem
3412 1417 3668 1490 Anglum

2013 1505 2198 1561 fuisse
2210 1505 2599 1577 tradit,eoque
2622 1504 2858 1560 nomine
2880 1507 3043 1559 notat
3066 1502 3411 1559 Bollandum
3432 1504 3668 1561 etCoin-

2014 1594 2164 1650 tium
2223 1594 2380 1666 quod
2411 1610 2473 1649 se
2504 1611 2538 1649 a
2568 1593 2815 1649 Baronio
2846 1593 2905 1647 in
2939 1609 3193 1649 errorem
3252 1593 3453 1649 induci
3510 1593 3671 1667 passi

2015 1684 2251 1751 fuerint,
2286 1699 2420 1738 cum
2451 1688 2647 1738 tamen
2690 1681 2974 1738 Baronius
3006 1681 3150 1737 nihil
3185 1681 3398 1738 habeat
3427 1684 3583 1739 unde
3610 1684 3670 1739 id

2014 1773 2240 1845 probet,
2274 1790 2449 1845 quam
2498 1788 2565 1827 ex
2614 1772 2920 1843 supposito
2952 1772 3007 1827 S.
3046 1770 3318 1826 Richardi
3350 1771 3667 1844 epitaphio,

2014 1860 2183 1933 longe
2215 1866 2346 1932 post
2394 1862 2524 1932 ejus
2582 1866 2830 1917 mortem
2888 1860 3238 1931 conscripto,
3274 1861 3428 1932 quod
3460 1861 3670 1916 fabulas

2015 1951 2210 2022 potius
2232 1967 2409 2022 quam
2436 1950 2692 2005 historia:
2725 1950 3138 2004 ascribendum
3170 1949 3266 2004 sit.
3301 1951 3483 2015 Quem
3516 1967 3671 2005 erro-

2016 2056 2137 2093 rem
2190 2038 2439 2110 ipsemet
2492 2039 2799 2106 Baronius,
2830 2043 2897 2093 ut
2926 2038 3177 2104 videtur,
3209 2043 3410 2108 postea
3439 2039 3675 2109 agnovit

2015 2128 2073 2182 in
2098 2128 2416 2200 appendice
2442 2128 2512 2182 ad
2536 2128 2693 2182 hunc
2716 2143 3102 2193 annum,cum
3128 2125 3341 2181 ibidem
3365 2128 3424 2183 S.
3442 2126 3676 2182 ltichar-

2016 2218 2179 2284 dum,
2214 2233 2326 2272 non
2358 2215 2576 2288 Anglia:
2608 2232 2800 2287 regem
2809 2216 2943 2284 ,scd
2976 2215 3165 2270 virum
3198 2231 3394 2286 genere
3425 2220 3483 2270 et
3514 2215 3673 2271 rebus

2016 2308 2229 2362 clarum
2288 2305 2629 2360 nominavit.
2674 2306 2837 2371 Quod
2893 2321 3026 2360 vero
3084 2306 3153 2359 ad
3215 2303 3409 2358 Vitam
3466 2304 3675 2359 attinet

2018 2396 2077 2451 S.
2106 2394 2464 2467 Walpurgze,
2497 2394 2629 2449 aliis
2661 2395 2719 2449 S.
2749 2393 3105 2465 Walpurgis,
3140 2393 3494 2465 conscripsit
3541 2409 3672 2447 eam

2015 2481 2438 2548 Wolfihardus,
2500 2481 2746 2535 cwnobii
2808 2481 3209 2535 Hasenrietani
3280 2485 3413 2536 ante
3487 2497 3674 2536 annos

2019 2570 2424 2641 septingentos
2482 2568 2829 2636 monachus,
2864 2584 3042 2639 quam
3082 2568 3351 2623 Canisius
3384 2573 3583 2640 postea
3613 2570 3672 2624 in

2019 2656 2233 2724 lucem,
2269 2657 2377 2712 etsi
2412 2674 2527 2711 non
2558 2656 2868 2727 integram,
2902 2656 3119 2723 emisit,
3152 2655 3514 2728 inseruitque
3544 2658 3673 2726 ejus

2020 2751 2163 2801 tom.
2202 2740 2274 2801 IV
2303 2746 2690 2817 Antiquarum
2735 2744 3096 2811 Lectionum,
3130 2743 3227 2798 ubi
3279 2744 3394 2799 duo
3442 2749 3671 2799 tantum

2021 2834 2153 2889 libri
2211 2853 2280 2891 ex
2328 2840 2581 2907 quatuor
2638 2833 2755 2889 illis
2813 2833 3180 2887 exhibentur.
3243 2832 3460 2887 Omnes
3514 2832 3672 2887 enim

2020 2941 2236 2996 eosque
2264 2925 2539 2997 integros,
2575 2923 2868 2994 adjunctis
2899 2926 3094 2977 tamen
3127 2920 3474 2977 Canisianis.
3508 2921 3672 2976 Petro

2022 3013 2306 3069 Stevartio
2339 3014 2642 3080 debemus,
2678 3013 2847 3083 cujus
2908 3027 3048 3065 cura
3104 3026 3256 3065 anno
3288 3008 3503 3065 Christi
3537 3009 3674 3064 1616

2023 3103 2363 3177 Ingolstadii
2399 3102 2758 3175 prodierunt.
2790 3101 3000 3174 Amplo
3044 3101 3221 3156 etiam
3254 3098 3673 3155 commentario

254 3197 405 3253 tium
434 3170 926 3267 Wigorniensem,
960 3190 1399 3247 Ethelwerdum
1449 3194 1505 3247 et
1552 3191 1718 3259 alios,
1753 3192 1907 3263 apud
1938 3170 1983 3252 Ο
2023 3170 2430 3265 ΒᾸὶίίιΙριιῐεςίὲ
2456 3192 2648 3247 Vitam
2668 3170 3006 3263 complenus
3025 3194 3113 3245 est
3130 3189 3434 3261 Philippus
3458 3188 3676 3243 tricesi-

256 3299 407 3357 quos
439 3282 601 3337 nulla
629 3284 718 3337 est
747 3279 966 3335 mentio
1014 3278 1290 3335 Richardi
1339 3279 1514 3351 regis,
1550 3279 1651 3350 qui
1687 3280 1757 3333 ad
1794 3279 1914 3334 haac

254 3378 525 3445 tempora
581 3371 845 3426 refertur.
905 3368 1121 3424 Verum
1190 3372 1385 3423 tamen
1444 3384 1550 3439 ego
1610 3368 1680 3423 de
1736 3368 1915 3440 hujus

254 3461 514 3519 historia:
547 3460 660 3515 fide
688 3476 794 3515 nec
824 3458 1149 3532 quidquam
1208 3458 1540 3513 detractum
1591 3474 1720 3513 esse
1761 3458 1910 3527 volo,

250 3551 365 3609 etsi
397 3549 747 3607 dissentiant
775 3549 1114 3604 Munstcrus
1136 3546 1197 3601 in
1219 3546 1697 3618 Cosmographia,
1714 3547 1916 3602 Panta-

251 3641 385 3698 leon
409 3640 489 3697 De
509 3639 651 3695 viris
672 3637 1028 3703 illustribus,
1048 3635 1335 3691 Martinus
1358 3635 1600 3690 Crusius
1620 3636 1679 3691 in
1713 3636 1914 3691 Suevi-

252 3731 342 3786 cis
369 3729 459 3785 vel
490 3728 686 3801 potius
730 3724 1068 3782 Volusianis
1119 3724 1243 3780 suis
1290 3723 1637 3793 Annalibus,
1672 3724 1913 3781 Naucle-

252 3835 380 3887 rus,
415 3816 695 3883 Irenicus,
725 3814 1052 3870 Chronicon
1085 3814 1478 3885 Anonymum,
1515 3829 1668 3868 anno
1701 3812 1915 3869 Christi

253 3906 397 3963 1494
426 3905 821 3976 Νονίωὺρινεω
856 3902 1105 3969 editum,
1138 3901 1275 3957 item
1325 3900 1629 3973 Philippus
1662 3902 1719 3956 in
1752 3902 1917 3958 Com-

250 3994 544 4051 mentario
574 3994 655 4049 De
677 3992 825 4047 divis
858 3990 1206 4047 tutelaribus
1226 3989 1495 4046 Ecclesia:
1517 3989 1910 4058 Eistettensis,

248 4089 381 4140 tum
412 4082 663 4154 denique
692 4080 1051 4137 Breviarium
1078 4079 1448 4148 Eistettense,
1469 4080 1541 4135 ad
1574 4097 1757 4135 unum
1793 4097 1916 4135 om-

253 4189 362 4231 nes
415 4172 754 4239 sentientes,
788 4170 1147 4227 Richardum
1180 4169 1401 4225 Sueviae
1459 4169 1669 4226 ducem
1710 4168 1912 4239 fuisse,

251 4263 361 4321 sed
383 4261 773 4319 nihilominus
795 4259 1086 4317 assentior
1102 4257 1275 4315 Baleo
1296 4264 1354 4315 et
1375 4260 1639 4315 Gretsero
1661 4274 1915 4315 comme-

252 4352 651 4417 morantibus,
681 4350 875 4407 virum
933 4348 1230 4405 exstitisse
1286 4348 1642 4404 Richardum
1686 4349 1924 4422 generis

251 4441 545 4515 dignitate
568 4439 947 4511 illustrem,et
967 4438 1204 4511 regibus
1228 4436 1557 4509 propinqua
1572 4438 1916 4509 cognatione

2025 3301 2159 3339 mus
2188 3301 2378 3338 nonus
2410 3283 2720 3355 episcOpus
2762 3280 3151 3346 Eistettensis,
3185 3278 3285 3351 qui
3319 3278 3473 3350 apud
3504 3276 3672 3332 Cani-

2024 3372 2178 3428 sium
2209 3376 2397 3428 exstat
2424 3376 2563 3427 tom.
2600 3371 2672 3426 IV
2700 3373 2763 3425 Α.
2799 3371 2862 3425 L.
2887 3372 3069 3436 Quem
3104 3366 3354 3440 Philippi
3385 3382 3676 3422 commen-

2024 3462 2240 3518 tarium
2268 3466 2468 3534 postea
2488 3461 2560 3516 ab
2587 3476 2877 3532 anonymo
2899 3460 3155 3531 quodam
3177 3456 3235 3513 in
3259 3456 3674 3529 compendium

2024 3552 2351 3619 redactum,
2381 3550 2638 3622 primum
2688 3548 2871 3605 edidit
2921 3564 3073 3620 saepe
3104 3546 3441 3602 nominatus
3474 3546 3676 3602 Petrus

2024 3639 2369 3707 Stevartius,
2400 3644 2456 3693 et
2487 3639 2629 3693 Vitae
2662 3643 2835 3710 atque
2868 3636 3169 3692 miraculis
3202 3638 3260 3691 S.
3292 3634 3678 3706 Walpurgaaa

2023 3728 2382 3785 Woll‘fhardo
2414 3728 2691 3782 confectis
2712 3726 2927 3796 junxit.
2947 3724 3256 3796 Rhythmis
3287 3722 3461 3777 etiam
3482 3722 3675 3777 Vitam

2024 3818 2083 3874 S.
2101 3816 2434 3888 \Valpurgis
2458 3815 2696 3870 inclusit
2718 3814 3095 3869 Medibardus
3111 3829 3211 3867 seu
3228 3810 3673 3881 Medingaudus.

2026 3906 2309 3961 Praeterea
2328 3908 2792 3960 commemorant
2813 3902 3245 3957 Centuriatores
3270 3896 3676 3970 Magdeburgi-

2024 3996 2257 4064 ci,cent.
2293 4012 2393 4050 vm
2417 3999 2474 4049 et
2495 3993 2686 4049 Josias
2718 3990 3003 4047 Simlerus
3036 3988 3273 4045 Cesneri
3304 3987 3674 4059 epitomator,

2024 4090 2151 4140 tum
2177 4084 2385 4140 Baleus
2406 4087 2617 4138 cent.u
2638 4080 3003 4153 Scriptorum
3037 4076 3369 4143 Britanniae,
3402 4076 3462 4130 S.
3494 4072 3680 4129 Willi-

2026 4173 2270 4229 baldum
2318 4172 2509 4227 Vitam
2554 4174 2608 4227 et
2657 4186 2749 4226 res
2779 4172 2975 4243 gestas
3004 4168 3063 4223 S.
3094 4164 3432 4239 Walpurgis
3462 4163 3680 4220 sororis

2026 4281 2144 4319 sua:
2175 4260 2466 4318 memoria:
2499 4259 2850 4335 prodidisse,
2879 4257 2982 4313 sed
3013 4256 3137 4313 haec
3180 4253 3598 4311 commentatio
3627 4251 3676 4308 si

2025 4369 2287 4425 unquam
2302 4348 2635 4417 exstitit,vel
2651 4354 2983 4421 temporum
3006 4345 3225 4419 injuria
3249 4343 3549 4415 deperdita
3565 4344 3674 4407 est,

2024 4440 2112 4496 vel
2144 4442 2203 4495 in
2235 4440 2360 4496 loco
2418 4439 2675 4511 quodam
2732 4439 2981 4494 obscuro
3039 4434 3293 4508 reposita
3321 4437 3379 4487 et
3408 4428 3679 4502 squalore

252 4531 662 4603 conjunctum.
685 4527 777 4585 Nil
800 4532 997 4584 tamen
1022 4526 1253 4620 obstare
1275 4529 1441 4620 putat
1464 4526 1669 4582 Petrus
1692 4526 1913 4583 Stevar-
1945 4554 1991 4620 Β
2027 4531 2281 4587 obducta
2317 4528 2624 4585 delitescit.
2659 4530 2848 4594 Quare
2879 4525 3080 4581 mirari
3113 4522 3275 4620 subit
3303 4518 3602 4620 Qudinum
3622 4520 3679 4572 et

252 4620 379 4677 tius
414 4620 473 4674 in
509 4620 804 4675 notatione
828 4617 999 4673 tertia
1019 4613 1279 4688 prmdicti
1303 4613 1458 4683 libri,
1490 4616 1643 4687 quod
1678 4615 1915 4687 scripto-

253 4726 356 4766 res
385 4725 520 4764 eum
576 4706 1042 4780 praetermittunt,
1077 4720 1236 4772 cum,
1269 4704 1318 4759 si
1367 4720 1482 4759 non
1532 4704 1914 4761 administra-

254 4800 421 4856 tione
476 4803 674 4854 tamen
727 4812 957 4870 genere,
993 4795 1042 4851 si
1100 4812 1216 4850 non
1270 4792 1461 4849 ofﬁcio
1492 4795 1689 4849 tamen
1722 4794 1915 4865 titulo,

254 4905 361 4943 rex
419 4888 617 4943 fuerit.
649 4886 929 4942 Praeterea
988 4885 1140 4940 hanc
1200 4884 1549 4939 sententiam
1608 4885 1919 4940 conﬁrmat

254 4976 504 5034 Carolus
562 4976 826 5033 Cointius
886 4974 947 5030 in
995 4971 1319 5029 Annalibus
1380 4971 1810 5040 ecclesiasticis,
1846 4975 1919 5029 ad

258 5078 487 5121 annum
536 5063 752 5120 Christi
797 5065 925 5132 738,
960 5081 1017 5118 n.
1055 5064 1109 5131 5,
1143 5062 1243 5117 sed
1303 5058 1476 5133 paulo
1535 5058 1705 5116 aliter
1737 5078 1749 5115 :
1783 5061 1922 5117 Vult

257 5155 423 5211 enim
452 5153 716 5211 Cointius
739 5152 921 5209 fuisse
945 5149 1349 5223 subregulum,
1376 5152 1433 5203 et
1445 5149 1652 5219 probat
1671 5167 1739 5206 ex
1756 5151 1920 5206 Beda:

260 5243 368 5300 lib.
402 5262 478 5311 ιν,
511 5260 640 5315 cap.
672 5244 760 5309 12,
793 5239 1141 5314 subregulos
1200 5237 1382 5294 fuisse
1440 5236 1572 5293 illos
1632 5240 1731 5309 qui
1792 5243 1923 5310 post

258 5332 604 5390 Conwalchi
629 5332 783 5405 regis
807 5331 1031 5387 obitum
1062 5327 1350 5402 tantisper
1375 5326 1717 5383 occidentali
1751 5328 1922 5384 Savo-

261 5422 374 5479 nia:
396 5422 920 5495 pmfuerunt,dum
943 5417 1236 5477 Cedwalla
1258 5432 1503 5489 regnum
1529 5422 1917 5487 recuperaret.

266 5506 457 5569 Locus
492 5511 657 5568 Beda:
689 5510 784 5567 hic
815 5513 905 5566 est
936 5526 949 5566 :
986 5511 1129 5566 Cum
1172 5514 1418 5564 mortuus
1447 5513 1585 5562 esset
1613 5505 1917 5577 Conwaleh,

256 5592 587 5677 acceperunt
639 5599 921 5675 subreguli
947 5615 1176 5675 regnum
1206 5598 1401 5672 gentis,
1434 5603 1485 5653 et
1511 5593 1751 5652 divisum
1780 5598 1924 5654 inter

2027 4620 2345 4692 Dupinium
2368 4635 2433 4674 eo
2466 4617 2735 4690 delapsos
2766 4632 2893 4671 esse
2927 4619 2991 4670 ut
3020 4610 3351 4686 putaverint
3380 4608 3485 4663 has
3516 4607 3677 4661 Vitas

2025 4710 2083 4765 S.
2099 4707 2443 4767 Wunebaldi
2468 4712 2524 4763 et
2547 4709 2606 4763 S.
2623 4705 2937 4764 Willibaldi
2964 4700 3329 4758 Roswitham
3354 4700 3676 4753 nostratem

2026 4803 2320 4855 auctorem
2352 4811 2838 4871 agnoscere,cum
2862 4798 3055 4847 tamen
3088 4789 3232 4863 ipsis
3263 4793 3601 4859 temporum,
3622 4788 3679 4839 et

2024 4889 2286 4945 locorum
2334 4887 2589 4941 rationes
2637 4882 2874 4939 omnino
2924 4883 3273 4953 repugnent,
3309 4878 3453 4932 adeo
3494 4879 3560 4930 ut
3590 4872 3678 4929 vel

2029 4977 2191 5034 solus
2217 4975 2598 5032 'I‘ritheimius
2619 4973 2750 5027 illos
2772 4972 2881 5027 hoc
2901 4971 3108 5025 docere
3127 4968 3438 5039 potuisset,
3475 4963 3573 5036 qui
3608 4978 3679 5017 ne

2027 5068 2202 5123 verbo
2228 5065 2463 5138 quidem
2481 5064 2539 5118 in
2558 5060 2929 5118 recensendis
2954 5056 3265 5114 Roswitbaa
3287 5053 3562 5128 operibus
3582 5052 3680 5107 ha-

2031 5174 2161 5212 rum
2220 5155 2486 5209 Vitarum
2545 5150 2900 5208 mentionem
2957 5147 3134 5203 fecit:
3186 5147 3258 5201 de
3314 5160 3429 5216 quo
3484 5147 3679 5198 tamen

2031 5247 2418 5311 constat,cum
2442 5258 2541 5297 sex
2565 5241 2680 5296 fere
2705 5238 2890 5295 millia
2919 5238 3187 5293 codicum
3216 5234 3500 5289 librorum
3532 5247 3677 5285 mss.

2029 5338 2289 5390 veterum
2319 5331 2576 5387 maxima
2608 5347 2747 5385 cura
2776 5333 2834 5384 et
2863 5343 3095 5383 summo
3127 5323 3319 5381 studio
3350 5320 3677 5393 collegisse,

2030 5424 2099 5479 ex
2127 5421 2313 5494 iisque
2342 5419 2601 5476 collectis
2634 5418 2842 5474 deinde
2872 5434 3019 5489 opus
3050 5430 3224 5470 suum
3264 5412 3345 5467 De
3373 5410 3516 5465 viris
3547 5408 3680 5464 illu-

2032 5510 2253 5565 stribus
2267 5508 2491 5564 ordinis
2504 5506 2860 5563 Benedictini
2877 5504 3052 5561 inseri
3061 5508 3381 5575 ptum,com
3389 5497 3677 5572 posuisse,

2030 5604 2205 5680 prout
2226 5599 2283 5660 id
2306 5599 2461 5675 apud
2483 5596 2839 5655 Bilibaldum
2864 5592 3359 5653 Pirckheimerum
3384 5591 3443 5649 in
3455 5586 3684 5648 dedica.
