4050 6172
461 267 580 329 963

1667 259 1771 322 AD
1816 256 2077 332 OPERA
2121 255 2676 320 HROTSUITILE.

3754 256 3858 320 901

461 399 619 455 tione
669 395 958 470 Fulgentii
1015 413 1167 452 anno
1215 393 1429 449 Christi
1461 393 1598 448 1519
1627 394 1697 448 ad
1739 391 2112 448 reverendam
2141 392 2199 458 Α
2228 365 2444 462 quippe
2475 389 2690 461 quibus
2720 386 2975 460 virgines
3005 403 3201 448 sacras
3219 389 3293 446 ad
3323 389 3660 445 castitatem
3691 389 3858 446 colen-

463 492 714 544 matrem
771 483 1308 550 Pirckheimeriam,
1357 481 1632 538 editionis
1691 479 2113 554 Ilaganoensis,

465 577 1019 650 legimus,idemque
1051 571 1340 630 Memoria;
1357 571 1738 626 Trevoltianae
1759 571 1830 626 ad
1852 585 2115 624 mensem

461 665 717 738 Aprilem
795 661 934 716 anni
1008 661 1168 729 1705,
1234 677 1290 732 p.
1350 661 1478 726 312,
1551 676 1658 716 suo
1733 659 2118 731 comprobant

461 751 814 809 testimonio.
901 748 1116 821 Ecquis
1200 747 1356 804 enim
1442 764 1640 804 rerum
1741 747 2114 802 Germanica-

460 860 590 897 rum
646 841 867 913 peritus
925 855 988 894 se
1045 838 1386 910 persuaderi
1454 838 1731 910 patiatur,
1795 841 1861 890 ut
1917 837 2116 890 credat

459 949 527 986 ex
557 928 996 985 Ilcidenheimio
1028 927 1547 982 Candeshcimium
1597 925 1854 997 exsculpi
1899 924 2115 996 posse?

459 1019 708 1074 Omnino
739 1017 897 1072 enim
928 1017 1156 1070 diversa
1185 1021 1324 1070 sunt
1345 1015 1731 1080 monasteria,
1763 1019 1822 1068 et
1856 1012 2111 1068 multum

459 1108 612 1162 inter
641 1124 702 1162 se
734 1107 976 1162 distant.
1008 1104 1268 1160 Alterum
1295 1105 1451 1159 cnim
1487 1105 1543 1158 in
1574 1104 1816 1159 Francia
1844 1102 2110 1157 orientali

460 1198 642 1254 situm
667 1213 681 1264 ;
707 1194 956 1250 alterum
980 1193 1192 1248 veteris
1223 1193 1485 1248 Saxonim
1516 1192 1734 1248 ﬁnibus
1755 1191 2108 1247 continetur.

459 1286 544 1341 Ad
567 1284 731 1356 prius
751 1282 950 1338 referri
969 1285 1195 1354 oportet
1209 1280 1372 1336 illam
1391 1280 1541 1336 sacri
1555 1280 1778 1336 ordinis
1802 1279 2107 1352 virginem,

459 1390 586 1447 quae
612 1373 672 1428 S.
694 1369 1045 1428 Wunebaldi
1076 1373 1134 1426 et
1161 1368 1486 1424 Willibaldi
1511 1385 1602 1424 res
1635 1373 1831 1442 gestas
1863 1367 2113 1424 conscri-

457 1463 595 1536 psit,
628 1461 973 1532 neutiquam
1005 1459 1078 1514 ad
1111 1459 1403 1531 posterius
1435 1457 1737 1531 aggregari
1771 1458 1963 1514 debet.
1996 1457 2108 1530 lgi-

458 1558 556 1609 tur
584 1549 1008 1608 monasterium
1053 1547 1598 1615 Heidenheimense,
1634 1547 1789 1619 quod
1821 1564 1856 1602 a
1883 1547 2108 1602 Cointio

456 1644 567 1700 sub
591 1642 768 1696 tinem
799 1638 945 1696 tomi
966 1637 1094 1693 Vin
1117 1636 1307 1692 indice
1330 1636 1635 1709 posteriori
1660 1637 2108 1709 episcopatuum

456 1737 514 1789 et
546 1729 1059 1796 monasteriorum,
1094 1726 1271 1782 etiam
1315 1724 1812 1826 Hildenheimium
1846 1725 2106 1826 app-elia-
2135 1760 2184 1826 Β

453 1830 570 1894 tur,
592 1839 706 1878 non
729 1821 790 1875 in
813 1818 1063 1875 Saxonia
1089 1820 1180 1874 est
1208 1815 1610 1888 quaerendum,
1639 1832 1826 1887 neque
1855 1815 1916 1870 in
1947 1814 2105 1870 Thu-

454 1911 645 1983 ringia
665 1907 1243 1978 investigandum,ut
1261 1920 1454 1960 errore
1487 1905 1702 1960 ductus
1733 1905 1961 1976 putavit
1987 1906 2107 1960 An-

455 1999 653 2056 tonius
677 1995 836 2069 Pagi,
860 1999 1002 2050 tom.
1027 1994 1103 2049 IIl
1125 1993 1264 2048 Crit.
1291 1993 1499 2048 Baron.
1524 1992 1597 2048 ad
1638 2010 1857 2048 annum
1891 1992 2110 2048 Christi

453 2089 582 2155 735,
615 2086 717 2142 sed
747 2087 877 2157 ejus
909 2083 1078 2138 sedes
1108 2081 1168 2136 in
1204 2081 1529 2137 Franconia
1557 2081 1968 2138 constituenda
1995 2085 2104 2137 est.

457 2177 591 2234 Fuit
611 2180 810 2230 autem
833 2170 1340 2228 Heidenheimium
1363 2175 1422 2225 et
1451 2170 1876 2226 monachorum
1903 2174 1960 2226 et
1979 2187 2110 2226 san-

454 2260 880 2319 ctimonialium
911 2257 1354 2325 ccenobium,ita
1383 2261 1579 2313 tamen
1603 2262 1668 2312 ut
1699 2257 2109 2314 sanctimonia-

454 2353 602 2408 lium
633 2347 1058 2406 monasterium
1090 2347 1148 2400 in
1189 2345 1315 2401 loco
1374 2351 1530 2402 esset
1584 2346 1684 2419 qui
1741 2347 2044 2418 sejunctus
2073 2365 2109 2402 a

456 2439 810 2498 monasterio
839 2437 1098 2492 virorum
1128 2439 1272 2490 erat.
1300 2435 1458 2490 Idem
1491 2441 1690 2490 monet
1720 2436 1952 2492 Marcus
1981 2435 2107 2492 Vel-

455 2547 620 2587 serus
667 2527 727 2582 in
777 2525 1052 2598 operibus
1111 2524 1236 2579 suis
1268 2523 1304 2579 l.
1334 2542 1386 2591 v,
1421 2541 1479 2595 p.
1514 2525 1637 2580 147.
1668 2524 1763 2579 Ait
1808 2525 1964 2580 enim
1994 2524 2104 2579 ibi-

453 2621 586 2674 dem
621 2634 634 2672 :
669 2618 878 2673 Frater
907 2611 2108 2682 Villibaldi,Vunibaldus,Hcidenhcimii

454 2710 713 2766 virorum
743 2701 1525 2776 monasterium,Valburgis
1551 2719 1720 2760 soror
1745 2703 2108 2777 feminarum

451 2797 750 2854 excitavit.
784 2796 951 2852 Nunc
981 2793 1052 2850 ad
1077 2793 1180 2864 jus
1211 2791 1406 2848 saeculi
1437 2793 1759 2848 redactum.

523 2887 818 2959 Sequitur,
852 2881 1126 2940 benevole
1166 2881 1368 2951 lector,
1400 2886 1466 2937 ut
1512 2899 1796 2954 exponam
1847 2882 2102 2938 instituti

453 2977 566 3032 mei
587 2972 1236 3044 causatn,quamobrem
1269 2971 1460 3026 denuo
1490 2972 1846 3028 edendorum
1883 2973 2104 3028 Roswi-

452 3066 565 3120 thze
597 3065 852 3136 Operum
891 3060 1152 3116 laborem
1199 3060 1580 3132 susceperim,
1615 3062 1784 3132 cujus
1815 3062 2104 3134 praecipue

2227 479 2362 534 dam
2395 495 2543 533 novo
2573 476 2866 533 scribendi
2895 482 3239 550 argumento
3269 477 3588 534 exhortata
3607 482 3732 546 est;
3752 483 3856 537 tum

2226 571 2464 639 propter
2492 565 2803 622 lectionem
2835 567 3079 623 Vitarum
3102 567 3166 622 D.
3198 566 3396 624 Mariae
3435 568 3699 638 virginis,
3730 584 3859 624 mar-

2223 659 2420 728 tyrum
2437 660 2496 712 et
2515 660 2877 725 sanctorum,
2905 673 3052 730 quas
3084 657 3336 728 scriptas
3369 657 3640 730 reliquit,
3673 657 3863 730 aliquo-

2223 745 2334 802 ties
2357 763 2392 800 a
2413 745 2660 801 Baronio
2681 745 2743 800 in
2766 744 3172 818 Martyrologio
3195 745 3634 815 laudatas,tum
3659 752 3864 819 propter

2223 833 2531 890 historiam
2555 831 2784 890 Ottonis
2805 835 3022 906 Magni,
3045 851 3170 906 qua:
3201 853 3318 890 non
3351 853 3608 907 parvum
3627 837 3698 890 ad
3715 836 3861 891 intel-

2222 922 2490 994 ligendas
2523 941 2615 979 res
2645 923 2702 977 in
2735 924 3044 978 Germania
3065 941 3129 980 eo
3161 928 3427 996 tempore
3458 929 3664 997 gestas
3690 924 3862 982 lectori

2223 1011 2424 1068 lumen
2455 1013 2643 1068 affert.

2293 1102 2896 1176 Quibusargumentis
2909 1107 3206 1175 permotus
3219 1120 3352 1159 sum
3377 1109 3445 1159 ut
3461 1121 3630 1160 nove
3650 1105 3864 1162 editioni

2221 1189 2494 1245 curanda;
2525 1191 2950 1258 incumberem,
2980 1197 3038 1246 et
3068 1191 3388 1248 Roswithae
3418 1193 3716 1266 opuscula
3739 1195 3862 1250 into-

2220 1295 2328 1351 gra
2356 1281 2413 1334 et
2441 1280 2596 1351 apud
2627 1296 2736 1336 nos
2765 1274 3081 1336 admodum
3123 1297 3276 1348 rara,
3310 1283 3513 1338 denuo
3567 1283 3863 1356 proferrem

2219 1366 2280 1422 in
2302 1367 2534 1438 lucem;
2574 1369 2753 1442 idque
2782 1367 2959 1425 simul
2990 1371 3369 1428 admonerem
3403 1377 3548 1428 ante
3580 1389 3678 1429 me
3708 1373 3866 1432 {uisa

2219 1455 2530 1530 plerosque
2559 1457 2662 1530 qui
2701 1458 2853 1514 hanc
2901 1475 3135 1532 Operam
3167 1477 3383 1517 navare
3412 1461 3752 1529 voluerunt,
3781 1463 3862 1518 sed

2219 1561 2526 1618 nunquam
2545 1547 2601 1602 id
2627 1563 2688 1603 re
2717 1547 2847 1619 ipsa
2875 1548 3291 1620 praestiterunt,
3305 1549 3579 1620 vel,a1iis
3609 1549 3866 1624 gravissi-

2219 1633 2334 1688 mis
2363 1635 2848 1707 occupationibus
2879 1636 3258 1710 impediti,vcl
3281 1639 3552 1696 contenti
3587 1641 3640 1696 si
3672 1640 3868 1700 Rosw't.

2219 1721 2332 1776 thae
2361 1723 2780 1796 Panegyricum
2804 1723 2861 1780 in
2886 1724 3120 1782 laudem
3145 1731 3202 1782 et
3223 1733 3392 1800 gesta
3423 1728 3666 1785 Ottonis
3694 1729 3865 1801 Magni

2217 1811 2636 1883 conscriptum,
2671 1831 2879 1871 rursus
2909 1815 2969 1870 in
3003 1813 3190 1871 lucem
3232 1815 3609 1873 emisissent.
3643 1817 3728 1873 Ita
3749 1834 3865 1890 prs)

2219 1898 2412 1955 dictus
2445 1901 2761 1958 Roswithte
2794 1903 3180 1976 Panegyricus
3209 1904 3464 1961 seorsim
3499 1906 3700 1964 editus
3728 1906 3866 1962 etin-

2219 2003 2402 2044 nexus
2456 1994 2547 2045 est
2591 1989 2925 2048 Collectioni
2984 1992 3338 2064 scriptorum
3398 1993 3866 2067 Cermania,per

2217 2077 2452 2133 iustum
2475 2078 2830 2148 Reuberum,
2855 2081 3122 2136 Hanovite
3146 2081 3303 2150 1619,
3327 2086 3464 2138 tum
3482 2101 3698 2140 rursus
3718 2085 3866 2140 Franv

2218 2165 2430 2222 cofurti
2487 2168 2560 2222 ad
2619 2169 2876 2224 anum
2934 2168 3094 2241 prelo
3147 2169 3516 2227 Aubriorum
3579 2189 3864 2246 expressus

2217 2271 2372 2310 anno
2397 2257 2553 2323 1621,
2572 2261 2750 2329 atque
2779 2258 3124 2314 Witichindi
3144 2259 3414 2316 Historiae
3437 2261 3719 2333 junctus,
3748 2279 3864 2317 curs

2218 2343 2449 2400 Henrici
2473 2345 2768 2400 Meibomii
2792 2346 3175 2420 Senioris,qui
3205 2353 3381 2404 notas
3414 2351 3716 2422 quasdam
3737 2352 3864 2422 adje-

2217 2431 2328 2500 cit;
2349 2432 2559 2488 deinde
2589 2433 2746 2489 haud
2778 2435 3005 2507 pridem
3025 2436 3316 2493 aJuniore
3339 2437 3526 2494 Henr.
3551 2439 3862 2504 Meibomio,

2217 2521 2406 2576 amico
2436 2521 2638 2577 fratris
2669 2522 2782 2578 mei
2811 2523 3118 2596 singulari,
3151 2525 3252 2580 sed
3285 2541 3514 2598 magno
3567 2528 3864 2584 Germania

2216 2611 2431 2666 damno
2449 2610 2852 2682 superioribus
2871 2612 3042 2668 annis
3059 2613 3534 2683 defuncto,tomo
3551 2617 3685 2689 ejus
3700 2617 3864 2690 primo

2217 2699 2434 2756 Rerum
2465 2701 2943 2757 Germanicarum
2975 2701 3250 2758 insertus.

2284 2788 2371 2844 Ad
2401 2792 2731 2845 extremum
2789 2791 2861 2848 de
2919 2791 3182 2847 Conrado
3213 2790 3374 2848 Celte
3405 2797 3468 2849 et
3499 2794 3559 2850 id
3591 2795 3863 2852 observari

2215 2895 2322 2950 par
2349 2881 2458 2947 est,
2491 2879 2646 2950 quod
2677 2879 3134 2936 dissimulaverit
3177 2883 3644 2952 monasterium,
3676 2901 3742 2941 ex
3767 2901 3864 2957 quo

2214 2984 2350 3023 cum
2382 2984 2448 3023 eo
2479 2969 2661 3024 codex
2703 2985 2815 3025 ms.
2850 2969 3166 3026 Roswithae
3215 2971 3329 3026 fuit
3376 2975 3862 3041 communicatum,

2215 3057 2692 3129 quandoquidem
2715 3057 2774 3114 id
2797 3057 2918 3113 haac
2933 3058 3108 3114 verba
3127 3063 3424 3116 testantur
3450 3078 3589 3134 que
3619 3063 3681 3118 in
3711 3061 3862 3120 Celtis

452 3153 574 3207 haec
597 3127 832 3206 summa
853 3147 964 3203 fuit
987 3148 1138 3220 quod
1161 3164 1228 3203 eo
1250 3127 1485 3202 nomine
1505 3127 1736 3218 publice
1759 3166 1792 3204 a
1810 3127 1932 3204 viro
1953 3127 2104 3220 quo-
2135 3127 2180 3200 (ἶ
2216 3127 2552 3217 praefatione
2577 3146 2650 3201 ad
2682 3146 3051 3204 Roswitham
3081 3145 3390 3220 leguntur:
3408 3127 3556 3206 cum
3577 3152 3860 3224 itaqueait,

452 3242 612 3306 dam,
642 3241 814 3311 cujus
862 3237 1016 3308 apud
1058 3251 1152 3291 me
1183 3236 1502 3292 auctoritas
1533 3235 1704 3304 valet,
1737 3236 2103 3295 nobilissimo

454 3329 736 3384 invitatus
767 3324 998 3390 fuerim,
1015 3323 1385 3379 cxistimante
1409 3323 1652 3396 dignum
1678 3326 1798 3380 fore
1820 3325 2100 3396 laborem,

453 3417 504 3474 si
529 3415 866 3480 Roswithze,
888 3412 1131 3484 virginis
1153 3412 1468 3478 Saxonicae,
1494 3411 1794 3484 opuscula,
1812 3430 1938 3486 qua:
1969 3421 2104 3472 ante

452 3507 736 3560 ducentos
749 3507 806 3558 et
817 3499 1542 3575 pluresanuos,sigillatim
1564 3519 1718 3557 anno
1730 3502 1940 3558 Christi
1967 3505 2099 3560 1501

451 3595 590 3667 (non
632 3593 788 3659 1505,
832 3594 898 3646 ut
927 3589 1014 3646 vir
1043 3589 1297 3661 inclytus
1328 3590 1551 3662 putavit
1579 3589 1640 3646 in
1672 3591 2103 3651 introductione

449 3683 521 3738 ad
549 3681 763 3738 librum
789 3679 1047 3753 proxime
1076 3679 1321 3745 editum,
1356 3679 1449 3734 cui
1481 3679 1692 3736 titulus
1713 3685 1802 3735 est
1830 3681 2103 3740 Collectio

449 3772 813 3844 Scriptorum
875 3769 1089 3824 Rerum
1149 3767 1734 3841 Brunswicensium),
1768 3788 1802 3825 a
1840 3771 2102 3828 Conrado

447 3859 605 3916 Celte
631 3857 1023 3930 Norimbergaz
1065 3857 1224 3912 edita
1260 3860 1417 3924 sunt,
1443 3861 1500 3912 et
1531 3858 1891 3915 nostratibus
1922 3859 1980 3914 1n
2013 3877 2102 3917 re-

448 3949 724 4022 gionibus
736 3948 863 4019 jam
887 3946 979 4000 vix
1004 3945 1456 4021 cognita,denuo
1470 3946 1801 4003 recudenda
1813 3965 2100 4020 curarem,

449 4042 507 4092 et
537 4039 610 4092 ab
641 4036 874 4091 inticeto
904 4034 1198 4090 scribendi
1233 4051 1393 4090 more
1423 4051 1820 4107 repurgarem.
1853 4039 2016 4104 Quod
2039 4044 2106 4095 ut

451 4124 763 4180 consilium
786 4123 1216 4196 inirem,operis
1239 4123 1584 4194 jucunditas
1614 4141 1706 4180 me
1736 4124 1965 4181 induxit
1986 4144 2106 4183 ma-

450 4213 768 4280 xime,cum
802 4211 1190 4284 intelligerem
1221 4210 1558 4267 institutum
1591 4213 1699 4268 hoc
1722 4213 1886 4282 mihi,
1910 4215 1965 4270 in
1999 4232 2102 4272 an-

451 4301 615 4375 tiqua
644 4299 897 4357 Saxonia
924 4306 1082 4368 nato,
1117 4316 1233 4354 non
1283 4303 1514 4356 tantum
1565 4301 1952 4359 honoriﬁcum
1999 4305 2102 4361 sed

449 4393 624 4448 etiam
651 4389 904 4462 antiquze
957 4389 1252 4445 Saxonum
1301 4389 1459 4461 genti
1507 4389 1830 4462 gloriosum
1876 4392 2018 4463 fore,
2051 4394 2102 4450 si

2214 3250 2392 3306 nuper
2419 3236 2536 3308 ejus
2563 3236 2743 3306 gratia
2769 3251 2992 3308 peregre
3017 3239 3291 3308 profectus
3345 3240 3618 3310 fuissem,
3646 3241 3862 3313 forts-qu

2211 3323 2274 3378 in
2306 3323 2604 3378 caznobtum
2632 3323 2843 3380 ordinis
2871 3324 2928 3380 S.
2963 3325 3240 3382 Benedicti
3258 3331 3677 3400 concessissem,
3709 3328 3865 3400 reperi

2214 3413 2632 3481 vetutissimum,
2667 3413 2846 3469 littera
2886 3416 3060 3484 ferme
3102 3415 3320 3471 Gothica
3339 3423 3396 3472 et
3420 3419 3688 3474 mulieris
3715 3433 3857 3472 manu

2214 3503 2597 3573 conscriptum,
2628 3502 2882 3571 codicem,
2911 3503 3013 3558 sub
3067 3504 3225 3560 titulo
3275 3513 3329 3560 et
3377 3507 3749 3579 inscriptione
3766 3508 3858 3561 vir-

2213 3591 2360 3660 ginis
2385 3597 2438 3646 et
2479 3591 2742 3646 monialis
2798 3591 3120 3660 Germaniae,
3177 3601 3333 3664 gente
3393 3594 3705 3652 Saxonica.
3758 3600 3857 3665 Quo

2215 3679 2630 3735 continebantur
2657 3695 2721 3736 ea
2749 3697 2869 3752 qua?
2900 3683 2958 3736 in
3007 3683 3186 3752 fronte
3230 3690 3285 3738 et
3322 3683 3516 3740 indice
3544 3685 3713 3759 hujus
3737 3685 3857 3740 volu-

2213 3771 2385 3824 minis
2414 3770 2982 3836 continentur.Quare
3009 3771 3268 3827 Joannes
3295 3774 3640 3830 Aventinus
3661 3775 3717 3830 in
3737 3790 3856 3846 pra-

2213 3858 2432 3914 fatione
2461 3857 2520 3912 in
2550 3857 2742 3913 Vitam
2775 3859 3004 3914 Henrici
3040 3859 3129 3928 IV,
3144 3859 3395 3916 Caesaris
3425 3862 3858 3936 Augusti,vixse

2215 3945 2512 4002 continere
2534 3947 2724 4019 potuit
2745 3947 2889 4019 quin
2913 3947 3368 4020 reprehenderet
3387 3953 3731 4008 Conradum
3750 3950 3856 4005 Cel-

2212 4041 2354 4106 tem,
2387 4051 2562 4107 quem
2593 4041 3008 4109 praeceptorem
3053 4054 3227 4093 suum
3255 4045 3430 4095 vocat
3461 4041 3524 4096 in
3557 4039 3856 4096 Annalibus

2213 4125 2422 4192 Boicis,
2465 4141 2523 4196 p.
2576 4125 2626 4193 1,
2689 4126 2843 4198 quod
2902 4126 3202 4182 reticuerit
3253 4144 3478 4184 nomen
3541 4128 3855 4187 monasterii

2213 4214 2272 4270 S.
2300 4213 2744 4283 Emmerammi,
2771 4215 2928 4286 quod
2962 4213 3291 4286 Ratisponaz
3323 4215 3574 4273 Theodo
3634 4218 3853 4290 primus,

2212 4318 2330 4358 non
2391 4301 2706 4369 secundus,
2773 4302 2882 4359 etsi
2943 4319 3136 4358 rerum
3187 4303 3507 4361 Boicarum
3567 4307 3852 4379 scriptores

2211 4397 2530 4463 utrumque
2562 4390 2936 4448 Theodonem
2959 4409 3064 4464 pro
3088 4408 3204 4448 uno
3223 4391 3855 4463 habeant,condidit;ct

449 4486 706 4554 emptum
729 4478 1041 4536 consilium
1065 4495 1466 4552 persequerer,
1491 4479 1834 4552 eruditoque
1856 4483 1980 4538 orbi
2001 4483 2099 4538 de-
2129 4495 2179 4562 D
2209 4481 2536 4537 etiamnum
2596 4495 2812 4552 magna
2841 4483 2898 4535 et
2929 4479 3092 4535 urbis
3138 4483 3196 4536 et
3249 4481 3484 4538 ordinis
3545 4482 3853 4539 celebritate

449 4569 731 4626 clararem
750 4567 982 4640 qualem
1017 4565 1266 4622 Saxonia
1294 4567 1578 4638 virginem
1623 4571 1890 4640 genuerit
1927 4575 2102 4643 atque

450 4659 510 4714 in
533 4659 663 4713 sinu
689 4675 796 4712 suo
819 4655 1286 4722 aluerit,smculis
1305 4655 1436 4711 istis
1460 4659 1780 4728 praesertim
1812 4659 2099 4730 obscuris,

452 4748 667 4819 quibus
710 4746 875 4802 home
935 4750 1088 4800 artes
1129 4751 1186 4799 et
1221 4744 1420 4799 littera:
1447 4762 1481 4800 a
1513 4745 1650 4800 viris
1681 4747 1925 4802 aberant
1957 4754 2012 4804 et
2042 4750 2100 4804 in

449 4837 764 4892 Germania
812 4837 926 4891 fore
971 4837 1386 4892 exsoleverant.
1423 4837 1586 4891 Certe
1617 4838 1952 4906 miriﬁcum,
1987 4857 2102 4912 quo

451 4923 723 4995 pollebat,
759 4923 1056 4996 ingenium
1091 4925 1232 4979 adeo
1265 4925 1528 4996 probavit
1562 4926 1856 4993 omnibus,
1891 4932 1955 4982 ut
1986 4945 2099 4984 non

449 5017 682 5069 tantum
710 5013 1142 5082 szeculi,verum
1175 5013 1352 5068 etiam
1387 5011 1654 5067 mulieris
1685 5019 1920 5086 captum
1945 5033 2101 5070 exce-

449 5102 630 5169 deret,
649 5115 861 5174 magno
883 5119 1022 5156 sane
1043 5101 1322 5168 Saxonize,
1347 5105 1404 5156 et
1432 5103 1503 5156 ad
1535 5118 1768 5158 omnem
1803 5104 2102 5174 posterita-

450 5195 566 5246 tem
599 5192 996 5262 propagando,
1029 5190 1294 5245 mulieris
1334 5191 1782 5262 sapientissimaz
1813 5194 2095 5266 exemplo.

449 5283 600 5336 Tum
622 5297 754 5334 vero
780 5279 934 5334 lectu
958 5279 1124 5334 utilia
1155 5279 1275 5334 haec
1307 5279 1590 5350 opuscula
1610 5281 1848 5336 omnino
1875 5285 2096 5352 censui,

449 5386 582 5426 cum
616 5373 852 5441 propter
881 5370 1042 5440 pium
1075 5371 1421 5439 castumque
1450 5367 1692 5440 virginis
1721 5369 2100 5440 animum,re—

449 5457 806 5530 ligiososque
853 5473 1046 5512 mores
1104 5456 1560 5527 cognoscendas,
1593 5455 1693 5528 qui
1737 5457 1796 5512 in
1823 5460 2098 5516 comwdiis

453 5560 572 5612 sex,
630 5543 701 5600 ad
750 5545 1157 5604 mulationem
1212 5545 1445 5602 Terentii
1501 5544 1756 5622 scriptis,
1816 5545 2092 5622 elucent;

2212 4568 2498 4642 splendet,
2527 4583 2593 4624 ex
2615 4568 2786 4638 cujus
2809 4567 3163 4624 bibliotheca
3183 4573 3383 4624 tamen
3406 4573 3618 4628 omnia
3637 4589 3739 4626 sua
3765 4571 3852 4625 de-

2213 4660 2578 4728 sumpserat;
2599 4660 2654 4711 ct
2673 4657 2999 4712 secundum
3019 4661 3207 4725 vetus,
3231 4659 3390 4730 quod
3415 4659 3500 4716 ibi
3521 4665 3849 4722 asset-vatur,

2212 4745 2530 4802 Roswithze
2561 4744 2858 4817 exemplar
2885 4747 3199 4801 editionem
3240 4764 3414 4802 suam
3479 4749 3646 4822 prelo
3694 4747 3851 4820 expri-

2211 4835 2485 4891 mendam
2509 4839 2831 4888 curaverat.
2847 4834 3034 4890 Verba
3051 4835 3318 4890 Aventini
3343 4836 3470 4892 haec
3494 4843 3665 4893 sunt:
3689 4839 3854 4892 ﬁniat

2209 4933 2260 4980 et
2288 4924 2368 4979 ibi
2397 4922 2477 4990 (in
2513 4921 2868 4977 bibliotheca
2895 4922 3008 4978 divi
3041 4923 3368 4978 llemcrami
3428 4923 3851 4998 Reginoburgii)

2209 5012 2490 5084 exemplar
2545 5011 2868 5068 veneramur
2923 5013 3201 5067 vetustatis
3271 5013 3586 5081 Roswitha’,
3647 5015 3852 5087 rerum:

2207 5113 2458 5174 sacrate,
2493 5103 2634 5178 quod
2663 5099 2996 5160 Chunradus
3037 5099 3200 5156 Celtis
3229 5103 3568 5160 commodata
3595 5110 3852 5174 malum

2206 5209 2367 5264 opera
2396 5209 2499 5248 sua
2554 5189 2927 5250 excutiendum
2977 5191 3209 5244 curavit.
3243 5190 3643 5254 Quamobrem
3674 5195 3850 5246 autem

2206 5281 2262 5336 id
2295 5281 2626 5347 obticuerit,
2659 5279 2802 5335 satis
2834 5277 3031 5333 mirari
3075 5295 3189 5332 non
3246 5295 3514 5350 possum.
3548 5279 3634 5335 De
3663 5280 3846 5334 eodem

2207 5370 2364 5426 Celte
2394 5375 2450 5426 et
2476 5370 2535 5425 id
2565 5367 2866 5427 admoneri
2897 5366 3088 5435 debet,
3123 5367 3277 5438 quod
3335 5367 3514 5424 fuerit
3543 5367 3770 5441 primus
3796 5363 3847 5420 in

2207 5459 2518 5517 Germania
2571 5457 2964 5530 imperatoriis
3022 5457 3295 5511 manibus
3337 5463 3509 5530 poeta
3539 5457 3843 5518 laureatas,

2205 5553 2405 5627 utpote
2435 5549 2535 5627 qui
2566 5544 2844 5605 Friderici
2874 5545 2970 5616 III,
3003 5545 3264 5602 Saxonis;
3293 5544 3584 5618 electoris,
3619 5540 3847 5624 consiliq
