4052 6180
366 401 483 460 973

1469 409 1881 481 COMOEDle
1924 413 2095 473 SEX.
2130 447 2206 456 -—-
2237 415 2671 479 PBEFATIO.

3655 432 3773 494 974

364 534 568 635 eodem
600 535 935 635 dictationis
984 554 1213 610 genere,
1256 557 1370 612 quo
1420 543 1613 614 turpia
1664 542 2012 601 lascivarum
2043 547 2099 613 Α
2128 548 2416 618 ponebam
2460 548 2716 619 imitari;
2770 552 2867 619 sit,
2919 555 3225 612 sententiis
3277 560 3578 616 concedo:
3632 562 3776 635 ipsis

364 620 586 678 incesta
598 623 949 681 feminarum
966 628 1702 697 recitabantur,laudabilis
1715 650 2014 690 sacrarum

360 711 1034 786 castimoniavirginum,
1043 717 1216 787 juxta
1229 718 1341 773 mei
1360 719 1694 775 facultatem
1713 721 2010 793 ingenioli,

359 798 770 857 celebraretur.
787 802 904 857 Hoc
934 808 1131 860 tamen
1165 805 1305 861 facit
1332 824 1443 862 non
1475 824 1605 863 raro
1628 811 2009 865 verecundari

359 888 636 960 gravique
667 890 878 947 rubore
905 894 1199 965 perfundi,
1231 895 1407 966 quod,
1433 895 1613 967 hujus
1636 898 1795 952 modi
1820 900 2012 971 specie

358 976 696 1034 dictationis
729 986 991 1051 cogente,
1017 983 1418 1039 detestabilem
1452 984 1651 1040 illicito
1683 988 2010 1043 amantium

358 1066 715 1122 dementiam
759 1073 815 1124 et
864 1069 1015 1124 male
1061 1070 1257 1126 dulcia
1305 1073 1595 1145 colloquia
1625 1092 1847 1144 eorum,
1882 1094 2008 1149 quas

359 1172 463 1209 nec
512 1160 709 1212 nostro
758 1158 982 1213 auditui
1016 1160 1455 1231 permittuntur,
1490 1164 1537 1219 2
1577 1166 2007 1221 accommodari

357 1244 628 1301 dictando
662 1251 857 1302 mente
888 1247 1127 1303 tractavi
1159 1253 1216 1303 et
1255 1250 1390 1323 styli
1438 1252 1630 1307 officio
1681 1254 2002 1327 designavi.

355 1334 491 1399 Sed,
520 1334 567 1389 si
593 1334 714 1390 haac
743 1336 1135 1392 erubescendo
1158 1337 1540 1411 negligerem,
1567 1344 1672 1396 nec
1707 1344 2005 1415 proposito

354 1422 774 1493 satisfacerem,
809 1442 913 1481 nec
944 1426 1348 1483 innocentium
1381 1428 1616 1485 laudem
1649 1432 1791 1486 adeo
1834 1431 2004 1504 plene

346 1513 519 1584 juxta
535 1529 732 1568 meum
746 1530 919 1585 posse
930 1531 1280 1588 exponerem
1292 1517 1452 1589 ,quia
1465 1524 1684 1590 quanto
1705 1520 2001 1576 blanditiae

353 1602 681 1659 amantium
713 1604 785 1659 ad
817 1602 1180 1660 illiciendum
1203 1608 1789 1678 promptiores,tanto
1822 1614 1878 1665 et
1908 1627 2003 1666 su-

350 1691 514 1763 perni
545 1690 830 1763 adjutoris
859 1691 1047 1764 gloria
1076 1693 1388 1749 sublimior
1415 1700 1471 1751 et
1502 1696 1999 1769 triumphantium

344 1780 587 1836 victoria
604 1781 886 1852 probatur
914 1781 1558 1855 gloriosor,pra:sertim
1591 1802 1724 1842 cum
1749 1788 2000 1844 feminea

347 1869 632 1942 fragilitas
662 1870 939 1937 vinceret,
963 1875 1020 1925 et
1048 1870 1209 1926 virile
1241 1872 1420 1927 robur
1447 1874 1775 1929 confusioni
1804 1876 1998 1947 subja—

347 1963 519 2015 ceret.
556 1958 681 2014 Non
704 1958 860 2013 enim
902 1958 1106 2014 dubito
1157 1960 1301 2015 mihi
1353 1961 1424 2016 ab
1474 1960 1774 2033 aliquibus
1823 1964 1996 2034 objiei

348 2045 502 2118 quod
533 2044 712 2116 hujus
740 2044 934 2101 vilitas
956 2046 1292 2102 dictationis
1317 2047 1503 2104 multo
1526 2048 1784 2117 inferior,
1809 2051 1995 2108 multo

348 2136 718 2202 contractior,
755 2134 1103 2208 penitusque
1134 2136 1441 2192 dissimilis
1471 2138 1622 2209 ejus,
1660 2156 1833 2211 quem
1865 2157 1995 2211 pro-

2125 640 2324 692 tamen
2354 638 2638 693 denuntio
2679 656 2772 694 me
2822 640 2881 695 in
2929 641 3037 696 hoc
3076 644 3211 714 jure
3259 646 3606 718 reprehendi
3654 666 3773 707 non

2124 737 2317 792 posse,
2351 724 2520 794 quasi
2554 724 2647 779 his
2677 725 2885 781 vellem
2918 728 3155 786 abusive
3186 731 3633 808 assimilari,qui
3654 736 3773 793 mei

2123 808 2393 865 inertiam
2424 810 2594 885 longe
2623 820 3044 885 praecesserunt
3066 816 3122 871 in
3155 819 3401 876 scientia
3420 822 3770 881 sublimiori.

2120 898 2236 953 Nec
2267 898 2424 954 enim
2455 904 2631 955 tanta:
2665 919 2796 957 sum
2821 904 3142 976 jactantiae,
3157 911 3222 962 ut
3252 907 3339 964 vel
3370 912 3647 968 extremis
3670 930 3766 969 me

2119 1003 2471 1056 praesumam
2506 990 2766 1044 conferre
2798 996 3103 1048 auctorum
3135 994 3528 1068 alumnis,sed
3553 999 3660 1056 hoc
3682 1019 3770 1057 so-

2119 1073 2239 1163 lum
2272 1076 2447 1147 nitor,
2490 1082 2576 1143 ut,
2612 1078 2744 1132 licet
2794 1080 3131 1136 nullatenus
3160 1083 3386 1141 valeam
3436 1092 3589 1158 apte,
3622 1107 3770 1163 sup-

2117 1162 2253 1233 plici
2285 1167 2482 1218 tamen
2516 1171 2711 1222 mente
2740 1168 3063 1238 devotione,
3079 1177 3382 1243 acceptum
3414 1174 3473 1229 in
3506 1162 3767 1234 datorem

2116 1257 2487 1325 retorqueam
2522 1255 2846 1327 ingenium.
2873 1258 3122 1331 Ideoque
3146 1277 3260 1315 non
3284 1279 3417 1317 sum
3440 1265 3584 1320 adeo
3606 1283 3767 1321 ama-

2113 1342 2229 1397 trix
2259 1343 2393 1409 mei,
2412 1349 2478 1399 ut
2508 1362 2612 1416 pro
2644 1346 2882 1402 vitanda
2907 1347 3377 1419 reprehensione,
3404 1351 3643 1422 Christi,
3665 1354 3767 1427 qui

2112 1429 2172 1484 in
2206 1432 2426 1487 sanctis
2457 1437 2748 1505 operatur,
2763 1434 3040 1490 virtutem
3059 1440 3432 1511 (quocunque
3452 1439 3577 1513 ipse
3600 1442 3766 1499 dabit

2113 1520 2303 1591 posse)
2333 1537 2555 1578 cessem
2588 1522 2999 1594 praedicare.Si
3030 1525 3186 1580 enim
3220 1526 3394 1583 alicui
3425 1527 3615 1601 placet
3634 1548 3766 1588 mea

2112 1609 2641 1683 devotio,gaudebo
2662 1629 2675 1680 ;
2700 1612 2747 1667 si
2783 1616 2998 1680 autem,
3022 1613 3108 1670 vel
3137 1631 3241 1686 pro
3273 1616 3386 1672 mei
3417 1618 3760 1690 abjeetione,

2108 1696 2195 1752 vel
2218 1714 2322 1769 pro
2345 1698 2537 1754 vitiosi
2570 1700 2858 1756 sermonis
2891 1702 3215 1759 rusticitate
3246 1705 3391 1761 nulli
3422 1704 3761 1779 placet,me-

2110 1786 2421 1859 metipsam
2454 1790 2651 1844 tamen
2674 1789 2843 1859 juvat
2862 1791 3013 1860 quod
3038 1790 3147 1846 feci
3166 1809 3179 1859 ;
3200 1793 3361 1865 quia,
3376 1794 3518 1851 dum
3542 1797 3760 1870 proprii

2107 1874 2392 1931 vilitatem
2423 1876 2639 1932 laboris
2670 1877 2729 1932 in
2763 1877 2894 1933 aliis
2925 1895 3067 1934 mete
3100 1880 3419 1939 inscientia:
3459 1884 3758 1957 opusculis

2107 1962 2339 2019 heroico
2370 1963 2609 2036 ligatam
2644 1966 2926 2038 strophio,
2960 1966 3021 2022 in
3052 1967 3160 2023 hac
3191 1970 3553 2043 dragmatica
3575 1974 3754 2045 junc-

2106 2055 2239 2107 tura
2269 2052 2417 2107 serio
2450 2051 2596 2119 colo,
2630 2053 2987 2124 perniciosas
3019 2055 3329 2128 gentilium
3360 2059 3601 2117 delicias
3632 2062 3759 2119 abs-

2109 2140 2345 2198 tinendo
2373 2141 2581 2197 devito.

1480 2519 2034 2607 EPISTOLA
2094 2521 2618 2610 EJUSDEM

578 2723 681 2787 Ad
710 2724 994 2806 quosdam
1025 2726 1314 2806 sapientes
1344 2722 1523 2803 huius
1554 2722 1702 2784 libri
1723 2723 1993 2803 fautores
2022 2732 2078 2784 et
2106 2723 2505 2787 emendatores
2536 2725 2890 2805 priusquam
2921 2724 3102 2785 libros
3129 2744 3262 2786 suos
3287 2724 3503 2788 ederet.

410 3065 458 3121 8
478 3063 649 3121 Plene
670 3064 809 3121 sciis
831 3068 888 3120 et
913 3065 1058 3121 bene
1075 3064 1342 3133 moratis,
1358 3079 1461 3120 nec
1488 3064 1674 3121 alieno
1699 3066 1985 3137 profectui

337 3152 759 3219 invidentibus,
775 3153 898 3220 sed,
920 3156 985 3207 ut
1006 3153 1171 3208 decet
1200 3169 1329 3207 vere
1351 3152 1664 3224 sapientes,
1680 3156 1983 3224 congratu-

2095 3066 2319 3139 gaudeo
2348 3083 2360 3133 ;
2396 3065 2495 3121 sed
2529 3066 2717 3137 major
2747 3081 2926 3137 quam
2975 3065 3089 3121 sim
3138 3066 3321 3122 videri
3372 3066 3571 3137 timeo,
3608 3069 3747 3142 quia

2095 3158 2411 3226 utrumque
2444 3153 2605 3209 nefas
2637 3169 2764 3209 esse
2795 3171 2909 3208 non
2942 3153 3271 3226 ambigo,et
3300 3155 3624 3227 gratuitum
3642 3158 3743 3215 Dei

335 3242 615 3311 lantibus,
649 3240 994 3298 Hrotsuitha
1043 3240 1316 3308 nesciola,
1368 3240 1645 3313 nullaque
1694 3242 1979 3313 probitate
2011 3226 2053 3292 (ἶ
2093 3244 2313 3299 donum
2346 3247 2781 3314 ncgare,etnon
2802 3247 3106 3314 acceptum
3129 3226 3424 3313 accepisse
3439 3243 3737 3302 simulare.

333 3330 563 3398 idonea,
597 3346 855 3402 prmsens
881 3328 1071 3385 valere
1104 3334 1161 3384 et
1205 3346 1411 3402 perpes
1458 3331 1731 3402 gaudere.
1764 3330 1980 3385 Vestrae

332 3419 512 3493 igitur
550 3418 857 3475 laudandae
912 3417 1266 3475 humilitatis
1315 3419 1784 3490 magnitudinem
1835 3420 1980 3474 satis

332 3508 610 3566 admirari
643 3524 891 3580 nequeo,
926 3508 1387 3580 magniﬁcaeque,
1416 3508 1567 3563 circa
1600 3509 1713 3563 mei
1759 3508 1977 3563 utilita-

332 3603 469 3665 tem,
521 3595 862 3669 benigitatis
921 3600 1097 3668 atque
1148 3596 1479 3652 dilectionis
1529 3596 1976 3668 plenitudinem,

333 3685 759 3758 condignarum
785 3685 1326 3757 recompensatione
1356 3685 1680 3756 gratiarum
1723 3686 1978 3741 remetiri

332 3792 448 3832 non
508 3774 759 3842 sufficio,
823 3774 980 3845 quia,
1044 3788 1178 3828 cum
1237 3772 1658 3845 philosophicis
1716 3774 1979 3846 apprime

332 3862 546 3919 studiis
605 3862 849 3918 enutriti
919 3866 978 3917 et
1035 3861 1281 3918 scientia
1337 3860 1507 3929 longe
1564 3860 1979 3917 excellentibus

332 3951 463 4006 sitis
512 3948 772 4024 perfecti,
825 3950 938 4007 mei
998 3948 1347 4022 opusculum
1406 3950 1537 4006 vilis
1596 3949 1974 4019 mulierculae,

329 4044 524 4099 vestra
548 4040 933 4097 admiratione
963 4039 1208 4110 dignum
1239 4039 1510 4108 duxistis,
1544 4044 1602 4095 et
1642 4038 1976 4111 largitorem

332 4130 393 4185 in
425 4145 518 4185 me
549 4128 848 4202 operantis
878 4129 1077 4201 gratias
1119 4128 1373 4184 fraterno
1420 4128 1626 4183 atl'ectu
1677 4128 1976 4201 gratulan-

332 4222 421 4275 tes
469 4216 779 4286 laudastis,
811 4216 1164 4273 arbitrantes
1214 4215 1359 4270 mihi
1408 4216 1599 4271 inesse
1643 4216 1975 4287 aliquantu-

331 4305 451 4362 lam
498 4304 804 4362 scientiam
857 4305 1095 4373 artium,
1148 4321 1399 4377 quarum
1452 4303 1747 4360 subtilitas
1806 4304 1977 4377 longe

329 4394 587 4469 prmterit
608 4410 805 4450 meum
827 4392 1108 4449 muliebre
1132 4392 1729 4465 ingenium.Denique
1753 4392 1974 4449 rustici-

328 4489 508 4541 tatem
542 4500 682 4540 mea:
733 4481 1163 4539 dictatiunculae
1214 4481 1501 4537 hactenus
1548 4482 1640 4535 vix
1689 4482 1975 4538 audebam

328 4574 534 4647 paucis
565 4590 631 4629 ac
662 4571 1032 4629 solummodo
1064 4568 1454 4627 familiaribus
1481 4570 1624 4625 meis
1644 4571 1973 4638 ostendere;
2006 4594 2053 4658 υ

326 4664 483 4719 unde
513 4678 659 4735 pene
685 4678 862 4733 opera
891 4660 1138 4717 cessavit
1159 4660 1416 4715 dictandi
1439 4659 1592 4715 ultra
1618 4659 1837 4730 aliquid
1869 4659 1977 4714 liu-

318 4751 605 4822 jusmodi,
640 4750 799 4823 quia,
832 4748 984 4806 sicut
1014 4747 1181 4821 pauci
1216 4748 1375 4804 fuere
1413 4748 1513 4820 qui
1547 4764 1639 4803 me
1695 4748 1974 4820 prodente

324 4840 739 4912 perspicerent,
775 4838 855 4893 ita
884 4854 998 4893 non
1030 4836 1223 4904 multi,
1256 4838 1379 4908 qui,
1413 4836 1497 4892 vel
1530 4837 1666 4908 quid
1688 4837 1975 4908 corrigen-

326 4928 467 4983 dum
500 4928 718 4984 inesset
748 4924 1144 4992 enuclearent,
1162 4923 1245 4979 vel
1280 4925 1350 4978 ad
1384 4925 1718 4979 audendum
1748 4923 1971 4995 aliquid

324 5015 463 5073 huic
492 5014 684 5073 simile
712 5018 1110 5089 provocarent.
1142 5016 1215 5067 At
1244 5012 1573 5083 nunc,quia
1605 5012 1782 5067 trium
1816 5012 1975 5067 testi-

327 5105 592 5161 monium
636 5109 866 5162 constat
910 5119 1041 5161 esse
1088 5118 1310 5169 verum,
1344 5099 1551 5155 vestris
1602 5102 1973 5156 corroborata

324 5194 651 5263 sententiis,
669 5192 1001 5250 ﬁducialius
1021 5208 1313 5263 praesumo
1328 5194 1384 5245 et
1400 5189 1819 5261 componendis
1836 5206 1969 5261 ope-

325 5302 452 5341 ram
484 5283 645 5352 dare,
679 5283 729 5339 si
762 5281 999 5355 quando
1029 5281 1182 5336 Deus
1210 5278 1482 5334 annuerit
1514 5295 1707 5350 posse,
1736 5282 1793 5333 et
1823 5295 1973 5349 quo-

325 5388 716 5444 rumcumque
749 5369 1103 5445 sapientium
1135 5385 1375 5424 examen
1410 5367 1625 5422 subire.
1661 5367 1814 5421 Inter
1851 5366 1971 5420 haec

326 5461 570 5523 diversis
601 5459 926 5527 affectibus,
958 5457 1172 5531 gaudio
1202 5454 1469 5511 videlicet
1498 5459 1553 5509 et
1584 5459 1764 5521 metu,
1790 5455 1847 5509 in
1878 5455 1971 5509 di-

323 5568 558 5608 versum
594 5549 813 5607 trahor.
847 5548 1003 5604 Deus
1054 5562 1328 5617 namque,
1378 5544 1548 5615 cujus
1600 5542 1970 5599 solummodo

325 5639 514 5717 gratia
541 5655 674 5699 sum
707 5638 765 5697 id
797 5636 952 5713 quod
983 5635 1212 5706 sum,in
1245 5651 1337 5692 me
1370 5631 1594 5711 laudari
1625 5633 1971 5693 cordetenus

2092 3332 2251 3387 Unde
2284 3348 2397 3386 non
2431 3332 2653 3404 denogo
2701 3334 3016 3402 prazstante
3065 3330 3255 3402 gratia
3297 3330 3588 3389 Creatoris
3635 3350 3740 3406 per

2090 3420 2370 3492 dynamin
2404 3436 2496 3475 me
2523 3424 2678 3475 artes
2707 3420 3032 3491 scire,quia
3061 3436 3193 3475 sum
3216 3419 3434 3476 animal
3457 3437 3640 3494 capax
3658 3422 3742 3477 di-

2095 3507 2375 3581 sciplinae,
2410 3510 2511 3564 sed
2550 3526 2653 3581 per
2682 3510 2978 3581 energiam
3010 3510 3193 3563 fateor
3222 3509 3460 3564 omnino
3492 3510 3735 3567 nescire.

2089 3597 2397 3669 Perspicax
2408 3614 2638 3670 quoque
2656 3598 2957 3669 ingenium
2991 3597 3273 3653 divinitus
3294 3597 3440 3652 mihi
3461 3598 3737 3656 collatum

2090 3703 2217 3741 esse
2249 3685 2633 3757 agnosco,sed
2664 3686 3083 3757 magistrorum
3116 3689 3383 3739 cessante
3413 3685 3733 3759 diligentia,

2086 3772 2372 3829 incultum
2394 3778 2450 3827 et
2470 3776 2716 3845 propriae
2749 3774 2987 3845 pigritia
3016 3772 3236 3827 inertia:
3260 3776 3309 3829 4
3333 3776 3521 3844 torpet
3548 3773 3741 3847 negle-

2087 3863 2665 3932 ctum.Quapropter,
2683 3877 2754 3916 ne
2784 3861 2843 3915 in
2876 3877 2968 3916 me
2990 3861 3209 3915 donum
3232 3859 3334 3915 Dei
3354 3858 3739 3917 annularetur

2088 3951 2160 4007 ob
2193 3949 2608 4023 negligentiam
2639 3949 2774 4016 mei,
2795 3949 2844 4005 si
2870 3965 2986 4021 qua
3006 3949 3153 4004 forte
3174 3946 3273 4003 fila
3293 3946 3381 4004 vel
3401 3948 3577 4004 etiam
3604 3949 3738 4006 ﬂoc-

2088 4056 2186 4096 cos
2220 4040 2289 4095 de
2322 4038 2654 4111 panniculis
2676 4055 2709 4093 a
2724 4041 2883 4092 veste
2900 4035 3283 4109 philosophia:
3307 4035 3574 4108 abruptis
3594 4037 3738 4094 evel-

2087 4127 2202 4183 lere
2234 4128 2415 4199 quivi,
2447 4127 2683 4198 przefato
2731 4123 3013 4197 opusculo
3056 4124 3313 4180 inserere
3361 4125 3579 4193 curavi,
3614 4142 3731 4199 quo

2085 4215 2279 4272 vilitas
2310 4232 2451 4271 mea:
2486 4214 2805 4270 inscientiae
2837 4212 3268 4269 intermixtione
3297 4212 3602 4270 nobilioris
3618 4231 3737 4271 ma-

2086 4305 2242 4360 teriae
2274 4304 2757 4372 illustraretur,et
2787 4302 3029 4375 largitor
3048 4301 3267 4375 ingenii
3298 4306 3459 4359 tanto
3480 4302 3736 4375 amplius

2085 4394 2144 4450 in
2169 4411 2259 4449 me
2270 4394 2404 4465 jure
2426 4393 3015 4463 laudaretur,quanto
3033 4390 3380 4447 mulieribus
3396 4406 3607 4447 sensus
3625 4395 3738 4447 tar-

2087 4484 2215 4538 dior
2235 4498 2363 4538 esse
2395 4481 2670 4538 creditur.
2707 4481 2835 4536 Haec
2868 4497 3000 4536 mea
3031 4480 3089 4533 in
3140 4479 3415 4534 dictando
3465 4477 3731 4547 intentio,

2085 4572 2206 4627 hanc
2238 4571 2362 4627 sola
2393 4571 2506 4626 mei
2540 4570 2774 4625 sudoris
2805 4574 2896 4625 est
2929 4584 3129 4636 causa,
3162 4582 3351 4638 neque
3399 4565 3733 4622 simulando

2085 4676 2177 4714 me
2210 4659 2433 4715 noscita
2464 4659 2611 4714 scire
2635 4657 2932 4729 jacto,sed
2963 4660 3252 4727 quantum
3274 4655 3347 4711 ad
3381 4671 3474 4711 me
3500 4658 3731 4711 tantum

2082 4748 2201 4803 scio
2232 4748 2385 4820 quod
2419 4748 2636 4802 nescio.
2672 4747 2819 4811 Quia
2847 4746 3005 4801 enim
3038 4748 3259 4800 attactu
3291 4744 3469 4799 vestri
3518 4744 3732 4801 favoris

2082 4840 2255 4908 atque
2286 4835 2583 4908 petitionis
2614 4833 2933 4890 arundineo
2960 4849 3120 4890 more
3149 4831 3429 4888 inclinata
3444 4831 3731 4901 libellum,

2083 4942 2256 4997 quem
2290 4924 2389 4979 tali
2424 4923 2745 4979 intentione
2776 4921 3058 4994 disposui,
3094 4921 3196 4977 sed
3227 4938 3414 4993 usque
3462 4921 3576 4977 huc
3625 4939 3729 4995 pro

2084 5014 2173 5069 sui
2206 5013 2429 5069 vilitate
2446 5010 2740 5067 occultare
2758 5027 2933 5082 quam
2957 5010 3016 5065 in
3036 5010 3230 5083 palam
3249 5010 3506 5083 proferre
3524 5008 3727 5079 malui,

2081 5100 2246 5156 vobis
2279 5097 2765 5171 perscrutandum
2794 5093 3035 5165 tradidi,
3056 5097 3209 5153 dicet
3238 5100 3303 5152 ut
3339 5114 3454 5154 non
3486 5092 3731 5155 minoris

2082 5189 2387 5261 diligentia
2418 5186 2835 5243 sollicitudinis
2864 5203 3000 5242 eum
3032 5185 3397 5242 emendando
3429 5185 3733 5259 investige-

2080 5279 2177 5345 tis,
2212 5293 2388 5349 quam
2421 5275 2640 5348 proprii
2673 5274 2882 5331 seriem
2916 5274 3161 5343 laboris;
3194 5278 3252 5331 et
3280 5274 3363 5332 sic
3389 5275 3626 5330 tandem
3656 5276 3730 5331 ad

2082 5382 2348 5421 normam
2400 5364 2769 5420 rectitudinis
2829 5365 3210 5419 reformatum
3242 5361 3388 5418 mihi
3427 5363 3726 5431 remittite,

2083 5455 2399 5528 quo,vestri
2433 5452 2767 5524 magisterio
2800 5456 3280 5524 praemonstrante
3295 5450 3355 5507 in
3385 5450 3732 5524 quibusmu-

2080 5544 2235 5601 xime
2266 5558 2599 5617 peccassem
2632 5542 2855 5615 possim
2886 5556 3217 5615 agnoscere.
