4044 6176
879 429 1324 470 CONSTANTINUS.

347 502 532 570 Quam
566 501 714 558 bene
745 501 1052 572 dicis,mea
1079 503 1450 560 Constantia!

910 607 1256 648 CONSTANTIA
1265 633 1277 646 .

341 677 402 734 Si
433 693 628 734 meum
661 679 917 752 digneris
961 683 1194 753 captare
1242 679 1574 750 consilium,
1606 697 1920 752 praemons-

269 765 434 822 trabo
465 764 717 838 qualiter
747 771 1064 840 utrumque
1093 769 1337 825 evadere
1366 768 1558 842 possis
1608 769 1913 826 damnum.

871 872 1318 913 CONSTANTINUS.

339 943 382 998 Ο
415 943 642 999 utinam
667 943 678 999 !

905 1050 1252 1090 CONSTANTIA
1261 1077 1272 1088 .

337 1119 584 1186 Simula,
639 1121 960 1192 prudenter
1016 1126 1248 1193 peracta
1295 1123 1676 1196 expeditione,
1727 1126 1914 1197 ipsius

264 1205 416 1262 votis
447 1210 502 1262 te
532 1206 974 1264 satisfacturum
1022 1226 1177 1278 esse;
1213 1213 1268 1264 et
1315 1215 1381 1266 ut
1430 1229 1626 1268 meum
1676 1231 1912 1271 concor-

268 1293 394 1348 dari
447 1295 646 1351 credat
689 1295 854 1364 velle,
890 1297 1092 1363 suade,
1126 1315 1240 1369 quo
1290 1317 1429 1355 suas
1479 1301 1712 1358 interim
1761 1303 1914 1362 filias

263 1380 516 1438 Atticam
547 1399 614 1439 ac
639 1383 980 1453 Artemiam,
1011 1385 1173 1442 velut
1202 1404 1306 1459 pro
1333 1387 1621 1445 solidandi
1673 1391 1912 1464 pignore

265 1470 502 1538 amoris,
545 1487 776 1527 mecum
835 1489 1108 1528 mansum
1155 1473 1262 1544 ire,
1313 1492 1590 1550 meosque
1637 1480 1910 1551 primice—

261 1556 381 1614 rios
409 1557 695 1617 Joannem
727 1565 786 1616 et
814 1561 1062 1624 Paulum
1095 1579 1295 1620 secum
1339 1565 1514 1622 faciat
1561 1567 1668 1624 iter
1714 1587 1910 1643 arrep-

261 1649 390 1702 tum
419 1645 522 1703 ire.

865 1755 1311 1799 CONSTANTINUS.

327 1823 399 1881 Et
427 1827 591 1898 quid,
625 1827 674 1884 si
702 1826 888 1885 victor
931 1834 1336 1900 reverteretur,
1372 1834 1518 1890 mihi
1565 1836 1674 1892 erit
1727 1852 1908 1912 agen-

263 1913 405 1970 dum
423 1915 452 1969 Ἰ

899 2023 1245 2066 ΟΟΝΒΤΑΝΤΙΑ
1253 2053 1264 2065 .

331 2089 480 2148 Reor
510 2091 910 2166 Omnipatrem
942 2095 1107 2168 prius
1127 2113 1256 2154 esse
1277 2097 1811 2177 invocandum,quo
1834 2108 1904 2163 ab

257 2177 600 2250 hujusmodi
628 2183 952 2240 intentione
982 2183 1264 2241 Gallicani
1291 2194 1518 2246 revocet
1545 2192 1831 2250 animum.

861 2287 1211 2328 CONSTANTIN
1216 2289 1307 2330 US.

336 2358 380 2414 Ο
409 2357 552 2428 filia,
582 2359 722 2428 ﬁlia,
747 2365 1038 2433 quantum
1073 2361 1378 2419 dulcedine
1400 2368 1512 2421 tua:
1532 2367 1902 2430 ailocutionis

254 2449 709 2508 amaritudinem
741 2449 1060 2506 dulcorasti
1094 2453 1286 2507 mmsti
1317 2453 1520 2524 patris,
1546 2459 1687 2514 adeo
1712 2465 1776 2516 ut
1799 2480 1900 2534 pro

251 2539 362 2598 hac
391 2556 452 2596 re
481 2537 647 2595 nulla
679 2542 810 2610 post
832 2538 955 2594 haec
981 2555 1214 2596 movear
1242 2541 1654 2602 sollicitudine.

897 2643 1104 2684 CONSTA
1111 2645 1237 2685 ΝΤῙΑ
1246 2673 1257 2684 .

277 2744 284 2753 -
317 2717 442 2774 Non
471 2720 561 2773 est
589 2731 848 2773 necesse.

848 2821 1296 2864 CONSTANTINUS.

313 2897 456 2953 Eam
486 2900 546 2952 et
573 2893 942 2952 Gallicanum
973 2895 1104 2953 laita
1136 2898 1524 2971 promissione
1571 2901 1896 2962 circumve-

243 2985 422 3042 niam.

883 3090 1232 3132 CONSTANTIA
1241 3118 1252 3130 .

313 3162 474 3218 Vade
502 3161 562 3216 in
593 3177 754 3234 pace,
790 3161 872 3218 mi
901 3163 1157 3218 domine.

893 3267 1122 3324 SCENA
1161 3269 1258 3326 III.

890 3373 962 3412 GA
969 3373 1240 3414 LLICANUS
1249 3399 1261 3412 .

325 3445 674 3502 Curiositate
705 3445 959 3518 frangar,
992 3461 1024 3500 ο
1055 3445 1367 3519 principes,
1401 3453 1738 3522 antequam,
1761 3454 1898 3524 quid

254 3551 423 3592 meus
455 3533 650 3590 senior
669 3534 973 3606 Augustus
1005 3534 1208 3592 tandiu
1239 3553 1373 3592 cum
1403 3537 1572 3594 herili
1605 3539 1724 3597 filia
1743 3547 1896 3616 agat,

247 3623 530 3697 experiar.

815 3760 820 3766 .
915 3728 1234 3770 PRINCIPES.

311 3801 530 3858 Suadet
558 3799 640 3856 illi
671 3799 816 3857 velle
843 3819 970 3874 quae
1002 3803 1320 3859 desideras.

877 3907 1248 3948 caueamus.
1289 3951 1303 3965 ε

309 3980 354 4036 Ο
385 3981 612 4037 utinam
643 3980 980 4053 praevaleret
1007 3981 1236 4038 suasio!

685 4085 913 4126 manus
945 4068 1070 4142 [ιθθ.
1105 4070 1442 4144 ancwns].

271 4165 282 4171 “
315 4156 582 4216 Forsitan
612 4156 964 4228 praevalebit.

884 4262 1159 4302 GALLICAN
1166 4263 1256 4304 US.

314 4333 512 4403 Silete,
541 4333 846 4406 quiescite,
866 4335 1168 4408 Augustus
1190 4337 1636 4407 revertitur,non
1659 4346 1724 4396 ut
1743 4343 1891 4399 abiit

241 4423 512 4495 obscuro,
545 4423 645 4479 sed
675 4421 840 4479 vultu
871 4424 1190 4480 admodum
1217 4442 1440 4483 sereno.

909 4527 1208 4569 PRINCIPES
1217 4555 1229 4568 .

311 4602 471 4658 Bona
499 4599 754 4658 fortuna.

711 4688 717 4696 ’
877 4707 1247 4748 OALLICANUS.

309 4779 368 4835 Si
399 4777 583 4846 enim,
615 4781 682 4834 ut
710 4777 944 4847 dici-tur,
979 4779 1282 4851 speculum
1314 4783 1529 4839 mentis
1559 4788 1648 4840 est
1687 4787 1884 4856 facies,

236 4867 522 4926 serenitas
552 4867 718 4923 faciei
749 4868 1270 4925 mansuetudinem
1299 4870 1446 4926 forte
1468 4871 1736 4946 designat
1759 4875 1888 4948 ejus

235 4955 438 5014 animi.

307 5116 395 5174 Ita
906 5061 1225 5104 PRINCIPES.

875 5205 1102 5263 SCENA
1150 5207 1241 5264 IV.

837 5313 1283 5356 CONSTANTINUS.

304 5385 450 5442 Galli
459 5403 600 5443 cane
620 5386 632 5441 !

868 5493 1028 5533 GALLI
1035 5494 1139 5534 CAN
1149 5495 1217 5533 US
1227 5520 1238 5532 .

303 5559 448 5626 Quid
481 5562 664 5619 dixit?

1077 280 1602 347 HROTSUITAZE
1647 277 2020 348 MONIALIS
2069 277 2881 346 GANDERSHEIMENSIS.

1948 411 2004 478 Α

3563 284 3688 348 980

2702 427 2999 474 PRINCIPES
3007 459 3019 472 .

2101 502 2370 572 Procede,
2406 506 2670 576 procede,
2707 511 2877 562 vocat
2903 509 2979 562 te.

2667 619 2939 660 GALLICAN
2945 621 3036 660 US.

2099 689 2186 744 Dii
2220 693 2476 764 propitii,
2512 693 2695 748 favete
2715 693 2726 750 l

2631 807 3078 848 CONSTAN'I'INUS.

2099 879 2274 950 Perge
2306 895 2570 948 securus,
2605 880 2919 948 Gallicana,
2944 881 3017 936 ad
3049 881 3292 938 bellum.
3319 883 3683 942 Reversurus

2025 965 2178 1021 enim
2211 967 2480 1039 accipies,
2514 969 2666 1040 quod
2701 969 3018 1037 desideras,
3053 970 3378 1042 praemium.

2659 1082 3010 1122 GALLICANUS
3020 1109 3031 1120 .

2097 1151 2377 1208 Illudisnc
2409 1155 2544 1208 me?

2627 1260 3052 1300 CONSTANTINUS
3063 1286 3074 1298 .

2095 1327 2152 1385 Si
2185 1329 2407 1386 illudo?

2662 1438 3036 1478 GALLICANUS.

2092 1507 2181 1562 Mc
2214 1507 2459 1576 felicem,
2492 1509 2539 1564 si
2575 1526 2760 1565 unum
2793 1511 3054 1567 scirem;

2627 1623 3074 1664 CONSTANTINUS.

2091 1693 2237 1760 Quid
2267 1711 2453 1750 unum
2470 1696 2498 1750 ?

2655 1801 3026 1843 GALLICANUS.

2088 1873 2228 1944 Ejus
2260 1889 2626 1946 responsum.

2631 1980 3060 2022 CONSTANTINUS
3071 2008 3082 2019 .

2087 2051 2242 2108 Filiae
2261 2053 2287 2106 ?

2653 2159 3022 2201 GALLICANUS.

2085 2229 2296 2301 Ipsius.

2620 2337 3065 2379 CONSTANTINUS.

2085 2409 2310 2481 Injusta
2340 2411 2484 2466 satis
2516 2411 2660 2466 ratio
2689 2411 2748 2466 in
2781 2412 2890 2468 hac
2931 2430 2991 2470 re
3035 2417 3375 2472 verecundae
3423 2417 3674 2491 virginis

2013 2514 2360 2570 responsum
2415 2516 2694 2571 quaerere.
2736 2499 3167 2574 Consequentia
3215 2507 3412 2561 autem
3463 2525 3668 2564 rerum

2012 2587 2362 2642 monstrabit
2391 2588 2520 2659 ejus
2551 2605 2886 2645 assensum.

2645 2701 3016 2745 GALLICANUS.

2079 2773 2139 2829 Si
2170 2773 2323 2828 hunc
2357 2775 2590 2845 scirem,
2623 2791 2972 2848 responsum
3005 2778 3167 2836 ﬂocci
3195 2780 3470 2838 facerem.

2611 2890 2678 2930 CO
2685 2891 3040 2933 NSTANTINUS
3049 2918 3060 2930 .

2077 2960 2260 3028 Licet,
2293 2963 2610 3035 experiare.

2632 3065 3014 3110 'GALLICANUS.

1927 3151 1970 3218 α
2079 3139 2316 3213 Exopto.

2611 3247 3058 3290 CONSTANTINUS.

2084 3317 2184 3373 Sui
2217 3317 2578 3390 primicerios
2607 3320 2894 3376 Joannem
2925 3325 2983 3377 et
3012 3321 3256 3379 Paulum
3287 3328 3484 3381 tecum
3507 3345 3670 3384 com-

2011 3411 2303 3462 moratum
2333 3407 2402 3462 iri
2431 3408 2897 3482 decrevit,usque
2925 3409 2986 3466 in
3023 3411 3178 3468 diem
3208 3414 3570 3486 nuptiarum.

2647 3523 3016 3565 GALLICANUS.

2081 3597 2265 3660 Quam
2297 3595 2368 3651 ob
2400 3596 2682 3652 causam?

2609 3691 3055 3743 Co'NsrAN'rmus.

2078 3776 2200 3840 Quo
2232 3771 2466 3829 illorum
2498 3773 2546 3830 8
2576 3789 2646 3829 ex
2691 3774 3163 3832 confabulatione
3213 3776 3402 3848 ipsius
3446 3779 3652 3848 vitam,

2004 3878 2217 3927 mores,
2251 3863 2756 3932 consuetudinem,
2792 3863 2987 3935 possis
3018 3881 3396 3936 praznoscere.

2640 3976 2988 4018 GALLICANUS
2997 4003 3010 4016 .

2072 4049 2296 4106 Bonum
2329 4048 2662 4118 consilium,
2698 4049 2961 4122 mihique
2992 4067 3170 4123 quam
3218 4053 3474 4112 maxime
3523 4055 3650 4128 pla-

1999 4137 2202 4194 citum.

2602 4241 3047 4284 CONSTANTINUS.

2072 4313 2302 4370 Scilicet
2331 4315 2418 4369 tui
2445 4313 2595 4370 filias
2627 4331 2828 4370 secum
2855 4332 3024 4373 versa
3049 4316 3172 4374 vice
3193 4318 3486 4376 desiderat
3505 4321 3653 4379 inte-

1999 4403 2110 4458 rim
2144 4420 2416 4458 mansum
2440 4403 2552 4472 ire,
2572 4407 2865 4476 quatenus
2896 4403 3132 4463 illarum
3153 4425 3258 4480 per
3276 4408 3648 4468 sodalitatem

1919 4522 1968 4588 D
1999 4491 2104 4548 tibi
2137 4492 2238 4547 ﬁat
2266 4491 2573 4565 morigera.

2636 4597 3007 4640 GALLICANUS.

2068 4671 2248 4738 Euax,
2282 4670 2472 4737 Euax;
2506 4669 2717 4726 Omnia
2747 4671 2896 4728 meis
2927 4674 3282 4746 respondent
3309 4677 3480 4732 votis.

2593 4775 3042 4818 CONSTANTINUS.

2066 4849 2179 4904 Eae
2210 4853 2276 4903 ut
2308 4848 2678 4903 adducantur
2705 4847 2900 4905 citius.

2649 4963 2800 5003 GALLI
2807 4965 2981 5004 CANUS.

2057 5033 2258 5103 Statis,
2293 5034 2556 5091 milites?
2585 5035 2828 5106 Currite,
2859 5036 3034 5105 abite,
3067 5039 3340 5096 adducite
3387 5039 3538 5098 filias
3569 5040 3640 5098 ad

1994 5123 2340 5195 obsequium
2373 5141 2490 5180 suae
2523 5123 2794 5180 dominas.

2649 5222 2874 5278 SCENA
2909 5223 2978 5280 V.

2689 5327 2912 5367 MILITES
2919 5353 2931 5366 .

2059 5399 2287 5454 Adsunt
2317 5397 2574 5456 illustres
2601 5398 2881 5456 Gallicani
2913 5405 3209 5471 natm,tuae
3232 5405 3638 5476 familiaritati,

1989 5489 2130 5545 hera
2158 5488 2516 5556 Constantia,
2549 5505 2651 5560 pro
2691 5489 2782 5545 sui
2832 5489 3308 5563 pulchritudiris,
3339 5494 3640 5568 sapientiae

1989 5582 2046 5633 et
2078 5576 2384 5649 probitatis
2414 5575 2828 5650 perspicuitate
2857 5580 3001 5636 satis
3029 5585 3199 5654 aptis.
