4050 6172
289 363 397 427 981
1301 374 1714 438 ΟΟΜΟΕΠΙΛΞ
1759 375 1921 437 SEX.

2082 378 2125 440 Ι.
2174 381 2561 444 GALLICAN
2568 380 2692 449 US.
3592 389 3712 455 982

930 522 1296 565 CONSTANTIA.
1961 511 2020 579 Α
2767 538 3009 579 PAULUS-
3457 588 3459 593 .
3494 582 3507 593 .
3615 600 3618 604 ,

363 586 573 645 Placet.
607 590 1088 659 (Introducantur
1118 597 1480 664 honoriﬁce.)
1502 599 1742 654 Amator
1762 598 1951 672 Virgi-
2133 604 2288 660 Deus
2321 606 2417 661 det
2447 612 2833 677 proventum!
2869 613 2985 669 Nos
3017 613 3367 671 adhibemus
3392 586 3723 686 frequentac

291 676 495 734 nitatis
527 682 583 733 et
613 680 930 753 inspirator
950 685 1261 755 castitatis,
1289 687 1538 755 Christe,
1564 688 1664 759 qui
1698 703 1791 743 me
1824 701 1949 760 pre"
2060 695 2247 749 tiones
2279 676 2810 755 hortamentorum.

294 767 462 823 cibus
493 770 768 841 martyris
796 774 906 825 tua:
936 774 1176 845 Agnetis
1200 793 1232 830 a
1254 774 1413 848 lepra
1442 776 1659 848 pariter
1688 777 1947 849 corporis
2650 806 2687 861 ε
2704 806 2743 861 ο
2760 807 2800 862 Ε
2820 808 2929 864 ΝΑ
2983 809 3131 866 v11,

294 858 351 911 et
383 857 456 911 ab
489 873 680 913 errore
710 859 963 931 eripiens
993 862 1357 934 gentilitatis,
1382 865 1641 921 invitasti
1673 866 1743 921 ad
1776 867 1948 939 virgi-

295 962 472 1000 neum
494 945 579 1001 tui
599 947 902 1018 genitricis
926 949 1273 1021 thalamum,
1290 952 1349 1008 in
1370 970 1484 1025 quo
1507 959 1569 1009 tu
1593 955 1943 1012 manifestus

290 1053 353 1091 es
382 1050 552 1090 verus
580 1035 756 1103 Deus,
788 1043 938 1093 retro
984 1042 1282 1095 exordium
1336 1046 1508 1097 natus
1540 1060 1571 1098 a
1602 1043 1718 1099 Deo
1751 1044 1937 1113 Patre,

286 1124 561 1195 idemque
592 1141 763 1180 verus
788 1125 962 1181 homo
986 1144 1053 1183 ex
1074 1135 1257 1185 matre
1280 1136 1453 1186 natus
1485 1132 1542 1186 in
1575 1137 1856 1205 tempore,
1883 1138 1939 1189 te

275 1228 475 1267 veram
518 1216 574 1267 et
623 1218 971 1270 coaaternam
1007 1217 1156 1273 Patri
1207 1220 1576 1291 sapientiam,
1611 1239 1712 1293 per
1758 1239 1937 1293 quam

273 1299 432 1355 facta
464 1305 603 1355 sunt
627 1303 825 1357 omnia
856 1308 912 1359 et
934 1306 1102 1376 cujus
1130 1306 1510 1379 dispositione
1532 1310 1863 1367 consistunt
1882 1317 1939 1368 et

276 1389 659 1445 moderantur
689 1390 983 1462 universa,
1017 1396 1359 1469 suppliciter
1398 1415 1568 1455 exoro
1600 1402 1666 1454 ut
1695 1399 1937 1457 Gallica-

272 1494 442 1546 num,
479 1479 577 1550 qui
614 1480 696 1534 tui
731 1478 791 1535 in
834 1498 927 1537 me
971 1500 1229 1540 amorem
1279 1487 1658 1560 subripiendo
1690 1495 1937 1546 conatur

279 1567 673 1639 exstinguere,
700 1575 833 1641 post
853 1577 910 1626 te
940 1573 1223 1631 trahendo
1257 1576 1329 1631 ab
1362 1577 1583 1648 injusta
1615 1578 1937 1635 intentione

275 1672 567 1725 revocare,
594 1657 803 1730 suique
836 1660 988 1717 filias
1015 1662 1273 1735 digneris
1295 1665 1401 1721 tibi
1433 1666 1735 1740 assignare
1764 1685 1933 1740 spon-

268 1760 389 1812 sas,
443 1749 500 1799 et
552 1745 773 1802 instilla
826 1749 1276 1821 cogitationibus
1324 1770 1525 1810 earum
1577 1757 1660 1810 tui
1714 1759 1930 1813 amoris

267 1832 663 1903 dulcedinem,
696 1841 989 1907 quatenus
1022 1845 1387 1897 exsecrantes
1419 1844 1648 1900 carnale
1681 1862 1916 1903 consor-

263 1920 418 1977 tium
450 1925 750 1994 pervenire
782 1933 1117 1983 mereantur
1142 1931 1212 1985 ad
1245 1947 1543 1987 sacrarum
1575 1934 1915 1993 societatem

2705 912 3074 955 GALLICANUS.

2126 980 2466 1051 Opportune
2492 982 2799 1051 advenitis,
2824 986 3079 1041 Joannes
3101 992 3155 1043 et
3179 988 3381 1055 Paule;
3409 990 3716 1061 suspensis

2052 1067 2152 1123 diu
2183 1067 2399 1123 animis
2431 1074 2692 1125 vestrum
2727 1074 3105 1143 prcestolabar
3136 1076 3472 1132 adventum.

2748 1187 2996 1227 JOANNES
3007 1214 3018 1225 .

2122 1255 2194 1311 Ut
2223 1272 2423 1311 vocem
2449 1257 2717 1326 jubentis
2751 1260 2975 1315 domnze
3010 1261 3338 1330 hausimus,
3374 1263 3477 1318 tibi
3512 1265 3584 1320 ad
3617 1266 3715 1323 ob-

2049 1347 2415 1417 sequendum
2449 1346 2908 1404 convolavimus.

2690 1463 3060 1504 GALLICANUS.

2034 1518 2041 1521 ’
2118 1533 2300 1590 Multo
2335 1536 2525 1608 magis
2558 1540 2749 1592 vestro
2803 1554 2980 1608 quam
3016 1537 3268 1595 aliorum
3319 1539 3574 1597 delector
3603 1545 3706 1600 ob-

2046 1624 2267 1695 sequio.

2751 1732 2996 1772 PAULUS.

2113 1804 2239 1858 Non
2291 1804 2607 1871 immerito,
2643 1821 2778 1859 nam
2829 1804 3003 1877 vulgo
3037 1805 3295 1861 dicitur:
3342 1808 3449 1874 Qui
3488 1809 3703 1869 dilectis

1941 1885 1989 1950 Β
2028 1892 2361 1964 obsequitur,
2396 1901 2449 1947 et
2479 1896 2590 1963 ipse
2621 1894 2696 1948 sit
2723 1893 2972 1949 dilectus.

263 2010 565 2084 virginum
2682 2006 3054 2046 GALLICANUS.

958 2126 1227 2183 amaram.
2106 2080 2346 2136 Verum.

333 2192 471 2259 Ave,
506 2190 869 2263 Constantia,
903 2195 1222 2269 imperialis
1255 2200 1412 2256 hera.
2105 2259 2190 2275 π..
2272 2259 2305 2275 ..
2600 2259 2636 2275 ,.
2706 2183 2999 2275 .JF’AMES'
3454 2263 3477 2275 ,.

907 2258 1257 2353 οοξεετλκτιλ
2105 2259 2345 2316 Dilectio
2381 2259 2672 2315 mittentis
2706 2258 2857 2313 herae
2889 2258 3301 2315 reconciliatur
3322 2276 3428 2317 nos
3449 2262 3695 2320 familia-

333 2378 582 2450 Salvete,
616 2397 865 2447 sorores,
902 2384 1092 2440 Attica
1123 2390 1179 2441 et
1215 2388 1502 2457 Artemia;
1539 2394 1713 2458 state,
1749 2397 1918 2459 state,
2034 2352 2194 2405 muti
2230 2352 2361 2403 tum
2678 2422 3029 2492 GALLICAWS

369 2468 688 2492 ._._--2.I_L:_
748 2473 842 2492 --Δ
878 2471 1045 2492 L'l__1_
1088 2475 1183 2492 ,,,-‘
1216 2476 1225 2485 -
1406 2477 1418 2492 1
1743 2482 1751 2491 .
2919 2480 2929 2492 ι
3041 2479 3051 2490 ι

256 2486 335 2525 ne
369 2468 711 2542 procidatis,
746 2473 844 2527 sed
878 2471 1053 2528 libate
1085 2475 1229 2530 mihi
1262 2477 1527 2533 osculum
1571 2482 1808 2536 amoris.

949 2589 1219 2629 ARTEMIA.

328 2659 518 2711 Tuum
550 2658 624 2712 ad
656 2658 1025 2731 obsequium,
1051 2663 1311 2732 domina,
1336 2665 1514 2721 alacri
1544 2673 1741 2723 mente
1761 2670 1921 2737 veni_

249 2760 415 2813 mus,
442 2749 554 2801 tuas
585 2745 792 2802 ditioni
812 2765 1047 2806 summa
1068 2751 1370 2808 devotione
1399 2771 1504 2811 nos
1529 2756 1916 2834 subjecimus,

2103 2528 2227 2583 Non
2280 2544 2447 2599 nego.
2483 2524 2816 2592 Convenite,
2862 2528 3320 2598 congregamini,
3364 2520 3586 2586 tribuni
3630 2536 3689 2589 et

2033 2617 2423 2683 centuriones,
2469 2629 2789 2685 omnesque
2832 2614 2942 2667 mei
2989 2614 3143 2683 juris
3185 2614 3424 2672 milites.
3457 2619 3686 2680 Adsunt

2030 2708 2285 2765 Joannes
2317 2710 2375 2761 et
2407 2703 2640 2770 Paulus,
2675 2717 2923 2773 quorum
2965 2702 3270 2759 detinebar
3314 2704 3582 2764 absentia
3610 2726 3682 2769 ne

404 2811 409 2813 _
898 2838 907 2847 .
1399 2842 1409 2854 ,
1541 2811 1546 2812 ν
1636 2811 1658 2827 υ
1741 2811 1746 2812 ί
1779 2811 1916 2834 "ﬂ:
2031 2811 2349 2870 pergerem.

246 2836 510 2903 tantum,
544 2838 610 2890 ut
640 2839 742 2890 tua
772 2836 943 2894 nobis
975 2840 1234 2897 abundet
1264 2848 1469 2915 gratia.
2720 2896 2978 2937 τωρωι,

396 2982 397 2985 η
899 2953 1267 2997 CONSTANTIA.

396 3039 516 3048 ..-νυ-
557 3022 869 3048 n-..:._.-_.
907 3026 1180 3048 L-L_A__i,
1239 3030 1248 3040 ‘
1423 3031 1459 3048 1-
1629 3033 1639 3044 σ
1692 3036 1706 3048 1
1750 3036 1764 3048 1
1828 3040 1836 3048 .

2099 2974 2381 3033 Ρτωοθᾶρ.
2900 2970 3199 3041 (Collectim
3226 2962 3603 3048 comitantur.)

326 3021 521 3078 Unum
557 3022 876 3080 Dominum
907 3026 1194 3085 habemus
1234 3030 1294 3085 in
1334 3031 1518 3101 caelis,
1549 3033 1641 3088 cui
1674 3036 1919 3093 debetur
2100 3021 2122 3033 ⁸
2143 3021 2358 3032 mw“
2665 3021 3033 3126 GALL,CA;,US_

246 3107 490 3165 devotio
514 3114 726 3165 nostra:
758 3115 1079 3182 servitutis,
1107 3117 1165 3171 in
1194 3119 1364 3190 cujus
1387 3120 1500 3175 ﬁde
1526 3126 1583 3176 et
1607 3122 1916 3181 dilectione

244 3196 677 3265 condecet,nos
709 3206 935 3256 servata
954 3205 1212 3275 corporis
1243 3207 1574 3279 integritate
1606 3213 1902 3267 unanimi-

240 3288 344 3339 ter
363 3301 749 3356 perseverare,
776 3294 839 3344 ut
859 3307 1191 3350 mereamur
1210 3296 1405 3352 aulam
1429 3299 1679 3356 caelestis
1703 3304 1902 3372 patria:

241 3387 392 3428 cum
424 3373 622 3444 palma
650 3376 1007 3449 virginitatis
1037 3382 1299 3440 introire.

2097 3161 2448 3235 Capitolium
2472 3163 2527 3215 et
2549 3158 2766 3231 templa
2788 3156 3044 3229 primum
3068 3158 3237 3214 nobis
3260 3159 3553 3230 intranda,
3570 3178 3675 3218 nu-

1933 3256 1975 3323 C
2018 3253 2295 3322 minaque
2326 3251 2566 3305 deorum
2599 3245 2885 3319 placanda
2915 3250 3055 3301 sunt
3084 3245 3198 3302 ritu
3219 3249 3665 3320 sacrificiorum,

2018 3359 2133 3414 quo
2162 3343 2578 3412 prosperantur
2606 3335 2794 3392 exitus
2825 3351 3055 3407 pugnae.

2712 3449 2951 3488 TRIBUNI
2962 3474 2973 3486 .

945 3496 1217 3583 ARTBB‘HA.
1599 3575 1608 3583 .
2085 3528 2354 3583 Necesse.

323 3558 388 3613 In
421 3559 580 3616 nullo
614 3561 995 3635 reluctamur,
1023 3570 1123 3624 sed
1154 3576 1330 3627 testes
1362 3575 1421 3628 in
1454 3575 1728 3633 omnibus
1759 3596 1902 3649 prm-
2087 3558 2354 3583 numam“
2702 3626 2969 3665 JOANNES.

236 3647 437 3719 captis
466 3665 667 3720 parere
699 3652 969 3722 nitimur,
1002 3658 1049 3712 θ
1082 3660 1369 3732 praecipue
1402 3663 1460 3716 in
1491 3663 1783 3735 agnitione
1808 3684 1901 3721 ve-
2080 3701 2508 3758 Subtrahamus
2541 3716 2647 3754 nos
2678 3647 2933 3751 ίῃῖρπίω.

236 3733 441 3758 ..Δι-ιε,.
478 3741 526 3758 ,ι
564 3755 716 3758 --μ-μΑ
789 3741 803 3758 1
1109 3747 1138 3758 ι.
1254 3747 1265 3758 ι
1346 3750 1356 3758 .
1411 3750 1441 3758 ._
1497 3751 1530 3758 .-

283 3733 293 3743 ο
396 3735 406 3745 α
1535 3733 1553 3735 -
2081 3733 2508 3758 Duuuauuiuuo
2542 3733 2647 3754 ιιυῠ
2679 3733 2933 3751 ιιιιυιιιιιο

232 3737 441 3791 ritatls
473 3741 532 3793 et
561 3741 855 3797 servandae
885 3747 1183 3816 proposito
1213 3747 1586 3821 virginitatis.
2715 3810 2956 3848 “oms.

889 3857 1255 3900 CONSTANTIA.
2080 3890 2272 3944 Decet.

313 3921 584 3996 Congrua
628 3927 771 3983 satis
823 3933 1147 4001 responsio,
1178 3938 1485 4008 vestraque
1537 3937 1896 4009 ingenuitate
2080 3921 2272 3944 unum.
2624 3972 2852 4027 SCENA
2888 3970 3037 4026 v11].

221 4012 549 4085 condigna,
567 4031 671 4069 nec
690 4016 891 4073 dubito
910 4019 1050 4091 quin
1070 4021 1275 4077 divinae
1294 4023 1677 4097 inspiratione
1695 4029 1892 4099 gratiae
2625 4012 2961 4115 ῌῚᾸΧΝΝΕΞ,

221 4101 311 4157 ad
344 4101 700 4158 credendum
731 4106 873 4162 estis
904 4115 1192 4178 perventzs
1226 4111 1348 4185 [al.,
1383 4116 1788 4190 perventurae].
2073 4159 2176 4224 En,
2211 4157 2328 4211 dux
2349 4151 2670 4227 egreditur;
2697 4149 3084 4205 ascendamus
3106 4165 3307 4221 equos,
3334 4150 3673 4207 offeramus.

399 4286 410 4297 .
624 4292 633 4303 .
678 4290 707 4303 η
786 4292 795 4301 .
881 4298 888 4303 ,
933 4223 1203 4303 "RTPEMIA'
1280 4299 1329 4303 __
1376 4300 1407 4303 ,ν
2001 4264 2107 4303 nos
2139 4246 2389 4301 obviam.
2910 4252 2927 4265 '

305 4287 415 4352 Qui
445 4292 643 4359 posset
675 4290 797 4345 fieri
832 4298 897 4347 ut
929 4296 1244 4354 servientes
1276 4299 1447 4356 idolis
1480 4318 1689 4358 sanum
1723 4321 1887 4375 sape-
2003 4287 2107 4303 HW
2140 4287 2389 4301 "mm".
2701 4346 2945 4385 pAULus.

220 4390 457 4444 remus,
494 4374 619 4432 sine
644 4377 1033 4439 illustrations
1067 4402 1334 4457 superna:
1362 4388 1640 4459 pietatis?
1802 4374 1807 4375 ί
2069 4412 2147 4465 Ac
2179 4407 2313 4461 cito.

877 4495 1248 4538 CONSTANTIA.

2637 4505 3006 4546 GALLICANUS.

300 4560 604 4618 Stabilitas
633 4569 837 4621 vestra:
873 4568 1005 4624 ﬁdei
1040 4587 1203 4642 spem
1235 4572 1379 4628 mihi
1416 4575 1625 4631 excitat
1656 4578 1725 4633 de
1759 4595 1883 4635 cre—
1926 4628 1966 4643 η
2068 4586 2230 4643 Unde
2260 4581 2508 4639 venitis!
2542 4580 2652 4637 Ubi
2682 4578 2878 4635 fuistis
2901 4579 2928 4633 ?

217 4647 475 4705 dulitate
505 4650 812 4709 Gallicani.
1924 4628 1970 4691 D
2680 4694 2952 4734 JOANNES.

916 4765 1187 4806 ΑΒΤΕΜῙΑ·
2065 4773 2389 4831 Stravimus
2421 4768 2769 4835 sarcinulas,
2804 4766 3219 4841 praamisimus,
3247 4779 3361 4836 quo
3394 4762 3646 4837 expediti

294 4828 701 4886 Admoneatur
731 4837 992 4904 tantum;
1026 4838 1184 4894 haud
1209 4841 1454 4898 dubium
1488 4845 1629 4915 quin
1663 4848 1880 4903 credat.
1993 4828 2304 4920 tulvlﬁijiter
2335 4857 2630 4932 possimus
2661 4828 2949 4911 comi-tari.

875 4949 1242 4992 CONSTANTIA.
2134 4940 2147 4953 ’
2633 4969 3002 5008 GALLICANUS.

297 5014 674 5071 Advocentur
702 5018 958 5077 Joannes
990 5028 1047 5079 et
1078 5024 1316 5082 Paulus.
2066 5050 2276 5106 placet.

881 5118 1108 5185 SCENA
1143 5131 1238 5187 VI.
2598 5130 2879 5187 SCENA
2932 5130 3034 5186 IX.

927 5235 1196 5276 JOANNES.
2633 5253 3001 5293 GALLICANUS.

307 5298 524 5353 Praesto
560 5315 789 5371 sumus,
823 5304 982 5374 hera,
1019 5324 1168 5379 quos
1198 5312 1435 5367 vocasti.
1772 5340 1779 5343 -

2082 5337 2110 5391 )
2139 5330 2380 5395 tribuni,
2417 5327 2559 5399 proh
2613 5325 2875 5397 Jupiter!
2928 5324 3144 5397 aspicio
3192 5323 3640 5380 innumerabilis

881 5421 1246 5464 CONSTANTIA.

2082 5424 2281 5479 arcitus
2318 5418 2597 5489 legiones,
2645 5415 2822 5471 variis
2882 5431 3183 5469 armorum
3231 5410 3642 5469 instrumentis

309 5482 394 5573 Ite
426 5483 524 5540 citi
553 5488 627 5543 ad
662 5490 1051 5562 Gallicanum,
1083 5503 1138 5553 et
1183 5498 1530 5556 inhaerentes
1562 5503 1688 5573 ejus
1722 5504 1883 5564 lateri
1996 5509 2325 5569 horribiles.

236 5572 480 5629 suadete
528 5575 613 5631 illi
664 5580 945 5650 paulatim
995 5588 1340 5658 mysterium
1393 5572 1605 5644 nostris
1655 5593 1807 5664 ﬁdei,
1838 5601 1884 5652 si
2687 5611 2947 5649 TRIBUNI-

235 5660 437 5717 forsan
467 5661 820 5740 illum_Deus
853 5673 1126 5746 dignetur
1156 5694 1256 5748 per
1288 5694 1391 5732 nos
1419 5676 1654 5735 lucrari.
1797 5660 1803 5664 ν
2069 5690 2270 5748 Hercle
2298 5687 2498 5741 hostes
2524 5683 2535 5735 ἰ
