4052 6180
434 334 552 414 ess
1233 331 1764 413 Hao'rsUITH/E
1807 329 2182 395 MONIALIS
2207 327 3041 410 .GANDERSHEIMENSIS.
3304 283 3323 409 γ’
3692 331 3787 403 ρει

1078 481 1445 524 GALLICANUS.

427 607 437 620 .
510 558 879 622 Resistamus
910 558 1135 629 fortiter
1162 560 1217 612 et
1247 552 1699 629 congrediamur
1723 552 1986 610 viriliter.

1128 660 1389 700 TRIBUNI.

510 740 569 796 Si
602 740 690 794 est
721 734 884 791 utilis
915 734 1100 791 nostri
1132 733 1465 806 congressio
1497 749 1630 789 cum
1661 732 1840 790 tantis
1861 733 1888 787 ?

1073 840 1234 879 GALLI
1241 839 1445 879 CANUS.

507 920 580 979 Et
613 916 757 990 quid
790 913 1066 977 mavultis
1086 912 1114 968 ?

1132 1019 1392 1058 TRIBUNI.

511 1097 871 1158 Submittere
904 1094 1006 1150 ιθ
1037 1091 1203 1149 colla.

1084 1196 1432 1242 GALLICANUS
1443 1221 1453 1233 .

514 1277 673 1336 Nolit
700 1275 811 1332 hoc
838 1272 1040 1347 Apollo
1066 1272 1078 1325 l

1136 1376 1401 1416 TRIBUNI.

512 1454 751 1537 Edepol
787 1451 1143 1510 faciendum.
1170 1450 1277 1517 En,
1311 1448 1742 1520 undiquesecus
1773 1449 2099 1504 circumda.

442 1544 605 1619 mur,
630 1544 1030 1610 vulneramur,
1064 1537 1409 1613 periminur.

1087 1643 1435 1684 GALLICANUS
1444 1669 1457 1681 .

512 1728 599 1786 Eh
629 1727 746 1797 heu
772 1722 785 1780 l
822 1720 961 1799 quid
994 1718 1124 1789 erit,
1157 1734 1291 1774 eum
1322 1715 1543 1773 tribuni
1574 1732 1668 1773 me
1698 1721 2003 1789 spernunt,
2038 1733 2100 1775 se

444 1817 689 1877 tradunt
706 1813 735 1869 ?

1136 1912 1278 1953 JOAN
1284 1912 1387 1953 NES
1397 1938 1407 1951 .

520 1997 634 2053 Fac
674 1993 874 2049 votum
932 1989 1047 2046 Deo
1106 1984 1234 2042 cmli
1292 1988 1350 2040 te
1407 1982 1806 2041 Christianum
1865 1984 2009 2054 fieri,
2043 1986 2100 2040 et

446 2085 668 2143 vinces.

1086 2178 1456 2233 GALLIGANUS.

519 2263 729 2330 Voveo,
765 2262 823 2316 et
854 2270 1026 2330 opere
1057 2253 1333 2327 implebo.

1162 2358 1371 2400 HOSTES
1380 2386 1392 2399 .

492 2420 718 2505 'Heusl
761 2451 861 2502 rex
906 2434 1157 2500 Bradan,
1210 2432 1509 2504 speranda:
1561 2432 1795 2487 fortuna
1846 2429 2098 2485 victoriae
2208 2455 2267 2511 in

450 2530 648 2588 illudit
677 2542 807 2596 nos,
828 2524 936 2592 En,
964 2523 1171 2579 destre;
1191 2521 1600 2594 languescunt,
1619 2519 1771 2575 vires
1792 2519 2097 2587 fatiscunt;

448 2606 552 2680 sed
584 2621 642 2682 et
670 2604 1348 2691 inconstantia‘peetoris
1380 2610 1535 2682 cogit
1565 2626 1671 2666 nos
1701 2608 1997 2666 discedere
2028 2608 2099 2691 ab

451 2696 652 2768 armis.
2072 2686 2077 2691 '

1154 2804 1384 2847 BRADAN
1394 2832 1406 2846 .

520 2886 671 2961 Quid
701 2885 895 2963 dicam
926 2883 1160 2954 ignoro;
1194 2879 1323 2951 ipsa
1362 2876 1540 2951 quam
1570 2877 1833 2935 toleratis
1863 2893 1957 2933 me
1999 2894 2097 2932 ur-

449 2982 546 3053 get
568 2965 793 3050 passio.
823 2974 1027 3030 Restat
1054 2974 1121 3026 ut
1149 2987 1256 3025 nos
1287 2967 1422 3024 duci
1450 2965 1782 3024 tradamus.”

1163 3074 1390 3135 nos'rss.

454 3161 473 3176 ’
522 3155 682 3226 Alias
713 3168 829 3209 non
860 3150 1192 3206 evademus.

1155 3251 1381 3291 BBADAN
1390 3276 1401 3288 .

522 3334 655 3391 Dux
679 3330 972 3395 Galicane,
997 3325 1114 3383 noli
1137 3326 1197 3381 in
1220 3323 1403 3380 nostri
1425 3322 1739 3396 perniciem
1765 3321 1980 3389 saevire,
1997 3321 2096 3378 sed

457 3437 629 3497 parce
659 3424 717 3477 et
746 3423 911 3476 utere
939 3420 1006 3472 ut
1032 3414 1174 3471 libet
1203 3416 1404 3469 nostra
1433 3411 1727 3466 servitute.

1095 3516 1460 3559 GALLICANUS.

522 3600 605 3657 Ne
635 3594 959 3672 trepidetis.
983 3610 1055 3651 ne
1075 3590 1428 3649 formidatis!
1473 3590 1576 3646 sed
1603 3587 1754 3645 datis
1793 3588 2098 3645 obsidibus

450 3688 622 3748 facite
639 3704 742 3745 vos
763 3682 1106 3742 tributarios
1135 3679 1506 3755 imperatoris
1525 3683 1584 3736 et
1604 3677 1776 3735 vivite
1797 3679 1966 3735 beate
1987 3678 2095 3734 sub

448 3779 715 3838 Romana
744 3790 904 3849 pace.

1151 3875 1400 3916 BRADAN.

517 3959 644 4014 Tuo
662 3953 900 4015 arbitrio
918 3951 1133 4026 pendet
1145 3952 1291 4022 quot
1304 3945 1624 4020 qualesque
1642 3944 1903 4018 accipere
1919 3961 2096 4017 quan-

446 4050 693 4118 tumque
723 4043 953 4117 pondus
986 4037 1247 4097 solvendi
1293 4053 1505 4094 census
1537 4034 1706 4091 nobis
1735 4033 1878 4091 velis
1909 4034 2096 4106 impo-

447 4149 584 4192 nere
592 4175 605 4189 .

1085 4231 1457 4285 GALLICANUS.

520 4310 733 4371 Solvite
763 4307 1151 4384 procinctum,
1185 4306 1299 4362 mei
1347 4304 1593 4372 milites;
1629 4319 1799 4360 nemo
1829 4302 2092 4369 laedatur,

449 4418 619 4459 nemo
678 4396 1037 4474 perimatur;
1093 4393 1520 4468 amplectamur
1575 4393 1905 4458 foaderatos,
1949 4408 2095 4462 quos

448 4499 712 4574 publicos
741 4496 1181 4555 insectabamur
1197 4480 1502 4560 inimicos.

1134 4598 1407 4640 JOANNES.

517 4680 747 4757 Quanto
768 4674 959 4748 magis
982 4672 1137 4729 valet
1154 4670 1381 4728 intenta
1399 4668 1675 4742 precatio,
1692 4667 2097 4755 quamihuma-

444 4784 521 4825 na
549 4754 929 4840 praesumptio
955 4761 969 4817 l

1085 4862 1433 4906 GALLICANUS
1442 4887 1454 4900 .

511 4943 752 5002 Verum.

1148 5043 1392 5083 PAULUB.

515 5128 703 5192 Quam
731 5119 937 5178 efﬁcax
966 5117 1060 5175 his
1081 5108 1271 5173 aderit
1308 5132 1563 5188 superna
1603 5113 1920 5183 miseratio,
1945 5131 2092 5187 quos

444 5214 562 5271 Deo
592 5209 968 5271 commndat
998 5204 1243 5264 humilis
1272 5204 1501 5263 devotio
1527 5204 1539 5259 !

514 5300 519 5303 “
1083 5310 1452 5352 sumamus.

514 5388 916 5463 Perspicuum.

1128 5489 1377 5530 JOANNES
1386 5514 1398 5527 .

513 5570 624 5626 Sed
664 5567 817 5639 quod
865 5568 1103 5621 vovetur
1146 5562 1206 5619 in
1250 5559 1704 5635 perturbatione,
1742 5559 2085 5616 solvendum

443 5661 533 5712 est
563 5657 625 5712 in
651 5653 1093 5725 tranquillitate.

2124 1841 2175 1919 Β

2833 477 3198 537 sumemus.

2259 552 2557 621 Assentio;
2607 554 2762 609 unde
2810 553 3159 627 quantocius
3202 552 3485 626 baptizari
3526 555 3710 629 gestio,
3736 574 3786 613 ac

2192 641 2486 714 reliquum
2518 643 2646 699 vitae
2676 642 2736 698 in
2770 642 2868 700 Dei
2900 642 3179 715 obsequio
3203 658 3423 701 vacare.

2895 756 3138 798 PAULUS.

2265 830 2296 886 J
2303 833 2522 886 ustum.

2818 920 3102 977 SCENA
3157 920 3222 977 X.

2834 1023 2903 1063 (ΞΑ
2910 1023 3107 1063 LLICAN
3111 1024 3181 1065 US
3190 1050 3203 1062 .

2268 1097 2430 1163 Ecce,
2456 1097 2514 1150 in
2540 1094 2780 1151 introitu
2804 1099 3006 1152 nostro
3029 1100 3319 1167 proruunt
3341 1096 3587 1154 Romani
3610 1099 3795 1156 urbico-

2197 1185 2285 1254 lm,
2320 1184 2576 1256 insignia
2604 1184 2845 1241 laudum
2878 1185 3127 1243 ferentes
3159 1203 3227 1242 ex
3257 1202 3437 1245 more.

2886 1299 3156 1340 JOANNES.

2273 1374 2645 1444 Consequens
2672 1374 2778 1429 est.

2843 1477 3206 1519 GALLICANUS.

2276 1554 2388 1610 Sed
2421 1568 2524 1608 nec
2570 1555 2805 1619 nostrae,
2837 1568 2944 1608 nec
2975 1553 3216 1609 deorum
3265 1553 3587 1612 fortitudini
3633 1556 3802 1615 titulus

2206 1643 2452 1700 debetur
2478 1641 2787 1715 triumphi.

2910 1732 3153 1789 pwws.

2280 1820 2451 1879 Nullo
2484 1820 2678 1887 modo,
2712 1820 2816 1877 sed
2844 1836 2977 1877 vero
3007 1820 3144 1877 Deo.

2848 1917 3220 1975 minuemus.

2278 2009 2443 2065 Unde
2476 2008 2696 2081 templa
2728 2007 2981 2078 arbitror
3007 2008 3390 2065 transeunda.

2901 2113 3171 2154 JOANNES.

2280 2189 2455 2245 Recte
2486 2186 2810 2244 arbitraris.

2851 2291 3223 2333 GALLICANUS.

2280 2367 2352 2423 Et
2380 2365 2587 2423 limina
2619 2364 3013 2440 apostolorum
3057 2364 3309 2437 supplici
3341 2364 3689 2451 confessione
3710 2382 3805 2421 esse

2274 2457 2501 2512 tranda.

2912 2559 3023 2603 PAU
3030 2560 3134 2601 LUS
3144 2585 3156 2599 .

2208 2702 2211 2705 ι
2279 2635 2323 2691 0
2352 2639 2410 2690 te
2441 2634 2542 2691 tali
2574 2632 2847 2706 opinione
2892 2632 3116 2690 felicem
3145 2633 3158 2689 ι
3211 2633 3381 2690 Nunc
3414 2633 3635 2691 testaris
3661 2637 3803 2690 teve-

2209 2741 2340 2784 rum
2371 2721 2800 2783 Christicolam.

2855 2819 3083 2877 SGENA
3120 2819 3214 2875 XI.

2809 2924 3255 2971 CONSTANTINUS.

2276 3001 2563 3069 Admiror,
2598 3018 2629 3055 o
2661 2998 2901 3067 milites,
2924 3015 3030 3057 cur
3050 2997 3392 3057 Gallicanus
3414 2998 3608 3056 tandiu
3624 3014 3677 3054 se
3692 2995 3796 3054 sub-

2205 3091 2399 3149 trahat
2427 3089 2644 3147 nostris
2676 3087 3062 3160 eospectibus.

2912 3201 3136 3243 MILITES
3144 3227 3157 3241 .

2280 3278 2355 3334 Ut
2409 3277 2615 3355 urbem
2673 3274 2913 3331 intravit
2965 3290 3235 3347 gressum
3264 3276 3336 3332 ad
3373 3277 3601 3332 domum
3653 3269 3802 3328 moti

2210 3367 2360 3423 Petri
2392 3366 2617 3423 coneite
2637 3363 2904 3432 tetendit,
2928 3367 3380 3437 terratenusque
3402 3365 3697 3438 prostratus
3714 3375 3791 3433 pro

2209 3460 2441 3529 recepta
2468 3454 2712 3510 victoria
2741 3457 2936 3526 grater
2967 3453 3256 3525 impendit
3281 3454 3622 3511 Altithrono.
3648 3452 3726 3508 ιι

2811 3568 3259 3609 CONSTANTINUS.

2279 3642 2614 3701 Gallicanus
2639 3647 2661 3699 ξ’

2911 3746 2978 3786 Ml
2985 3746 3136 3787 ιιι-εδ
3144 3771 3155 3783 .

2280 3824 2429 3895 Ipse.

2813 3925 3237 3966 CONSTANTINUS
3245 3952 3257 3965 .

2278 3999 2643 4058 Incredibile.

2911 4104 3137 4144 MILITES
3145 4128 3158 4142 .

2277 4183 2380 4250 En,
2407 4180 2663 4247 accedit;
2696 4178 2894 4252 ipsum
2925 4181 3090 4251 potes
3121 4176 3427 4236 sciscitari.

2812 4293 3039 4351 SCENA
3089 4294 3208 4351 XII.

2803 4399 3231 4439 CONSTANTINUS
3242 4426 3253 4437 .

2275 4484 2386 4541 Diu
2418 4489 2494 4552 te,
2521 4480 2832 4549 Gallieane,
2858 4480 3133 4555 sustinui,
3157 4485 3222 4537 ut
3249 4482 3489 4555 modum
3510 4478 3785 4543 exitumque

2126 4588 2187 4656 Β,
2204 4574 2494 4647 experirer
2524 4571 2724 4644 praelii.

2843 4674 3190 4715 GALLICANUS
3199 4701 3211 4713 .

2272 4753 2473 4810 Dicam
2505 4748 2801 4823 digestim.

2802 4853 3249 4893 CONSTANTINUS.

2273 4932 2391 4987 Hoc
2447 4927 2681 4985 interim
2740 4926 2909 5000 parvi
2948 4927 3159 4999 pende,
3192 4944 3307 5000 quo
3357 4927 3624 4985 edisseras
3660 4910 3776 4988 quod

2202 5020 2390 5093 magis
2421 5022 2646 5091 exopto.

2838 5121 3210 5164 GALLIGANIJS.

2276 5198 2423 5266 Quid
2455 5200 2543 5254 est
2561 5197 2589 5251 7

2799 5299 3192 5341 CONDTANTINU
3199 5299 3228 5340 S
3237 5325 3249 5338 .

2271 5376 2385 5432 Cur
2414 5375 2605 5430 iturus
2651 5375 2901 5439 deorum,
2923 5372 3142 5444 templa
3170 5375 3233 5429 et
3257 5373 3534 5429 revertens
3577 5362 3774 5419 intrares

2199 5463 2597 5539 apostolorum
2629 5466 2801 5519 tecta.

2838 5567 3109 5608 GALLICAN
3116 5567 3187 5607 US
3196 5592 3207 5605 .

2265 5645 2456 5715 Rogas
2474 5643 2501 5697 ?
