4044 6176
155 297 266 358 989
1158 292 1566 357 COMOEDle
1611 292 1784 354 SEX.
1818 325 1896 336 —
1926 291 1972 353 Ι.
2021 291 2532 353 GALLICANUS.
3427 296 3544 358 990
3611 325 3613 330 ι

1326 534 1696 624 ACTUS
1756 532 2363 622 SECUNDUS

1438 738 2218 804 INTERLOCUTORES
2248 756 2268 797 :

485 931 832 988 JULIANUS
862 949 1207 999 IMPERATOR,
1240 947 1546 998 CONSULBS,
1579 943 1823 995 MILITES,
1855 926 2397 995 TERENTIANUS,
2433 928 2772 996 JOANNES,
2807 946 3208 989 cumsrmomz.

820 1236 1045 1293 SCENA
1076 1236 1115 1290 Ι.
1821 1229 1877 1298 Α
2610 1251 2855 1292 MILITES.

817 1341 1115 1380 JULIANUS.
1973 1323 2082 1377 Sed
2115 1323 2372 1379 Joannes
2409 1326 2465 1379 et
2495 1322 2710 1380 Paulus
2742 1328 2797 1380 te
2829 1325 3159 1382 fastidiunt.

223 1419 318 1472 14
353 1416 793 1471 Incommodum
825 1413 966 1469 satis
997 1417 1193 1469 nostro
1225 1414 1504 1484 probatur
1533 1430 1661 1469 esse
1681 1414 1790 1468 im-
2575 1429 2875 1470 JULIANUS.

152 1504 326 1577 perio,
361 1503 516 1576 quod
549 1501 855 1557 christiani
904 1501 1084 1557 libero
1141 1504 1390 1556 utuntur
1438 1500 1700 1569 arbitrio,
1735 1503 1792 1556 et
1974 1500 2121 1568 Quid
2155 1503 2382 1575 agunt?

142 1594 364 1664 jactant
406 1609 468 1647 se
511 1592 668 1663 leges
726 1591 933 1646 debere
997 1590 1184 1661 sequi,
1229 1605 1374 1662 quas
1430 1589 1793 1662 accipiebant
2607 1609 2856 1652 muns.

152 1683 509 1755 temporibus
539 1679 921 1738 Constantini.
1977 1679 2180 1736 Libere
2211 1684 2517 1753 vagantur,
2552 1681 2862 1738 thesauros
2893 1683 3246 1742 Constantia)
3293 1693 3549 1762 erogant.

820 1783 1127 1824 CONSULES.
2577 1787 2878 1828 JULIANUS.

219 1863 422 1932 Turpe,
457 1859 505 1916 si
539 1857 777 1931 pateris.
1973 1857 2358 1914 Advoeentur.

821 1963 1098 2003 JULIANUS
1109 1989 1120 2001 .
2610 1965 2853 2008 MILITES.

221 2035 344 2094 Non
375 2036 580 2109 patiar.
1973 2035 2224 2092 Adsunt.

819 2141 1129 2182 consumas.
2566 2125 2793 2181 SCENA
2830 2126 2898 2180 V.

220 2215 408 2271 Decet.
2579 2231 2879 2272 JULIANUS.

817 2319 1117 2358 JULIANUS.
1977 2303 2102 2359 Non
2157 2304 2352 2358 nescio
2408 2320 2530 2370 vos,
2564 2303 2820 2360 Joannes
2868 2310 2927 2361 et
2959 2306 3152 2374 Paule,
3186 2325 3219 2362 a
3250 2308 3558 2365 cunabulis

223 2392 266 2448 Ο
297 2393 538 2460 milites,
589 2391 983 2465 accingimini,
1045 2398 1102 2447 et
1160 2393 1376 2446 nudate
1433 2390 1798 2446 Christicolas
1905 2395 2302 2464 Augustorum
2336 2392 2699 2464 mancipatos
2731 2393 2911 2450 fuisse
2942 2394 3243 2468 obsequio.

151 2480 620 2553 possessionibus
643 2481 1246 2554 propriis,objiciendo
1269 2480 1619 2536 sententiam
1642 2479 1800 2536 Chri-
2590 2498 2863 2540 JOANNES.

151 2570 224 2626 sti
259 2569 504 2625 dicentis
536 2586 549 2624 :
583 2570 691 2635 Qui
744 2587 859 2625 non
916 2569 1332 2626 renuntiaverit
1361 2569 1638 2626 omnibus
1670 2585 1796 2640 quae
1827 2604 1875 2670 B
1979 2570 2240 2626 Fuimus.

152 2657 426 2731 possidet,
461 2658 528 2714 N.
563 2659 624 2713 P.
658 2660 721 2714 T.
761 2659 837 2715 M.
872 2658 939 2713 V.
973 2660 1036 2714 E.
1071 2660 1126 2715 S.
1165 2659 1224 2714 P.
1260 2659 1328 2715 T.
1827 2657 1873 2670 ”
2582 2675 2880 2718 JULIANUS.
3171 2718 3173 2720 ,

852 2764 1096 2804 mures.
1978 2747 2142 2803 Unde
2175 2747 2337 2803 decet
2365 2751 2431 2802 ut
2460 2764 2588 2803 meo
2627 2747 2977 2804 inhzerentes
3007 2748 3172 2805 lateri
3203 2753 3466 2808 serviatis
3500 2752 3560 2808 in

226 2836 287 2892 In
320 2834 487 2891 nobis
513 2851 628 2891 non
660 2834 768 2891 erit
789 2853 970 2892 mora.
1909 2837 2144 2910 palatio,
2179 2836 2238 2891 in
2264 2853 2376 2909 quo
2409 2836 2616 2891 nutriti
2646 2836 2789 2891 estis
2819 2855 2852 2892 a
2884 2853 3082 2910 puero.

806 2943 1033 2999 SCENA
1074 2945 1144 3000 Il.

2613 2939 2855 2980 PAULUS.

824 3049 1129 3089 consumas.
1981 3014 2146 3070 Haud
2178 3013 2516 3069 serviemus.

228 3121 330 3187 En,
361 3119 574 3176 milites
609 3124 994 3177 revertuntur.

2584 3118 2883 3158 JULIANUS.

823 3227 1125 3266 JULIANUS.
1981 3193 2186 3261 Mihin,
2221 3210 2336 3249 non
2368 3190 2628 3249 servietis
2648 3191 2676 3246 ?

225 3297 606 3354 Secundusne
636 3301 725 3354 est
752 3302 942 3354 vester
970 3299 1239 3354 reditus?
2599 3299 2869 3337 JOANNES-

855 3404 1100 3443 mures.
1980 3373 2267 3429 Diximus.

226 3457 552 3514 Secundus.
583 3523 587 3528 ,
1842 3520 1851 3529 ,
2585 3477 2886 3517 JULIANUS.

826 3564 1124 3604 JULIANUS.
1982 3553 2134 3607 Num
2167 3568 2283 3606 non
2313 3551 2582 3606 videmur
2605 3551 2908 3622 Augustus
2927 3550 2953 3604 ‘?

222 3639 295 3694 Et
323 3654 428 3694 cur
456 3641 578 3693 tam
609 3637 762 3693 citus
781 3638 809 3692 ?
2616 3654 2860 3692 munus.

855 3743 1097 3782 MILITES.
1985 3729 2096 3786 Sed
2129 3726 2433 3784 dissimilis
2465 3725 2780 3798 prioribus.

224 3815 500 3871 Dicemus
532 3832 545 3870 :
579 3815 849 3884 Castella,
879 3832 1006 3886 quae
1035 3815 1366 3870 Gallicanus
1397 3815 1507 3871 sibi
1540 3815 1804 3886 retinuit,
2584 3831 2886 3871 JULIANUS.

149 3904 520 3960 decrevimus
552 3904 824 3973 intrasse,
859 3908 1091 3975 tumque
1141 3902 1404 3960 servituti
1435 3921 1752 3975 usurpasse
1785 3921 1799 3973 ;
1842 3971 1876 3978 _
1986 3909 2049 3962 In
2083 3906 2240 3978 quo?

148 3993 334 4061 sed,si
367 3993 500 4065 quis
529 4009 598 4049 ex
627 3993 845 4049 nostris
874 3994 1080 4066 pedem
1112 3993 1389 4063 admovit,
1405 3992 1670 4065 leprosus
1700 4009 1803 4050 seu
1833 3971 1877 4040 α
2604 4009 2873 4049 JOANNES.

146 4099 586 4155 energumenus
613 4087 703 4139 est
733 4083 943 4139 factus.
1989 4083 2286 4156 Religione
2315 4087 2373 4140 et
2401 4082 2629 4139 merito.

828 4188 1130 4229 JULIANUS.
2589 4187 2888 4228 JULIANUS.

223 4259 625 4330 Revertimini,
660 4261 971 4334 ipsumque
1030 4259 1358 4334 compellite
1413 4260 1501 4316 vel
1556 4261 1807 4333 patriam
1987 4262 2208 4320 Vellem
2241 4261 2472 4334 plenius
2503 4261 2726 4317 audire.

149 4348 447 4416 deserere,
479 4347 567 4404 vel
598 4347 772 4406 idolis
803 4349 1152 4406 sacrificare.
2621 4366 2864 4406 murus.

795 4438 1023 4494 SCENA
1070 4438 1166 4494 III.
1987 4442 2275 4498 Volumus
2334 4439 2566 4495 dicere:
2603 4438 3020 4495 Gloriosissimi
3079 4443 3138 4495 et
3188 4439 3568 4496 famosissimi

796 4543 1165 4583 sumemus.
1919 4531 2304 4602 imperatores
2325 4527 2770 4595 Constantinus,
2784 4529 3071 4585 Constans
3091 4533 3148 4584 et
3169 4527 3566 4599 Constantius,

222 4616 310 4671 Ne
341 4613 690 4686 fatigemini,
719 4633 752 4672 ο
793 4613 1034 4683 milites,
1058 4616 1287 4673 inutilia
1319 4618 1638 4686 suadendo,
1671 4618 1810 4690 quia
1919 4635 2170 4693 quorum
2187 4617 3067 4690 famulabamusimperio,fuere
3081 4617 3570 4675 viriChristianis-

146 4705 208 4760 in
243 4701 638 4759 aestimatione
697 4707 922 4760 aeternae
967 4705 1096 4760 vita)
1145 4705 1309 4762 ﬂocci
1341 4706 1487 4762 facio
1519 4707 1806 4780 quidquid
1920 4709 2076 4777 simi,
2110 4712 2167 4764 et
2195 4706 2599 4781 gloriabantur
2628 4723 2690 4762 se
2720 4723 2916 4762 servos
2945 4721 3072 4762 esse
3103 4705 3334 4762 Christi.

144 4793 409 4848 habetur
430 4792 541 4846 sub
563 4791 880 4848 sole.Unde
908 4794 1158 4864 patriam
1191 4796 1393 4852 desero
1425 4799 1482 4851 et
1511 4795 1674 4852 exsul
1705 4814 1808 4869 pro
2592 4811 2892 4851 munus.

143 4881 388 4938 Christo
427 4879 835 4937 Alexandriam
869 4886 1021 4954 peto,
1055 4887 1264 4956 optans
1295 4883 1512 4941 ibidem
1543 4886 1808 4942 coronari
1991 4886 2253 4957 Memini,
2287 4885 2389 4941 sed
2422 4901 2539 4940 non
2569 4888 2704 4955 opto
2734 4899 2833 4939 eos
2864 4883 2921 4938 in
2955 4883 3064 4939 hoc
3094 4883 3280 4954 sequi.

143 4969 458 5043 martyrio.
2627 4988 2872 5028 PAULUS.

798 5061 1024 5118 SCENA
1073 5060 1166 5115 1V.
1990 5065 2286 5122 Deteriora
2313 5061 2584 5118 imitaris.
2620 5061 2727 5126 Qui
2776 5059 3051 5116 ecclesias
3099 5061 3566 5133 frequentabant,

860 5168 1104 5208 MILITES-
1573 5177 1626 5218 ο
1919 5160 1976 5211 et
1993 5170 2237 5211 excusso
2269 5152 2598 5207 diademate
2619 5153 2660 5206 1
2674 5149 2718 5207 5
2737 5149 3012 5222 prostrati
3035 5151 3236 5208 Jesum
3269 5152 3567 5209 Christum

220 5236 586 5306 Gallicanus,
620 5244 686 5294 ut
715 5241 970 5312 jussisti,
1003 5240 1190 5312 patria
1239 5238 1516 5313 expulsus
1566 5240 1808 5296 Alexan-
1920 5244 2261 5301 adorabant.

140 5326 350 5383 driam
380 5327 770 5401 petiit,ibique
790 5347 824 5386 a
841 5330 1135 5387 Rauciano
1158 5329 1370 5387 comite
1392 5333 1590 5386 tentus
1619 5329 1812 5404 gladio
1842 5345 1889 5410 D
2594 5345 2893 5386 JULIANUS.

140 5420 239 5473 est
273 5421 632 5489 peremptus.
1989 5423 2072 5478 Ad
2107 5421 2228 5476 haec
2260 5436 2353 5475 me
2383 5435 2498 5474 non
2531 5418 2759 5491 cogitis.

835 5525 1136 5565 JULIANUS.
2607 5525 2877 5564 JOANNES.

223 5595 274 5651 Ο
306 5596 455 5651 bene
487 5598 705 5654 factum
731 5599 743 5653 !
1991 5600 2124 5654 Ideo
2155 5597 2270 5654 illis
2303 5614 2364 5654 es
2395 5596 2721 5653 dissimilis.
