4044 6176
258 386 378 447 993
1318 391 1734 453 COMOEDI/E
1778 392 1948 455 SEX.
1984 428 2060 437 —
2091 395 2165 455 ΙΙ.
2202 396 2611 461 DUUJITUS.
3545 411 3662 483 994

880 539 1292 581 TERENTIANUS.
1934 527 1991 595 Α
2662 530 2891 589 SCENA
2930 533 3018 591 IX.

325 635 444 708 Εεο
473 636 711 710 Ἷυίάϐω
742 639 909 711 parui
936 641 1124 712 jussis
1157 641 1493 715 impiissimi
1533 642 1902 717 imperatoris
2089 706 2148 717 Μ
2223 706 2236 717 _
2316 708 2326 717 _
2367 711 2375 717 Α
2458 712 2467 717 Δ
2575 637 3045 717 -.τῐξῐιβ-ΝΤῙΑΝΟΘ.

250 706 510 781 ,Ιυιίᾷηίξ
742 706 761 729 ⁷
936 706 958 712 ⁷
1242 706 1262 715 ’
1619 706 1639 717 “
2084 706 2329 763 Gloriosi
2362 711 2540 766 testes
2570 708 2808 781 Christi,
2837 712 3095 770 Joannes
3138 719 3197 771 et
3245 715 3420 774 Paule
3466 718 3664 777 imita-

873 836 1284 877 cnmsﬂcom.
2013 793 2157 849 mini
2190 795 2524 868 exemplum
2556 798 2823 871 magistri
2853 802 3059 858 eadem
3083 803 3369 875 jubentis,
3393 811 3453 863 et
3503 812 3665 865 orate

2013 898 2117 954 pro
2146 887 2588 955 persecutoru-m
2614 886 2865 943 delictis.
2882 889 3015 945 Este
3037 891 3456 963 oompatientes
3474 894 3664 950 orbati

2014 970 2196 1042 patris
2214 972 2503 1044 angustiis
2523 978 2581 1030 et
2602 974 2999 1032 miscreamini
3021 979 3293 1038 furientis
3329 983 3449 1038 nati
3488 983 3663 1040 mise-

866 1087 1282 1133 TERENTMNUS,
2012 1058 2257 1131 riis,quo
2270 1061 2442 1116 ambo
2465 1060 2626 1117 tincti
2652 1063 2810 1147 fqnte
2831 1065 3204 1136 baptismatis
3226 1084 3665 1140 perseveremus

2012 1147 2072 1202 in
2105 1148 2216 1204 fide
2247 1154 2459 1206 sanctae
2481 1150 2807 1209 Trinitatis.

325 931 456 987 Ideo
492 949 747 1006 namque
778 935 903 1008 ipse
933 937 1131 992 divina
1171 936 1478 1009 perculsus
1505 941 1594 992 est
1624 936 1865 992 ultione.

321 1172 470 1241 Scio,
502 1189 686 1247 eoque
726 1175 917 1250 magis
950 1193 1222 1248 expaveo,
1254 1192 1370 1248 quo
1402 1174 1632 1230 nullum
1673 1175 1901 1230 hostem

246 1261 347 1317 Dei
379 1278 679 1319 servorum
710 1264 1068 1337 impunitum
1097 1264 1353 1322 evasisse
1386 1264 1727 1321 meminero.

2640 1257 2709 1296 Cll
2719 1258 3039 1299 RISTICOLJ-I.

2082 1328 2276 1396 Parce,
2296 1328 2663 1399 Terentiano,
2688 1333 2730 1386 l
2746 1333 2784 1387 7
2810 1330 3104 1405 lacrymis,
3119 1337 3176 1389 et
3192 1351 3363 1407 parce
3385 1337 3665 1393 anxietati

867 1416 1271 1456 CHRISTICOLEo
2009 1415 2222 1473 cordis.
2246 1417 2353 1486 En,
2387 1416 2547 1474 ﬁlius
2586 1422 2727 1476 tuus
2774 1419 3069 1493 resipiscit
3115 1425 3174 1478 et
3202 1438 3308 1495 per
3337 1428 3664 1498 martyrum

316 1486 507 1543 Recte.
2010 1504 2289 1579 suffragia
2308 1523 2520 1564 sanum
2550 1508 2789 1581 recepit.

861 1618 1175 1660 TBRENTIAN
1181 1618 1251 1659 US
1261 1644 1272 1656 .
2628 1613 3044 1657 TBRBNTIANUS.

2078 1683 2305 1742 Gratias
2321 1685 2493 1760 Regis
2504 1686 2978 1761 mternitatis,qui
2992 1687 3117 1747 suis
3129 1688 3419 1748 militibus
3434 1695 3663 1753 tantum

2006 1774 2278 1845 praestitit
2304 1774 2571 1847 honoris,
2596 1779 2663 1832 ut
2694 1793 2809 1833 non
2842 1770 3035 1834 solum
3068 1779 3278 1835 animm
3310 1781 3573 1853 gaudent
3602 1783 3663 1841 in

2007 1862 2286 1931 cmlo,sed
2317 1864 2496 1921 etiam
2530 1868 2761 1922 mortua
2792 1866 2851 1922 in
2880 1866 3126 1925 tumulis
3156 1884 3293 1927 ossa
3321 1868 3497 1926 variis
3550 1873 3661 1930 ful-

2003 1957 2142 2024 gent
2171 1951 2590 2009 miraculorum
2626 1952 2834 2023 titulis,
2872 1955 2929 2009 in
2963 1955 3365 2013 testimonium
3397 1957 3489 2015 sui
3522 1977 3663 2017 san-

312 2046 556 2102 Veniam
587 2045 927 2114 mereberis,
950 2046 997 2099 si
1032 2050 1227 2100 tamen
1261 2044 1614 2117 baptismate
1647 2042 1892 2098 munda—
2000 2040 2239 2110 ctitatis,
2273 2045 2583 2113 praestante
2620 2043 2861 2098 Domino
2893 2049 3092 2101 nostro
3123 2046 3262 2102 Jesu
3296 2046 3527 2105 Christo
3560 2065 3664 2122 qui

245 2135 421 2191 beris.
2000 2131 2139 2186 vivit
2170 2134 2226 2187 et
2257 2134 2481 2204 regnat.

315 1726 460 1794 Quid
492 1726 543 1783 si
574 1742 805 1783 curram
838 1728 894 1782 et
924 1727 1216 1799 paenitens
1263 1724 1501 1782 sceleris
1545 1724 1728 1781 sacris
1772 1740 1900 1797 pro-

239 1815 436 1872 volvar
465 1814 712 1871 tumulis
731 1816 760 1870 ?

864 1937 1270 1978 CHRISTICOLIB.

1535 2314 3667 2344 ..ιι-Ἥ

1912 2505 2003 2607 ll

1472 2707 2446 2852 DULCITIUS

1073 3071 1934 3189 ARGUMENTUM
1992 3070 2124 3186 IN
2181 3067 2853 3186 DULCITIUM

320 3316 519 3389 Passio
539 3320 879 3389 sanctarum
910 3316 1206 3389 virginum
1226 3317 1474 3389 Agapes,
1494 3313 1751 3389 Chionize
1772 3317 1830 3370 et
1860 3313 2058 3389 Irenaa,
2074 3311 2357 3389 quassub
2385 3317 2672 3389 nocturno
2693 3312 2925 3389 silentio
2956 3313 3246 3389 Dulcitius
3267 3332 3483 3389 praeses
3503 3318 3657 3376 clam

251 3387 677 3472 adiit,eupie-ns
695 3404 899 3472 earum
932 3383 1307 3472 amplexibus
1332 3383 1608 3472 s-aturalj.
1633 3385 1744 3468 Sed
1779 3401 1914 3472 mox
1940 3386 2009 3472 ut
2038 3383 2297 3472 intravit,
2310 3386 2513 3467 mente
2532 3383 2913 3472 “captusnollas
2934 3383 3345 3472 et.sart'ag.irfes
3366 3397 3470 3472 Ι)ξρ
3490 3389 3662 3472 virgi-

249 3459 425 3515 nibus
459 3455 866 3531 afnptectendo
897 3455 1296 3526 osculabatur,
1331 3459 1516 3514 donec
1544 3457 1724 3531 facies
1749 3461 1808 3512 et
1834 3462 2025 3531 vestes
2056 3455 2322 3531 horribili
2346 3455 2650 3531 nigredine
2678 3455 3111 3531 inliciebantur.
3131 3455 3658 3531 Deinde'Sisinn‘io

246 3531 446 3614 comiti
470 3526 653 3614 jussu
678 3531 1116 3614 perpuniendas
1156 3532 1282 3614 (leg:
1298 3527 1740 3614 j._imperatoris
1769 3528 1936 3614 pun.)
1956 3527 2211 3614 virgines
2243 3526 2437 3595 cessit,
2453 3526 2555 3599 qui
2577 3529 2754 3586 etiam
2787 3528 2954 3585 miris
2974 3530 3166 3587 modis
3185 3529 3397 3587 illusus
3420 3532 3657 3589 tandem

245 3598 493 3675 Agapen
515 3606 574 3659 et
596 3598 899 3660 Chioniam
928 3598 1284 3659 concremari
1301 3598 1363 3656 et
1397 3598 1623 3657 lrénam
1647 3598 1832 3670 jussit
1850 3598 2097 3672 perfodi,

1530 3869 2290 3944 INTERLOCUTORES
2335 3892 2353 3936 :

838 4042 1386 4115 DIOCLETIANUS,
1426 4045 1680 4116 AGAPE,
1723 4032 2038 4117 CHIONIA;
2082 4044 2321 4115 IRENA,
2362 4040 2767 4110 DULCITIUS,
2808 4057 3053 4098 MILITES.

910 4194 1137 4254 SCENA
1177 4197 1220 4253 Ι.

2540 4186 2643 4251 18
2674 4206 3103 4250 mocmmnus.
3219 4237 3226 4245 .

859 4311 1289 4352 DIOCLBTIANUS.
2075 4294 2325 4353 Evidens
2352 4307 2769 4366 magnumque.

314 4393 611 4452 Parentele
628 4392 886 4466 claritas,
902 4393 1258 4466 ingenuitas,
1270 4396 1654 4466 vestrumque
1675 4393 1893 4451 sereni-
2730 4406 2927 4448 Αολρε.

236 4488 331 4542 tas
360 4481 814 4557 pulchritudinis
834 4481 1011 4555 exigit
1039 4498 1139 4539 vos
1170 4481 1419 4554 nuptiali
1449 4482 1575 4555 lege
1605 4480 1811 4555 primis
1833 4481 1892 4536 in
2074 4481 2138 4537 In
2172 4481 2330 4553 quo?

236 4572 457 4645 palatio
487 4571 767 4645 copulari,
800 4572 956 4645 quod
990 4570 1174 4627 nostri
1195 4570 1393 4643 jussio
1426 4570 1697 4627 annuerit
1744 4569 1889 4637 fieri,
2613 4580 3045 4632 DIOCLE‘PIANUS.

168 4660 175 4669 ’
237 4660 291 4716 si
320 4660 620 4718 Christum
649 4676 863 4733 negare
892 4660 1228 4731 nostrisque
1260 4658 1373 4716 diis
1400 4658 1689 4716 sacrificia
1704 4656 1893 4715 velitis
2072 4665 2135 4720 In
2171 4665 2279 4722 hoc
2309 4664 2598 4738 pracipue
2611 4662 3004 4737 quod,relicta
3024 4667 3263 4721 vetusta:
3282 4665 3653 4723 observantia

237 4749 411 4805 terre.
2000 4753 2318 4826 religionis,
2334 4753 2607 4811 inutilem
2629 4753 2973 4810 Christianae
2998 4754 3316 4811 novitatem
3334 4750 3651 4827 sequimini

957 4854 1159 4895 AOAPB.
1999 4842 2457 4917 superstitionis.

309 4937 447 4993 Esto
476 4953 720 4995 securus
751 4954 1049 5007 curarum,
1085 4953 1190 4993 nec
1219 4940 1275 4991 te
1306 4940 1506 5009 gravet
1553 4939 1885 4992 nostrarum
2723 4946 2922 4987 ΑοΑρε.

236 5026 581 5100 praeparatio
606 5027 970 5099 nuptiarum,
986 5025 1126 5097 quia
1145 5040 1250 5079 nec
1273 5024 1345 5079 ad
1367 5023 1735 5096 negationem
1758 5040 1890 5078 con-
2067 5032 2308 5087 Temere
2366 5027 2742 5085 calumniaris
2794 5031 3015 5085 statum
3062 5029 3162 5085 Dei
3205 5029 3645 5103 omnipotentis.

234 5114 441 5171 ﬁtendi
472 5115 748 5185 nominis,
783 5131 889 5171 nec
938 5114 1009 5170 ad
1057 5110 1492 5183 corruptionem
1536 5108 1888 5181 integritatis
1998 5118 2346 5176 Periculum.

236 5203 376 5260 ullis
406 5204 583 5261 rebus
611 5203 883 5278 compelli
911 5200 1258 5276 poterimus.
2607 5222 3035 5264 DIOCLBTIANUS.

854 5334 1282 5378 DIOCLETIANUS.
2068 5295 2287 5368 Cujus?

307 5420 456 5488 Quid
488 5420 601 5477 sibi
629 5418 750 5477 vult
782 5418 896 5477 ista
919 5435 1045 5492 qua:
1075 5435 1177 5476 vos
1209 5415 1395 5489 agitat
1425 5413 1711 5470 fatuitas?
2068 5484 2113 5493 __
2164 5483 2174 5493 .
2278 5481 2289 5493 .
2523 5481 2536 5493 ι
2564 5479 2603 5493 η
2716 5398 2917 5440 ΑσΑΡιίο

964 5550 1144 5592 “Aps
1246 5480 1279 5489 ν
2068 5483 2178 5538 Tui
2211 5481 2411 5554 reique
2440 5480 2687 5553 publica:
2718 5496 2895 5551 quam
2926 5480 3242 5554 gubernas,

306 5624 469 5690 011οά
498 5624 737 5699 signum
785 5584 1096 5682 fatuitatis-
1114 5584 1295 5679 nobis
1341 5620 1535 5677 inesse
1564 5617 1884 5691 deprehen-
1914 5584 1963 5651 Β
2605 5611 3034 5653 υιοαῑ-ιπῐΑΝυεο

233 5712 328 5768 dis
349 5712 377 5768 τί
2069 5707 2186 5764 Ista
2214 5704 2458 5763 insanit.
2489 5704 2857 5763 Amoveatur.
