4050 6172
167 301 284 362 997

899 451 1083 488 AGAPE.

243 503 389 570 Quid
421 503 550 558 est?

604 595 606 597 ’
900 588 1079 631 ΙιιΕΝΔ.

239 663 402 730 Ecce,
436 662 544 718 iste
603 663 822 718 stultus
883 669 1074 721 mente
1123 665 1410 721 alienatus
1465 664 1716 720 aestimat
1760 680 1821 720 se

167 751 386 808 nostris
416 751 500 807 uti
527 752 915 824 amplexibus.

241 913 388 978 Quid
421 913 604 967 facit?
901 861 1084 898 AWE'

912 1003 1092 1041 IREMA.

241 1073 405 1128 Nunc
437 1073 583 1129 ollas
625 1073 786 1128 molli
837 1075 988 1129 fovet
1017 1075 1260 1146 gremio,
1296 1093 1449 1131 nunc
1498 1080 1825 1148 sartagmes

167 1167 226 1218 et
255 1163 500 1219 cacabos
531 1161 877 1235 amplecitur
907 1163 1072 1218 mitia
1101 1163 1293 1221 libans
1314 1165 1534 1222 oscula.

243 1322 607 1379 Ridiculum!
884 1271 947 1308 ω
959 1267 1114 1308 Imm.

907 1430 1084 1469 IRENA.

241 1501 390 1556 Nam
423 1501 620 1568 facies,
653 1517 864 1558 manus
896 1520 960 1558 ac
992 1503 1362 1572 vestimenta,
1387 1505 1529 1559 adeo
1563 1505 1819 1572 sordida,

169 1591 315 1646 adeo
347 1589 742 1661 coinquinata,
775 1594 840 1645 ut
869 1592 1108 1663 nigredo
1131 1609 1257 1663 quae
1281 1592 1511 1647 inhaisit
1541 1593 1821 1647 similitu-

169 1678 369 1734 dinem
402 1677 682 1750 Ethiopis
705 1678 1009 1750 exprimat.

905 1787 1088 1824 ΔϐΔΡΕ.

244 1856 440 1924 Decet,
474 1861 538 1912 ut
563 1856 698 1912 talis
727 1862 1004 1928 appareat
1037 1859 1503 1929 eorpore,qualis
1541 1878 1572 1914 a
1595 1859 1824 1916 diabolo

167 1945 508 2018 possidetur
537 1946 595 2000 in
630 1950 842 2001 mente.

915 2054 1089 2092 ΙΒΕΝΔ.

243 2126 350 2192 En,
378 2129 545 2197 parat
570 2125 786 2197 egredi.
815 2125 1190 2182 lntendamus
1211 2126 1348 2197 quid
1373 2126 1471 2181 illo
1494 2127 1824 2199 egrediente

169 2219 353 2285 agant
385 2212 603 2269 milites
635 2231 736 2284 pro
770 2213 993 2270 foribus
1026 2219 1446 2285 exspectantes.

838 2319 1067 2375 SCENA
1104 2320 1170 2374 V.

887 2424 1116 2465 Μιιιτεε.

249 2497 390 2564 Quis
423 2497 516 2552 hic
547 2498 848 2570 egreditur
879 2498 1292 2566 daemoniacus,
1325 2498 1413 2554 vel
1463 2500 1650 2572 magis
1701 2500 1825 2571 ipse

171 2585 484 2644 diabolus?
517 2586 850 2658 Fugiamus.

854 2693 1144 2733 DULCITIUS.

248 2763 484 2830 Milites,
517 2780 632 2836 quo
664 2763 903 2836 fugitis?
935 2765 1111 2833 State,
1138 2770 1484 2838 exspectate,
1509 2766 1702 2822 ducite
1735 2784 1826 2823 me

173 2871 315 2910 cum
347 2853 602 2909 lucernis
634 2853 706 2908 ad
729 2853 938 2909 cubile.

883 2961 1112 2999 MILITES.

246 3033 371 3088 Vox
401 3032 646 3088 senioris
669 3032 874 3100 nostri,
911 3033 1012 3088 sed
1043 3033 1235 3105 imago
1259 3033 1495 3089 diaboli.
1531 3036 1654 3090 Non
1688 3036 1826 3090 sub-

170 3123 483 3190 sistamus,
509 3121 613 3176 sed
643 3121 842 3194 fugam
875 3125 1266 3206 maturemus;
1303 3122 1656 3194 phantasma
1703 3123 1830 3178 vult

173 3229 290 3268 nos
319 3211 720 3283 pessumdare.

853 3316 1147 3356 DULCITIUB.

251 3389 340 3444 Ad
385 3388 666 3460 palatium
716 3389 832 3456 ibo,
858 3393 913 3444 et
960 3407 1138 3460 quam
1197 3391 1581 3461 abjectionem
1639 3393 1828 3464 patior

168 3477 545 3553 principibus
574 3478 845 3551 vulgabo.

826 3567 1053 3623 SCENA
1091 3569 1183 3624 VI.

859 3675 1149 3712 DULCITIUS.

245 3744 504 3813 Ostiarii,
539 3745 890 3801 introducite
920 3762 1012 3801 me
1044 3747 1102 3802 in
1136 3745 1594 3819 palatium,quia
1623 3750 1694 3803 ad
1725 3751 1829 3804 im-

167 3839 502 3906 peratorem
535 3833 721 3890 habeo
753 3837 1065 3890 secretum.

879 3941 1102 3979 OSTIARII
1115 3966 1126 3978 .

246 4012 398 4078 Quid
429 4011 537 4068 hoc
564 4012 676 4068 vile
708 4029 774 4068 ac
805 4013 1145 4069 detestabile
1178 4019 1527 4083 monstrum,
1548 4017 1748 4072 scissis
1770 4021 1826 4072 et

167 4099 410 4173 nigellis
441 4100 773 4173 panniculis
804 4101 1100 4157 obsitum?
1133 4103 1350 4175 Pugnis
1381 4104 1720 4174 tundamus,
1756 4107 1825 4162 de

169 4190 362 4262 gradu
385 4190 836 4262 preecipitemus,
858 4207 962 4247 nec
994 4190 1146 4247 ultra
1178 4192 1290 4248 huc
1322 4193 1492 4248 detur
1543 4193 1691 4250 liber
1731 4213 1824 4251 ac-

169 4295 400 4335 06881.18.

862 4370 1150 4408 DULCITICS.

246 4438 494 4507 Vae,va
547 4441 694 4506 Quid
745 4441 1030 4514 contigit?
1073 4441 1276 4497 Nonne
1327 4442 1826 4513 splendidissimis

167 4527 435 4585 vestibus
467 4529 730 4601 indutus,
763 4533 1002 4602 totoque
1054 4545 1294 4602 corpore
1344 4530 1541 4587 videor
1584 4533 1828 4602 nitidus,
1863 4542 1909 4614 1)

170 4623 233 4674 et
258 4617 596 4690 quicunque
627 4635 718 4675 me
748 4620 958 4692 aspicit
984 4619 1140 4674 velut
1184 4620 1461 4676 horribile
1500 4628 1831 4679 monstrum

163 4707 420 4764 fastidit.
461 4708 546 4763 Ad
591 4709 901 4781 conjugem
953 4713 1225 4776 revertar,
1253 4724 1366 4780 quo
1417 4709 1488 4764 ab
1544 4709 1642 4765 illa
1690 4712 1832 4783 quid

169 4813 317 4869 erga
348 4813 441 4852 me
471 4800 668 4853 actum
700 4797 780 4852 sit
809 4798 1089 4870 experiar.
1126 4798 1226 4854 20
1257 4798 1361 4866 En,
1397 4798 1606 4854 solutis
1654 4800 1828 4857 crini-

1210 297 1620 362 commoue-
1666 297 1831 359 SEX.
1866 326 1941 342 -ι
1974 298 2048 359 ll.
2098 299 2540 364 DULCITIUS.

1847 433 1902 499 Α

1854 1805 1902 1870 Β

3465 309 3583 372 998

2649 454 2864 494 CONJUX.

2001 520 2118 576 Hoc
2151 539 2243 579 me
2283 524 2657 581 vehementer
2684 526 2967 593 confudit,
2992 527 3102 583 hoc
3134 530 3422 601 prwcipue
3453 547 3585 588 con-

1928 608 2205 676 tristavit,
2238 613 2394 683 quod
2427 613 2567 684 quid
2602 613 2919 686 patiebaris
2951 615 3254 688 ignorasti.

2611 719 2905 760 DULCITIUS.

2004 788 2216 844 Mando
2239 795 2303 846 ut
2332 791 2560 846 lasciva;
2583 797 3015 864 pazesententur
3035 795 3332 866 puellae,et
3365 797 3589 852 abstrx—

1931 876 2041 930 etis
2089 879 2350 934 vestibus
2392 881 2623 950 publice
2673 883 3060 948 denudentur,
3086 900 3201 954 quo
3258 901 3425 942 versa
3463 887 3586 941 vice

1933 965 2072 1034 quid
2109 972 2307 1022 nostra
2339 969 2567 1038 possint
2598 969 2851 1024 ludibria
2881 973 3271 1042 experiantur.

2552 1084 2779 1139 SCENA
2818 1084 2966 1140 VIII.

2646 1190 2872 1229 κιιιτιεε.

2005 1260 2244 1315 Frustra
2301 1261 2608 1330 sudamus,
2642 1263 2702 1316 in
2761 1280 2977 1318 vanum
3037 1263 3395 1320 laboramus.
3420 1266 3584 1334 Ecce,

1932 1345 2277 1402 vestimenta
2305 1347 2582 1421 virgineis
2613 1350 2956 1421 corporibus
2986 1350 3270 1407 inhaerent
3298 1352 3452 1408 velut
3499 1371 3590 1409 eo-

1933 1436 2038 1490 ria.
2073 1436 2184 1491 Sed
2215 1441 2272 1491 et
2300 1436 2424 1508 ipse
2456 1439 2556 1509 qui
2609 1456 2715 1494 nos
2762 1439 2832 1494 ad
2879 1439 3293 1512 expoliandum
3345 1442 3590 1514 urgebat

1934 1540 2148 1595 praases
2177 1525 2340 1580 stetit
2371 1527 2650 1595 sedendo,
2671 1545 2773 1583 nec
2797 1528 3094 1586 ullatenus
3123 1530 3362 1585 excitari
3396 1535 3589 1603 potest

1934 1629 1968 1666 a
1999 1629 2226 1668 somno.
2259 1615 2343 1669 Ad
2376 1614 2788 1687 imperatorem
2820 1618 3366 1690 adeamus,ipsique
3391 1635 3586 1676 rerum

1937 1716 2063 1771 qua)
2097 1707 2382 1773 geruntur
2413 1704 2809 1776 propelemus.

2587 1822 2832 1886 SGENA,
2853 1822 2941 1878 IX.

2562 1927 2958 1967 DIOCLETIANUS.

2009 1995 2173 2052 Dolet
2206 1997 2452 2052 nimium
2486 1999 2640 2070 quod
2696 1999 3002 2072 praesidem
3051 1999 3368 2056 Dulcitium
3414 2004 3588 2059 audio

1936 2085 2080 2140 adeo
2125 2085 2388 2153 illusum,
2425 2088 2566 2143 adeo
2615 2090 3047 2160 exprobratum,
3085 2090 3226 2145 adeo
3272 2090 3592 2147 calumnia-

1935 2178 2083 2228 tum.
2120 2175 2252 2242 Sed,
2287 2192 2358 2230 ne
2405 2176 2548 2232 viles
2603 2175 2960 2232 mulierculae
3001 2179 3226 2249 jactcnt
3257 2197 3318 2235 se
3349 2180 3590 2252 impune

1936 2263 2153 2318 nostris
2177 2263 2290 2318 diis
2322 2265 2683 2338 deorumque
2731 2265 3057 2322 cultoribus
3103 2267 3370 2337 illudere,
3403 2268 3588 2324 Sisin-

1935 2351 2101 2406 nium
2134 2353 2406 2408 comitem
2439 2354 2690 2426 dirigam
2722 2356 2794 2411 ad
2837 2355 3118 2412 ultionem
3150 2357 3550 2413 exercendam.

2603 2471 2832 2526 SCENA
2862 2472 2924 2527 X.

2628 2577 2896 2615 SISINNIUS.

2007 2647 2050 2702 Ο
2083 2646 2315 2715 milites,
2349 2647 2448 2703 ubi
2481 2653 2621 2704 sunt
2649 2647 2897 2717 lasciva},
2922 2665 3049 2720 qua:
3073 2650 3331 2721 torqueri
3353 2650 3585 2718 debent,

1934 2735 2140 2806 puellze
2162 2737 2189 2790 ?

2646 2843 2873 2885 κιιιτεε.

2004 2915 2360 2986 ΑἱἩὶειωῑυι·
2391 2916 2449 2972 in
2481 2933 2732 2972 carcere.

2623 3021 2894 3062 SISINNIUS.

2008 3093 2234 3149 Irenam
2266 3101 2551 3151 reservate
2581 3100 2636 3151 et
2668 3095 2922 3167 reliquas
2944 3093 3265 3166 producite.

2649 3202 2877 3241 MILITES.

2008 3271 2123 3327 Cur
2154 3289 2331 3328 unam
2363 3274 2618 3346 excipis?

2621 3379 2892 3420 SISINNIUS.

2011 3450 2257 3507 Parcens
2305 3452 2583 3507 infantiae.
2624 3453 2792 3507 Forte
2843 3449 3074 3506 facilius
3123 3454 3505 3519 convertetur,
3539 3450 3590 3506 si

1938 3556 2203 3596 sororum
2235 3542 2542 3612 praesentia
2574 3559 2688 3597 non
2722 3541 3052 3596 terrebitur.

2652 3645 2882 3685 MILITES.

2011 3718 2112 3773 Ita.

2589 3815 2816 3872 SCENA
2853 3815 2944 3870 XI.

2643 3919 2874 3960 Διιιιτις.

2005 3995 2217 4051 Praesto
2249 3998 2386 4050 sunt
2416 4011 2562 4066 quas
2587 3993 2846 4064 jussisti.

2625 4096 2897 4138 SISINNIUS.

2007 4173 2255 4229 Praebete
2283 4187 2610 4238 assensum,
2642 4173 2837 4242 Agape
2889 4175 2945 4225 et
2985 4169 3247 4239 Chionia,
3274 4169 3419 4226 meis
3451 4187 3588 4226 con-

1937 4260 2106 4319 siliis.

2674 4368 2857 4406 AGAPE.

2009 4441 2070 4497 Si
2101 4438 2528 4513 prtebcbimus?

2627 4541 2891 4583 SISSINIUS.

2015 4621 2176 4675 Ferte
2209 4617 2489 4673 libamina
2520 4616 2651 4671 (liis.

2653 4721 2884 4762 CIIIONIA.

2012 4797 2158 4853 Vero
2189 4802 2245 4853 et
2275 4801 2488 4852 aeterno
2511 4795 2664 4850 Patri
2688 4795 2736 4865 ej
2749 4809 2932 4864 usque
2955 4796 3235 4848 coaeterno
3277 4789 3438 4858 Filio,
3464 4807 3592 4845 san-

165 4888 288 4942 bus
337 4887 651 4958 egreditur,
687 4886 996 4958 omnisque
1046 4887 1258 4943 domus
1305 4887 1580 4960 lacrymis
1630 4906 1832 4960 prose—
1942 4892 2150 4958 ctoque
2181 4885 2489 4942 amborum
2523 4881 2824 4948 Paraclito,
2853 4880 3207 4937 sacriﬁcium
3241 4878 3434 4934 laudis
3465 4879 3591 4934 sine

165 4976 398 5047 quitur.
1185 5015 1200 5030 .

811 5066 1040 5122 SCENA
1078 5065 1199 5122 VII.

898 5173 1113 5212 CONJUX.

243 5243 393 5310 Heu,
424 5241 569 5297 heul
607 5244 686 5296 mi
721 5243 933 5310 senior,
958 5244 1201 5300 Dulciti!
1230 5243 1377 5309 Quid
1417 5245 1672 5315 pateris?
1704 5246 1828 5301 Non

167 5350 232 5389 es
267 5349 424 5386 sanae
448 5333 700 5390 mentis?
734 5333 945 5388 Factus
975 5349 1036 5390 es
1071 5333 1128 5386 in
1161 5333 1418 5388 derisum
1443 5333 1826 5390 Christicolis.

860 5439 1150 5478 DULCITIUS.

239 5515 414 5566 Nunc
447 5513 683 5568 tandem
716 5513 904 5569 sentio
937 5528 1029 5567 me
1079 5511 1319 5568 illusum
1372 5511 1603 5566 illarum
1650 5511 1826 5567 male-

162 5599 343 5658 ﬁciis.

1939 4975 2374 5033 intermissione
2404 4972 2682 5027 libamus.

2617 5077 2910 5116 BISSINNIUS.

2011 5154 2127 5209 Hoc
2157 5151 2321 5209 vobis
2353 5167 2467 5205 non
2499 5149 2738 5213 suadeo,
2762 5148 2864 5203 sed
2894 5147 3081 5220 pmnis
3117 5146 3418 5219 prohibeo.

2665 5254 2853 5292 AGAPE.

2009 5331 2133 5386 Non
2166 5327 2521 5402 prohibebis,
2548 5342 2650 5381 nec
2684 5341 2946 5398 unquam
2979 5323 3444 5381 sacriﬁeabimus
3475 5324 3590 5379 dae-

1937 5420 2171 5477 moniis.

2631 5521 2898 5561 SISIN‘NIUS.

2007 5597 2287 5673 Deponite
2310 5594 2590 5655 duritiam
2603 5593 2876 5666 cordis,et
2899 5591 3352 5651 sacriﬁcate.Sin
3370 5596 3592 5675 autem,
