4044 6176
519 321 644 381 ‘999
1328 309 1860 381 HROTSUITIUE
1905 307 2277 376 MONl'MJS
2321 315 3134 381 GANDERSHEIMENSIS.
3710 324 3820 386 {om

530 453 740 508 faciam
768 467 871 507 vos
901 451 1271 506 interfectum
1303 450 1392 519 iri,
1407 452 1577 521 juxta
1608 453 1960 524 praiccptum
1995 448 2172 522 impe—
2195 440 2256 518 Α
3011 465 3200 506 mem.

529 541 741 597 tutoris
773 535 1135 597 Diocletiani.
2354 539 2635 613 Voluptas
2674 539 2829 612 parit
2877 556 3130 612 pinnam,
3165 539 3472 596 necessitas
3507 533 3672 597 autem
3711 543 3820 601 cero-

1230 643 1479 684 OHIONIA.
2283 645 2450 697 nam;
2473 645 2577 686 nec
2593 629 2807 686 dicitur
2827 634 3022 685 reatus
3045 628 3158 684 nisi
3179 630 3332 700 quod
3353 630 3620 686 consentit
3635 632 3821 690 animus.

598 719 771 773 Decet
801 721 864 772 ut
893 717 950 772 in
985 717 1168 773 nostri
1214 729 1414 773 necem
1463 721 1828 790 Optemperes
1869 716 2057 788 jussis
2089 716 2173 771 tui
2959 735 3270 774 SISINNIUS.

527 805 918 878 imperatoris,
950 807 1123 877 cujus
1149 822 1254 862 nos
1286 808 1516 862 decreta
1542 813 1914 863 contemnere
1957 805 2170 861 noscis.
2356 809 2594 863 Frustra
2633 809 2964 880 parcebam,
2999 808 3216 863 frustra
3261 798 3562 864 miserebar
3604 809 3745 880 hujus
3773 812 3828 867 in-

523 895 583 949 Si
615 900 811 951 autem
845 897 1136 968 parcendo
1167 911 1393 952 meram
1437 896 1660 965 feceris,
1695 913 1925 968 mquam
1976 899 2064 950 est
2113 899 2173 949 tu
2283 897 2498 951 fantim.

524 983 915 1041 interﬁciaris.
2984 1001 3230 1040 mures.

1199 1091 1507 1131 sxsmmus.
2354 1073 2788 1142 Praescivimus;
2831 1075 3167 1130 nullatenus
3216 1075 3288 1130 ad
3337 1072 3562 1130 deorum
3608 1077 3828 1132 culturam

597 1164 721 1218 Non
753 1164 1015 1230 tardetis,
1049 1164 1288 1229 milites,
1324 1182 1439 1218 non
1487 1164 1728 1219 tardetis
1778 1179 1982 1236 capere
2024 1161 2172 1218 blas—
2281 1167 2469 1235 potest
2502 1163 2676 1229 ﬂecti,
2709 1180 2813 1219 nec
2842 1169 3058 1218 terrore
3089 1179 3348 1235 unquam
3377 1167 3555 1236 potest
3583 1166 3752 1238 frangi.

524 1253 770 1324 phemas
799 1253 926 1322 has,
961 1254 1056 1310 21
1093 1257 1150 1308 et
1179 1253 1239 1307 in
1269 1252 1464 1326 ignem
1495 1253 1763 1326 projicite
1790 1253 1970 1329 vivas.
2957 1270 3266 1309 SISINNIUS.

1228 1367 1474 1406 MILITES.
2351 1342 2477 1399 Non
2500 1341 2653 1398 ultra
2680 1359 2946 1415 parcam.

595 1439 890 1497 Instemus
920 1439 1331 1496 construendis
1383 1439 1539 1513 regis
1587 1444 1645 1496 et
1689 1441 1994 1496 tradamus
2039 1438 2170 1495 illas
2985 1447 3234 1487 mures.

523 1528 945 1586 bacchantibus
968 1528 1243 1598 ﬂammis,
1263 1545 1378 1602 quo
1412 1528 1588 1586 finem
1621 1530 1829 1586 demus
1870 1528 2167 1585 conviciis.
2353 1521 2617 1577 Rectum.

1247 1641 1446 1683 AGAPE.

2955 1617 3265 1665 SISINNIUS.

592 1716 716 1772 Non
741 1715 866 1784 tibi,
903 1715 1166 1784 Domine,
1202 1731 1317 1770 non
1343 1715 1448 1771 tibi
1482 1715 1602 1771 haec
1628 1716 1887 1789 potentia
1915 1715 2167 1783 insolita,
2350 1698 2549 1789 Capite
2580 1697 2743 1789 illam
2777 1699 2904 1789 sine
2931 1697 3333 1789 miseratione,
3362 1700 3419 1789 et
3446 1693 3706 1753 trahentes
3745 1697 3836 1752 οὑπὶ

521 1808 586 1860 ut
615 1805 768 1876 ignis
783 1805 900 1860 vim
930 1795 1164 1860 virtutis
1189 1822 1310 1860 sua:
1333 1786 1728 1873 obliviscatur,
1744 1805 1850 1860 tibi
1873 1805 2168 1876 obtempe-
2200 1809 2248 1887 θ

2284 1787 2626 1844 crudelitate
2659 1787 2852 1844 ducite
2875 1788 2947 1843 ad
2978 1787 3226 1859 lupanar
3257 1787 3383 1843 sine
3408 1786 3624 1842 honore.

521 1894 723 1948 rando.
759 1894 869 1949 Sed
902 1893 1073 1948 taedet
1102 1911 1209 1949 nos
1232 1893 1695 1950 morarum.ldeo
1720 1910 1995 1965 rogamus
2027 1892 2171 1949 solvi
3019 1893 3209 1931 IRENA-

521 1982 840 2038 retinacula
869 1982 1226 2050 animarum,
1245 2000 1362 2054 quo
1384 1981 1684 2038 exstinctis
1715 1982 2057 2054 corporibus
2093 1986 2172 2037 te-

2353 1967 2476 2022 Non
2508 1967 2846 2038 perducent.

522 2088 657 2128 cum
689 2070 971 2142 plaudent
998 2070 1058 2126 in
1081 2071 1293 2127 (ethera
1325 2071 1506 2127 nostri
1541 2071 1808 2143 spiritus.

2955 2071 3268 2111 SISINNIUS.

1221 2184 1466 2226 mum,
2349 2146 2489 2212 Quis
2520 2144 2827 2218 prohibere
2857 2144 3086 2217 potest?

3011 2249 3204 2288 IRENA.

591 2260 634 2316 Ο
655 2274 892 2327 novum,
924 2275 958 2315 0
981 2259 1336 2330 stupendum
1371 2258 1756 2314 miraculum!
1791 2259 2170 2327 ECce,anlma-.

521 2365 765 2422 egressa;
795 2353 936 2405 sunt
964 2363 1222 2422 corpore,
1242 2353 1300 2404 et
1320 2349 1483 2404 nulla
1513 2349 1769 2405 lmsi'onis
1801 2349 2171 2421 reperiuntur

519 2437 795 2510 vestigia;
827 2438 928 2493 sed
960 2455 1063 2494 nec
1116 2437 1333 2510 capilli,
1368 2455 1473 2494 nec
1521 2437 1867 2495 vestimenta
1915 2440 1987 2495 ab
2036 2438 2170 2511 igne

521 2531 662 2584 sunt
694 2526 984 2596 ambusta,
1021 2543 1136 2600 quo
1159 2525 1358 2583 minus
1389 2544 1652 2599 corpora.

2347 2322 2454 2391 Qui
2474 2323 2760 2379 mundum
2785 2322 2875 2379 sui
2908 2321 3269 2394 providentia
3303 2321 3462 2395 regit.

2944 2428 2974 2467 S
3002 2427 3256 2468 SINNIUB.

2351 2502 2631 2558 Probabo.

1188 2632 1502 2673 SISINNIUS.
3009 2607 3203 2646 IRENA.

590 2705 847 2763 Profer-te
879 2705 1126 2763 lrenam,
2348 2681 2428 2736 Ac
2457 2679 2631 2737 citius
2657 2679 2844 2736 libito.

1221 2813 1468 2852 MILITES.
2955 2782 3255 2837 Blssmlus.

591 2886 802 2943 Etiam,
1224 2850 1263 2852 ii
2350 2859 2433 2916 Ne
2453 2858 2811 2924 terreamini,
2843 2857 3080 2926 milites,
3114 2855 3425 2914 fallacibus
3454 2850 3616 2928 hujus
3642 2851 3846 2924 blasphe-

1153 2975 1379 3031 SCENA
1416 2971 1537 3029 XII.
2280 2964 2388 3004 mae
2417 2947 2736 3022 praesagiis.

1193 3081 1500 3120 slsmlvins.
2990 3035 3236 3093 Mint'r.

2352 3125 2478 3181 Non
2509 3127 2816 3196 terremur,
2831 3125 2933 3181 sed
2955 3124 3075 3181 tuis
3095 3123 3404 3197 preceptis
3424 3120 3612 3196 parere
3646 3117 3848 3174 nitlnlur.

2902 3214 3132 3271 SCENA
3168 3213 3317 3269 XIII.

2951 3317 3257 3358 SISINNIUS.

2351 3394 2460 3460 Qui
2485 3397 2624 3448 sunt
2652 3393 2711 3448 hi
2735 3392 2836 3450 22
2868 3391 2967 3464 qui
2998 3407 3106 3447 nos
3137 3389 3465 3446 invadunt?
3493 3391 3658 3455 Quam
3685 3377 3851 3438 siinilcs

2283 3487 2422 3540 sunt
2443 3481 2730 3538 militibus
2761 3481 2978 3554 quibus
3001 3481 3227 3536 Irenam
3250 3479 3617 3536 tmdidimus.
3632 3469 3850 3554 lpsisnnt.

2282 3569 2398 3626 Cur
2416 3575 2538 3627 tam
2571 3569 2684 3627 cito
2709 3553 3106 3626 revertimini?
3126 3570 3249 3636 Quo
3277 3568 3518 3626 tenditis
3537 3572 3647 3623 tam
3673 3553 3851 3619 anheli?

595 3154 961 3221 Pertimesee,
982 3149 1166 3221 Irena,
1196 3168 1397 3208 necem
1427 3157 1789 3222 sororum,et
1819 3169 1954 3208 cave
1985 3151 2170 3224 perire

523 3242 787 3315 exemplo
810 3242 1065 3298 illarum.

1249 3347 1443 3386 IRENA.

595 3419 741 3490 Opto
770 3419 1102 3492 exemplum
1125 3436 1326 3476 earum
1359 3420 1659 3475 moriendo
1692 3421 2009 3493 sequi,quo
2057 3437 2172 3476 me-

525 3509 652 3563 rear
682 3524 816 3564 cum
848 3503 940 3564 his
969 3506 1320 3566 mternaliter
1350 3505 1554 3564 lietari.

1198 3623 1507 3662 SlSlNNIUS.

593 3695 758 3765 Cede,
785 3696 923 3753 cede
954 3712 1094 3752 mea:
1126 3695 1407 3752 suasioni.
2467 3749 2479 3763 .
2559 3752 2564 3758 ἢ
2859 3748 2869 3759 ι
2983 3673 3228 3716 Mil-Isz-

1249 3809 1413 3822 ηε...
2355 3751 2436 3806 Te
2464 3765 2659 3822 ipsum
2693 3754 3035 3821 quiet-imus.

1249 3809 1442 3848 IRENA.
2487 3809 2506 3822 ⁵
2709 3809 2729 3821 ·

1125 3882 1253 3903 :____
1289 3881 1554 3903 __--_1-_i:
2351 3901 2359 3903 __
2949 3849 3260 3893 SISINNIUB.

592 3882 758 3939 Haud
790 3883 994 3938 cedam
1027 3882 1255 3939 facinus
1287 3881 1581 3938 suadenti.
2351 3901 2465 3983 Ubi
2495 3930 2585 3983 est
2615 3942 2793 3983 uuam
2823 3881 3130 3982 “uagi-5

2362 3943 2465 3983 UDl
2495 3943 2585 3983 est
2615 3943 2793 3998 quam
2823 3943 3084 3982 traxlsus
3103 3943 3129 3981 ἵ

1214 3995 1534 4072 δῙδῖΝΝίυθῖ.
1568 4069 1577 4072 ,
1825 4067 1838 4072 -
2006 4069 2015 4072 ,
2989 4022 3237 4072 Μιωτεε.

595 4071 655 4177 ii
674 4087 802 4177 229
822 4085 1242 4177 iisiiss}?
1269 4067 2176 4177 iiiisrihiiiirtasatis
2359 4104 2421 4160 ιη
2453 4103 2768 4177 superatne
2799 4103 3017 4160 montis

524 4159 627 4216 sed
657 4158 920 4216 diﬂ‘eram
941 4162 999 4216 et
1019 4175 1165 4217 nova
1194 4157 1253 4213 in
1285 4157 1412 4215 dies
1433 4155 1722 4230 supplicia
1743 4156 2170 4231 multiplicabo.
2453 4145 2767 4177 “rum-HV
2799 4145 3262 4248 mw;;mmm_

1255 4273 1484 4355 ωεδῖλῆ
1586 4345 1600 4355 _
1681 4347 1691 4355 _
2355 4282 2574 4355 Cujus?

596 4349 820 4415 Quanto
844 4347 1036 4405 acrius
1056 4352 1352 4420 torqueor,
1366 4350 1528 4404 tanto
1547 4345 1837 4420 gloriosus
1857 4346 2175 4405 exaltabor.
2434 4345 2458 4355 ’
2989 4385 3234 4427 muns.

1191 4462 1398 4502 SISINNI
1413 4463 1504 4503 us.
2358 4463 2630 4520 Proximi.

597 4535 892 4608 Supplicia
923 4552 1037 4592 non
1056 4535 1301 4604 metuis;
1326 4536 1644 4592 admovebo
1663 4537 1817 4608 quod
1849 4536 2168 4596 horresces.
2207 4553 2255 4628 ι)
2957 4549 3258 4606 stemma.

1253 4651 1444 4690 mem.
2208 4623 2246 4628 —
2285 4677 2288 4680 -
2355 4643 2400 4698 Ο
2429 4640 2713 4697 insensati
2763 4641 2820 4695 et
2867 4638 3125 4710 hebetes,
3159 4638 3462 4709 totiusque
3490 4629 3708 4690 rationis
3746 4623 3855 4678 inca‘

597 4723 891 4796 Quidquid
950 4722 1237 4795 irrogabis
1283 4723 1529 4794 adversi,
1580 4725 1820 4780 evadam
1871 4724 2177 4796 juvamine
2287 4731 2491 4805 paces!

525 4813 762 4868 Christi.
2289 4837 2292 4840 ‘
2994 4821 3235 4872 munis.

1193 4913 1500 4958 ⁸181⁸⁸1118-
2357 4911 2474 4966 Glir
2502 4901 2801 4966 causaris?
2831 4909 2944 4964 Cur
2969 4922 3107 4961 voce
3137 4905 3195 4960 et
3215 4903 3384 4960 vultu
3415 4899 3578 4959 nobis
3612 4883 3838 4955 minaris?

605 4990 832 5046 Faciam
861 4993 915 5044 te
946 4991 1017 5045 ad
1040 4989 1287 5062 lupanar
1308 4991 1462 5060 duci,
1496 5005 1824 5064 corpusque
1854 4996 2021 5047 tuum
2057 4996 2178 5048 tur-
2910 5014 2930 5033 ·
2959 5012 3260 5052 Sissmws.

531 5080 681 5153 piter
703 5079 1090 5151 coinquinari.
2361 5090 2450 5145 Dii
2481 5106 2581 5144 vos
2613 5088 2891 5161 perdant!

1259 5185 1450 5226 mam.
2990 5180 3234 5231 MILITES.

602 5259 810 5316 Melius
838 5263 928 5315 est
949 5261 1014 5314 ut
1033 5276 1245 5332 corpus
1263 5260 1712 5331 quibuscunque
1734 5259 1966 5332 injuriis
1989 5279 2182 5319 macu-
2361 5254 2507 5336 Quid
2540 5268 2601 5323 in
2624 5268 2682 5324 te
2703 5265 3142 5322 commissimus
3158 5265 3186 5318 ?
3208 5261 3394 5330 Quam
3428 5257 3532 5318 tibi
3554 5252 3791 5329 injuria!!!
3814 5245 3864 5298 τε·

529 5349 700 5417 let-ur,
733 5363 911 5421 quam
944 5348 1142 5404 anima
1169 5347 1340 5404 idolis
1371 5347 1686 5421 polluatur.

2290 5358 2524 5416 cimus?
2555 5357 2690 5425 Quae
2718 5361 2821 5411 tua
2844 5357 3015 5426 jussa
3045 5350 3401 5425 transgressi
3438 5345 3678 5406 sumus?

1203 5463 1509 5503 SISINNIUS.
2965 5447 3260 5501 sxssmius.
3821 5508 3845 5518 η

603 5537 664 5594 Si
714 5537 871 5594 socia
918 5537 1032 5593 eris
1083 5537 1477 5606 meretricum,
1525 5552 1639 5592 non
1687 5537 1903 5610 poteris
1953 5537 2179 5610 polluta
2358 5537 2564 5594 Nonne
2581 5533 2826 5608 praecepi
2858 5533 2924 5590 ut
2954 5531 3230 5590 rebellem
3251 5519 3496 5590 deorum
3524 5524 3594 5584 ad
3620 5510 3864 5592 ΐιιιτῆιῐάί·

534 5623 688 5682 ultra
717 5625 870 5682 intra
895 5626 1346 5684 contubernium
1375 5625 1701 5699 computari
1733 5625 2052 5702 virginum.
2287 5628 2379 5685 nis
2408 5627 2601 5684 locum
2621 5624 2976 5683 traheretis?
