4052 6180
312 321 467 385 1003

969 456 1193 512 SCENA
1234 455 1301 511 ΙΙ.

927 561 1169 600 CALLIMA
1176 560 1242 598 CI]
1251 560 1320 599 US
1333 586 1343 597 .

374 632 554 687 Anxie
576 631 794 704 diuque
824 648 1059 705 gravem
1084 632 1341 688 sustinui
1373 631 1837 704 dolorem,quem
1866 644 1959 685 ve-

305 725 428 776 stro
461 720 702 776 consilio
734 720 975 776 relevari
1008 737 1181 792 posse
1213 737 1405 793 spero.

1038 827 1219 865 AMICI.

375 897 625 969 {Equum
644 901 817 953 estut
840 899 1273 954 communicata
1289 899 1536 955 invicem
1556 897 1962 971 compassionc

308 986 601 1058 patiamur
630 986 921 1059 quidquid
982 987 1300 1060 unicuique
1358 993 1622 1044 nostrum
1659 988 1963 1059 utriusque

307 1080 517 1150 eventu
549 1076 791 1132 fortunae
824 1077 1147 1150 ingeratur.

598 1214 605 1219 .
933 1183 1319 1223 CALLIMACIIUS
1330 1211 1340 1222 .

385 1255 428 1311 Ο
454 1254 681 1313 utinam
701 1255 1034 1311 voluissetis
1057 1272 1247 1311 meam
1265 1254 1596 1328 passionem
1616 1255 1968 1329 compatien-

319 1346 392 1401 do
424 1361 659 1402 mecum
689 1344 892 1417 partiri
919 1345 930 1399 !

1054 1449 1211 1489 AMICI
1222 1478 1232 1489 .

385 1523 641 1581 Enuclea
672 1523 814 1596 quid
847 1523 1109 1595 patiaris,
1129 1527 1205 1592 et,
1237 1522 1286 1578 si
1316 1539 1409 1579 res
1439 1522 1634 1595 exigit,
1658 1522 1966 1596 compatie-

312 1629 484 1681 mur;
517 1612 610 1669 sin
642 1615 860 1680 autem,
894 1612 1159 1668 animum
1202 1615 1370 1667 tuum
1402 1628 1436 1667 a
1467 1628 1719 1684 nequam
1773 1611 1964 1668 inten-

312 1702 471 1760 tione
500 1717 768 1759 revocare
798 1700 1073 1758 nitemur.

936 1805 1344 1848 CALLIMACHUS.

381 1883 548 1938 Amo.

1052 1987 1230 2027 AMICI.

391 2062 538 2129 Quid
554 2060 581 2115 ?

945 2163 1323 2205 CALLIMACHUS
1332 2193 1343 2204 .

392 2242 536 2298 Rem
567 2239 897 2313 pulchram,
929 2255 1052 2295 rem
1082 2244 1411 2296 venustam.

1054 2344 1236 2385 AMICI.

391 2421 506 2477 Nec
534 2419 596 2476 in
626 2418 773 2484 solo,
807 2434 911 2474 nec
969 2417 1027 2472 in
1086 2418 1267 2473 omni.
1303 2418 1435 2473 Ideo
1493 2422 1753 2474 atomum
1814 2419 1967 2490 quod

324 2526 488 2568 amas
519 2524 622 2581 per
650 2507 758 2564 hoc
790 2505 993 2578 nequit
1022 2505 1289 2578 intelligi.

935 2610 1352 2652 CALLIMACHUS.

395 2686 719 2745 Mulierem.

1057 2790 1238 2830 AMICI.

391 2867 536 2924 Cum
569 2864 875 2922 mulierem
908 2863 1362 2932 dixeris,omnes
1393 2864 1858 2938 comprehendis.

937 2968 1250 3008 CALLIMACH
1260 2968 1352 3008 US.

388 3046 512 3102 Non
543 3060 745 3101 omnes
777 3040 1097 3113 aequaliter,
1129 3042 1228 3097 sed
1263 3042 1363 3098 24
1393 3058 1572 3097 unam
1618 3042 1963 3115 specialiter.

1053 3148 1232 3186 AMICI.

1112 322 1643 386 IlROTSUlTH/E
1688 315 2061 380 MONIALIS
2108 317 2920 382 GANDERSHEIMENSIS.

3562 320 3727 381 1004

1986 450 2042 518 Α
2072 450 2552 524 virijamdudum
2572 452 2763 527 potuit
2792 453 3190 525 revocari,quo
3222 453 3422 511 minus
3455 456 3570 511 tuae
3592 470 3739 512 con-

2073 540 2289 597 sentiet
2319 541 2588 598 vanitati.

2695 647 3109 689 CALLIMACHUS.

2143 719 2389 785 Qumsivi
2413 738 2447 776 a
2474 722 2638 779 vobis
2668 720 3149 789 consolationem,
3166 721 3267 777 sed
3292 720 3566 777 incutitis
3590 721 3744 776 mihi

2072 808 2560 880 desperationem.

2809 914 2991 954 AMICI.

2138 985 2251 1063 Qui
2284 985 2524 1042 simulat
2552 986 2783 1056 fallit,et
2804 987 2905 1059 qui
2927 986 3149 1059 profert
3171 985 3573 1044 adulationem
3600 1004 3746 1044 ven-

2074 1072 2160 1128 dit
2186 1074 2510 1131 veritatem.

2691 1181 3108 1222 CALLIMACIIUS.

2147 1253 2292 1319 Quia
2321 1252 2465 1308 mihi
2491 1256 2752 1309 vestrum
2782 1253 3068 1310 auxilium
3127 1253 3502 1323 subtrahitis,
3538 1255 3749 1327 ipsam

2075 1341 2273 1411 adibo,
2303 1342 2548 1415 ejusque
2578 1341 2775 1399 animo
2814 1343 2929 1400 mei
2989 1358 3248 1400 amorem
3306 1341 3752 1399 blandimentis

2074 1430 2458 1502 persuadebo.

2814 1536 2997 1576 AMICI.

2145 1607 2311 1664 Haud
2344 1608 2750 1681 persuadebis.

2689 1714 2850 1754 GALLI
2856 1713 3090 1755 MACHUS
3099 1738 3111 1752 .

1995 1827 2043 1893 B
2147 1786 2369 1859 Quippe
2400 1790 2558 1844 vetar
2582 1787 2741 1844 fatis.

2812 1892 2992 1933 AMICI.

2145 1965 2542 2037 Experiemur.

2717 2053 2944 2112 SCENA
2991 2053 3087 2110 ΙΙΙ.

2694 2158 3111 2220 CALLIMACHUS.

2149 2233 2349 2289 Sermo
2381 2249 2547 2289 meus
2575 2233 2648 2290 ad
2678 2236 2755 2302 te,
2787 2231 3097 2299 Drusiana,
3119 2229 3512 2304 praacordialis
3534 2247 3740 2289 amor.

2753 2336 3059 2378 DRUSIANA.

2148 2409 2296 2477 Quid
2319 2427 2553 2467 mecum
2582 2410 2746 2478 velis,
2760 2408 3136 2480 Callimacho,
3160 2408 3531 2465 sermonibus
3554 2426 3748 2483 agere

2076 2497 2449 2557 vehementer
2479 2499 2771 2557 admiror.‘

2697 2604 3115 2647 CALLIMACHUS.

2150 2676 2379 2734 Miraris
2398 2677 2426 2731 ?

2747 2783 3054 2825 DRUSIANA.

2150 2856 2323 2912 Satis.

2693 2960 3110 3002 CALLIMACHUS.
3536 2980 3569 3013 ν

2150 3033 2411 3090 Primum
2444 3034 2513 3089 de
2544 3050 2763 3090 amore.

2745 3140 3050 3181 DRUSIANA.

389 3224 553 3290 Quod
598 3223 670 3279 de
726 3221 988 3292 subjecto
1043 3219 1278 3290 dicitur,
1312 3237 1425 3275 non
1460 3222 1572 3276 nisi
1604 3223 1674 3278 de
1702 3223 1967 3293 subjecto
1999 3201 2042 3267 (ἶ
2152 3211 2298 3279 Ουίά
2329 3212 2400 3267 de
2429 3212 2663 3269 amore?

319 3311 513 3385 aliquo
552 3309 941 3383 cognoscitur.
972 3308 1152 3377 Unde,
1184 3309 1232 3363 si
1262 3307 1403 3364 velis
1433 3327 1539 3366 nos
1571 3311 1967 3369 enaritbmum

320 3415 652 3474 agnoscere,
686 3397 779 3454 dic
804 3397 1064 3470 primum
1097 3396 1307 3453 usiam.

940 3502 1346 3544 CALLIMACHUS.
1410 3554 1419 3559 ἑ

390 3577 759 3635 Drusianam.

1055 3681 1239 3723 AMI'CI.

386 3755 701 3814 Andronici
732 3754 912 3828 hujus
942 3754 1227 3827 principis
1259 3756 1567 3829 conjugem
1590 3757 1618 3812 ?

932 3859 1248 3901 CALLIMACH
1255 3860 1291 3901 U
1298 3861 1327 3901 S
1335 3888 1347 3900 .

386 3937 602 4008 Ipsam.

1052 4038 1236 4079 AMICI.

387 4113 582 4184 Erras,
615 4111 770 4170 socie
803 4128 817 4167 :
851 4110 1088 4168 est~lota
1116 4110 1491 4184 baptismate.

931 4215 1089 4256 GALLI
1098 4216 1330 4256 MACIIUS
1338 4242 1353 4255 .

354 4296 360 4301 ’
388 4290 527 4349 Inde
557 4306 673 4347 non
703 4288 918 4354 curo,si
937 4278 1127 4361 ipsam
1146 4288 1217 4344 ad
1241 4287 1354 4344 mei
1385 4305 1643 4346 amorem
1676 4293 1965 4351 attrahere

311 4386 534 4456 potero.

1045 4484 1227 4525 AMICI.

382 4569 508 4627 Non
541 4566 778 4641 poteris.

927 4679 1343 4720 CALLIMACHUS.

379 4770 494 4824 Cur
524 4764 789 4822 diffiditis
812 4764 839 4818 ?

579 4876 591 4889 ”
1043 4876 1227 4919 AMICI.

378 4964 527 5030 Quia
556 4977 678 5018 rem
707 4958 1007 5017 difﬁcilem
1038 4959 1207 5031 petis.

923 5073 1338 5113 CALLIMACHUS.

374 5160 526 5219 Num
563 5175 667 5234 ego
701 5156 930 5232 primus
985 5155 1329 5226 hujusmodi
1389 5170 1509 5210 rem
1564 5161 1716 5227 peto,
1750 5162 1807 5214 et
1838 5175 1954 5216 non

301 5249 623 5308 multorum
655 5249 727 5305 ad
758 5245 1094 5303 audendum
1126 5247 1471 5315 provocatus
1501 5261 1632 5301 sum
1662 5249 1955 5322 exemplo?

1038 5359 1221 5399 AMICI.

368 5448 631 5516 Intende,
654 5446 947 5502 fraterzea
963 5441 1094 5515 ipsa
1119 5457 1299 5514 quam
1333 5441 1521 5512 ardes,
1554 5444 1743 5502 sancti
1775 5446 1950 5505 Joan-

294 5538 387 5593 nis
407 5534 656 5609 apostoli
678 5534 1007 5590 doctrinam
1038 5533 1450 5599 secuta,totam
1476 5547 1538 5588 se
1561 5532 1789 5593 devovit
1810 5537 1948 5609 Deo,

289 5639 352 5702 in
362 5628 593 5684 tantum
616 5627 681 5677 ut
701 5639 805 5677 nec
819 5623 888 5678 ad
905 5626 1097 5677 torum
1116 5617 1433 5677 Andronici
1459 5619 1951 5687 Christianissimi

2694 3318 3085 3359 CALLIMACHUS
3094 3343 3107 3357 .

2149 3391 2211 3447 Id
2244 3390 2465 3448 scilicet
2494 3392 2651 3464 quod
2681 3396 2738 3448 te
2766 3409 2883 3465 prae
2914 3392 3192 3449 omnibus
3222 3391 3423 3465 diligo.

2743 3497 3033 3538 DRUSIANA
3042 3520 3055 3535 .

2150 3570 2283 3635 Qum
2311 3570 2398 3627 vis
2429 3570 2978 3645 consanguinitatis,
3008 3586 3206 3644 quaeve
3234 3569 3438 3645 legalis
3470 3572 3747 3630 conditio

2079 3657 2471 3716 institutionis
2498 3658 2795 3732 compellit
2824 3663 2881 3715 te
2907 3660 2982 3716 ad
3012 3659 3128 3716 mei
3158 3676 3420 3717 amorem
3438 3660 3468 3716 ‘I

2696 3765 3114 3808 GALLIMACHUS.

2150 3842 2259 3898 Tui
2290 3838 2687 3915 pulchritudo.

2752 3945 3060 3987 DRUSIANA.

2146 4020 2276 4078 Mea
2300 4018 2696 4093 pulchritudo.

2691 4123 3106 4166 GALLIMAGHUS.

2147 4201 2290 4258 Imo.

2752 4302 3036 4345 DRUSIANA
3044 4329 3056 4342 .

2145 4380 2292 4448 Quid
2325 4379 2398 4436 ad
2426 4383 2483 4435 te
2502 4377 2531 4433 Ῡ

2688 4482 3110 4524 CALLIMACHUS.

1984 4582 2030 4646 D
2132 4557 2280 4619 Proh
2303 4556 2792 4614 dolorlhactenus
2815 4556 3165 4629 parum,sed
3201 4571 3369 4629 spero
3401 4554 3558 4627 quod
3584 4554 3737 4613 atti-

2070 4656 2206 4710 neat
2235 4646 2633 4722 postmodum.

2744 4749 3053 4791 DRUSIANA.

2138 4827 2400 4894 Discede,
2431 4823 2685 4894 discede,
2717 4821 2847 4880 leno
2878 4823 3129 4880 nefande
3154 4843 3167 4893 ;
3202 4822 3530 4880 confundor
3561 4821 3728 4877 enim

2066 4920 2287 4979 diutius
2311 4923 2506 4973 tecum
2544 4914 2720 4971 verba
2747 4914 3014 4983 miscere,
3049 4930 3227 4986 quem
3258 4913 3447 4971 sentio
3478 4911 3728 4986 plenum

2064 5008 2354 5067 diabolica
2383 5004 2743 5076 deceptione.

2678 5109 2997 5151 GALLIMACH
3007 5111 3099 5152 US.

2137 5189 2264 5246 Mea
2295 5183 2604 5251 Drusiana,
2634 5200 2704 5239 ne
2735 5181 2981 5255 repellas
3041 5188 3099 5239 te
3149 5186 3445 5240 amantem
3503 5185 3727 5255 tuoque

2063 5276 2247 5337 amori
2278 5274 2625 5332 cordetenus
2658 5271 3060 5343 inhaerentem,
3096 5273 3196 5329 sed
3229 5271 3504 5345 impendo
3535 5271 3726 5326 amori

2061 5368 2269 5425 vicem.

2738 5467 3044 5509 DRUSIANA.

2132 5540 2446 5601 Lenocinia
2474 5543 2576 5595 tua
2604 5539 2981 5612 parvipendo,
3015 5538 3220 5612 tuique
3277 5536 3582 5594 lasciviam
3635 5536 3724 5593 fa-

2063 5634 2261 5704 stidio,
2296 5631 2398 5689 sed
2427 5628 2686 5703 teipsum
2716 5628 2949 5702 penitus
2980 5646 3212 5702 sperno.
