4050 6172
248 305 414 372 10·οὸ

877 456 1266 497 CALLIMACHUS
1277 483 1288 496 .

329 528 531 586 Adhuc
550 546 665 585 non
689 530 874 601 reperi
897 532 1260 587 occasionem
1283 528 1593 597 irascendi;
1612 528 1751 600 quia
1770 528 1912 601 quid

266 634 388 676 mea
416 619 476 674 in
509 622 566 674 te
587 623 724 692 agat
756 618 992 674 dilectio
1023 621 1169 674 forte
1199 618 1496 675 erubescis
1528 617 1716 673 fateri.

933 725 1241 765 DRUSIANA.

331 796 481 852 Nihil
513 794 672 851 aliud
708 797 820 853 nisi
854 797 1337 870 indignationem.

873 904 1291 943 CALLIMACHUS.

330 975 506 1032 Credo
536 979 590 1030 te
619 975 720 1032 25
754 975 906 1032 hanc
936 976 1287 1032 sententiam
1320 979 1609 1031 mutatum
1644 975 1744 1030 ire.

923 1082 1231 1122 DRUSIANA.

330 1155 452 1211 Non
487 1155 726 1211 mutabo
758 1172 862 1227 pro
893 1160 1072 1212 certo.

873 1261 1287 1302 CALLIMACIIUS.

327 1334 514 1390 Forte.

922 1440 1236 1480 DRUSIANA.

321 1514 365 1570 Ο
396 1513 695 1570 insensate
714 1515 773 1568 et
794 1514 1027 1570 amens!
1062 1515 1180 1570 Cur
1210 1513 1431 1569 falleris
1451 1512 1480 1568 ?
1510 1513 1625 1570 Cur
1641 1516 1697 1568 te
1722 1529 1907 1568 vacua

251 1618 351 1676 spe
379 1602 624 1659 illudis?
653 1603 775 1669 Quo
805 1607 996 1674 pacto,
1031 1621 1148 1676 qua
1176 1603 1475 1660 dementia
1504 1603 1649 1658 reris
1674 1619 1769 1658 me
1791 1606 1904 1658 ture

250 1693 453 1750 cedere
484 1692 828 1764 nugacitati,
853 1710 980 1764 quae
1014 1710 1116 1765 per
1145 1693 1404 1749 multum
1438 1692 1721 1765 temporis
1753 1711 1785 1749 a
1824 1691 1904 1748 le-

247 1781 394 1855 galis
424 1786 552 1838 toro
579 1781 686 1837 viri
719 1797 812 1836 me
833 1781 1138 1838 abstinui?

884 1887 1280 1928 CALLIMACHUS

315 1961 470 2018 Proh
496 1961 680 2018 Deum
711 1965 886 2032 atque
922 1961 1231 2018 hominum
1263 1961 1471 2017 ﬁdem!
1523 1961 1572 2017 si
1621 1977 1739 2016 non
1770 1977 1907 2017 eon-

242 2050 525 2119 senseris,
577 2067 692 2106 non
741 2050 1065 2121 quiescam,
1121 2068 1237 2106 non
1285 2050 1593 2118 desistam,
1627 2051 1812 2107 donec
1853 2055 1908 2106 te

237 2139 528 2212 captiosis
559 2138 1012 2196 circumveniam
1043 2139 1297 2196 insidiis.

901 2227 1128 2284 SCENA
1168 2227 1259 2285 IV.

922 2334 1221 2374 DRUSIANA.

310 2407 397 2463 Eh
437 2406 581 2463 heu!
615 2406 859 2463 Domine
889 2407 1029 2464 Jesu
1062 2407 1308 2476 Christe,
1343 2407 1484 2479 quid
1523 2409 1763 2479 prodest
1814 2424 1906 2463 ca-

239 2495 462 2551 stitatis
496 2494 917 2568 professionem
950 2495 1223 2563 subiisse,
1275 2512 1410 2550 cum
1444 2496 1494 2551 is
1527 2513 1730 2552 amens
1779 2512 1909 2552 mea

239 2585 531 2656 deceptus
560 2589 650 2640 est
679 2583 911 2656 specie?
961 2585 1221 2652 Intende,
1272 2584 1538 2653 Domine,
1573 2586 1688 2641 mei
1733 2585 1906 2640 timo-

238 2689 387 2742 rem,
424 2673 672 2729 intende
728 2690 901 2745 quem
960 2673 1150 2745 patior
1199 2673 1484 2730 dolorem.
1528 2675 1677 2740 Quid
1738 2674 1905 2742 mihi,

237 2763 382 2835 quid
444 2763 748 2834 agendum
806 2763 902 2831 sit,
964 2763 1189 2835 ignoro.
1242 2763 1302 2818 Si
1352 2764 1682 2836 prodidero,
1721 2763 1908 2819 civilis

237 2868 344 2924 per
400 2869 505 2908 me
565 2852 664 2907 ﬁet
721 2851 1047 2921 discordia;
1098 2853 1148 2907 si
1197 2852 1455 2908 celavero
1512 2853 1745 2908 insidiis
1790 2853 1909 2909 dia-

235 2942 453 2998 bolicis
507 2941 637 2997 sine
684 2945 741 2997 te
791 2941 1069 3014 refragari
1120 2959 1365 3014 nequeo.
1399 2943 1549 2999 Jube
1598 2959 1692 2998 me
1723 2943 1782 2997 in
1828 2947 1906 3012 te,

234 3031 503 3102 Christe,
538 3029 701 3086 ocius
733 3030 903 3101 mori,
929 3047 1001 3085 ne
1024 3031 1161 3086 {iam
1193 3031 1251 3085 in
1285 3030 1515 3087 ruinam
1548 3031 1793 3088 delicato
1817 3033 1912 3104 ju-

235 3121 396 3177 veni.

882 3226 1269 3266 ANDRONICUS.

300 3299 404 3355 νω
442 3298 598 3356 mihi
633 3299 1020 3355 infortunato!
1074 3301 1154 3355 Ex
1203 3300 1517 3371 improviso
1573 3307 1806 3357 mortua
1850 3318 1911 3357 es

227 3388 562 3446 Drusiana.
596 3388 797 3458 Curro,
824 3393 1215 3460 sanctumque
1245 3390 1532 3446 Joannem
1564 3392 1801 3448 advoco.

891 3517 893 3520 ‹
927 3478 1157 3534 SCENA
1194 3479 1243 3531 V

952 3583 1222 3623 JOANNES.

298 3658 429 3715 Cur
461 3656 724 3714 nimium
747 3656 1545 3726 constristaris,Andronice?
1574 3657 1689 3714 Cur
1720 3659 1912 3717 fluunt

230 3745 570 3822 lacrymaa?

902 3853 1269 3892 ANDRONICUS

298 3927 468 3984 Heu!
517 3924 660 3982 heu!
694 3926 951 3993 domine,
981 3927 1163 3982 taedeo
1193 3926 1323 3981 vitae
1348 3926 1611 3998 proprim.

951 4031 1219 4072 JOANNES.

300 4106 472 4172 Quid
514 4104 773 4177 pateris?

895 4210 1280 4251 ANDRONICUS.

300 4283 642 4352 Drusiana,
666 4283 753 4338 tui
786 4283 1126 4339 assecla.....

953 4388 1202 4428 JOANNES
1212 4415 1223 4426 .

297 4464 503 4520 Estne
539 4460 779 4518 homine
809 4461 1027 4517 exuta?

896 4567 1280 4607 ANDRONICUS.

302 4642 474 4709 Hem
497 4641 514 4696 !
553 4644 664 4697 est.

962 4746 1236 4786 JOANNES.

300 4820 590 4878 Multum
623 4817 989 4875 disconvenit
1019 4824 1084 4875 ut
1115 4836 1218 4891 pro
1251 4819 1344 4874 his
1376 4821 1699 4876 fundantur
1736 4823 1920 4897 laery-

219 4928 366 4981 mm,
390 4926 668 4983 quorum
700 4908 928 4964 animas
960 4910 1258 4964 credimus
1289 4908 1468 4963 laetari
1503 4911 1559 4964 in
1593 4913 1811 4983 requie.

901 5013 1286 5054 ANDRONICUS.

1211 306 1624 369 COMOEleE
1669 305 1840 366 SEX.
1889 339 1968 349 -—
2011 305 2118 379 ΙΙΙ.
2168 308 2723 372 CALLIMACHUS

1934 451 1991 516 Α

3519 318 3675 380 1006

2685 462 3034 505 ANDRONICUS.

2091 529 2336 602 Agnovi,
2373 529 2600 602 tibique
2631 533 2960 606 enueleam,
2993 538 3042 592 si
3077 538 3311 610 quando
3343 556 3412 595 ex
3441 538 3683 596 tristitia

2021 617 2132 674 hac
2162 617 2591 675 convalescam.

2727 731 2974 772 JOANNES.

2089 798 2477 867 Accedamus,
2503 802 2928 875 exsequiasque
2955 805 3267 878 diligenter
3296 805 3682 864 celebremus.

2680 910 3030 950 ANDRONICUS.

2091 975 2458 1030 Marmorum
2517 977 2577 1032 in
2621 979 2885 1051 proximo
2935 981 3271 1054 sepulcrum
3320 984 3589 1054 habetur,
3625 985 3686 1042 in

2021 1065 2177 1134 quod
2230 1065 2422 1119 funus
2473 1072 2755 1137 ponatur;
2804 1071 3195 1143 servandique
3241 1089 3382 1128 cura
3433 1073 3688 1146 sepulcri

2024 1151 2352 1209 Fortunato
2387 1159 2585 1212 nostro
2617 1156 2986 1230 relinquatur
3015 1161 3398 1232 procuratori.

2730 1267 2976 1304 JOANNES.

2088 1332 2267 1388 Decet
2296 1336 2365 1388 ut
2395 1335 2721 1393 tumuletur
2752 1336 3262 1396 honorifice.Deus
3293 1339 3548 1400 laetificet
3569 1345 3691 1402 ani-

2017 1436 2176 1478 mam
2207 1421 2271 1476 in
2307 1425 2529 1495 requie.

2675 1515 2904 1573 SCENA
2942 1518 3035 1574 VI.

2668 1623 3027 1663 CALLIMACHUS
3037 1650 3047 1661 .

2085 1691 2232 1756 Quid
2265 1691 2384 1759 fiet,
2420 1693 2752 1763 Fortunate,
2805 1697 2946 1770 quia
2989 1713 3094 1752 nec
3142 1703 3329 1754 morte
3373 1699 3677 1756 Drusianae

2014 1780 2268 1836 revocari
2301 1797 2544 1852 possum
2580 1784 2652 1839 ab
2686 1784 2930 1840 amore?

2670 1890 3029 1930 FORTUNATUS.

2091 1958 2443 2016 Miserabile.

2660 2068 3036 2108 GALLIMACHUS.

2090 2137 2263 2194 Pereo
2293 2138 2407 2194 nisi
2439 2156 2532 2196 me
2565 2140 2802 2211 adjuvet
2831 2145 2935 2196 tua
2963 2141 3278 2198 industria.

2661 2249 3019 2287 FORTUNATUS.

2089 2318 2154 2371 In
2187 2333 2302 2388 quo
2335 2334 2578 2390 possum
2614 2320 2933 2391 adjuvare?

2661 2426 3036 2466 CALLIMACHUS.

2090 2495 2153 2549 In
2187 2512 2252 2552 eo
2286 2501 2351 2551 ut
2379 2496 2466 2551 vel
2497 2502 2792 2552 mortuam
2825 2513 2918 2553 me
2950 2497 3129 2553 facias
3160 2499 3373 2555 videre.

2666 2603 3024 2642 FOBTUNATUS.

2089 2673 2311 2746 Corpus
2342 2674 2532 2729 adhuc
2564 2675 2858 2746 integrum
2890 2679 3108 2742 manet,
3138 2679 3204 2730 ut
3235 2675 3538 2747 reor,quia
3567 2677 3668 2733 20

2018 2779 2132 2817 non
2165 2761 2445 2834 languore
2477 2779 2739 2832 exesum,
2771 2763 2872 2818 sed
2908 2762 3038 2834 levi,
3073 2766 3137 2819 ut
3165 2764 3554 2835 experiebare,
3592 2766 3669 2818 fe-

2018 2850 2119 2905 bre
2150 2856 2239 2907 est
2268 2849 2550 2906 solutum.

2657 2959 3032 2998 CALLIMACIIUS.

2092 3028 2136 3084 Ο
2169 3046 2264 3085 me
2295 3028 2540 3099 felicem,
2577 3030 2625 3084 si
2660 3047 2922 3101 unquam
2953 3029 3273 3103 experirer!

2668 3134 3028 3175 FORTUNATUS.

1933 3209 1976 3276 C
2086 3207 2144 3262 Si
2177 3207 2434 3279 placabis
2467 3208 2830 3277 muneribus,
2859 3209 3070 3264 dedam
3103 3208 3248 3264 illud
3281 3208 3397 3264 tuis
3429 3210 3660 3266 usibus.

2663 3315 3039 3354 CALLIMACIIUS.

2093 3388 2227 3451 Quae
2256 3385 2316 3440 in
2349 3386 2620 3457 przesenti
2644 3386 2716 3441 ad
2740 3404 2951 3442 manus
2980 3387 3163 3443 habeo
3191 3387 3426 3444 interim
3449 3387 3667 3461 accipe,

2023 3491 2127 3532 nec
2156 3475 2390 3531 diffidas
2422 3480 2477 3532 tc
2504 3475 2689 3531 multo
2721 3477 2947 3547 majora
2977 3480 3352 3548 accepturum
3386 3477 3525 3533 fore.

2669 3582 3023 3620 FORTUNA'I‘US.

2092 3654 2310 3710 Eamus
2336 3653 2468 3710 cito.

2662 3768 3034 3807 CALLIMACHUS.

2094 3845 2158 3898 In
2193 3858 2285 3898 me
2317 3858 2432 3898 non
2464 3841 2574 3897 erit
2596 3855 2779 3896 mora.

2186 3953 2189 3956 ·
2654 3929 2882 3984 SCENA
2919 3927 3035 3983 VII.

2721 4035 2943 4074 JOANNES
2954 4060 2966 4071 .

2094 4112 2270 4167 Eecce
2301 4127 2511 4182 corpus
2547 4125 2558 4161 :
2594 4125 2698 4163 nec
2728 4107 2901 4163 facies
2933 4107 3298 4177 cadaverosa,
3333 4123 3437 4164 nec
3482 4125 3674 4166 mem-

2025 4197 2133 4257 bra
2162 4204 2302 4256 sunt
2330 4199 2563 4265 tabida;
2600 4200 2762 4252 utere
2792 4201 2858 4251 ut
2888 4195 3049 4252 libet.

2663 4304 3036 4342 οΑιιιΜΑοιιυε.

2097 4383 2140 4437 0
2172 4379 2480 4444 Drusiana,
2514 4376 2822 4444 Drusiana,
2854 4393 2968 4448 quo
2999 4376 3206 4431 affectu
3239 4377 3430 4433 cordis
3481 4382 3554 4433 te
3579 4394 3673 4434 co-

2026 4471 2131 4535 lui,
2163 4485 2280 4541 qua
2310 4464 2643 4524 sinceritate
2678 4464 3005 4520 dilectionis
3027 4468 3082 4520 te
3111 4463 3332 4520 viscera
3357 4468 3530 4522 tenus
3559 4483 3678 4522 am-

1949 4584 1994 4647 D
2026 4559 2293 4647 plexatus
2335 4556 2454 4647 fui!
2481 4556 2580 4647 fit
2630 4558 2977 4647 tu_semper
3025 4553 3494 4647 abjecisti,meis
3531 4557 3681 4613 votis

2026 4645 2448 4705 contradixisti.
2481 4644 2648 4699 Nunc
2707 4642 2766 4696 in
2824 4659 2954 4698 mea
3008 4642 3190 4697 situm
3247 4646 3337 4698 est
3392 4647 3679 4716 potestate

2032 4735 2414 4810 quantislibet
2443 4732 2676 4805 injuriis
2710 4736 2765 4785 te
2794 4730 2968 4785 velim
3001 4729 3304 4786 lacessere.

2679 4837 3038 4874 FORTUNATUS.

2101 4914 2194 4982 At,
2220 4913 2305 4969 at!
2342 4909 2638 4968 horribilis
2669 4924 2910 4980 serpens
2941 4907 3165 4964 invadit
3195 4925 3320 4965 nos.

2670 5012 3045 5053 CALLIMACIIUS.

2103 5093 2201 5147 Hei
2237 5088 2416 5145 mihi!
2455 5089 2785 5152 Fortunate,
2818 5102 2922 5141 cur
2943 5103 3034 5142 me
3066 5087 3383 5159 decepisti?
3433 5088 3550 5144 Cur
3588 5089 3682 5144 de-

2035 5179 2304 5237 testabile
2335 5177 2526 5233 scelus
2549 5174 2933 5247 persuasisti?
2965 5175 3140 5244 En,tu
3163 5177 3431 5233 morieris
3453 5195 3684 5249 serpen-

2035 5273 2110 5326 tis
2140 5268 2397 5333 vulnere,
2424 5270 2481 5319 et
2501 5281 2606 5336 ego
2637 5263 2989 5318 commorior
3019 5281 3135 5336 prae
3165 5264 3391 5321 timore.

2650 5350 2878 5406 SCENA
2915 5351 3063 5407 VIII.

2747 5458 2989 5500 JOANNES.

2099 5535 2480 5601 Accedamus,
2527 5527 2874 5599 Andronice,
2908 5531 2979 5585 ad
3028 5530 3325 5588 tumulum
3356 5533 3681 5610 Drusianae,

2033 5645 2146 5702 quo
2181 5625 2437 5683 animam
2468 5620 2697 5677 Christo
2729 5621 3211 5679 commendemus
3243 5636 3431 5697 prece.

297 5091 444 5145 Non
485 5085 760 5143 dubitem
785 5082 928 5142 licet
960 5086 1123 5158 quin,
1159 5090 1224 5140 ut
1254 5086 1492 5151 asseris,
1525 5087 1724 5144 anima
1754 5095 1922 5146 aeter-

215 5178 464 5237 naliter
497 5176 734 5232 lmtetur
765 5191 1095 5248 corpusque
1127 5177 1477 5248 quandoque
1517 5176 1920 5251 incorruptum

216 5265 793 5334 resuscitetur,hoc
814 5270 1011 5321 tamen
1036 5282 1128 5320 me
1149 5264 1523 5320 vehementer
1553 5267 1923 5340 exurit,quod

216 5357 366 5431 ipsa
402 5371 515 5410 me
554 5359 841 5424 praesente
872 5359 1119 5410 mortem
1154 5358 1218 5408 ut
1250 5353 1548 5408 adveniret
1567 5356 1820 5424 optando
1844 5358 1925 5413 in-

214 5446 474 5503 vitavit.

961 5550 1209 5589 JOANNES
1220 5578 1230 5588 .

293 5619 649 5699 Agnostin’
682 5637 919 5679 causam
937 5623 964 5678 ?
