4044 6176
260 348 416 411 1009

901 498 1277 541 (ιλιιικηηιῖε.

328 572 693 630 Nullatenus.
711 573 870 631 Licet
898 591 1011 631 non
1045 573 1327 631 defuisset
1354 571 1500 632 velle
1530 572 1905 650 possibilitas.

255 666 452 720 tamen
483 663 725 720 omnino
752 663 938 720 defuit
967 680 1158 737 posse.

958 771 1204 811 JOANNES.

327 846 450 911 Quo
483 847 653 915 pacto
687 842 1147 915 impediebaris?

895 946 1120 991 CALLIMA
1129 951 1278 989 CIIUS.

323 1023 397 1078 Ut
440 1020 697 1093 primum
749 1021 1027 1078 distracto
1080 1023 1337 1095 tegmine
1386 1021 1660 1077 conviciis
1692 1021 1909 1077 tentavi

252 1113 538 1170 lacessere
568 1127 779 1184 corpus
811 1110 1097 1175 examine,
1132 1110 1241 1166 iste
1275 1112 1649 1178 Fortunatus,
1687 1110 1786 1182 qui
1819 1109 1907 1165 fo—

256 1219 381 1258 mes
412 1199 553 1256 mali
579 1203 637 1255 et
665 1200 931 1257 incentor
955 1198 1195 1268 exstitit,
1240 1199 1593 1273 scrpentinis
1634 1198 1906 1272 perfusus

253 1289 494 1348 venenis
523 1289 716 1363 periit.

908 1396 1231 1437 ANDBONICUS
1240 1420 1251 1434 .

326 1470 370 1527 0
398 1469 617 1527 factum
642 1468 789 1525 bene
811 1469 823 1524 ι

894 1574 1268 1615 ωιιηίλειιυδ.

325 1648 468 1706 Mihi
498 1651 697 1705 autem
727 1647 1001 1720 apparuit
1038 1646 1273 1719 juvenis
1320 1651 1558 1719 aspectu
1606 1644 1904 1713 terribilis,

256 1739 356 1812 qui
389 1739 683 1794 detectum
715 1752 928 1808 corpus
958 1736 1276 1792 honoriﬁce
1296 1736 1534 1803 texit,ex
1553 1736 1725 1807 cujus
1747 1736 1908 1790 ﬂam-

253 1845 385 1885 mea
414 1825 560 1883 facie
585 1825 905 1882 candentes
934 1824 993 1880 in
1027 1826 1267 1881 bustum
1299 1823 1567 1880 scintillas
1614 1823 1905 1880 transilie-

251 1918 416 1984 bant,
451 1930 706 1988 quarum
735 1930 854 1970 una
884 1911 1151 1969 resiliens
1182 1913 1329 1968 mihi
1362 1913 1421 1968 in
1452 1912 1661 1968 faciem
1696 1912 1912 1967 fereba-

251 2012 370 2074 tur,
405 2002 702 2076 simulque
730 2018 836 2058 vox
866 2003 1018 2057 facta
1046 2006 1135 2058 est
1164 2001 1365 2057 dicens
1400 2018 1412 2056 :
1448 1999 1912 2070 Callimache,m0‘

252 2110 374 2152 rere
402 2102 464 2151 ut
491 2092 681 2149 vivas!
714 2090 817 2148 His
846 2090 1040 2158 dictis,
1074 2089 1349 2164 expiravi.

960 2197 1206 2237 JOANNES.

328 2274 488 2346 Opus
518 2270 773 2329 cmlestis
800 2268 1020 2344 gratiae,
1055 2285 1182 2341 qua:
1215 2286 1331 2326 non
1362 2268 1687 2325 delectatur
1716 2267 1775 2323 in
1808 2268 1912 2323 im-

258 2362 491 2436 piorum
522 2358 866 2434 perditione.

901 2460 1276 2504 (ιΑιιῐΜΛεΒυς.

332 2537 559 2595 Audisti
590 2535 888 2593 miseriam
917 2552 1058 2593 meae
1088 2534 1453 2608 perditionis,
1488 2534 1606 2591 noli
1642 2533 1913 2607 elongare

265 2626 561 2685 medelam
585 2629 697 2682 tua:
728 2624 1144 2681 miserationis.

958 2731 1204 2771 JOANNES.

337 2807 463 2862 Non
495 2804 798 2879 elongabo.

904 2910 1276 2949 CALLIIACHUS.

332 2985 480 3041 Nam
522 2982 771 3038 nimium
805 2982 1150 3051 confundor,
1185 2982 1531 3037 cordelenus
1579 2978 1909 3047 contristor,

263 3074 484 3143 anxior,
519 3090 708 3147 gemo,
741 3072 905 3129 doleo
937 3089 1114 3143 super
1142 3070 1301 3144 gravi
1332 3070 1630 3143 impietate
1661 3084 1811 3125 mea.

969 3178 1211 3218 JOANNES.

332 3253 452 3308 Nec
478 3251 791 3319 immerito,
826 3250 1043 3322 quippe
1072 3264 1243 3322 grave
1268 3248 1546 3305 delictum
1590 3248 1747 3305 haud
1791 3247 1914 3304 leve
1942 3234 1985 3301 C

262 3340 645 3415 pmnitudinis
676 3342 973 3412 exspeth
1003 3338 1350 3394 remedium.

904 3445 1280 3484 CALLIMACIIUS.

332 3520 380 3576 0
406 3519 635 3575 utinam
667 3522 1064 3574 reserarentur
1092 3520 1317 3575 secreta
1338 3514 1604 3572 meorum
1620 3516 1911 3573 viscerum

260 3607 528 3676 latibula,
563 3624 678 3681 quo
705 3606 943 3663 interim
993 3606 1446 3663 amaritudinem
1494 3622 1673 3678 quam
1724 3606 1913 3678 patior

262 3697 480 3755 doloris
508 3695 886 3770 perspiceres,
919 3698 978 3750 et
1000 3694 1222 3751 dolenti
1253 3693 1620 3751 condoleresl

967 3800 1214 3840 JOANNES.

331 3876 680 3950 Congaudeo
710 3873 1052 3946 hujusmodi
1083 3872 1439 3946 dolori,quia
1458 3872 1645 3929 sentio
1674 3877 1731 3931 tc
1761 3872 1914 3931 salu-

264 3967 447 4023 briter
476 3962 828 4021 contristari.

906 4068 1279 4108 ωιιιωιοηυε.

332 4145 531 4201 Tzedet
556 4159 650 4199 me
679 4141 889 4215 prioris
926 4141 1080 4210 vitm,
1132 4142 1306 4199 tmdet
1350 4141 1752 4199 delectationis
1795 4142 1912 4198 ini-

262 4251 411 4308 qam.

970 4336 1215 4377 JOANNES.

332 4413 450 4469 Nec
480 4410 716 4482 injuria.

273 4558 288 4572 ,
904 4515 1274 4555 ωιιιωοηυε.

333 4590 693 4660 Pamitetque
723 4586 938 4644 delicti.

971 4694 1195 4733 JOAN‘NES

331 4769 404 4825 Et
434 4768 665 4824 merito.

897 4873 1251 4913 CALLIIACIIUS
1261 4900 1274 4911 .

328 4945 613 5020 Displicet
643 4962 817 5002 omne
848 4946 1004 5019 quod
1054 4945 1161 5002 feci
1209 4946 1271 4999 in
1317 4949 1573 5015 tantum,
1608 4952 1673 5003 ut
1710 4947 1911 5005 nullus

259 5054 449 5105 amor,
497 5033 659 5091 nulla
704 5032 974 5106 voluptas
1023 5034 1102 5090 sit
1152 5032 1401 5100 vivendi,
1434 5035 1547 5091 nisi
1581 5040 1822 5094 renatus
1852 5037 1912 5094 in

257 5125 486 5182 Christo
518 5140 743 5181 merear
770 5122 830 5179 in
860 5122 1075 5180 melius
1103 5122 1508 5179 transmutari.

962 5226 1209 5268 JOANNES.

330 5303 457 5366 Non
500 5302 706 5359 dubito
751 5300 893 5375 quin
944 5317 1200 5373 superna
1227 5299 1416 5373 gratia
1444 5300 1505 5356 in
1529 5304 1585 5357 te
1616 5305 1910 5374 appareat.

894 5408 1277 5467 annuimus.

334 5484 466 5539 Ideo
489 5497 561 5539 ne
582 5482 929 5551 moreris,ne
958 5481 1254 5555 pigriteris
1282 5482 1506 5538 lassum
1529 5481 1913 5554 erigere,mcn-

258 5574 485 5629 rentem
518 5569 1017 5627 consolationibus
1064 5569 1303 5626 attolere
1333 5571 1455 5638 ω,
1490 5586 1607 5642 quo
1646 5574 1747 5627 tuo
1779 5586 1907 5626 mo-

259 5660 414 5727 nitu,
444 5664 545 5716 tuo
577 5658 934 5732 magisterio,
969 5676 1003 5715 a
1039 5658 1239 5729 gentili
1290 5658 1351 5715 in
1404 5658 1824 5727 Christianum,
1877 5677 1911 5715 a

1204 348 1618 413 COMCEDIJE
1666 350 1837 411 SEX.
1884 383 1963 393 -—-
2003 348 2111 411 IlI.
2157 348 2729 412 CALLIMACHUS.

1940 483 1995 551 Α
2026 500 2249 558 nugace
2279 482 2339 539 in
2369 487 2598 541 castum
2627 486 3057 540 transmutatus
3086 479 3299 552 virum,
3326 485 3544 556 tuoque
3569 485 3673 540 du-

3515 347 3673 413 1010

2019 577 2152 630 catu
2183 573 2458 630 semitam
2490 572 2776 645 arripiens
2806 571 3085 642 veritatis,
3118 570 3305 629 vivam
3329 572 3501 643 juxta
3532 571 3670 628 divi-

2018 679 2105 718 nae
2136 662 2493 736 praeconium
2524 660 2954 735 promissionis.

2726 768 2971 808 JOANNES.

2090 841 2400 897 Benedicta
2419 841 2496 896 sit
2519 840 2692 896 unica
2711 840 3018 912 Progenies
3036 839 3668 913 Divinitatis,idemque

2017 930 2307 1003 particeps
2337 934 2548 986 nostra:
2582 929 2938 1002 fragilitatis,
2964 928 3063 1001 qui
3093 928 3258 997 te,fili
3290 928 3664 999 Callimacho,

2016 1020 2306 1093 parcendo
2336 1017 2549 1075 occidit
2578 1022 2636 1074 et
2663 1018 2978 1074 occidendo
3009 1017 3335 1084 vivificavit,
3352 1034 3465 1090 quo
3491 1035 3665 1075 suum

2015 1108 2245 1182 plasma
2274 1108 2480 1164 mortis
2511 1107 2704 1181 specie
2736 1108 2808 1162 ab
2840 1107 3081 1162 interitu
3128 1105 3402 1162 liberaret
3433 1106 3661 1163 animas.

2654 1209 3031 1254 ANDRONICUS.

2087 1289 2202 1346 Res
2229 1286 2486 1354 insolita,
2520 1286 2798 1360 omnique
2830 1284 3217 1343 admiratione
3246 1283 3449 1360 digna!

2715 1394 2957 1434 JOAN’NES.

2088 1469 2132 1526 0
2161 1468 2412 1540 Christe,
2443 1467 2649 1524 mundi
2682 1466 3025 1539 redemptio,
3051 1468 3108 1520 et
3132 1468 3503 1538 peccatorum
3534 1483 3668 1538 pro-

2015 1558 2263 1632 pitiatio,
2297 1557 2571 1631 qualibus
2600 1556 2845 1612 laudum
2880 1554 3185 1627 prazconiis
3216 1559 3273 1610 te
3304 1553 3481 1611 talem
3513 1554 3667 1612 cele-

2015 1647 2179 1704 brem
2210 1647 2714 1721 ignoro.Expaveo
2743 1644 2829 1701 tui
2861 1644 3173 1718 benignam
3207 1643 3579 1700 clementiam
3610 1649 3669 1701 et

2015 1736 2361 1793 clementem
2395 1734 2868 1808 patientiam,qui
2902 1737 3209 1807 peccantes
3238 1749 3393 1789 nunc
3424 1736 3665 1805 paterno

2015 1835 2178 1882 more
2209 1824 2510 1881 tolerando
2541 1822 2849 1889 blandiris,
2874 1838 3030 1877 nunc
3050 1823 3214 1893 justa
3246 1820 3549 1878 severitate
3580 1840 3669 1879 ca-

2020 1914 2290 1988 stigando
2324 1914 2397 1969 ad
2430 1911 2833 1985 paenitentiam
2865 1910 3044 1983 cogis.

2656 2014 3027 2057 ANDRONICUS.

2058 2130 2063 2135 ι
2094 2095 2247 2150 Laus
2277 2092 2406 2164 ejus
2437 2091 2643 2148 divina:
2674 2089 2895 2163 pietati.

2714 2193 2977 2238 JOANNES.

2092 2274 2233 2340 Quis
2265 2273 2505 2330 auderet
2525 2270 2989 2341 credere,quisve
3012 2272 3672 2343 praesumeret,sperare,

2022 2367 2089 2419 ut
2116 2362 2295 2430 hunc,
2328 2376 2503 2433 quem
2538 2358 2871 2429 criminosis
2903 2358 3199 2414 intentum
3221 2357 3381 2414 vitiis
3403 2374 3563 2414 mors
3594 2359 3676 2415 in-

2019 2451 2177 2508 venit
2204 2455 2264 2506 et
2293 2451 2593 2507 inventum
2624 2447 2889 2518 abstulit,
2920 2446 3006 2502 tui
3053 2446 3350 2502 miseratio
3381 2448 3452 2503 ad
3492 2448 3673 2505 vitam

2020 2542 2291 2609 excitare,
2326 2540 2397 2596 ad
2430 2538 2659 2596 veniam
2691 2537 3034 2610 dignaretur
3072 2536 3378 2607 reparare?
3428 2536 3515 2593 Sit
3565 2556 3673 2595 no-

2022 2646 2158 2687 men
2188 2632 2357 2684 tuum
2390 2630 2660 2683 sanetum
2693 2625 3064 2681 benedictum
3097 2624 3154 2678 in
3189 2622 3419 2692 saecula,
3439 2625 3539 2698 qui
3573 2643 3671 2683 so-

2021 2720 2116 2776 lus
2145 2718 2287 2775 facis
2320 2716 2614 2788 stupenda
2643 2712 2957 2771 mirabilia.

2660 2815 3031 2860 ANDRONICUS.

2093 2899 2216 2967 Eia,
2249 2900 2448 2953 sancte
2477 2895 2752 2961 Joannes,
2787 2896 2843 2948 et
2872 2909 2964 2947 me
2996 2890 3283 2948 consolari
3329 2909 3400 2948 ne
3448 2894 3665 2948 tardes.

2021 2989 2168 3046 Nam
2202 2984 2528 3058 coniugalis
2549 2999 2713 3039 amor
2735 2982 3035 3037 Drusiamn
3060 2998 3249 3038 meam
3271 2982 3427 3037 haud
3451 2981 3671 3054 patitur

2024 3081 2281 3134 mentem
2313 3073 2654 3140 consistere,
2687 3071 2799 3127 nisi
2851 3074 2907 3127 et
2957 3071 3145 3143 ipsam
3194 3070 3545 3142 quantocius
3592 3070 3672 3125 vi-

2025 3168 2193 3231 deam
2226 3166 2618 3221 resurrectum
2640 3160 2743 3217 ire.

2718 3263 2978 3307 JOANNES.

2092 3344 2405 3412 Drusiana,
2436 3342 2744 3398 resuscitet
2774 3345 2828 3395 te
2859 3341 3144 3396 Dominus
3175 3340 3348 3396 Jesus
3378 3338 3668 3396 Christus.

2697 3444 2991 3488 DRUSIANA.

2092 3525 2246 3581 Laus
2276 3527 2334 3581 et
2362 3523 2550 3579 honor
2578 3520 2704 3588 tibi,
2737 3520 2986 3587 Christe,
3019 3519 3119 3592 qui
3152 3535 3245 3574 me
3282 3517 3470 3575 fecisti
3521 3518 3671 3575 revi-

2018 3614 2260 3670 viscere.

2639 3712 3049 3755 CALLIMACIIUS.

2093 3789 2406 3864 Sospitatis
2436 3787 2657 3845 auctori
2688 3791 2902 3859 grates,
2950 3786 3049 3857 qui
3083 3790 3160 3857 te,
3190 3801 3321 3840 mea
3358 3784 3667 3852 Drusiana,

2021 3895 2325 3954 resurgere
2355 3878 2516 3934 dedit
2546 3878 2604 3932 in
2637 3875 2857 3945 laetitia,
2889 3892 3016 3947 qua:
3048 3874 3207 3947 gravi
3258 3889 3391 3928 cum
3433 3872 3672 3930 tristitia

2022 3970 2117 4027 die
2149 3967 2488 4042 fungebaris
2517 3970 2794 4023 extrema.

2696 4069 2994 4112 BBUSIANA.

2092 4149 2268 4205 Decet
2297 4148 2383 4203 tui
2414 4146 2810 4216 sanctitatem,
2843 4144 3170 4200 venerande
3199 4143 3366 4199 Pater
3392 4143 3671 4213 Joannes,

2022 4241 2088 4294 ut
2118 4236 2460 4294 resuscitato
2492 4234 2868 4301 Callimacho,
2902 4232 3002 4305 qui
3053 4249 3146 4289 me
3199 4231 3397 4289 illicite
3434 4232 3673 4300 amavit,

2022 4331 2079 4383 et
2110 4327 2264 4383 hunc
2297 4324 2735 4396 resuscites,qui
2759 4323 2874 4379 mei
2894 4323 3155 4396 proditor
3184 4322 3405 4379 funeris
3426 4324 3671 4380 exstitit.

2641 4426 3055 4471 οΔιιιιιΑοιισε.
3393 4429 3400 4437 ”

2039 4510 2043 4515 ’
2096 4506 2180 4562 Nc
2208 4506 2455 4578 dignum
2486 4505 2688 4573 ducas,
2712 4502 2926 4558 Christi
2958 4501 3401 4575 apostole,hunc
3423 4503 3676 4575 prodito-

1939 4610 1986 4674 D
2022 4613 2167 4664 rem,
2196 4595 2353 4650 hunc
2384 4592 2817 4649 malefactorem
2866 4611 2899 4648 a
2944 4592 3193 4648 vinculis
3243 4592 3448 4649 mortis
3480 4592 3672 4649 absol-

2020 4701 2172 4753 vere,
2207 4684 2306 4756 qui
2340 4698 2433 4738 me
2465 4682 2713 4754 decepit,
2746 4699 2840 4738 me
2891 4682 3138 4749 seduxit,
3191 4697 3399 4753 meque
3448 4682 3521 4738 ad
3568 4699 3669 4739 au-

2022 4774 2282 4831 dendum
2312 4771 2591 4829 horribile
2622 4771 2849 4827 facinus
2881 4769 3229 4843 provocavit.

2710 4873 2971 4917 JOARNES.

2091 4953 2217 5009 Non
2239 4952 2419 5008 debes
2447 4949 2532 5006 illi
2564 4949 2821 5005 invidere
2836 4948 3083 5023 gratiam
3104 4949 3309 5005 divinae
3327 4949 3666 5007 clementiae.

2662 5055 3011 5095 CALLIMACHUS
3020 5079 3031 5092 .

2093 5130 2220 5186 Non
2250 5132 2339 5185 est
2366 5126 2521 5183 enim
2570 5125 2783 5199 dignus
2831 5127 3274 5191 resurrectione,
3322 5127 3422 5200 qui
3472 5133 3676 5187 auctor

2025 5217 2249 5275 exstitit
2277 5215 2623 5289 perditionis
2654 5214 2875 5272 alienae.

2720 5319 2897 5363 10AM!
2903 5319 2982 5362 ES.

2095 5396 2210 5452 Lex
2236 5398 2446 5452 nostra:
2478 5393 2776 5466 religionis
2803 5395 2989 5462 docet,
3025 5399 3090 5451 ut
3118 5395 3294 5451 homo
3325 5396 3551 5452 homini
3592 5398 3675 5452 di-

2022 5483 2225 5554 mittit,
2257 5483 2306 5540 si
2337 5484 2461 5556 ipse
2489 5484 2592 5540 30
2623 5501 2657 5539 a
2687 5483 2803 5539 Deo
2835 5482 3051 5538 dimitti
3080 5484 3317 5539 ambiat.

2661 5585 3030 5629 ANDRONICUS.

2089 5662 2120 5719 J
2127 5666 2348 5719 ustum.
