4052 6180
348 279 494 340 1011

1035 425 1297 467 ιοΑΝΝεε.

416 502 660 568 Quando
690 501 865 556 etiam
895 500 995 556 Dei
1028 500 1394 572 Unigenitus,
1429 501 1700 572 idemque
1742 501 2001 574 Virginis

346 590 794 662 primogenitus,
827 589 926 660 qui
960 589 1120 644 solus
1151 588 1630 656 innocens,solus
1664 590 2002 646 immacula-

345 685 464 747 tus,
498 679 659 736 solus
689 679 815 734 sine
844 677 1062 733 veterni
1096 679 1266 733 sorde
1298 678 1492 734 delicti
1515 679 1574 734 in
1607 681 1895 736 mundum
1915 699 2002 737 ve-

345 771 455 838 nit,
485 785 690 824 omnes
720 768 830 823 su'b
862 766 1021 840 gravi
1060 784 1234 822 onere
1282 768 1504 838 peccati
1552 769 1858 841 depressos
1910 770 2000 826 in-

343 858 517 916 venit.

983 959 1358 1004 ANDRONICUS.

412 1037 653 1094 Verum.

1043 1139 1306 1183 JOANNES.

413 1216 647 1274 Scilicet
677 1215 903 1270 nullum
926 1215 1182 1286 justum,
1215 1215 1442 1272 nullum
1477 1217 1878 1274 misericordia
1907 1217 1994 1274 in-

339 1306 563 1362 veniret
592 1305 857 1377 dignum,
893 1303 1186 1360 neminem
1219 1310 1415 1362 tamen
1448 1307 1683 1377 sprevit,
1701 1308 1996 1364 neminem

345 1412 461 1451 suae
493 1395 680 1466 gratia
710 1393 942 1465 pietatis
974 1393 1240 1465 privavit,
1277 1396 1376 1450 sed
1411 1395 1670 1466 seipsum
1719 1396 1996 1454 omnibus

342 1483 605 1546 tradidit.
648 1482 857 1554 suique
915 1481 1187 1538 dilectam
1247 1485 1504 1540 animam
1565 1503 1666 1556 pro
1718 1487 1994 1543 omnibus

344 1572 559 1647 posuit.

985 1677 1358 1720 ANDRONICUS.

413 1755 472 1810 Si
504 1753 784 1808 innocens
814 1769 930 1808 non
962 1752 1344 1821 occideretur,
1379 1769 1548 1810 nemo
1574 1755 1736 1826 juste
1777 1754 1988 1810 libera-
2021 1795 2070 1860 Β

343 1846 522 1900 retur.

1036 1945 1298 1988 JOANNES.

415 2023 548 2078 Ideo
582 2023 639 2077 in
672 2022 979 2076 hominum
1003 2039 1117 2076 non
1142 2021 1464 2076 delectatur
1484 2023 1992 2094 perditione,quos

345 2128 450 2166 suo
482 2113 711 2181 emptos
742 2109 1012 2164 meminit
1043 2108 1295 2179 pretioso
1326 2110 1630 2181 sanguine.

981 2211 1350 2254 ANDRONICUS.

417 2289 648 2346 Gratias
678 2287 782 2342 illi.

1038 2391 1302 2433 JOANNES.

417 2468 579 2525 Unde
608 2465 739 2522 aliis
787 2465 886 2521 Dei
935 2465 1182 2537 gratiam
1236 2483 1347 2520 non
1398 2467 1680 2521 debemus
1716 2467 1990 2539 invidere,

346 2575 524 2632 quam
555 2574 624 2611 ex
655 2554 832 2610 nullis
860 2554 1328 2626 praecedentibus
1345 2556 1568 2612 meritis
1593 2555 1649 2610 in
1675 2557 1842 2612 nobis
1859 2574 1994 2630 gau-

348 2649 559 2704 demus
589 2643 908 2702 abundare.

965 2747 1372 2790 CALLIMACHUS.

418 2823 700 2884 Terruisti
733 2840 828 2880 me
859 2823 1108 2895 monitu,

1039 2927 1302 2970 JOANNES.

411 3007 492 3064 Ne
521 3009 717 3062 autem
750 3003 868 3058 tuis
897 3002 1096 3058 videar
1126 3002 1294 3058 reniti
1330 3003 1498 3073 votis,
1529 3020 1642 3058 non
1676 3005 1996 3060 suscitetur

343 3114 448 3168 per
479 3112 592 3161 me,
626 3093 727 3149 sed
762 3109 866 3163 per
894 3090 1266 3161 Drusianam,
1301 3092 1440 3162 quia
1488 3093 1560 3146 ad
1607 3093 1716 3148 hoc
1755 3093 1996 3166 implen-

338 3185 482 3240 dum
513 3200 547 3238 a
576 3182 692 3237 Deo
725 3179 948 3250 accepit
972 3178 1245 3250 gratiam.

1011 3283 1310 3325 DRUSIANA.

407 3361 612 3417 Divina
641 3357 1126 3428 substantia,qua3
1150 3373 1280 3412 vere
1303 3362 1359 3412 et
1380 3358 1756 3430 singulariter
1776 3376 1838 3415 es
1863 3361 1988 3416 sine

338 3450 592 3507 materia:
643 3449 850 3517 forma,
905 3463 1029 3517 qua":
1079 3445 1377 3500 hominem
1430 3448 1501 3501 ad
1554 3448 1636 3502 tui
1669 3447 1986 3520 imaginem

335 3538 664 3612 plasmasti,
698 3541 754 3592 et
780 3536 1067 3608 plasmate
1101 3534 1458 3605 spiraculum
1492 3536 1618 3590 vita:
1662 3536 1983 3608 inspirasti,

325 3630 470 3701 jube
500 3625 803 3682 materiale
829 3641 1040 3696 corpus
1072 3624 1372 3679 Fortunati
1406 3627 1644 3682 reducto
1684 3626 1871 3682 calore
1925 3626 1984 3682 in

331 3719 618 3774 viventem
650 3714 908 3770 animam
943 3713 1155 3769 iterum
1191 3714 1515 3785 reformari,
1551 3732 1664 3786 quo
1698 3715 1851 3770 trina
1883 3733 1984 3772 no-

332 3807 436 3862 stri
487 3802 854 3861 resuscitatio
887 3801 991 3857 tibi
1026 3803 1082 3856 in
1117 3801 1351 3857 laudem
1395 3807 1674 3871 vertatur,
1727 3803 1984 3861 Trinitas

328 3895 676 3952 veneranda.

1019 3994 1287 4038 JOANNES.

399 4075 604 4128 Amen.

987 4173 1281 4215 DRUSIANA.

398 4248 828 4321 Expergiscere,
853 4248 1168 4302 Fortunate
1218 4253 1276 4302 et
1314 4249 1488 4319 jussu
1521 4247 1734 4304 Christi
1770 4250 1981 4307 retina-

327 4339 459 4397 cula
490 4337 695 4393 mortis
716 4337 1040 4408 disrumpe.

960 4439 1336 4481 FORTUNATUS.

1149 278 1676 342 HRO'l‘SUlTH/E
1721 279 2099 342 MONIALIS
2147 279 2942 343 GANDERSHEIMENSIS

2021 417 2076 483 A

3614 282 3773 341 1012

2743 427 3125 471 FORTUNATUS.

2182 501 2252 556 Et
2283 517 2388 555 cur
2418 505 2618 556 manet
2647 501 3042 557 Callimachus
3073 501 3232 576 gravi
3262 502 3427 558 vultu
3461 505 3780 560 modestus

2111 607 2215 645 nec
2246 589 2492 662 perfurit
2522 589 2694 646 solito
2725 607 2884 645 more
2916 591 2975 645 in
3009 609 3207 648 amore
3236 592 3584 650 Drusianae?

2804 685 3070 738 JOAIINES.

2181 770 2327 834 Quia
2351 786 2384 824 a
2415 786 2668 842 nequam
2701 770 3024 826 intentione
3054 775 3667 842 transmutatus,vere
3689 778 3787 831 est

2108 857 2324 914 Christi
2360 857 2664 931 disciplus.

2740 960 3118 1004 PORTUNATUS.

2181 1035 2328 1091 Non.

2801 1139 3067 1183 JOANNBS.

2178 1214 2388 1271 Etiam.

2745 1319 3127 1362 FORTUNLTUS.

2178 1395 2260 1462 Si,
2293 1399 2358 1450 ut
2389 1393 2626 1466 asseris,
2660 1395 2949 1450 Drusiana
2980 1412 3073 1451 me
3115 1394 3441 1466 suscitavit,
3488 1401 3546 1452 et
3595 1396 3777 1452 Calli-

2106 1483 2353 1539 machus
2385 1483 2614 1540 Christo
2667 1483 2934 1551 credidit,
2969 1484 3149 1540 vitam
3202 1485 3444 1556 repudio
3493 1490 3781 1542 mortem-

2103 1589 2216 1644 que
2248 1572 2398 1644 eligo
2431 1576 2659 1644 sponte,
2694 1571 2833 1644 quia
2864 1572 3018 1628 male
3042 1590 3157 1629 non
3189 1589 3338 1641 esse,
3364 1589 3542 1645 quam
3579 1573 3638 1629 in
3673 1574 3773 1631 his

2103 1666 2335 1718 tantum
2379 1661 2746 1718 abundanter
2789 1661 3075 1717 virtutum
3125 1660 3375 1734 gratiam
3424 1662 3773 1720 sentiscere.

2793 1765 3056 1808 JOANNBS.

2174 1840 2216 1894 Ο
2248 1839 2594 1895 admiranda
2625 1839 2842 1895 diaboli
2873 1839 3113 1908 invidia,
3147 1857 3179 1896 ο
3213 1839 3439 1896 malitia
3468 1842 3768 1914 serpentis

2104 1930 2351 2005 antiqui,
2385 1929 2483 2001 qui
2508 1933 2564 1985 et
2592 1928 2970 2001 protoplastis
3003 1935 3250 1987 mortem
3281 1931 3378 1987 δι
3427 1931 3774 2003 propinavit

2103 2023 2151 2075 et
2188 2036 2364 2090 super
2383 2020 2684 2089 justorum
2713 2018 2900 2090 gloria
2922 2036 3155 2091 semper
3183 2019 3394 2092 gemit!
3428 2019 3544 2076 Iste
3571 2020 3769 2077 infelio

2103 2106 2379 2163 cissimus
2413 2108 2791 2176 Fortunatus,
2841 2107 3137 2163 diabolicae
3185 2109 3601 2166 amaritudinis
3632 2110 3774 2167 felle

2104 2196 2507 2269 plenissimus,
2546 2200 2923 2268 comparatur
2953 2195 3118 2252 malm
3155 2197 3348 2254 arbori
3379 2215 3619 2255 amaros
3651 2201 3778 2257 fru-

2104 2291 2234 2341 ctus
2267 2284 2518 2340 facienti.
2549 2285 2711 2341 Unde
2741 2285 2971 2341 excisus
3020 2303 3054 2340 a
3096 2285 3340 2359 collegio
3375 2288 3684 2358 justorum
3716 2294 3777 2346 et

2104 2376 2367 2446 abjectus
2400 2392 2433 2429 a
2461 2374 2752 2429 consortio
2787 2374 2966 2430 Deum
3001 2374 3360 2445 timentium,
3393 2375 3670 2433 mittatur
3711 2379 3773 2434 in

2105 2463 2301 2519 aeterni
2354 2463 2550 2535 ignem
2583 2462 2876 2535 supplicii,
2925 2463 3277 2520 cruciandus
3334 2464 3461 2522 sine
3508 2467 3777 2540 alicujus

2103 2552 2532 2608 intermistione
2563 2551 2867 2625 refrigerii.

2742 2654 3117 2698 ANDRONICUS.

2174 2733 2338 2802 Ecce,
2351 2729 2823 2803 turgescentibus
2855 2729 3209 2802 serpentinis
3231 2732 3528 2790 morsibus
3561 2734 3637 2790 ad
3673 2751 3773 2792 oc-

2104 2837 2306 2876 casum
2337 2837 2544 2876 rursus
2573 2817 2833 2892 vergitur
2861 2823 2917 2874 et
2945 2819 3121 2875 citius
3146 2819 3302 2877 dicto
3334 2821 3642 2880 morietur.

2791 2922 3057 2966 JOAINBS.

2177 2999 2476 3066 Moriatur,
2520 2997 2712 3069 sitque
2760 2996 2949 3052 incola
3002 2997 3302 3070 gehennae,
3355 3000 3454 3071 qui
3513 3006 3767 3074 propter

2104 3087 2278 3144 alieni
2310 3085 2586 3143 invidiam
2621 3087 2914 3158 profectus
2946 3087 3235 3143 recusavit
3261 3087 3469 3144 vivere.

2735 3189 2806 3231 AN
2815 3189 2960 3232 DBON
2969 3189 3105 3233 ICUS.

2168 3265 2467 3322 Terribile.

2778 3367 3043 3412 JOANNBS.

2169 3444 2323 3500 Nihil
2354 3444 2673 3502 terribilius
2707 3443 2920 3515 invido,
2954 3443 3098 3501 nihil
3131 3445 3434 3501 scelestius
3467 3447 3764 3516 superbo.

2741 3549 2772 3589 Δ
2782 3548 3111 3591 NDRONICUS.

2169 3625 2422 3696 Uterque
2443 3623 2818 3680 miserabilis.

2789 3728 3052 3771 JOANNBS.

2166 3803 2290 3858 Una
2315 3803 2635 3874 eademque
2666 3819 2916 3875 persona
2947 3808 3195 3874 utroque
3235 3819 3466 3874 semper
3516 3801 3766 3860 laborat

2091 3892 2251 3964 vitio,
2276 3891 2413 3964 quia
2445 3897 2719 3946 neutrum
2753 3891 2879 3947 sine
2910 3892 3112 3948 altero.

2731 3995 3105 4039 ANDRONICUS.

2163 4071 2394 4142 Expone
2426 4069 2814 4126 enucleatius.

2785 4174 3049 4217 JOANNES.

2161 4249 2307 4304 Nam
2338 4248 2437 4320 qui
2469 4249 2750 4319 superbit,
2787 4250 3026 4319 invidet,
3059 4254 3116 4306 et
3144 4250 3242 4322 qui
3275 4249 3511 4318 invidet,
3550 4267 3760 4323 super-

2091 4337 2205 4405 bit;
2241 4338 2378 4409 quia
2411 4354 2576 4392 meus
2609 4338 2829 4409 invida,
2879 4340 3020 4394 dum
3073 4339 3324 4394 alienam
3373 4339 3612 4396 laudem
3648 4357 3758 4396 nec

2088 4427 2311 4498 patitur
2342 4426 2566 4496 audire,
2600 4431 2658 4481 et
2691 4426 2748 4481 in
2781 4428 2872 4482 sui
2907 4429 3342 4500 comparatione
3373 4428 3758 4500 perfectiores

397 4519 536 4586 Quis
584 4532 677 4572 me
726 4515 1090 4588 apprehensa
1135 4531 1311 4570 mauu
1353 4515 1575 4570 erexit?
1607 4517 1746 4582 Quis
1776 4534 1974 4573 vocem
2006 4541 2054 4605 D
2088 4516 2273 4571 ambit
2303 4515 2597 4586 vilescere,
2630 4515 2982 4588 dedignatur
3012 4517 3225 4589 subjici
3266 4517 3663 4590 dignioribus,
3696 4523 3757 4574 et

324 4614 390 4666 ut
419 4623 785 4679 resurgerem
817 4605 978 4661 dedit
1003 4609 1025 4660 Ρ

1017 4707 1283 4750 JOANNES.

394 4785 708 4843 Drusiana.

977 4886 1317 4930 FOTUNATUS.

393 4965 545 5020 Num
579 4980 673 5020 me
703 4961 1007 5020 suscitavit
1037 4963 1370 5019 Drusiana‘?

1026 5065 1271 5108 JOANNES

396 5143 543 5215 Ipsa.

960 5244 1341 5287 FORTUNATUS.

391 5321 593 5377 Nonne
623 5323 758 5376 ante
788 5317 1012 5391 aliquot
1051 5320 1176 5375 dies
1219 5318 1536 5392 improvisa
1567 5323 1754 5374 morte
1787 5320 1973 5375 fuerat

321 5410 711 5482 consumpta?

1014 5512 1275 5556 JOANNES.

389 5591 460 5646 At
488 5588 628 5646 vivit
659 5587 719 5644 in
750 5587 1000 5645 Christo.

2085 4605 2337 4677 superbe
2368 4608 2614 4661 conatur
2642 4606 2897 4676 prmferri
2931 4607 3328 4678 comparibus.

2723 4707 3099 4752 ANDRONICUS.

2159 4783 2339 4839 Patet.

2775 4887 3036 4932 JOANNES.

2157 4961 2320 5017 Unde
2351 4962 2461 5018 iste
2502 4962 2874 5019 miserrimus
2905 4962 3326 5019 vulnerabatur
3355 4967 3568 5034 mente,
3604 4965 3745 5036 quia

2085 5066 2147 5104 se
2175 5048 2268 5104 his
2299 5047 2634 5104 inferiorem
2666 5051 2943 5105 testimari
2998 5069 3113 5106 non
3160 5051 3464 5121 sustinuit,
3496 5051 3556 5106 in
3607 5052 3742 5124 quis

2085 5138 2429 5210 ampliorem
2460 5139 2561 5195 Dci
2592 5139 2842 5213 gratiam
2869 5141 3064 5197 lucere
3094 5159 3210 5198 non
3242 5140 3506 5198 nescivit.

2723 5245 3095 5287 Αιωιιοιηουε.

2153 5317 2318 5373 Nunc
2353 5319 2589 5374 tandem
2621 5319 2881 5392 intelligo
2910 5321 3064 5391 quod
3099 5319 3252 5377 inter
3272 5324 3588 5393 surgentes
3630 5319 3743 5376 mi-

2081 5407 2238 5464 nimc
2268 5411 2357 5463 est
2383 5413 2784 5480 computatus,
2837 5406 2975 5490 quia
3018 5409 3181 5465 ocius
3221 5413 3346 5465 erat
3388 5408 3738 5465 moriturus.

2776 5512 3039 5554 JOANNBS.

2149 5585 2370 5657 Dignus
2403 5589 2492 5641 est
2524 5585 2682 5641 enim
2707 5590 2951 5657 utraque
2975 5591 3182 5659 morte,
3199 5584 3336 5658 quia
3357 5591 3414 5641 et
3437 5599 3741 5643 comman-
