4052 6180
306 308 463 370 1013
1343 311 1758 373 ΟΟΜΟΕΒΙᾹΞ
1802 310 1906 372 ΒΕΖ

2113 309 2214 371 ιν.
2248 309 2660 373 ABRAHAM.
3547 308 3702 375 10M

300 442 698 500 datumfunus
714 438 1707 517 afficiebatinjuria,etresurgentes
1728 443 1949 517 injuste
1978 446 2034 515 Α
2063 443 2265 500 laetitia
2295 461 2560 520 agamus,
2593 444 2811 517 gratias
2862 443 3111 502 ferentes
3149 444 3287 514 Deo,
3320 462 3483 518 aequo
3515 445 3705 518 judici

297 533 698 591 insectabatur
730 531 882 589 odio.
1728 550 1733 551 ί
2059 538 2536 607 secretorumque
2581 534 3004 590 discretissimo
3060 534 3363 608 cognitori,
3399 534 3499 607 qui
3545 533 3707 591 solus

946 639 1309 679 annnomcvs
1584 622 1587 625 ’
2059 622 2259 679 omnia
2289 622 2583 679 subtiliter
2601 622 2962 692 examinans,
2978 623 3177 679 omnia
3192 626 3346 679 recte
3365 623 3707 697 disponens,

367 711 578 770 Infelix
598 714 687 769 est
711 715 1000 769 mortuus.
2061 729 2565 786 unumquemque,
2578 713 2748 785 juxta
2765 714 2922 785 quod
2952 713 3194 785 dignum
3216 713 3543 784 praenoscit,
3557 729 3709 785 pra:-

985 817 1257 859 JOANNES.
2062 802 2200 859 miis
2254 801 2631 876 suppliciisve
2681 802 2925 874 aptabit.
2962 802 3075 874 Ipsi
3125 801 3232 856 soli
3264 802 3469 869 honor,
3500 800 3708 871 virtus,

369 892 1056 965 Recedamus,suumque
1073 890 1302 947 diabolo
1321 890 1507 946 filium
1522 889 1946 962 relinquamus.
2060 890 2362 959 fortitudo,
2395 896 2451 947 et
2472 891 2731 958 victoria,
2765 891 2894 946 laus
2926 895 2982 946 et
3022 889 3297 961 juhilatio
3346 907 3449 963 per
3476 889 3708 947 inﬁnita

293 983 412 1039 Nos
441 985 639 1039 autem
680 980 836 1037 diem
856 980 1060 1049 istum,
1089 984 1147 1036 et
1176 996 1280 1053 pro
1311 979 1580 1035 miranda
1609 978 1949 1037 Callimachi
2061 979 2407 1036 saeculorum
2439 979 2668 1036 saecula.
2700 980 2904 1035 Amen.

296 1071 647 1141 mutatione,
677 1073 735 1126 et
779 1086 884 1142 pro
945 1068 1256 1140 utriusque
1314 1068 1779 1136 resuscitatione,
1815 1084 1950 1126 cum

1927 1422 2059 1530 1V

1464 1648 1585 1718 π
1690 1613 2539 1788 ΑΒΒΑΗΑΜ

1123 1999 1981 2117 ARGUMENTUM
2066 2000 2198 2115 IN
2273 1997 2880 2114 ABRAHAM

365 2238 592 2308 Lapsus
622 2238 681 2291 et
701 2234 1000 2291 conversio
1037 2235 1252 2303 Mariae,
1282 2236 1474 2307 neptis
1501 2236 1745 2291 Abrahm
1775 2234 2262 2308 eremicolaa,qua3
2294 2234 2391 2289 ubi
2426 2251 2497 2288 xx
2526 2248 2712 2287 annos
2734 2230 3053 2287 solitariam
3078 2230 3256 2286 vitam
3280 2230 3706 2354 cgit,corrupta

365 2307 632 2354 minimus
663 2306 941 2354 smmilnm
980 2307 1211 2354 rnnntiit
1240 2310 1297 2354 nt
1325 2307 1705 2354 nnntnhm‘nin
1727 2307 2101 2354 mnmtrinnm
2126 2306 2437 2354 admisceri
2468 2320 2581 2354 non
2608 2303 2845 2354 metuit:
2883 2303 2979 2354 sed
3006 2307 3136 2354 host
3158 2301 3458 2354 biennium
3483 2316 3597 2354 ora:
3626 2304 3705 2354 uti

293 2301 632 2382 virginitate
663 2306 944 2382 saeculum
980 2307 1211 2382 repetiit
1240 2301 1297 2362 et
1325 2301 1705 2382 contubernio
1727 2301 2113 2382 meretricum
2126 2301 2437 2382 admisceri
2468 2320 2581 2358 non
2608 2303 2845 2382 metuit;
2883 2303 2979 2382 sed
3006 2307 3136 2374 post
3158 2301 3462 2382 biennium
3482 2301 3705 2371 prmfati

291 2374 542 2436 Abrahae
576 2378 837 2444 monitis,
871 2374 1178 2450 illam—sub
1208 2377 1486 2450 amatoris
1517 2379 1709 2450 specie
1738 2379 2073 2450 quaerentis,
2108 2379 2369 2450 reducta,
2393 2376 2556 2447 larga
2586 2374 2867 2450 effusione
2900 2374 3288 2450 lacryinarnm
3311 2374 3705 2450 continuaque

289 2450 704 2508 exercitatione
726 2449 1113 2522 jejuniorum,
1129 2448 1461 2523 vigiliarum
1484 2444 1660 2522 atque
1690 2444 2021 2507 orationum
2043 2465 2145 2522 per
2174 2444 2408 2504 vicenas
2440 2444 2625 2503 annos
2646 2446 2988 2502 emundavit
3009 2444 3269 2500 maculas
3291 2444 3627 2500 criminum.

1590 2738 2340 2813 INTERLOCUTORES
2398 2762 2415 2806 :

1484 2888 1866 2957 ABRAMAM,
1906 2887 2227 2956 EPHREM,
2270 2885 2519 2943 MARIA.

963 3030 1190 3086 SCENA
1230 3031 1272 3086 Ι.
1975 3042 2024 3107 Β
2053 3028 2406 3087 chritudinis
2452 3026 2700 3098 alicujus
2754 3024 3092 3081 obfuscctur
3143 3023 3310 3078 sorde
3356 3019 3708 3093 coinquina-

977 3136 1271 3176 ABRAHAM.
2055 3118 2256 3177 tionis.

286 3274 291 3282 l
368 3211 552 3276 Tunc,
586 3209 766 3264 frater
792 3214 851 3263 et
893 3209 1207 3264 coeremita
1254 3209 1527 3282 Ephrem,
1570 3213 1947 3269 commodum
2758 3221 3012 3261 EPHREM.

294 3299 464 3356 ducis
493 3315 633 3354 mea:
664 3298 853 3354 adhuc
895 3298 1348 3356 confabulationi
1378 3317 1601 3370 vacare,
1634 3319 1707 3357 an
1757 3302 1948 3373 quoad
2130 3294 2480 3368 Hujusmodi
2504 3310 2643 3349 cura
2675 3309 2789 3347 non
2822 3294 2910 3347 est
2929 3290 3351 3363 vituperanda?

292 3404 484 3459 usque
513 3385 741 3442 divinas
767 3384 998 3457 expleas
1019 3384 1244 3455 laudes,
1279 3402 1372 3443 me
1402 3387 1487 3443 vis
1510 3388 1829 3461 praastolari
1849 3390 1877 3444 ‘I
2449 3414 2467 3425 κ
2734 3406 3027 3447 ΑΒΒΑΗΑΜ.

998 3492 1246 3531 EPHREN.
2131 3484 2332 3555 Spero.
2720 3526 2726 3531 -

367 3566 713 3621 Nostrorum
742 3562 1137 3620 confabulatio
1168 3566 1298 3636 ejus
1328 3565 1499 3622 debet
1518 3582 1645 3621 esse
1666 3566 1949 3637 laudatio,
2762 3583 3017 3622 EPHREM.

295 3655 397 3727 qui
419 3670 480 3710 se
500 3651 869 3726 congregatis
892 3651 951 3707 in
975 3669 1081 3708 suo
1104 3653 1341 3709 nomine
1361 3654 1621 3710 medium
1638 3656 1953 3728 spopondit
2130 3660 2312 3731 Cujus
2341 3661 2432 3713 est
2460 3655 2686 3712 aetatis?

295 3744 604 3799 interesse.
2666 3744 2767 3799 33
2808 3760 3103 3798 ABRAIIAM.

982 3845 1276 3885 ABRAHAM-
1529 3888 1535 3894 .
2133 3838 2193 3893 Si
2250 3835 2426 3890 unius
2490 3836 2717 3888 rotatus
2765 3830 3068 3886 mensurni
3116 3832 3523 3902 apponeretur,
3569 3827 3716 3882 duas

373 3918 528 3975 Nihil
560 3917 720 3973 aliud
760 3916 1067 3983 locuturus
1115 3919 1354 3989 accessi,
1388 3920 1501 3976 nisi
1552 3923 1707 3994 quod
1747 3923 1952 3981 divina:
2064 3924 2423 3999 olympiadas
2455 3920 2781 3977 vitaliaura
2812 3922 3160 3974 vesceretur.

302 4006 594 4066 voluntati
620 4022 737 4062 non
769 4006 967 4062 nescio
1000 4009 1382 4065 commodari.
2766 4024 3020 4063 EPIIREM.

1007 4113 1259 4153 BPHREM.
2137 4105 2457 4160 Immatura
2487 4098 2728 4173 pupilla.

377 4188 566 4252 Quare
588 4200 694 4240 nec
725 4184 796 4239 ad
827 4188 1193 4241 momentum
1225 4185 1461 4259 quidem
1511 4205 1603 4245 me
1650 4183 1958 4259 subtraho,
2740 4203 3035 4244 ABRAHAM.

304 4275 407 4332 sed
438 4277 539 4329 tuo
562 4271 793 4328 aﬂ’ectui
822 4276 1012 4329 totum
1043 4274 1211 4331 dedo.
2139 4281 2270 4337 Ideo
2303 4296 2417 4336 non
2449 4279 2612 4335 deest
2640 4275 2785 4332 mihi
2818 4292 2977 4331 cura.

986 4379 1282 4419 ΑΒΒΑΗΛΜ.
2000 4416 2030 4421 _
2771 4381 3022 4421 EPHREM.

379 4449 669 4517 Quiddam
701 4450 994 4523 agendum
1008 4416 1470 4509 mihi-exaestuat
1500 4460 1714 4525 mente,
1752 4458 1812 4513 in
1843 4474 1959 4529 quo
1988 4416 2033 4484 Ο
2144 4459 2251 4516 Ubi
2284 4456 2477 4530 degit?

306 4545 478 4597 tuum
506 4536 654 4594 velle
684 4538 832 4594 meis
862 4539 1015 4596 votis
1045 4544 1250 4614 exopto
1281 4545 1630 4614 respondere
2096 4596 2103 4601 .
2746 4559 3041 4599 ABRAHAM.

1012 4646 1271 4686 npnnsm.
2147 4640 2211 4693 In
2233 4636 2380 4692 meis
2398 4631 2844 4690 mansiunculis.
2865 4632 3010 4687 Nam
3033 4632 3237 4702 rogatu
3263 4626 3728 4700 propinquorum

383 4717 444 4774 Si
474 4733 660 4772 unum
692 4732 792 4772 cor
840 4734 1074 4791 unaque
1123 4719 1320 4777 anima
1347 4722 1593 4793 jubetur
1631 4737 1777 4792 esse,
1811 4725 1965 4782 idem
2078 4726 2450 4783 nutriendam
2474 4738 2602 4778 eam
2636 4719 2894 4792 suscepi;
2921 4736 2981 4775 se
3004 4719 3132 4790 ejus
3163 4734 3337 4790 gazas
3369 4712 3730 4787 pauperibus

258 4872 267 4880 ε
310 4806 479 4874 velle,
512 4805 669 4862 idem
700 4805 966 4879 cogimur
987 4808 1159 4865 nolle.
2078 4831 2315 4888 erogare
2346 4812 2591 4870 decrevi.

989 4914 1287 4953 ABRAHAM.
2780 4913 3034 4953 EPHREM.

386 4985 490 5040 Est
518 4983 664 5039 mihi
695 4985 889 5056 neptis
915 4985 1129 5041 tenella
1159 4986 1471 5059 utriusque
1519 4990 1779 5061 parentis
1827 4991 2002 5067 sola-.
2152 4991 2453 5067 Despectio
2495 4985 2906 5060 temporalium
2955 4986 3231 5041 concedet
3272 4984 3537 5041 animum
3590 4979 3733 5037 cmlo

317 5072 476 5130 mine
505 5072 806 5141 destituta,
836 5072 897 5129 in
929 5090 1106 5145 quam
1138 5091 1241 5147 pro
1268 5076 1673 5147 compassione
1704 5079 1972 5136 orbitatis
2083 5084 2395 5141 intentum.

319 5160 501 5219 nimio
531 5160 740 5217 aﬂ‘ectu
771 5162 972 5231 ducor,
991 5163 1279 5235 cujusque
1308 5180 1486 5220 causa
1514 5166 1794 5223 continua
1813 5168 1973 5224 solli-
2757 5182 3056 5221 ARBAHAM.

318 5249 581 5307 citudine
610 5248 843 5323 fatigor.

2156 5263 2421 5318 Exazstuo
2472 5259 2665 5312 mente
2712 5253 2968 5326 gestiens
3001 5252 3163 5308 illam
3212 5250 3445 5307 Christo
3483 5250 3733 5321 despon-

1024 5358 1272 5399 EPBREN-
2088 5369 2217 5410 sare
2246 5352 2492 5422 ejusque
2522 5344 2786 5401 tirocinio
2815 5343 3212 5413 mancipatum
3240 5341 3339 5396 ire.

394 5429 465 5485 Et
494 5427 595 5500 qui
617 5428 746 5499 tibi,
761 5429 1159 5504 triumphator
1178 5431 1541 5502 smculi,cum
1558 5433 1716 5491 curis
1733 5436 1981 5494 mundi?
2778 5448 3041 5488 EPIIREM-

566 5558 569 5561 λ
1570 5539 1869 5581 ABRAHAM.
2161 5526 2500 5586 Laudabile.

401 5605 459 5663 Id
496 5604 719 5663 scilicet
749 5625 888 5665 curo
920 5611 991 5666 ne
1016 5612 1308 5668 immensa
1337 5611 1466 5682 ejus
1514 5611 1801 5668 serenitas
1852 5616 1987 5687 pul-
2021 5607 2070 5671 D
