4050 6172
211 324 380 388 401⁸1

232 551 551 607 fenestram
579 548 652 604 ad
687 546 1041 620 patrandum
1071 546 1303 603 facinus
1334 545 1580 603 exiliret.

934 653 1170 692 EPBREM.

304 726 707 787 Contremisco
725 725 951 783 auditu.

909 828 1203 885 aemulus.

301 911 377 966 At
404 907 504 964 ubi
536 907 668 980 ipsa
697 904 898 962 infelix
950 922 1012 962 se
1055 908 1391 976 corruptam
1441 903 1644 970 sensit,
1678 904 1880 974 pectus

233 997 511 1075 pulsavit,
543 995 753 1052 faciem
783 1011 964 1051 manu
994 993 1289 1059 laceravit,
1320 995 1508 1049 vestes
1557 991 1754 1061 scidit,
1795 1007 1884 1046 ca-

234 1089 410 1164 pillos
439 1085 614 1153 eruit,
646 1101 816 1141 voces
847 1083 906 1139 in
938 1083 1123 1139 altum
1156 1082 1430 1155 ejulando
1461 1081 1640 1138 dedit.

941 1190 1178 1228 EPHREM.

308 1271 424 1326 Nec
454 1264 694 1330 iniuria,
726 1261 1068 1334 hujusmodi
1110 1277 1364 1333 namque
1410 1260 1582 1320 ruina
1629 1264 1751 1317 toto
1799 1259 1884 1316 1a-

236 1373 571 1435 crymarum
601 1355 760 1424 fonto
789 1356 878 1423 est
907 1351 1177 1424 lugenda.

927 1453 1196 1498 ABRAHAI

311 1534 771 1595 Lamentabatur
799 1547 1056 1603 namque
1086 1546 1148 1588 se
1179 1532 1334 1602 quod
1367 1531 1556 1588 fuerat
1587 1548 1702 1588 non
1735 1545 1882 1587 esse.

942 1638 1177 1677 EPHRBM.

310 1717 408 1773 νω
439 1713 522 1770 illi
555 1712 780 1770 miserae
805 1712 816 1767 ι

919 1813 1211 1858 ΔΒΗΔΗΔΗ.

314 1896 415 1955 35
450 1892 713 1966 Lugebat
741 1908 804 1948 se
835 1889 1052 1946 nostris
1085 1887 1643 1946 contraria’monitis
1679 1888 1888 1961 egisse.

951 1996 1186 2036 EPIIREM.

313 2079 394 2134 Ac
423 2073 605 2131 valde.

921 2171 1143 2215 ABRAHA
1153 2173 1212 2212 Μ.

317 2251 559 2312 Deﬂevit
587 2267 652 2308 se
681 2247 1035 2322 vigiliarum,
1065 2246 1416 2315 orationum,
1437 2244 1768 2316 jejuniique
1801 2262 1900 2300 su-

241 2346 418 2402 dores
447 2354 779 2399 evacuasse.

561 2420 563 2422 ’
945 2441 1182 2483 BPIIREM.

320 2522 381 2579 Si
417 2520 475 2576 in
503 2518 603 2576 tali
638 2514 1087 2588 compunctionc
1129 2516 1540 2588 perseveraret,
1591 2511 1752 2568 salva
1796 2513 1896 2568 ﬁe-

249 2616 362 2670 ret.

928 2706 1217 2759 ABRAIIAM.

326 2789 496 2846 Haud
540 2783 950 2859 perseveravit,
982 2785 1085 2840 sed
1135 2783 1334 2856 pejora
1380 2783 1674 2856 prioribus
1722 2799 1901 2855 appo-

252 2879 397 2937 suit.

961 2979 1194 3018 EPIIREM.

312 3056 568 3125 Viscera
598 3057 770 3119 tenus
821 3051 1139 3114 conturbor
1183 3049 1440 3122 totisque
1489 3049 1770 3106 membris
1816 3066 1904 3105 re-

257 3143 469 3200 solvor.

932 3239 1222 3284 ABRAHAM.

329 3322 647 3392 Postquam
677 3317 835 3373 enim
858 3316 1021 3372 hisce
1050 3315 1324 3372 lamentis
1354 3334 1416 3373 se
1446 3316 1899 3390 punivit,nimie-

255 3415 377 3468 tate
404 3409 556 3464 victa
584 3405 804 3463 doloris
835 3422 1091 3478 princeps
1117 3405 1411 3461 ferebatur
1436 3407 1494 3461 in
1523 3407 1744 3462 foveam
1777 3407 1906 3463 des-

256 3497 597 3575 perationis.

964 3600 1199 3638 KPIIREI.

328 3677 413 3734 Eb
447 3676 560 3732 heu
587 3674 601 3730 ι
636 3689 814 3746 quam
846 3671 1040 3745 gravis
1068 3671 1351 3743 perditio!

933 3773 1226 3817 ΔΒΗΔΗΔΜ.

329 3858 401 3913 Et
431 3854 573 3929 quia
601 3852 833 3909 veniam
867 3849 1198 3923 desperavit
1244 3865 1414 3922 posse
1463 3850 1697 3920 mereri,
1726 3868 1905 3908 smcu-

255 3947 383 4020 lum
416 3947 675 4017 repetere
701 3939 1064 4010 vanitatique
1096 3937 1271 4010 elegit
1302 3939 1608 3998 deservire.

477 4024 480 4026 ⁷
965 4045 1204 4088 smmum.

329 4123 513 4182 Hemi
544 4139 651 4196 par
680 4118 922 4176 victoria
951 4116 1318 4190 spiritalibus
1349 4120 1408 4174 in
1441 4123 1594 4176 sorte
1637 4119 1906 4176 eremita-

254 4232 391 4273 rum
426 4211 706 4286 nequitiis
737 4213 910 4266 antea
940 4207 1052 4264 fuit
1082 4206 1334 4265 insolita.

247 4311 272 4316 “
333 4296 336 4297 ⁷
499 4295 502 4297 ’
537 4291 540 4294 λ
937 4310 1227 4355 summa.

329 4393 443 4452 Sed
474 4408 632 4449 nunc
663 4390 997 4450 dmmonum
1029 4401 1237 4455 sumus
1267 4386 1478 4458 prazda.

968 4492 1202 4532 EPBREI.

329 4572 545 4628 Mirum
578 4567 678 4641 qui
710 4565 835 4623 fleri
863 4568 1082 4638 posset,
1103 4568 1168 4622 ut
1197 4567 1255 4620 te
1285 4563 1590 4638 ignorante
1619 4565 1903 4632 evaderet.
1938 4589 1987 4656 D

936 4667 1226 4710 ABRAHAH.

328 4747 572 4806 Interim
604 4748 830 4803 fueram
864 4747 1273 4810 consternatus
1302 4745 1506 4810 mente.
1545 4760 1613 4798 ex
1659 4747 1904 4810 ostensa:

247 4838 500 4897 visionis
549 4841 786 4902 terrore,
836 4851 973 4906 qua,
1028 4833 1077 4888 si
1127 4848 1295 4888 mens
1340 4848 1455 4888 non
1503 4831 1711 4889 fuisset
1740 4831 1900 4903 lzeva,

250 4928 402 4994 mihi
427 4923 925 5007 .praefigurabatur
954 4923 1086 4994 ejus
1116 4921 1306 4978 ruina.

957 5027 1190 5066 BPEREM.

327 5105 549 5163 Vellem
582 5104 822 5160 modum
851 5099 1095 5156 visionis
1123 5097 1342 5153 audire.

931 5201 1226 5254 ABBAIAI.

319 5284 616 5341 Putabam
646 5297 741 5337 me
771 5283 906 5337 ante
937 5279 1089 5334 fores
1121 5273 1343 5332 cellulae
1381 5272 1636 5342 stetisse,
1669 5279 1727 5330 et
1774 5295 1905 5335 ecce

251 5377 434 5432 draco
466 5373 625 5428 mirae
657 5366 1084 5442 magnitudinis
1114 5363 1400 5435 nimiique
1430 5362 1651 5420 fmtoris
1702 5367 1904 5438 rapido

251 5466 484 5537 impetu
517 5460 832 5519 adveniens
866 5455 1242 5514 candidulam
1261 5470 1432 5510 secus
1454 5468 1548 5507 me
1570 5453 1902 5513 columbam

251 5553 553 5626 reperiens
599 5549 772 5622 cepit,
817 5546 1108 5603 devoravit
1151 5543 1463 5614 subitoque
1513 5557 1627 5600 non
1677 5560 1907 5618 compa.

253 5640 398 5696 ruit.

1267 321 1680 386 ΕΟΜίῈΒΙιΕ
1724 322 1897 383 SEX.
1931 354 2007 363 —
2040 318 2142 380 IV.
2186 317 2596 380 ABRAHAM.

229 459 396 517 nium
426 455 679 532 pectoris
708 455 780 514 ad
811 454 903 514 sui
931 469 1193 513 amorem
1223 457 1468 524 inﬂexit,
1503 457 1646 512 adeo
1677 459 1743 512 ut
1773 471 1878 528 per
1902 459 1959 527 Α

3489 324 3643 392 1018

2695 470 2933 511 ΕΡΠΒΕΜ.

2059 542 2307 598 Evidens
2337 540 2502 598 visio.

2665 645 2960 696 ABRAHAM.

2058 722 2132 776 At
2162 737 2322 794 ergo,
2356 719 2457 775 ubi
2509 721 2917 794 expergiscens
2969 732 3167 785 monte
3198 747 3326 803 qum
3374 733 3646 792 videbam

1991 810 2254 879 tractavi,
2287 809 2532 864 verebar
2561 809 2820 882 aliquam
2848 814 3120 871 Ecclesia:
3174 819 3480 878 imminere
3524 841 3650 896 per-

1990 900 2376 966 secutionem,
2411 915 2539 969 qua:
2574 900 2774 956 fideles
2807 905 3094 975 quosdam
3129 910 3447 968 attraherct
3479 913 3537 970 in
3566 931 3651 970 er-

1992 1005 2203 1045 rorem.

2691 1096 2932 1137 EPIIREM.

2065 1168 2399 1225 Verendum
2429 1171 2572 1221 erat.

2689 1285 2956 1326 ABRAIIAM.

2067 1357 2234 1414 Unde
2263 1357 2593 1428 prostratus
2625 1357 2683 1412 in
2734 1359 3054 1416 orationem
3107 1368 3507 1439 prazcognitori
3556 1370 3651 1425 fu-

1995 1450 2268 1502 turorum
2303 1443 2648 1516 supplicavi,
2682 1453 2748 1504 ut
2779 1449 2924 1504 mibi
2957 1452 3248 1525 detegeret
3295 1455 3649 1515 solutionem

1996 1551 2232 1592 ΒΟῙΠΠΙΙ.

2708 1654 2942 1693 EPHREM.

2072 1725 2248 1780 Recte
2275 1724 2467 1796 egisti.

2690 1843 2956 1882 ΛΒΒΔΙΙΑΜ.

2073 1910 2267 1968 Tertia
2298 1912 2536 1970 demum
2570 1919 2756 1982 nocte,
2790 1932 2923 1971 eum
2955 1916 3112 1973 lassa
3143 1921 3332 1990 sopori
3389 1923 3655 1979 membra

2001 1999 2318 2066 dedissem,
2344 2003 2626 2073 putabam
2659 2005 2931 2060 eumdem
2966 2007 3278 2064 draconem
3311 2011 3457 2066 meis
3485 2013 3655 2068 vesti-

2002 2089 2117 2161 giis
2165 2088 2563 2164 disrumptum
2613 2093 2932 2160 volutasse,
2967 2095 3273 2169 ipsamque
3318 2099 3654 2157 columbam

2003 2178 2228 2248 absque
2258 2179 2490 2238 laesione
2521 2182 2856 2240 emicuisse.

2710 2290 2946 2328 EPIIREM.

2080 2356 2364 2413 Laetificor
2391 2361 2617 2428 auditu,
2654 2377 2758 2418 nec
2791 2362 3024 2435 ambigo
3056 2365 3198 2436 quin
3241 2370 3343 2422 tua
3391 2370 3658 2440 quando-

2007 2459 2119 2516 que
2149 2446 2220 2500 ad
2254 2451 2664 2512 te‘revertatur
2693 2449 2894 2508 Maria.

2698 2556 2966 2601 ABRAHAM.

2082 2623 2396 2695 Postquam
2428 2627 2712 2698 evigilans
2744 2627 2924 2697 hujus
2947 2630 3232 2688 solamine
3261 2633 3503 2689 visionis
3522 2638 3662 2692 tem-

2007 2712 2284 2782 perabam
2320 2713 2618 2770 tristitiam
2649 2714 2882 2786 prioris,
2918 2722 3172 2775 mentem
3205 2721 3420 2792 recepit
3468 2727 3534 2778 ut
3571 2741 3660 2781 re-

2013 2800 2358 2856 miniscerer
2386 2801 2661 2858 alumnae.
2697 2803 2842 2858 Illu'd
2871 2822 3105 2877 quoque
3154 2807 3202 2863 si
3253 2810 3380 2865 sine
3421 2810 3662 2870 tristitia

2013 2888 2278 2955 memini,
2311 2892 2466 2961 quod
2499 2891 2689 2963 ipsam
2723 2892 2780 2946 in
2814 2893 3067 2950 duorum
3093 2895 3397 2954 intervallo
3429 2900 3660 2959 dierum

2013 2976 2220 3034 divinas
2252 2978 2631 3038 innittentem
2663 2979 2820 3036 laudi
2853 2982 3025 3039 solito
3058 3002 3171 3041 non
3203 2987 3380 3044 sensi.

2717 3087 2955 3133 EPHREK.

2087 3156 2226 3210 Sero
2256 3155 2596 3214 meministi.

2700 3273 2966 3314 ΔΒΙιΛῐΙΛΜ.

2088 3344 2309 3402 Fateor.
2360 3345 2614 3414 Accessi,
2665 3364 2842 3402 manu
2893 3349 3209 3406 fenestram
3260 3352 3506 3425 pulsavi,
3554 3357 3660 3413 38

2012 3431 2197 3494 filiam
2230 3433 2446 3506 saepius
2477 3435 2837 3492 nominando
2868 3441 3088 3496 vocavi.

2719 3543 2954 3584 EPHREM.

2085 3611 2170 3666 Ah
2196 3611 2208 3665 l
2243 3612 2462 3670 frustra
2490 3615 2729 3670 vocasti.

2701 3730 2972 3771 ABRABAH.

2088 3797 2204 3853 Hoc
2237 3798 2428 3854 adhuc
2463 3816 2578 3854 non
2611 3802 2789 3870 sensi,
2825 3803 2924 3858 sed
2958 3821 3064 3860 cur
3095 3805 3459 3880 negligenter
3485 3809 3543 3864 in
3575 3811 3661 3865 di-

2013 3887 2167 3944 vinis
2215 3892 2416 3961 ageret
2463 3890 2700 3963 rogavi;
2736 3893 2836 3948 sed
2889 3909 2993 3949 nec
3037 3893 3178 3950 levis
3225 3895 3505 3952 tinnitum
3536 3914 3664 3955 ros-

2016 3994 2184 4051 ponSI
2216 3995 2425 4051 recepi.

2718 4097 2951 4136 EPUREM.

2086 4167 2157 4220 Et
2190 4166 2330 4238 quid
2361 4170 2500 4222 tunc
2532 4167 2765 4223 fecisti?

2335 4269 2338 4283 ‘
2702 4275 2970 4315 Aumle.

2090 4344 2197 4400 Ubi
2227 4345 2432 4401 abesse
2462 4363 2637 4418 quam
2670 4349 3001 4419 qumrebam
3034 4352 3411 4424 deprehendi,
3443 4354 3665 4409 viscera

2019 4433 2486 4518 discutiebantur
2552 4436 2780 4504 timore,
2843 4440 3110 4494 membra
3187 4444 3666 4497 contremuerunt

2018 4540 2246 4596 pavore.

2722 4643 2958 4682 EPHREM.

2087 4714 2202 4769 Nec
2234 4713 2472 4769 mirum.
2506 4713 2671 4770 Certe
2701 4718 2757 4770 et
2787 4731 2892 4787 ego
2924 4715 2980 4770 id
3021 4715 3217 4787 ipsum
3269 4733 3424 4772 nunc
3475 4715 3666 4789 patior

2016 4801 2326 4859 audiendo.

2685 4916 2946 4960 ABRAHAM.

2081 4992 2300 5048 Deinde
2349 4989 2642 5046 flebilibus
2693 4988 2853 5044 sonis
2904 5008 3078 5046 auras
3134 4991 3336 5063 pollui,
3395 4992 3657 5064 rogitans

2009 5081 2141 5154 quis
2171 5080 2346 5150 lupus
2376 5094 2568 5133 meam
2602 5094 2816 5149 agnam
2850 5084 3098 5152 raperet,
3126 5081 3258 5152 quis
3289 5079 3438 5136 latro
3471 5097 3663 5136 meam

2015 5169 2197 5226 filiam
2229 5167 2546 5239 captivaret
2563 5167 2591 5220 ?
3581 5185 3589 5194 ~-

2715 5282 2952 5322 EPIIREM.

2084 5357 2223 5413 Jure
2255 5356 2609 5425 conquestus
2660 5353 2822 5408 fuisti
2864 5357 2991 5426 ejus
3042 5356 3451 5427 perditionem,
3485 5371 3663 5427 quam

2015 5443 2333 5502 nutrivisti.

2699 5557 2966 5597 ABRAIMM.

2084 5631 2345 5686 Tandem
2377 5632 2747 5683 accesserunt
2778 5631 2876 5700 qui
2912 5630 3213 5688 veritatem
3250 5633 3499 5689 scientes
3532 5647 3655 5688 rem
