4050 6172
444 264 592 329 1019

435 491 677 548 vanitati
709 493 982 548 dixerunt
1012 495 1317 550 deservire.

1132 610 1366 649 EPHREM.

503 688 611 746 Ubi
644 692 927 745 moratur.
1076 760 1081 765 1

812 793 828 801 ’
1116 807 1377 847 unum.

500 885 823 958 Ignoratur.

1128 1004 1367 1044 EPHREM.

497 1082 643 1149 Quid
678 1083 818 1139 ﬁet?

1113 1202 1382 1240 ABRHHAM.

494 1272 597 1326 Est
645 1271 791 1327 mihi
847 1272 1035 1328 ﬁdelis
1067 1274 1295 1330 amicus
1346 1275 1445 1346 qui
1480 1275 1741 1333 civitates
1782 1279 2068 1352 villasque

421 1377 739 1434 peragrans
783 1378 898 1417 non
948 1362 1230 1434 quiescet,
1282 1366 1463 1421 donec
1509 1383 1636 1438 quae
1696 1366 1859 1424 illam
1914 1372 2068 1427 terra

418 1449 713 1522 suscepcri
745 1454 1039 1524 agnoscet.

1115 1568 1351 1607 EPHREM.

485 1646 634 1713 Quid
669 1647 717 1703 si
748 1648 1074 1720 experietur
1094 1649 1121 1703 ?

1101 1756 1368 1796 ABBAHAM.

480 1826 757 1883 Habitum
788 1827 1050 1895 mutabo,
1076 1827 1382 1901 ipsamque
1412 1830 1523 1885 sub
1552 1832 1832 1888 amatoris
1864 1834 2058 1905 specie

408 1915 601 1983 adibo,
637 1915 686 1971 si
717 1917 862 1972 forte
891 1932 1023 1972 meo
1056 1917 1283 1973 monitu
1315 1922 1449 1990 post
1477 1934 1651 1991 grave
1680 1922 2055 1995 naufragium

406 2008 729 2062 revertatur
759 2006 833 2062 ad
860 2006 1123 2077 pristinae
1155 2006 1368 2079 quietis
1400 2012 1653 2080 portum.

1105 2113 1343 2152 EPHREH.

473 2183 682 2251 Etiam,
712 2182 856 2255 quid
889 2184 988 2239 fiet
1012 2184 1061 2240 si
1094 2185 1360 2241 carnium
1392 2203 1528 2243 esus
1546 2186 1781 2259 vinique
1802 2188 2049 2245 haustus

405 2276 734 2346 apponetur
757 2274 779 2328 ?

1089 2379 1356 2420 ΔΒΒΔΠΑΜ.

471 2452 636 2508 Haud
668 2452 980 2524 abrogabo,
1014 2468 1087 2508 ne
1118 2468 1420 2525 agnoscar.

1105 2558 1343 2598 ΕΡΗΒΕΜ.

468 2630 648 2687 Recta
676 2646 917 2702 prorsus
947 2629 1346 2703 laudabilique
1376 2631 1726 2689 discretione
1757 2634 1956 2703 uteris,
1991 2634 2042 2691 si

395 2720 662 2777 arctioris
692 2720 858 2776 frena
896 2719 1275 2776 observantia:
1323 2720 1747 2794 aliquantisper
1792 2723 2035 2792 laxabis,

394 2810 508 2882 quo
537 2814 831 2867 errantem
862 2809 1095 2866 Christo
1128 2809 1392 2867 lucreris.

1078 2915 1344 2955 ABRAHAM.

461 2990 540 3045 Eo
570 2987 760 3062 magis
791 2989 864 3044 ad
897 2988 1234 3043 audendum
1267 2988 1494 3056 incitor,
1529 3004 1643 3060 quo
1696 2995 1749 3046 to
1798 2990 1943 3046 mihi
1974 2991 2033 3047 in

390 3077 499 3134 hac
529 3076 869 3134 concordari
900 3093 962 3132 re
992 3078 1275 3148 experior.

1089 3182 1322 3223 EPHREII-

461 3255 569 3322 Qui
599 3254 864 3310 clancula
893 3253 1157 3309 cordium
1198 3256 1498 3327 cognoscit
1536 3272 1665 3327 qua
1710 3255 2037 3314 intentione

389 3358 755 3416 unaquaeque
786 3358 879 3398 res
910 3344 1146 3415 geratur
1176 3342 1466 3416 intelligit,
1501 3359 1607 3400 nec
1637 3345 1697 3398 in
1732 3343 2035 3403 discretis-

389 3433 541 3490 simo
566 3434 695 3504 ejus
724 3430 992 3487 examine
1040 3447 1174 3486 reus
1225 3430 1713 3502 praevaricationis
1762 3433 2030 3503 habetur,

389 3519 881 3594 quiastrictioris
928 3518 1116 3584 rigore
1164 3518 1624 3575 conversationis
1676 3521 1748 3576 ad
1798 3526 2032 3595 tempus

387 3609 796 3667 descendendo
812 3606 1295 3663 imbecillioribus
1313 3608 1627 3664 assimilari
1646 3628 1761 3665 non
1787 3612 2032 3686 respuit,

387 3716 503 3772 quo
534 3697 831 3756 efficacius
862 3696 1124 3753 animam
1154 3700 1380 3753 revocet
1410 3714 1537 3770 quae
1565 3698 1797 3755 erravit.

1064 3797 1365 3842 ABBAHAH.

456 3877 650 3932 Tuum
698 3879 790 3931 est
840 3874 1079 3930 interim
1128 3891 1223 3930 me
1278 3874 1552 3946 precibus
1609 3875 1908 3947 adjuvare,
1960 3894 2032 3934 ne

383 3964 672 4039 impediar
702 3963 991 4020 diabolica
1022 3963 1242 4020 fraude.

1087 4068 1332 4109 EPHREM.

457 4144 658 4215 Ipsum
689 4157 993 4198 summum
1025 4141 1267 4209 bonum,
1302 4140 1427 4196 sine
1458 4143 1615 4213 quod
1649 4142 1794 4198 nihil
1828 4144 1894 4200 ﬁt
1922 4145 2028 4201 bo-

385 4230 675 4300 ni,-faciat
704 4233 875 4285 tuum
904 4229 1048 4286 velle
1077 4230 1135 4284 in
1166 4231 1318 4286 bono
1349 4230 1769 4288 consummari.

982 4318 1262 4375 SCENA
1320 4318 1432 4374 IV.

1060 4419 1353 4464 ABBABAK.

454 4499 608 4555 Num
640 4496 738 4553 ille
768 4500 859 4553 est
890 4511 1056 4552 meus
1089 4496 1339 4562 amicus,
1373 4511 1547 4569 quem
1578 4502 1713 4556 ante
1742 4499 1852 4556 hoc
1873 4500 2031 4559 bien-

384 4588 549 4643 nium
579 4603 685 4659 pro
712 4584 1003 4657 inquisitu
1037 4584 1221 4641 direxi
1254 4584 1448 4641 Mariae
1475 4587 1500 4642 ?
1532 4587 1661 4660 Ipse
1691 4594 1800 4644 est.

1093 4687 1319 4731 AMICUS.

452 4767 585 4834 Ave,
617 4764 946 4820 venerande
978 4764 1169 4819 Pater.

1056 4864 1350 4909 ABBAHAM.

449 4943 584 5011 Ave,
620 4940 871 4997 affabilis
900 4941 1121 5009 amice;
1152 4941 1253 4997 diu
1309 4945 1364 4998 te
1411 4941 1688 5010 sustinui,
1721 4945 1823 4999 sed
1872 4961 2028 5001 nunc

381 5030 652 5088 advenire
681 5031 778 5087 31
815 5030 1135 5102 desperavi.

1093 5132 1319 5176 AﬂlCUS.

449 5208 584 5263 Ideo
615 5223 839 5263 moram
872 5207 1001 5276 feci,
1036 5207 1175 5278 quia
1204 5212 1262 5262 te
1293 5208 1571 5281 ambigua
1620 5227 1681 5266 re
1723 5210 2024 5269 sollicitari

380 5313 496 5352 non
528 5295 895 5369 praesumpsi.
927 5296 1000 5351 At
1029 5295 1127 5351 ubi
1157 5294 1459 5353 veritatem
1492 5297 1846 5372 investigari,
1882 5301 2027 5358 redi-

378 5388 504 5440 tum
538 5384 848 5440 maturavi.

1057 5496 1347 5541 ΑΒΒΔΗΔΠ.

317 5572 340 5589 ‘
451 5571 720 5628 Vidistin’
755 5572 1039 5628 Mariam?

1237 274 1766 337 HROTSUITH/E
1810 278 2185 344 MONIALIS
2233 283 3051 355 GANDERSHEIMENSIS.

438 416 587 471 esse,
621 403 701 458 ita
729 406 797 458 ut
836 403 941 459 tibi
987 422 1142 461 nunc
1193 407 1453 478 exposui,
1506 407 1717 465 habere
1770 409 2077 486 ipsamque
2105 413 2163 482 Α

2091 1789 2140 1856 Β

3708 299 3855 363 1020

2900 438 3126 485 amcos.
3142 451 3149 457 '

2260 505 2409 562 Vidi.

2865 615 3150 662 ABRLHAII.

2258 681 2363 737 Ubi
2387 682 2415 738 7

2892 793 3119 840 AHIGUS.

2256 863 2441 928 Quam
2475 864 2635 921 dictu
2668 868 3002 927 miserabile
3025 872 3037 926 l

2860 972 3150 1019 ABRAHAM.

2254 1039 2375 1109 Dic,
2412 1042 2670 1101 obsecro.

2888 1152 3112 1198 Αυιουε.

2253 1218 2314 1310 In
2345 1221 2517 1310 domo
2549 1225 2860 1296 cujusdam
2893 1227 3115 1285 lenonis
3155 1232 3595 1291 habitationem
3648 1236 3846 1310 elegit,

2178 1306 2279 1377 qui
2310 1309 2523 1366 tenello
2555 1329 2753 1370 amore
2803 1314 2962 1372 illam
3014 1318 3191 1388 colit;
3230 1338 3338 1377 nec
3386 1323 3613 1380 frustra
3648 1340 3663 1380 :
3708 1306 3843 1383 nam

2175 1396 2333 1451 omni
2369 1397 2461 1453 die
2493 1417 2607 1457 non
2639 1404 2871 1461 modica
2898 1405 2979 1461 illi
3012 1409 3264 1480 pecunia
3298 1412 3373 1468 ab
3426 1413 3561 1484 ejus
3612 1419 3842 1472 amato-

2175 1483 2340 1542 ribus
2369 1487 2699 1547 adducitur.

2844 1597 3133 1643 ABRAHAI.

2240 1665 2287 1719 A
2318 1664 2512 1723 Mariae
2546 1671 2923 1731 amatoribus.

2872 1777 3097 1822 AMICUS.

2235 1844 2321 1900 Ab
2350 1845 2515 1918 ipsis.

2839 1955 3123 2002 LBRAHADI.

2239 2023 2348 2088 Qui
2379 2030 2518 2081 sunt
2546 2027 2675 2099 ejus
2703 2035 2997 2089 amatores
3018 2034 3045 2088 ?

2245 2154 2251 2163 ι
2869 2134 3093 2179 Δωοῠε.

2236 2199 2563 2274 Perplures.

2827 2316 3128 2357 ADRAHAM.

2229 2379 2327 2435 Hei
2360 2381 2526 2451 mihi,
2560 2400 2592 2439 ο
2623 2384 2770 2442 bene
2814 2387 2956 2445 Jcsu
2987 2390 2999 2445 !
3035 2392 3181 2457 Quid
3232 2392 3342 2448 hoc
3393 2399 3653 2453 monstri
3705 2405 3813 2467 est,

2156 2468 2310 2539 quod
2359 2468 2530 2539 hanc,
2582 2488 2760 2545 quam
2807 2476 2913 2531 tibi
2964 2495 3244 2551 sponsam
3294 2483 3540 2553 nutrivi,
3591 2486 3815 2545 alienos

2152 2559 2444 2615 amatores
2473 2561 2649 2618 audio
2686 2565 2898 2636 sequi?

2854 2669 3082 2713 AMICUS.

2222 2737 2336 2791 Hoc
2383 2739 2788 2799 meretricibus
2838 2745 3169 2817 antiquitus
3232 2748 3345 2807 fuit
3394 2751 3457 2807 in
3507 2769 3698 2823 more,
3748 2762 3815 2813 ut

2147 2821 2334 2879 alieno
2365 2825 2794 2885 delectarentur
2824 2848 3022 2889 amore
3043 2835 3071 2888 ‘I

2816 2936 3111 2978 ABRAHAM.

2816 2939 2966 2977 ΑΒΗΔ
3010 2940 3111 2978 ΑΜ.

2212 3002 2368 3057 Aﬂ'er
2423 3004 2569 3060 mihi
2617 2939 3326 3081 sonipedemndclicatum
3368 3021 3429 3074 ct
3480 3020 3801 3079 militarem

2142 3089 2429 3160 habitum,
2463 3111 2578 3165 quo
2627 3096 2887 3169 deposito
2936 3101 3194 3171 tegmine
3250 3104 3555 3179 religionis
3612 3111 3802 3183 ipsam

2062 3160 2106 3229 C
2146 3180 2352 3235 adeam
2385 3183 2494 3238 sub
2525 3185 2717 3256 specie
2749 3187 3049 3244 amatoris.

2844 3289 3072 3333 AHICUS.

2215 3358 2360 3415 Ecce
2392 3361 2610 3417 omnia.

2817 3470 3109 3512 ABRAHAI.

2212 3536 2486 3607 Obsecro,
2519 3539 2662 3596 affer
2699 3545 2756 3597 et
2800 3541 3044 3614 pileum,
3104 3564 3221 3619 quo
3276 3566 3561 3609 coronam
3615 3555 3799 3613 velem

2142 3625 2371 3697 capitis.

2847 3734 3079 3779 AMICUS.

2213 3804 2330 3861 Hoc
2361 3804 2614 3862 maxime
2644 3824 2791 3881 opus
2820 3814 2933 3877 est,
2968 3829 3039 3868 nc
3071 3818 3434 3887 agnoscaris.

2814 3915 3113 3957 ABRAHAM.

2213 3980 2360 4048 Quid
2390 3981 2440 4038 si
2471 4000 2655 4041 unum
2686 3985 2965 4057 solidum,
3000 4007 3172 4062 quem
3206 3991 3417 4064 habeo,
3454 4013 3693 4056 mecum
3721 4001 3798 4058 af-

2140 4070 2343 4140 feram,
2374 4074 2530 4145 quod
2563 4075 2881 4133 stabulario
2914 4096 3017 4151 pro
3049 4085 3315 4140 mercede
3347 4086 3615 4146 tribuam
3636 4091 3668 4147 ‘I

2849 4182 3080 4227 AMICUS.

2185 4249 2391 4345 .Aliter
2442 4253 2515 4308 ad
2563 4253 2920 4327 colloquium
2969 4259 3164 4317 Mariae
3214 4280 3330 4320 non
3379 4270 3557 4338 potes
3594 4285 3797 4343 perve-

2139 4352 2284 4392 nire.

2786 4431 3016 4490 SCENA
3062 4436 3131 4492 V.

2808 4538 3106 4581 ABRAHAM.

2212 4603 2396 4672 Salve,
2434 4606 2582 4662 bone
2614 4608 2917 4667 stabulari.

2760 4713 3156 4759 STABULARIUS.

2210 4782 2349 4849 Quis
2378 4782 2643 4856 loquitur
2662 4788 2690 4843 ?
2724 4788 2963 4862 Hospes,
2999 4792 3174 4849 salve.

2812 4896 3111 4938 ABRAHAM.

2206 4960 2383 5017 Estne
2413 4964 2568 5035 apud
2615 4969 2671 5022 te
2721 4964 2886 5025 locus
2934 4970 3141 5027 viatori
3188 4964 3257 5029 ad
3310 4981 3784 5047 pernoctandum

2138 5050 2312 5119 aptus
2331 5047 2359 5102 Ἰ

2754 5158 3155 5206 ΒΤΔΒυΙιΔΜῦδ.

2205 5225 2307 5281 Est
2334 5224 2504 5298 plane
2529 5246 2544 5297 ;
2580 5235 2779 5288 nostra
2804 5232 3121 5307 hospitiola
3149 5239 3291 5296 nulli
3322 5247 3467 5298 sunt
3495 5247 3785 5319 neganda.

2807 5340 3083 5383 ABRAHAM
3090 5368 3102 5381 .

2207 5404 2544 5461 Laudabﬂe.

2755 5514 3150 5562 STABULARIUB.

2204 5582 2379 5651 Intra,
2418 5587 2481 5640 ut
2512 5584 2615 5641 tibi
2647 5596 3006 5660 praeparetur
3038 5610 3220 5651 cccna.
