4044 6176
217 281 361 344 1021

889 431 1185 470 ABRAHAM.

285 505 497 577 Magna
545 502 650 559 tibi
709 520 812 575 pro
863 502 1032 558 hilari
1089 503 1456 576 susceptione
1509 503 1710 569 debeo,
1762 501 1863 557 sed

214 593 408 652 adhuc
439 593 666 665 majora
695 609 729 649 a
759 597 814 649 te
847 596 1073 665 expeto.

831 697 1246 738 STABULARIUS.

283 774 420 840 Quae
449 770 610 828 voles
641 775 708 826 ut
738 787 1157 828 concessurum
1194 771 1470 844 efﬂagita.

889 878 1186 917 ABRAHAM.

278 951 492 1024 Accipe
521 950 635 1006 vile
681 965 901 1006 munus
951 950 1105 1023 quod
1145 950 1360 1018 defero,
1393 953 1450 1006 et
1479 951 1568 1006 fac
1616 953 1682 1006 ut
1728 965 1864 1022 per-

212 1041 482 1116 pulchra,
516 1055 696 1112 quam
739 1043 933 1095 tecum
963 1039 1258 1095 obversari
1289 1039 1645 1111 experiebar,
1669 1037 1864 1110 puclla

214 1135 413 1188 nostro
445 1129 682 1186 intersit
711 1127 995 1185 convivio.

829 1233 1240 1274 STABULARIUS.

282 1310 400 1367 Cur
426 1307 588 1364 illam
619 1307 920 1364 desideras
949 1306 1143 1362 videre
1163 1307 1192 1360 ‘I

886 1408 1177 1452 ABRAHAH.

282 1489 430 1555 Quia
475 1484 728 1542 nimium
759 1484 1015 1541 delector
1061 1484 1121 1539 in
1167 1485 1296 1556 ejus
1341 1484 1656 1557 agnitione,
1691 1488 1862 1557 cujus

210 1574 715 1651 pulchritudinem
739 1591 773 1630 a
793 1572 1067 1646 pluribus
1086 1573 1313 1630 laudari
1336 1573 1646 1631 audiebam
1670 1575 1864 1648 saepis-

210 1665 380 1723 sime.

835 1763 1232 1808 ITABULARIUS.

283 1840 562 1912 Quisquis
605 1840 878 1896 laudator
918 1841 1046 1912 ejus
1091 1841 1288 1896 forma)
1334 1841 1573 1911 exstitit,
1606 1843 1752 1898 nihil
1783 1843 1862 1900 fe-

212 1929 381 1987 fellit.
411 1930 558 1987 Nam
590 1929 860 2003 praenitet
887 1921 1326 1986 venusta-vultu
1358 1948 1473 2003 pra:
1504 1932 1711 1988 ceteris
1743 1949 1868 1990 mu-

211 2019 478 2076 lieribus.

892 2120 1183 2164 ABRAIIAI.

286 2200 421 2257 Ideo
451 2199 626 2255 ardeo
656 2197 717 2255 in
750 2199 878 2271 ejus
909 2215 1129 2254 amore.

841 2302 1240 2346 STABULAIUUS.

287 2377 464 2436 Miror
496 2382 551 2434 te
583 2377 641 2433 in
673 2378 968 2450 decrepita
988 2381 1285 2434 senectute
1309 2377 1635 2448 juvenculae
1668 2376 1872 2432 mulie-

215 2469 297 2525 ris
330 2484 594 2524 amorem
625 2467 869 2540 spirare.

893 2568 1186 2612 ABRAIIAH.

291 2647 553 2704 Percerte
583 2645 807 2703 nullius
835 2644 987 2702 alius
1017 2645 1098 2702 rei
1131 2662 1310 2702 causa
1329 2646 1573 2715 accessi,
1597 2645 1708 2702 nisi
1741 2662 1870 2702 eam

220 2735 481 2792 videndi.

875 2824 1103 2881 SCENA
1131 2823 1226 2880 Vl.

848 2927 1091 2970 STABDLA
1101 2928 1246 2970 RIUS.

295 3004 567 3071 Procede,
620 3003 824 3071 Maria,
876 3003 1080 3074 tuique
1128 3002 1622 3074 pulchritudinem
1674 3008 1872 3060 nostro

221 3091 514 3165 neophyto
546 3092 806 3148 ostende.

879 3179 980 3237 38
1011 3192 1205 3236 nam.

289 3270 435 3326 Ecce
463 3269 650 3326 venio.

893 3372 1183 3416 ABBABAH.

287 3451 426 3516 Qua:
457 3447 692 3517 ﬁducia,
728 3464 857 3520 qum
903 3449 1234 3504 constantia
1273 3449 1487 3505 mentis
1536 3450 1684 3504 mihi
1736 3454 1869 3522 post

211 3539 359 3606 haec,
395 3554 529 3593 cum
561 3537 735 3606 hanc,
769 3554 947 3609 quam
997 3538 1211 3592 nutrivi
1264 3538 1321 3592 in
1371 3539 1551 3594 eremi
1584 3538 1866 3606 latibulis,

213 3626 544 3684 meretricio
573 3625 740 3682 vultu
787 3630 1050 3682 ornatam
1102 3626 1441 3698 conspicio?
1492 3628 1602 3683 Sed
1635 3645 1748 3682 non
1781 3632 1870 3684 est

211 3721 451 3788 tempus
501 3719 566 3770 ut
613 3715 1018 3788 praefiguretur
1050 3715 1108 3770 in
1151 3715 1295 3770 facie
1326 3717 1480 3786 quod
1533 3720 1762 3771 tenetur
1807 3717 1867 3772 in

211 3806 412 3861 corde.
462 3804 850 3876 Erumpentes
901 3803 1190 3877 lacrymas
1237 3803 1482 3859 viriliter
1526 3804 1770 3877 stringe,
1811 3809 1870 3860 et

211 3892 500 3950 simulata
537 3892 738 3948 vultus
780 3891 1076 3948 hilaritate
1125 3893 1365 3948 interna:
1415 3894 1868 3950 amaritudinem

211 3981 640 4039 mmstitudinis
673 3986 938 4055 contego.

837 4085 1236 4127 STABULARIUS.

291 4161 610 4216 Fortunate
639 4160 842 4229 Maria,
866 4159 1082 4226 laetare,
1107 4161 1244 4233 quia
1273 4179 1388 4217 non
1411 4161 1601 4217 solum
1634 4166 1699 4219 ut
1728 4162 1870 4220 haec-

210 4253 389 4306 tenus
419 4249 507 4305 tui
539 4249 734 4317 coazvi,
769 4250 871 4305 sed
919 4249 1095 4305 etiam
1154 4249 1315 4305 senio
1361 4251 1486 4322 jam
1537 4251 1781 4307 confecti
1814 4257 1869 4309 te

215 4339 461 4406 adeunt,
487 4329 547 4394 te
581 4338 651 4393 ad
683 4338 1002 4394 amandum
1036 4339 1360 4396 conﬂuunt.

939 4440 1138 4483 HABIA.

1265 280 1639 342 nomen”;
1684 278 1859 339 sex.
1892 308 1971 322 -
1998 244 2103 338 1v.
2153 279 2570 341 ABBAHAM.

1891 411 1947 478 A

1892 1786 1942 1852 Β

3467 280 3620 340 1022

2652 424 2941 469 ABRAHAM.

2045 502 2232 572 Nunc,
2259 520 2413 558 nunc
2446 503 2871 570 simulandum,
2899 521 3053 559 nunc
3076 501 3432 559 lascivientis
3462 518 3623 558 more

1975 592 2140 665 pueri
2164 592 2316 665 jocis
2349 593 2712 660 instandum,
2743 609 2814 646 ne
2835 597 2889 648 et
2911 609 3015 664 ego
3040 610 3323 665 agnoscar
3352 609 3469 664 prae
3501 609 3627 666 gra-

1973 681 2171 751 vitate,
2205 686 2262 738 et
2290 680 2419 754 ipsa
2449 699 2510 738 se
2541 682 2747 737 reddat
2777 680 3041 744 latibulis
3069 699 3182 754 prm
3213 682 3454 754 pudore.

2701 793 2897 836 MARIA.

2044 870 2140 925 Vw
2172 870 2316 925 mihi
2348 868 2603 924 infelici!
2656 869 2819 924 Unde
2857 868 3058 939 cecidi,
3091 873 3147 924 et
3177 869 3236 923 in
3267 883 3446 940 quam
3493 885 3624 940 per-

1975 960 2214 1016 ditionis
2250 960 2473 1016 foveam
2507 958 2699 1014 corrui
2719 959 2748 1014 ‘2

2649 1069 2942 1113 ΔΒΒΔΗΑΠ.
2988 1070 2990 1074 ’

2045 1147 2148 1202 Ilic
2181 1162 2294 1201 non
2317 1148 2408 1200 est
2428 1148 2602 1217 aptus
2630 1142 2884 1216 querelae
2912 1142 3094 1211 locus,
3120 1142 3220 1198 ubi
3252 1143 3625 1200 convivarum

1975 1236 2218 1293 confluit
2246 1237 2583 1291 conventus.

2593 1345 2992 1389 suscumcs.
3044 1330 3050 1338 '

2045 1428 2272 1482 Domna
2310 1424 2513 1491 Maria,
2549 1439 2653 1478 cur
2703 1421 2958 1494 snspiria
3006 1421 3232 1476 trahis?
3263 1423 3376 1477 Cur
3424 1423 3626 1478 mades

1973 1516 2293 1588 lacrymis?
2336 1514 2538 1569 Nonne
2575 1529 2677 1584 per
2708 1510 3010 1566 biennium
3042 1511 3137 1566 hic
3167 1511 3624 1580 conversabaris,

1975 1609 2034 1660 et
2062 1618 2367 1674 nunquam
2397 1618 2465 1656 ex
2496 1604 2551 1656 te
2581 1600 2836 1673 gemitus
2869 1599 3152 1672 prorupit,
3187 1616 3492 1672 nunquam
3525 1599 3628 1656 tri-

1974 1692 2118 1749 stior
2146 1708 2340 1748 sermo
2373 1690 2606 1763 prodiit.

2695 1793 2892 1835 MARIA.

2046 1872 2090 1927 Ο
2121 1872 2344 1926 utinam
2400 1868 2643 1924 fuissem
2691 1873 2825 1924 ante
2874 1869 3052 1924 trium
3105 1885 3391 1924 annorum
3442 1870 3632 1941 spatia

1976 1965 2163 2017 morte
2190 1961 2524 2030 absumpta,
2558 1974 2630 2013 ne
2664 1959 2734 2012 ad
2770 1962 2936 2013 tanta
2967 1957 3300 2013 devenirem
3333 1957 3574 2031 flagitia.

2653 2069 2941 2112 ABRAHAM.

2047 2149 2172 2204 Non
2205 2151 2273 2203 ut
2297 2151 2398 2202 tua
2428 2149 2664 2218 peccata
2691 2145 3026 2217 plangerem
3052 2145 3280 2216 adveni,
3303 2148 3403 2202 sed
3437 2151 3503 2202 ut
3530 2151 3629 2203 tuo

1970 2240 2253 2310 jungerer
2281 2235 2484 2292 amori.

2702 2337 2898 2379 MARIA.

2052 2416 2182 2472 Levi
2219 2413 2670 2486 compunctione
2697 2414 3095 2484 permovebar,
3123 2413 3252 2469 ideo
3274 2414 3416 2470 talia
3444 2416 3628 2471 fabar.

1981 2506 2090 2561 Sed
2125 2504 2434 2576 cpulemur
2477 2507 2534 2557 et
2576 2501 2864 2568 laetemur,
2900 2501 3058 2572 quia,
3089 2506 3155 2556 ut
3205 2504 3506 2575 monuisti,
3539 2505 3632 2560 hic

1981 2611 2096 2649 non
2127 2597 2216 2650 est
2244 2597 2481 2664 tempus
2513 2593 2750 2662 peccata
2780 2589 3115 2661 plangendi.

2659 2701 2948 2744 ABRAHAII.

2050 2782 2286 2839 Alfatim
2321 2779 2538 2847 refecti,
2573 2776 2794 2832 aﬂ‘atim
2838 2793 3046 2832 sumus
3085 2777 3292 2832 ebriati
3326 2783 3426 2834 tua
3456 2779 3630 2853 largi-

1981 2877 2100 2928 tate
2132 2869 2602 2935 administrante,
2639 2884 2670 2922 ο
2702 2867 2850 2921 bone
2881 2865 3195 2933 stabulari;
3231 2868 3304 2922 da
3334 2866 3631 2925 licentiam

1983 2980 2017 3016 a
2047 2978 2211 3016 omna
2255 2957 2554 3029 surgendi,
2590 2973 2705 3028 quo
2755 2956 2977 3010 lassum
3010 2972 3222 3026 corpus
3270 2955 3330 3010 in
3377 2961 3630 3013 stratum

1984 3065 2332 3122 componam
2363 3045 2638 3117 dulcique
2671 3044 2865 3115 quiete
2894 3059 3168 3098 recreem.

2605 3155 2998 3198 STABULARIUS.

2048 3238 2122 3294 Ut
2147 3235 2308 3291 libet.

2703 3333 2903 3376 MARIA.

2049 3417 2253 3488 Surge,
2290 3415 2501 3470 domne
2533 3410 2634 3478 mi,
2667 3426 2868 3482 surge;
2916 3413 3106 3464 tecum
3140 3409 3358 3480 pariter
3391 3411 3626 3466 tendam

1979 3507 2052 3562 ad
2084 3503 2294 3561 cubile.

2654 3601 2949 3644 ABRAHAM.

2052 3682 2262 3737 Placet.
2298 3679 2642 3734 Nullatenus
2673 3676 2798 3748 cogi
2840 3692 3072 3747 possem
3118 3680 3182 3730 ut
3214 3681 3269 3732 te
3299 3694 3413 3732 non
3445 3678 3625 3733 comi-

1979 3775 2136 3827 tante
2172 3769 2409 3826 exirem.

2610 3853 2837 3909 SCENA
2875 3853 2998 3907 Vll.

2698 3957 2895 3998 MAR”.

2049 4046 2193 4100 Ecce
2221 4041 2542 4098 triclinium
2575 4040 2646 4095 ad
2696 4038 3147 4094 inhabitandam
3177 4039 3278 4094 39
3311 4039 3478 4094 nobis
3523 4057 3622 4112 ap-

1978 4140 2133 4191 tum:
2168 4150 2298 4188 ecce
2329 4131 2514 4186 lectus
2545 4130 2701 4184 haud
2734 4127 2947 4182 vilibus
2980 4127 3317 4183 stramentis
3344 4129 3628 4201 composi-

1977 4229 2092 4281 tus.
2120 4223 2284 4290 Sede,
2312 4225 2376 4276 ut
2407 4219 2507 4275 tibi
2541 4218 2844 4274 detraham
2876 4216 3290 4284 calceamenta,
3314 4221 3469 4273 netu
3500 4217 3624 4291 ipse

1977 4312 2236 4385 fatigeris
2269 4308 2694 4365 discalceando.

2652 4419 2939 4462 ABRAIIAM.

284 4515 633 4587 Quicunque
675 4531 768 4572 me
799 4515 1054 4588 diligunt
1085 4516 1367 4587 (Equalem
1418 4518 1636 4574 amoris
1682 4519 1862 4576 vicem
1895 4526 1945 4592 D
2048 4497 2208 4592 Muni
2241 4497 2406 4592 prius
2438 4494 2583 4551 seris
2611 4494 2851 4561 ostium,
2886 4509 2958 4548 ne
3003 4493 3136 4564 quis
3169 4491 3500 4547 introeundi
3533 4491 3621 4546 in-

209 4622 248 4661 a
275 4621 372 4661 me
401 4604 710 4677 recipiunt.

889 4707 1182 4752 ΔΒΒΔΗΔΠ.

282 4784 526 4853 Accede,
559 4781 763 4852 Maria,
796 4785 854 4839 et
883 4783 959 4840 da
990 4783 1131 4839 mihi
1168 4783 1459 4842 osculum.

941 4895 1137 4938 usam.

285 4969 413 5024 Non
444 4967 636 5024 solum
669 4968 864 5025 dulcia
905 4969 1108 5025 oscula
1146 4970 1365 5039 libabo,
1394 4973 1494 5026 sed
1534 4973 1709 5030 etiam
1743 4992 1864 5031 ere-

214 5057 340 5113 bris
371 5057 556 5113 senile
586 5057 802 5114 collum
835 5058 1203 5130 amplexibus
1235 5057 1522 5114 mulcebo.

891 5171 1181 5213 ABBAHAM.

286 5227 405 5284 Hoc
434 5226 584 5284 volo.

939 5332 1134 5374 ΙΔΜΔ.

283 5405 431 5472 Quid
465 5406 696 5462 sentio?
741 5407 889 5473 Quid
923 5408 1224 5480 stupendae
1269 5407 1541 5463 novitatis
1572 5413 1862 5481 gustando

212 5493 459 5551 haurio?
487 5497 652 5566 Ecce,
679 5497 822 5552 odor
851 5496 1023 5552 istius
1053 5496 1382 5568 fragrantia:
1409 5499 1718 5568 praetendit
1747 5501 1862 5556 fra-

212 5583 504 5656 grantiam
537 5585 682 5642 mihi
715 5585 1010 5657 quondam
1039 5585 1263 5643 usitatae
1295 5585 1682 5643 abstinentiae.

1976 4588 2168 4645 veniat
2197 4587 2442 4642 aditum.

2699 4687 2894 4729 MARIA.

2047 4769 2232 4840 Super
2263 4765 2372 4820 hoc
2405 4780 2476 4819 ne
2505 4761 2865 4824 sollicitcris;
2902 4759 3111 4815 faciam
3145 4762 3210 4814 ut
3236 4758 3380 4815 nulli
3412 4760 3484 4815 ad
3517 4775 3622 4814 nos

1974 4857 2270 4913 tribuatur
2299 4869 2570 4911 accessus
2602 4850 2810 4907 facilis.

2651 4961 2940 5004 ΔΒΠΑΗΑΜ.

2046 5045 2302 5116 Tempus
2326 5039 2516 5096 ablato
2539 5037 2748 5109 capitis
2770 5034 3055 5091 velamine
3077 5034 3210 5106 quis
3233 5035 3345 5091 sim
3378 5035 3620 5106 aperire.

1972 5135 2015 5190 Ο
2046 5133 2316 5206 adoptiva
2345 5128 2484 5194 ﬁlia,
2519 5144 2550 5181 o
2587 5143 2728 5181 mea:
2773 5143 2907 5196 pars
2949 5124 3177 5192 animm,
3213 5123 3417 5192 Maria,
3451 5140 3624 5195 agno-

1972 5223 2161 5280 scisne
2192 5237 2283 5276 me
2314 5215 2642 5288 senem,qui
2672 5219 2728 5269 te
2760 5220 2997 5286 paterno
3031 5230 3227 5268 amore
3259 5212 3495 5280 nutrivi,
3519 5213 3620 5284 qui

1971 5317 2028 5368 te
2058 5309 2309 5367 ecelestis
2342 5305 2514 5379 Regis
2548 5303 2848 5376 unigenito
2880 5302 3266 5374 desponsavi?

2695 5415 2891 5457 MAR”.

2044 5499 2143 5554 Hei
2180 5496 2322 5551 mihi
2352 5495 2362 5547 !
2402 5494 2568 5548 Pater
2597 5496 2652 5547 et
2683 5491 2962 5562 magister
3002 5507 3168 5545 meus
3207 5489 3498 5544 Abraham
3532 5505 3622 5545 esr.

1975 5587 2075 5660 qui
2107 5582 2385 5656 loquitur.
