4052 6180
467 278 622 344 1023
1014 236 1027 249 1
1268 287 1802 352 ΗΒΟΤΞῙΙΙΤΠᾸΞ
1848 290 2155 352 MONIAL?

2265 291 3075 364 GANDERSHEIMENSIS.
3675 313 3786 379 1024

1152 435 1416 476 summa.
2134 421 2192 491 Α
2221 438 2431 497 scerer,
2455 420 2558 485 40
2591 429 2993 503 proferebam?
3021 433 3137 489 Cur
3166 433 3419 494 demisso
3448 438 3602 497 vultu
3628 447 3787 505 terram

533 504 682 571 Quid
715 505 963 580 contigit
992 507 1119 575 tibi,
1151 506 1314 563 filia?
1999 572 2003 576 ἢ
2220 513 2465 587 inspicis
2486 517 2515 572 ?
2545 517 2661 573 Cur
2700 521 3104 593 respondendo
3148 541 3376 582 mecum
3406 529 3575 586 verba
3608 504 3790 595 miscere

1192 612 1375 653 mnu.
1930 631 1934 635 η
2222 604 2558 678 dedignaris
2575 607 2603 663 ?

531 664 735 722 Gravis
767 666 1026 724 miseria.
2358 664 2394 678 υ
2942 700 3143 740 manu.

1151 774 1418 814 mnuum.
2294 764 2513 837 Proprii
2557 769 2915 826 conscientia
2958 777 3154 830 reatus
3202 776 3542 833 confundor.
3573 780 3686 837 Idco
3723 801 3796 841 nec

527 842 667 908 Quis
702 846 758 899 te
790 844 1060 918 decepit?
1088 846 1229 912 Quis
1256 850 1313 901 te
1342 846 1613 902 seduxit?
2221 853 2422 909 oculos
2451 856 2524 911 ad
2547 857 2760 913 cmlum
2792 858 3001 927 levare,
3027 878 3132 918 nec
3155 880 3482 922 sermonem
3504 871 3676 925 tecum
3693 888 3800 944 prs-

1191 953 1374 990 MARIA.
2221 959 2391 999 sumo
2423 961 2749 1002 conserere.

523 1020 630 1087 Qui
663 1021 1060 1094 protoplastos
1094 1025 1429 1096 prostravit.
1942 1079 1953 1090 ,
2895 1046 3190 1088 ΑΒΒΑΠΑΜ.

470 1102 477 1111 Ι
1144 1130 1413 1170 ΛΒΙὶΑυΛΜ.

2238 1202 2249 1203 7
2291 1112 2420 1169 Noli
2452 1114 2739 1183 difﬁdere,
2786 1116 2927 1185 filia,
2963 1119 3081 1176 noli
3132 1121 3468 1194 desperare;
3500 1127 3595 1182 sed
3620 1116 3801 1203 emerge

530 1199 636 1254 Ubi
662 1202 752 1255 est
781 1199 1043 1272 angelica
1074 1200 1192 1269 illa,
1224 1219 1401 1274 quam
1448 1204 1506 1257 in
1550 1205 1722 1261 terris
1752 1205 1944 1277 egisti,
1979 1222 2113 1260 con.
2220 1202 2290 1258 de
2312 1203 2520 1276 abysso
2544 1205 2968 1277 desperationis
2995 1213 3055 1264 et
3072 1209 3185 1282 fige
3214 1211 3274 1266 in
3304 1211 3421 1269 Deo
3442 1230 3599 1286 spem
3618 1199 3802 1275 mentis.

451 1286 703 1345 versatio
725 1288 755 1342 ?
2943 1314 3142 1354 suam.

1190 1397 1372 1437 mnu.
2288 1383 2620 1439 Enormitas
2652 1389 3023 1457 peccatorum
3055 1391 3370 1461 prostravit
3388 1408 3482 1449 me
3510 1393 3567 1449 in
3595 1394 3807 1467 despera-

2217 1471 2394 1529 tionis
2424 1473 2802 1545 profundum.

2888 1574 3184 1616 ΔΒΜΗΛΜ.

2289 1643 2530 1699 Peccata
2578 1643 2816 1716 quidem
2864 1650 2967 1702 tua
3022 1654 3162 1704 sunt
3209 1652 3430 1722 gravia,
3461 1653 3558 1708 sed
3603 1668 3805 1725 superna

2215 1731 2403 1803 pietas
2460 1734 2649 1804 major
2703 1739 2792 1789 est
2839 1737 2999 1791 omni
3047 1742 3332 1794 creatura.
3385 1740 3545 1797 Unde
3589 1741 3804 1797 tristitias

2136 1794 2186 1860 B
2212 1794 2441 1893 rumpe,
2475 1794 2794 1895 datumque
2827 1827 3147 1897 pmnitendi
3182 1794 3509 1901 spatioluni

2211 1910 2330 1966 noli
2354 1910 2668 1984 negligere,
2682 1917 2976 1985 quatenus
2997 1917 3440 1988 superabundet
3460 1918 3644 1976 divina
3662 1918 3804 1993 gratia

2211 1999 2311 2056 ubi
2343 2001 2841 2073 superabundavit
2866 2004 3193 2061 facinorum
3225 2006 3596 2064 abominatio.

2934 2109 3135 2149 MARIA.

2280 2177 2339 2233 Si
2370 2177 2490 2233 ulla
2520 2181 2918 2250 promerenda:
2949 2198 3084 2255 spes
3114 2199 3233 2239 sua:
3263 2186 3447 2241 venia:
3477 2184 3695 2254 inesset,
3716 2188 3802 2240 stu-

2208 2267 2369 2323 dium
2402 2268 2722 2340 poanitendi
2757 2268 3001 2326 minime
3033 2272 3282 2328 deesset.

2878 2375 3178 2416 ABRAHAM.

2276 2446 2548 2503 Miserere
2579 2462 2721 2501 mea:
2752 2462 2931 2518 quam
2964 2465 3069 2520 pro
3096 2453 3153 2505 te
3183 2451 3340 2506 subii
3374 2450 3733 2519 lassitudinis,
3757 2453 3800 2506 et

2203 2537 2427 2608 depone
2448 2534 2840 2608 perniciosam
2863 2537 3354 2610 desperationem,
3381 2556 3557 2612 quam
3577 2540 3801 2597 omnibus

2202 2623 2539 2680 commissis
2571 2641 2687 2679 non
2719 2624 3017 2682 nescimus
3048 2642 3179 2683 esse
3205 2627 3656 2699 graviorem.Qui
3677 2628 3801 2685 enim

2200 2711 2581 2786 peccantibus
2610 2713 2796 2768 Deum
2826 2713 3094 2770 misereri
3124 2714 3271 2772 velle
3300 2717 3587 2790 desperat,
3613 2718 3803 2774 irrume-

2198 2801 2494 2858 diabiliter
2523 2805 2743 2874 peccat,
2768 2802 2907 2875 quia
2937 2802 3093 2859 sicut
3113 2803 3374 2862 scintilla
3403 2805 3579 2863 silicis
3604 2806 3798 2879 pelagus

2198 2889 2401 2963 nequit
2430 2890 2822 2959 inﬂammare,
2848 2891 2929 2947 ita
2960 2896 3297 2949 nostrorum
3329 2895 3608 2952 acerbitas
3635 2912 3798 2967 pecca-

2196 2980 2427 3035 minum
2459 2978 2666 3036 divina:
2715 2979 3085 3038 dulcedinem
3130 2981 3514 3056 benignitatis
3552 3000 3657 3041 non
3682 2982 3799 3039 valet

2194 3068 2531 3125 immutare.

525 1467 772 1525 Prorsus
801 1467 1050 1539 perdita.

1129 1577 1426 1617 ABRAHAM.

520 1645 632 1702 Ubi
661 1649 750 1703 est
778 1647 1129 1727 verecundia
1160 1652 1261 1703 tua
1289 1648 1637 1723 virginalis?
1669 1650 1773 1706 Ubi
1810 1650 2110 1709 continen-

454 1736 538 1791 tia
567 1733 932 1791 admirabilis
950 1735 978 1790 7

1169 1843 1371 1883 ΜΑΒΙΛ.

518 1894 832 1952 Evacuata.

1122 2002 1418 2042 ABRAHAM.

518 2074 704 2139 Quam
756 2073 1107 2140 mercedem,
1156 2074 1272 2129 nisi
1324 2074 1660 2146 resipisces,
1706 2092 1808 2146 pro
1851 2076 2103 2148 jejunio“

445 2177 599 2228 rum,
626 2158 959 2215 orationum
988 2160 1320 2233 vigiliarum
1354 2164 1565 2219 sudore
1598 2163 1750 2219 ultra
1778 2169 1944 2237 potes
1977 2182 2102 2237 spe-

446 2266 594 2317 rare,
631 2264 767 2304 cum
796 2247 955 2305 velut
993 2248 1159 2321 lapsa
1203 2251 1275 2305 ab
1327 2250 1637 2308 altitudine
1666 2252 1793 2308 οωΙὶ
1843 2252 2099 2311 dimersa

444 2354 508 2395 es
538 2337 603 2394 in-
629 2337 991 2412 profundum
1022 2337 1278 2394 inferni?

1168 2445 1348 2484 MARIA
1357 2470 1369 2484 .

514 2498 598 2555 Eb
630 2496 745 2555 heu
770 2496 783 2552 l

1115 2604 1412 2643 ABRAHAM.

512 2678 699 2743 Quare
730 2690 823 2730 me
867 2674 1224 2748 despexisti?
1269 2678 1456 2743 Quare
1505 2678 1859 2734 deseruisti?
1905 2683 2092 2747 Quare

441 2767 713 2821 eventum
746 2767 859 2818 tua:
898 2764 1246 2836 perditionis
1292 2766 1437 2821 mihi
1489 2784 1604 2823 non
1653 2767 1947 2838 indicasti,
1972 2787 2089 2841 quo

436 2870 564 2927 ego,
598 2869 733 2909 cum
765 2852 978 2908 dilecto
1010 2870 1139 2910 meo
1169 2854 1444 2927 Ephrem,
1478 2855 1713 2929 dignam
1749 2874 1851 2930 pro
1883 2862 1937 2915 te
1969 2876 2087 2932 pa:-

438 2942 752 3000 nitentiam
781 2958 1013 3014 agerem
1034 2942 1063 2998 ?

1162 3050 1361 3088 MARIA.

511 3121 829 3192 Postquam
844 3118 1026 3219 .lapsa
1045 3119 1104 3175 in
1127 3122 1381 3192 peccatis
1408 3123 1622 3192 corrui,
1646 3127 1758 3180 tua:
1791 3127 2088 3184 sanctitati
2117 3161 2161 3228 Ο

442 3208 669 3282 polluta
698 3206 1027 3280 proximare
1057 3225 1171 3264 non
1203 3212 1574 3283 praesumpsi.

2923 3159 3120 3198 MARIA.

2268 3230 2394 3285 Non
2425 3228 2579 3285 enim
2603 3246 2870 3301 supernas
2891 3231 3394 3303 magniﬁcentiam
3427 3234 3645 3308 pietatis
3663 3250 3795 3305 nego,

1110 3315 1407 3355 ABRAIIAM-
1495 3388 1503 3390 Α
1539 3388 1549 3390 _
2196 3319 2298 3374 sed
2330 3318 2550 3390 proprii
2580 3318 2989 3375 enormitatem
3029 3320 3264 3377 sceleris
3295 3324 3716 3390 considerando,
3740 3321 3794 3376 ad

498 3384 947 3481 Qnisjffquﬁlf}
993 3402 1028 3481 ἕξ
1073 3389 1307 3481 Ρθξῖοαῐο
1360 3388 1583 3445 οκείίίίί
1630 3390 1934 3462 immunis:
1969 3393 2081 3451 niSi
2194 3407 2383 3481 digna:
2413 3407 2876 3464 satisfactionem
2907 3409 3261 3480 pmnitentia:
3290 3428 3497 3468 vereor
3534 3430 3639 3469 non
3666 3410 3793 3467 διιΠί-

433 3473 619 3532 solius
650 3472 834 3529 Filius
862 3471 1121 3547 Virginis
1141 3474 1169 3530 γ
2192 3471 2339 3554 σοῖο.

1155 3581 1356 3621 ΜΑΒΙΑ.
2865 3585 3162 3626 ΑΒΠΑΗΔΜ.

498 3632 732 3691 ΝυῙῙιιε-
1966 3716 1971 3719 ,
2263 3657 2328 3714 In
2360 3673 2453 3719 me
2493 3656 2572 3713 sit
2618 3656 2902 3729 iniquitas
2933 3660 3065 3727 tua;
3098 3661 3511 3718 tantummodo
3558 3661 3793 3716 revertere

1103 3741 1397 3781 ABRAH‘AM-
2190 3748 2264 3803 ad
2294 3746 2489 3803 locum
2520 3746 2677 3802 unde
2715 3745 2905 3814 existi,
2937 3751 2995 3803 et
3035 3746 3117 3803 ini
3166 3749 3428 3806 secundo
3458 3745 3790 3807 conversatio-

501 3813 839 3870 Humanum
880 3816 970 3870 est
1018 3829 1276 3887 peccare,
1310 3814 1665 3873 diabolicum
1715 3820 1775 3875 in
1822 3824 2078 3893 peccatis

429 3904 661 3971 durare,
694 3919 801 3959 nec
842 3902 977 3975 jure
1026 3903 1474 3977 reprehenditur
1512 3906 1613 3979 qni
1662 3909 1855 3966 subito
1898 3912 2075 3981 cadit,

429 3993 531 4051 sed
562 3991 664 4065 qui
695 3991 869 4050 citius
899 4008 1139 4066 surgere
1169 3992 1433 4068 negligit.

1152 4100 1352 4140 MARIA.

2190 3853 2346 3906 nem,
2380 3852 2558 3909 quam
2590 3835 2923 3892 deseruisti.

2911 3941 3113 3981 ΜΑΒῘΑ.

2258 4015 2324 4071 In
2354 4012 2516 4069 nullo
2546 4030 2812 4087 unquam
2833 4014 2919 4069 tui
2944 4014 3164 4071 renitor
3185 4016 3356 4085 votis,
3386 4018 3490 4073 sed
3513 4033 3630 4090 quae
3648 4014 3788 4086 jubes

2185 4104 2662 4176 obtemperanter
2689 4101 3030 4177 amplector.

2858 4208 3157 4250 ABRAHAM.

2255 4282 2423 4338 Nunc
2453 4282 2638 4338 fateor
2665 4284 2720 4337 te
2759 4297 2891 4338 vere
2941 4298 3121 4354 quam
3170 4281 3387 4339 nutrivi
3440 4282 3633 4349 ﬁliam,
3664 4293 3787 4337 nunc

2183 4388 2390 4431 censeo
2420 4375 2477 4429 te
2505 4387 2621 4445 prae
2652 4369 2927 4427 omnibus
2960 4370 3081 4429 fore
3112 4369 3495 4443 diligendam.

2909 4477 3109 4517 MARIA.

2099 4536 2148 4602 D
2247 4549 2694 4625 Aliquantulum
2742 4549 2869 4606 auri
2916 4550 3286 4623 vestiumque
3339 4550 3620 4624 possideo,
3658 4544 3783 4620 quod

2178 4648 2281 4700 tua
2306 4643 2377 4698 de
2407 4641 2501 4697 his
2531 4639 2848 4697 auctoritas
2882 4640 3201 4697 decreverit
3230 4646 3518 4714 exspecto.

2851 4746 3127 4787 ABRAHAM
3136 4772 3147 4784 .

496 4168 602 4235 Hei
634 4168 781 4225 mihi
812 4169 1029 4227 infelici
1055 4171 1067 4226 ι

1100 4276 1396 4318 ABRAHAM.

497 4346 613 4403 Cur
640 4346 901 4403 decidis?
932 4348 1045 4404 Cur
1073 4347 1134 4404 in
1176 4352 1332 4406 terra
1366 4351 1531 4426 jaces
1561 4352 1921 4414 immobilis?
1948 4358 2073 4415 Eri-

423 4450 560 4511 gere
590 4440 649 4493 et
676 4451 804 4508 qua
830 4436 1024 4494 dicam
1056 4436 1310 4511 percipe.

1147 4545 1348 4584 MARIA.

494 4614 707 4672 Pavore
736 4632 1022 4672 concussa
1050 4618 1263 4687 corrui,
1287 4617 1425 4690 quia
1454 4619 1569 4676 vim
1602 4625 1854 4692 paternae
1884 4626 2071 4683 moni-

420 4702 599 4769 tionis
629 4704 779 4761 ferre
806 4704 1060 4778 nequivi.

1094 4811 1390 4894 aBRaHAM-
1487 4889 1496 4894 _
1540 4887 1557 4894 _
1780 4889 1813 4894 γ’
2248 4824 2383 4889 Quae
2427 4817 2790 4892 acquisivisti
2848 4819 3142 4891 peccando
3194 4836 3330 4876 cum
3381 4820 3523 4894 ipsis
3567 4810 3778 4891 peccatis

489 4882 736 4939 Attende
755 4882 871 4941 mei
892 4883 952 4939 in
973 4885 1029 4940 te
1050 4883 1420 4942 dilectionem
1447 4889 1505 4943 et
1524 4887 1750 4961 depone
1770 4889 2064 4952 timorem.
2176 4882 2317 4968 εωξι
2346 4882 2694 4982 abjicﬁgnda.

1140 4991 1342 5031 MARIA.
2896 4995 3079 5035 MARIA
3088 5021 3100 5034 .

489 5041 746 5114 Nequeo.

2246 5071 2435 5128 Rebar
2481 5066 2837 5142 pauperibus
2868 5069 3182 5141 eroganda,
3219 5085 3322 5125 seu
3374 5067 3553 5126 sacris
3581 5078 3691 5122 esse
3714 5057 3775 5115 al-

1093 5150 1389 5191 ABRAHAM-
2174 5160 2401 5218 taribus
2433 5157 2745 5215 offerenda.

488 5220 691 5277 Nonne
719 5221 805 5281 tui
836 5238 1016 5280 causa
1049 5223 1496 5282 desiderabilem
1541 5229 1719 5283 eremi
1751 5229 2064 5292 habitatio-

417 5325 553 5366 nem
593 5309 825 5382 reliqui,
857 5328 1090 5368 omncm
1136 5313 1422 5387 reguiaris
1473 5315 1900 5377 observantiam
1934 5341 2065 5381 con-

416 5399 764 5456 versationis
796 5417 941 5472 pene
982 5401 1274 5471 evacuavi,
1307 5402 1368 5457 in
1399 5407 1631 5460 tantum
1662 5410 1727 5461 ut
1756 5425 1861 5483 ego
1893 5430 2063 5473 verus

416 5486 745 5556 eremicola,
797 5489 986 5545 factus
1037 5507 1169 5546 sum
1219 5490 1647 5553 lascivientium
1699 5499 1958 5569 conviva,
2008 5510 2065 5562 et

419 5575 520 5655 qui
540 5575 640 5632 diu
662 5576 894 5634 silentio
917 5579 1246 5650 studebam,
1264 5581 1553 5653 jocularia
1571 5585 1767 5655 verba,
1790 5606 1863 5646 ne
1884 5607 2061 5664 agno-

2847 5263 3144 5302 ABRAHAM.

2243 5340 2370 5396 Non
2401 5336 2546 5394 satis
2590 5334 2945 5408 acceptabile
2974 5352 3196 5393 munus
3222 5335 3337 5395 Dco
3381 5352 3505 5392 csse
3548 5344 3770 5403 compro-

2173 5431 2366 5500 batur,
2398 5426 2553 5500 quod
2584 5423 2930 5481 criminibus
2961 5425 3307 5498 acquiritur.

2892 5531 3092 5570 MARIA.

2243 5606 2417 5664 Nulla
2449 5620 2624 5676 super
2651 5602 2744 5660 his
2775 5600 2930 5658 ultra
2961 5602 3352 5661 sollicitudine
3382 5603 3597 5675 fatigat.
