4050 6172
246 346 405 412 1025

925 495 1217 536 ΑΒΗΛΗΛΜ.

325 572 547 628 Matuta
572 568 827 639 nitescit,
859 566 1125 638 lucescit,
1155 569 1455 627 abeamus.

972 675 1173 716 MARIA.

321 753 513 807 Tuum
544 751 653 818 est,
684 750 781 803 4|
820 748 986 803 Pater
1013 749 1283 815 amande,
1319 754 1384 804 ut
1414 749 1485 805 ad
1526 749 1714 806 instar
1760 748 1897 804 boni

247 839 501 915 pastoris
531 838 825 911 prmcedas
874 842 1164 909 repertam
1196 855 1381 907 ovem,
1414 843 1472 894 et
1501 855 1608 911 ego
1656 839 1898 910 paribus

248 931 525 986 incedens
554 926 817 999 vestigiis
847 928 1175 999 subsequor
1205 929 1645 1000 praecedentem.

930 1034 1226 1072 ABRAHAM.

323 1109 488 1165 Haud
533 1107 645 1174 ita;
682 1107 782 1161 scd
831 1121 936 1178 ego
981 1105 1230 1176 pedibus
1279 1106 1567 1172 incedam,
1601 1109 1656 1160 te
1701 1109 1895 1160 autem

248 1216 400 1272 equo
430 1211 823 1268 superponam
856 1210 927 1249 nc
957 1193 1183 1249 itineris
1215 1194 1500 1265 asperitas
1538 1198 1695 1249 secet
1737 1198 1897 1249 tone-

250 1307 347 1346 ras
378 1287 629 1361 plantas.

974 1399 1174 1440 MARIA.

322 1475 388 1544 Ο,
422 1490 597 1547 quem
628 1477 684 1528 te
712 1488 1054 1540 memorem,
1088 1488 1266 1545 quam
1296 1472 1403 1528 tibi
1435 1470 1760 1546 gratiarum
1783 1472 1899 1527 im-

251 1564 505 1638 pendam
536 1561 1159 1633 recompensationem,
1193 1561 1295 1633 qui
1327 1578 1419 1616 me
1451 1560 1756 1634 indignam
1783 1559 1901 1615 mi-

250 1653 542 1710 seratione
570 1667 685 1706 non
732 1654 953 1706 terrore
1001 1649 1181 1723 cogis,
1216 1650 1317 1707 sed
1369 1649 1495 1705 miti
1547 1650 1899 1705 condescen-

251 1742 419 1801 sione
450 1741 522 1798 ad
552 1738 953 1814 pmnitentiam
984 1738 1279 1795 hortaris?

926 1844 1223 1885 ΔΒΒΛΗΛΜ.

325 1919 482 1977 Nihil
530 1917 689 1975 aliud
723 1921 843 1973 ate
891 1920 1113 1989 expeto,
1156 1916 1271 1972 nisi
1319 1921 1384 1972 ut
1432 1916 1723 1989 reliquum
1770 1914 1899 1971 vitm

250 2009 592 2067 inhzerendo
624 2007 865 2064 insistas
895 2006 997 2062 Dei
1029 2006 1330 2078 obsequio.

626 2104 629 2105 ⁷
977 2112 1175 2152 mam.

325 2189 657 2262 Spontanea
684 2186 877 2241 mente
897 2183 1232 2251 inhaeream,
1254 2199 1358 2257 pro
1378 2182 1604 2239 viribus
1626 2182 1900 2239 insistam

250 2284 329 2350 et,
362 2279 411 2336 si
446 2275 692 2334 facultas
723 2275 874 2333 desit
901 2290 1095 2347 posse,
1129 2290 1433 2346 nunquam
1473 2278 1669 2331 tamen
1719 2271 1905 2329 deerit

249 2367 420 2425 velle.

943 2478 1218 2518 ABRAHAM

326 2553 607 2613 Convenit
634 2557 720 2623 ut,
754 2568 869 2626 quo
899 2551 1095 2608 studio
1127 2549 1492 2608 deserviebas
1520 2549 1786 2620 vanitati,
1818 2549 1902 2606 fa-

253 2643 499 2703 muleris
528 2642 734 2699 divina:
765 2640 1074 2698 voluntati.

981 2745 1182 2787 MARIA.

330 2825 477 2893 Fiat,
511 2836 737 2895 precor,
772 2820 891 2876 tuis
924 2819 1172 2890 meritis,
1205 2823 1271 2875 ut
1321 2819 1378 2875 in
1431 2836 1525 2875 me
1573 2819 1908 2892 perficiatur

255 2913 532 2970 voluntas
558 2909 910 2967 Divinitatis.

928 3025 1222 3064 ABRAHAM.

328 3102 693 3158 Maturemus
726 3096 1002 3154 reditum.

981 3212 1182 3252 MARIA.

329 3290 729 3357 Maturemus;
760 3302 898 3342 nam
931 3301 1024 3340 me
1050 3284 1224 3339 taedet
1254 3300 1574 3339 morarum.

876 3374 1104 3431 SCENA
1142 3372 1290 3429 VIII.

936 3479 1211 3520 ABRAHAM
1220 3505 1230 3515 .

331 3562 561 3628 Quanta
618 3556 910 3613 celeritate
966 3552 1156 3625 asperi
1213 3550 1619 3607 difficultatem
1681 3553 1909 3610 itineris

252 3646 718 3707 transcurrimus
738 3646 749 3700 !

985 3757 1186 3797 MARIA.

330 3836 495 3905 Quod
526 3836 730 3891 devote
762 3832 975 3905 agitur,
1010 3828 1179 3885 facile
1211 3827 1531 3901 perﬁcitur.

938 3944 1216 3984 ABRAHAM
1225 3967 1237 3982 .

326 4025 474 4080 Ecce
506 4026 609 4079 tua
639 4021 872 4078 deserta
901 4015 1131 4075 cellula.

983 4131 1165 4172 MARIA
1174 4156 1186 4170 .

328 4212 434 4269 Hei
465 4210 645 4268 mihi!
681 4209 815 4282 Ipsa
845 4206 959 4264 mei
990 4204 1227 4263 sceleris
1258 4208 1347 4261 est
1375 4205 1627 4274 conscia,
1657 4205 1786 4263 ideo
1818 4205 1907 4264 in-

253 4300 422 4376 gredi
452 4297 723 4356 formido.

934 4409 1231 4450 ABRAHAM.

328 4489 401 4545 Et
429 4487 675 4555 merito;
708 4482 1023 4558 fugiendus
1072 4484 1162 4537 est
1207 4479 1424 4554 quippe
1473 4480 1658 4552 locus,
1691 4482 1752 4539 in
1793 4499 1908 4555 quo

250 4578 489 4636 hostem
520 4575 789 4649 sequitur
818 4569 1179 4644 triumphus.

983 4687 1183 4727 ΜΔΒῙΛ.

328 4766 403 4821 Et
434 4763 534 4820 ubi
565 4779 660 4820 me
690 4760 955 4818 decernis
987 4758 1422 4832 compunctioni
1454 4760 1701 4816 vacare?

934 4875 1232 4914 ABRAHAM.

333 4952 642 5026 Ingredere
674 4950 734 5005 in
765 4947 974 5005 cellam
1006 4946 1365 5011 interiorem,
1400 4962 1472 5003 ne
1500 4952 1769 5004 vetustus
1800 4965 1913 5004 ser-

252 5058 406 5117 pens
436 5037 763 5113 decipiendi
795 5037 950 5095 ultra
977 5034 1233 5091 inveniat
1263 5035 1652 5091 occasionem.

986 5141 1188 5180 MARIA.

332 5221 460 5276 Non
490 5222 693 5275 contra
717 5218 928 5284 luctor,
961 5214 1064 5270 sed
1096 5230 1222 5286 qua:
1246 5213 1423 5284 jubcs
1464 5212 1803 5286 amplector.

939 5318 1209 5359 ABRAHAM
1218 5343 1231 5356 .

334 5396 706 5453 Familiarem
751 5409 951 5449 meum
984 5391 1235 5465 Ephrem
1268 5391 1562 5459 accedam,
1598 5407 1714 5463 quo
1764 5390 1908 5463 ipse,

258 5486 363 5560 qui
398 5484 823 5542 solusmecum
846 5486 957 5540 tum
980 5479 1281 5537 condoluit
1299 5478 1633 5553 perditioni,
1657 5496 1910 5553 congau-

262 5576 399 5630 deat
428 5572 767 5629 inventioni.

1287 345 1699 409 COMOEDle
1741 347 1915 410 SEX.
1947 379 2027 392 —
2052 347 2160 412 IV.
2201 349 2618 416 ABRAHAM.

1925 490 1980 556 A

1929 1866 1979 1934 Β

1937 4617 1986 4683 Ι)

2735 503 2937 545 ΜΑΗῙΛ.

2080 572 2388 645 Competit.

2651 664 2880 722 SCENA
2927 668 3017 726 IX.

2704 770 2959 811 EPHREM.

2079 840 2231 894 Num
2264 839 2409 894 mihi
2443 839 2665 911 aliquid
2699 844 2873 901 all'ers
2902 847 3146 919 gaudii?

2688 950 2982 991 ABRAIIAM.

2077 1017 2155 1070 Ac
2189 1016 2412 1087 magni.

2709 1124 2948 1164 EPHREM
2955 1152 2967 1163 .

2081 1192 2296 1260 Placet,
2328 1208 2434 1247 nec
2466 1192 2670 1250 dubito
2701 1196 2844 1268 quin
2876 1198 3121 1255 Mariam
3163 1202 3606 1260 nanciscereris.

2686 1303 2982 1343 ABRAIIAM.

2079 1370 2474 1427 Nanciscebar
2501 1371 2707 1444 plane;
2741 1378 2798 1430 et
2825 1378 3089 1447 gaudens
3121 1379 3323 1435 reduxi
3365 1383 3437 1438 ad
3488 1383 3656 1441 ovile.

2712 1481 2965 1520 EPHREM.

2081 1549 2302 1605 Divinas
2330 1549 2518 1621 gratia
2547 1550 2896 1610 visitationis
2924 1554 3165 1626 factum,
3199 1557 3390 1613 credo.

2687 1658 2981 1698 ABBAHAM.

2082 1725 2290 1783 Procul
2322 1728 2521 1785 dubio.

2704 1838 2960 1878 EPHREM.

2704 1839 2773 1877 ap
2819 1839 2856 1877 Ρ.
2945 1863 2960 1878 .

2080 1903 2302 1961 Vellem
2334 1907 2502 1976 scire,
2538 1839 2998 1982 qualiterHjEZta
3046 1912 3105 1967 id
3150 1914 3432 1987 temporis
3479 1915 3660 1973 vitam

2010 2010 2323 2066 moresque
2350 1997 2722 2054 ordinaverit.

2685 2098 2980 2145 ABRAIIAM.

2080 2172 2259 2229 Juxta
2286 2189 2483 2232 meum
2514 2174 2679 2233 velle.

2705 2283 2812 2323 EPH
2820 2284 2939 2323 ΚΒΜ
2946 2310 2958 2322 .

2088 2351 2203 2407 [loc
2232 2351 2317 2409 illi
2346 2356 2576 2426 expedit
2602 2354 2691 2412 vel
2724 2356 2997 2412 maxime.

2372 2472 2375 2475 '
2685 2461 2983 2501 ABRAHAM.

2083 2530 2376 2603 Quidquid
2417 2532 2530 2605 ipsi
2560 2533 2854 2606 agendum
2884 2534 3182 2607 proposui,
3215 2536 3485 2607 quamvis
3514 2538 3664 2610 difﬁg

2011 2620 2141 2688 cile,
2176 2621 2451 2693 quamvis
2481 2637 2674 2694 grave,
2705 2621 2863 2677 haud
2895 2622 3195 2696 abrogavit
3225 2624 3443 2682 subire.

2705 2726 2960 2768 EPHREM.

2086 2797 2424 2855 Laudabile.

2688 2904 2982 2946 ΔΒΗΑΗΑΜ.

2084 2976 2231 3031 Nam
2280 2976 2489 3032 induta
2538 2977 2728 3034 cilicio
2786 2979 3182 3053 continuaque
3237 2981 3571 3055 vigiliarIJm
3604 2989 3662 3042 et

2006 3065 2221 3138 jejunii
2251 3067 2661 3123 exercitatione
2692 3072 3121 3138 maccrata,42
3142 3071 3485 3128 arctissimze
3514 3072 3660 3147 legis

2013 3155 2416 3212 observatione
2473 3173 2686 3229 corpus
2740 3161 3009 3214 tenerum
3067 3160 3284 3216 animis
3333 3161 3491 3234 cogit
3538 3164 3659 3234 pati

1936 3243 1980 3309 C
2020 3243 2353 3318 imperium.

2708 3352 2817 3392 EPH
2824 3351 2963 3393 ΚΒΜ.

2087 3424 2339 3495 [Equum
2370 3426 2554 3480 estut
2599 3424 2813 3497 iniquae
2862 3426 3064 3484 sordes
3110 3427 3513 3486 delectationis
3559 3429 3661 3486 eli-

2019 3512 2317 3569 minentur
2348 3512 2661 3569 acerbitate
2689 3515 3114 3588 castigationis.

2688 3620 2984 3661 ADRAIIAM.

2088 3690 2366 3762 Quisquis
2395 3690 2523 3762 ejus
2553 3689 2811 3748 lamenta
2839 3691 3130 3768 intelligit,
3164 3700 3360 3753 mente
3394 3696 3660 3754 vulnera-

2017 3783 2134 3845 tur,
2167 3775 2437 3849 quisquis
2467 3779 2979 3851 compunctionem
3025 3783 3207 3841 sentit
3254 3787 3312 3840 et
3347 3784 3474 3857 ipse
3500 3802 3659 3843 com-

2016 3864 2320 3939 pungitur.

2710 3973 2817 4013 EPH
2826 3974 2964 4015 ΚΒΜ.

2088 4044 2246 4103 Solet
2265 4044 2411 4101 fieri.

2690 4151 2981 4193 ΔΒΗΛΗΛΜ.

2088 4223 2363 4280 Elaborat
2392 4239 2495 4296 pro
2524 4222 2770 4293 viribus,
2803 4228 2869 4280 ut
2901 4224 3117 4298 quibus
3148 4243 3326 4285 causa
3346 4228 3458 4285 fuit
3477 4227 3666 4303 perdi-

2016 4312 2196 4372 tionis
2216 4312 2319 4368 fiat
2348 4310 2678 4385 exemplum
2709 4315 3127 4373 conversionis.

2712 4418 2968 4463 EPHREM.

2090 4491 2465 4566 Consequens
2486 4496 2591 4550 est.

2691 4598 2965 4640 ABRAIIAM
2974 4626 2986 4638 .

2088 4670 2311 4728 Nititur
2338 4674 2401 4727 ut
2430 4675 2647 4743 quanto
2677 4672 2897 4728 exstitit
2928 4672 3150 4742 foedior,
3187 4676 3347 4729 tanto
3389 4678 3664 4748 appareat

2022 4761 2279 4819 nitidior.

2716 4868 2969 4906 EPIIREM.

2092 4940 2416 4998 Jucundior
2446 4939 2735 4996 audiendo
2766 4957 2988 5010 precor,
3021 4939 3279 5013 dialique
3324 4941 3488 4999 laetor
3524 4958 3665 5015 gau-

2022 5030 2281 5087 dimonio
2314 5030 2410 5103 (3).

2692 5133 2986 5174 ABRAHAM.

2092 5209 2162 5263 Et
2203 5206 2429 5275 merito,
2464 5222 2602 5262 nam
2649 5205 2970 5280 phalanges
3018 5207 3293 5282 angelica:
3343 5209 3668 5283 gaudentes

2021 5296 2335 5353 Dominum
2366 5294 2612 5351 laudant
2640 5310 2816 5367 super
2844 5298 3167 5368 peccatoris
3197 5298 3590 5355 conversione.

2710 5401 2966 5440 EPHREM.

2092 5474 2208 5532 Nec
2238 5473 2489 5541 mirum;
2524 5471 2746 5529 nullius
2794 5490 3051 5546 namque
3073 5475 3223 5547 justi
3252 5476 3442 5550 magis
3471 5476 3664 5535 delec-

2019 5568 2181 5621 tatur
2209 5560 2657 5635 perseverantia,
2690 5578 2870 5633 quam
2899 5562 3066 5635 impii
3095 5564 3458 5636 pcsnitentia.

337 5682 412 5756 (3)
446 5681 609 5736 nunc
639 5678 835 5735 locum
870 5677 954 5736 sic
986 5676 1245 5733 restituit
1276 5676 1343 5732 D.
1380 5674 1617 5750 Magnin
1653 5692 1665 5731 :
1693 5674 1971 5732 Jucundor
1997 5670 2286 5739 audiendo,
2315 5667 2775 5744 praecordialique
2807 5670 2962 5727 Iactor
2989 5670 3361 5745 gaudimonio.
