4052 6180
425 337 578 399 1027
1220 339 1750 402 HROTSUI'I‘H/E
1793 337 2163 402 MONIALIS
2207 339 3018 404 GANDERSHEIMENSIS.
3669 343 3825 406 1028

1092 487 1386 527 ABRN-IAM.
2096 475 2148 542 Α
2180 473 2282 530 Dei
2313 473 2546 544 Filium,
2579 474 2680 547 qui
2713 493 2830 531 non
2854 473 2978 530 vult
3007 473 3194 548 perire
3223 490 3372 548 quos
3402 475 3498 532 sui
3545 491 3716 534 sacro
3739 495 3824 534 re-

493 557 654 616 Unde
683 559 742 614 in
774 558 874 615 illa
904 563 1065 615 tanto
1089 559 1314 632 justius
1343 560 1639 630 laudatur,
1664 566 1882 635 quanto
1913 562 2069 620 ultra
2177 563 2362 619 demit
2391 563 2697 637 sanguine.

423 647 534 703 resi
540 646 685 720 pisci
715 664 888 720 posse
915 648 1352 721 desperabatur.
2847 668 3142 708 ABRAHAM.

1114 755 1369 794 EPIIREM.
2174 739 2293 813 Ipsi
2323 741 2528 812 honor,
2561 740 2748 814 gloria
2775 745 2833 797 el:
2853 740 3128 813 jubilatio
3157 757 3262 814 per
3306 740 3543 799 inﬁnita
3591 740 3827 798 saecula.

488 823 974 897 Congratulantes
994 825 1325 896 laudemus,
1341 827 1648 884 laudantes
1671 827 2068 902 gloriﬁcemus
2171 831 2378 886 Amen.

418 912 788 986 unigenitum
819 919 876 971 et
903 915 1317 986 venerabilem,
1341 917 1620 973 dilectum
1641 923 1701 974 et
1721 917 2065 975 clementem

414 1097 3838 1128 Μ

1539 1271 2692 1583 ΡΑΡΗΙέΙΙΤΙΠΒ

1195 1798 1996 1914 ARGUMENTUM
2061 1803 2183 1916 IN
2250 1804 3006 1923 PAPHNUTIUM

473 2005 784 2088 Conversio
810 2003 1050 2088 Thaidis
1081 2004 1620 2088 meretriciaquam
1654 2007 2018 2088 Paphnutius
2047 2009 2310 2088 eremita,
2345 2025 2507 2088 aeque
2540 2014 2605 2088 ut
2631 2011 2948 2088 abraham,
2980 2015 3105 2088 _sub_
3125 1994 3548 2088 specieadiens
3580 2029 3684 2072 am

405 2079 486 2160 ris
517 2075 812 2160 convertit,
847 2079 904 2130 et
1100 2075 1441 2160 poenitentia
1460 2075 1575 2158 per
1603 2075 2166 2160 quinquennium__in
2199 2075 2451 2160 angusta
2480 2081 2693 2160 cellula
2721 2075 3040 2160 conclusit,
3069 2075 3257 2160 donec
3305 2087 3486 2160 digna
3534 2075 3832 2144 satisfac-

403 2151 560 2206 tione
590 2149 704 2206 Deo
737 2147 1127 2214 reconciliata,
1163 2147 1368 2218 quinta
1397 2147 1637 2206 decima“
1657 2147 1902 2222 peractae
1934 2147 2432 2225 pcnnitentiaavdie,
2468 2155 2822 2212 obdormivit
2851 2155 2912 2212 in
2945 2147 3194 2215 Christo.

1688 2386 2432 2462 INTERLOCUTORES
2490 2416 2510 2459 :

370 2543 401 2556 -
901 2523 1377 2593 PAPHNUTIUS,
1411 2539 1714 2595 mscmuu,
1747 2525 1982 2598 THAIS,
2012 2544 2254 2586 JUVBNES
2292 2534 2575 2600 AMANTES,
2607 2530 2993 2600 ANTONIUS,
3028 2531 3325 2590 PAULUS.

1063 2703 1292 2760 SCENA
1327 2705 1371 2759 Ι.
2069 2717 2119 2783 Β
2779 2726 3166 2768 PAPHNUTIUS.

1001 2793 1102 2848 43
1133 2809 1437 2849 υιεοιρυιι.
2227 2797 2454 2855 Omnis.

465 2885 582 2940 Cur
620 2884 960 2951 obscurum,
996 2881 1181 2951 Pater,
1213 2881 1440 2938 vultum
1491 2900 1597 2939 nec
1645 2883 1814 2940 solito
1862 2883 2040 2956 geris,
2828 2905 3134 2947 mscrpnu.

399 2973 714 3046 Paphnuti,
741 2969 1059 3028 serenum?
2223 2976 2330 3043 Qui
2359 2979 2552 3050 potest
2583 2977 2752 3033 ﬁeri?

1027 3087 1313 3126 PAPHNUTI
1323 3088 1413 3127 US.
1551 3105 1556 3109 ν
2783 3083 3068 3124 ΡΛΡΗΝΠἸΊ
3077 3083 3166 3122 US.

463 3161 646 3233 Cujus
676 3176 775 3214 cor
803 3157 1206 3226 contristatur,
1227 3161 1356 3230 ejus
1375 3164 1434 3215 et
1454 3159 1650 3216 vultus
1670 3160 2038 3216 obscuratur.
2224 3154 2296 3210 Ut
2325 3155 2546 3228 placuit
2573 3156 2850 3213 Creatori.

1055 3263 1361 3304 DISCIPULI.
2815 3261 3124 3302 DISCIPULI.

464 3339 571 3394 Pro
603 3355 720 3410 qua
748 3353 809 3392 re
839 3336 1252 3393 contristaris?
2219 3333 2345 3389 Non
2377 3334 2662 3406 sapimus.

1025 3441 1410 3480 PAPHNUTIUS.
2779 3440 3162 3482 PAPHNUTIUS.

463 3517 570 3572 Pro
601 3513 822 3587 injuria
852 3511 1132 3570 Factoris.
2218 3510 2344 3568 Non
2373 3511 2610 3569 obvium
2640 3516 2731 3570 est
2761 3513 3156 3586 perpluribus.

1064 3627 1366 3668 DISCIPULI.
1953 3636 1964 3644 -

2813 3619 3120 3660 οιεαιρῦα.

460 3705 594 3772 Quae
624 3703 745 3760 haec
775 3701 1036 3776 injuria?
2218 3689 2471 3764 Expone.

1025 3808 1408 3849 PAPHNUTIUS.
2777 3797 3160 3839 PAPHNU’HUS.

459 3887 656 3959 Ipsam
687 3900 866 3958 quam
897 3901 933 3940 a
961 3881 1196 3956 propria
1234 3881 1454 3954 patitur
1502 3887 1770 3940 creatura
1819 3885 1900 3940 ad
1942 3884 2036 3940 sui

2217 3868 2525 3926 Intendite.

387 3975 708 4048 imaginem
739 3971 996 4030 condita.
2811 3975 3116 4016 mscxpuu.

1062 4087 1366 4130 DISCIPULI.
2059 4089 2106 4160 α
2213 4048 2292 4103 Αο
2323 4051 2596 4120 prompta
2624 4051 2840 4160 mente.

2773 4153 3156 4196 PAPHNUTIUS.

2213 4226 2376 4283 Sicut
2401 4226 2560 4283 enim
2591 4227 2782 4300 major
2811 4227 3072 4285 mundus
3098 4243 3168 4285 ex
3196 4232 3452 4302 quatuor
3478 4234 3806 4294 contrariis

2141 4314 2466 4386 elementis,
2499 4315 2601 4372 sed
2631 4315 2704 4372 ad
2733 4319 2936 4374 votum
2968 4315 3259 4375 Creatoris
3287 4319 3617 4377 secundum
3663 4321 3802 4380 har-

2143 4405 2438 4462 monicam
2463 4405 2924 4464 moderationem
2955 4407 3447 4466 concordantibus
3466 4410 3799 4483 perficitur,

2140 4493 2226 4550 ita
2253 4498 2313 4551 et
2341 4493 2517 4551 homo
2547 4511 2664 4551 non
2694 4493 2886 4552 solum
2937 4495 3010 4552 ab
3059 4495 3283 4553 eisdem
3325 4495 3664 4572 elementis,
3697 4501 3802 4558 sed

2143 4583 2318 4640 etiam
2348 4599 2420 4640 ex
2449 4581 2638 4657 magis
2667 4582 2976 4640 contrariis
3006 4583 3275 4656 partibus
3303 4590 3634 4659 coaptatur.

2813 4689 3122 4730 DISGIPULI.

461 4167 746 4227 Terruisti
775 4185 882 4226 nos
913 4167 1090 4224 dictu.

1019 4274 1402 4314 PAPHNUTIUS.

462 4351 621 4408 Licet
650 4347 754 4405 illa
782 4345 1166 4420 impassibilis
1197 4347 1476 4418 majestas
1509 4348 1662 4404 afﬁci
1693 4365 1808 4405 non
1848 4349 2037 4421 possit

391 4439 645 4512 injuriis,
679 4441 898 4506 tamen,
933 4439 999 4492 ut
1026 4435 1270 4492 aﬂ'ectus
1301 4440 1514 4492 nostra:
1546 4437 1880 4510 fragilitatis
1911 4454 2034 4495 me-

388 4528 688 4600 taphorice
717 4526 1066 4583 transferam
1100 4523 1160 4579 in
1191 4523 1396 4593 Deum,
1429 4541 1556 4597 quae
1587 4527 1776 4599 major
1817 4525 2036 4598 injuria

389 4617 505 4673 dici
535 4619 746 4690 potest,
779 4631 978 4688 quam,
1012 4613 1168 4686 quod
1203 4613 1332 4685 ejus
1353 4613 1618 4686 imperio,
1638 4616 1810 4688 cujus
1830 4616 2038 4690 guber-

391 4705 617 4762 naculis
666 4705 856 4776 major
903 4703 1164 4760 mundus
1221 4703 1690 4776 obtemperanter
1737 4705 2032 4778 subditur,

391 4761 554 4852 same
580 4761 782 4850 mino;
801 4797 1004 4850 contra
1031 4791 1334 4848 luctetur?
1421 4761 1440 4776 ⁸
1749 4761 1757 4762 ί
1783 4761 1787 4762 ⁷
1989 4761 2032 4778 “’
2214 4763 2285 4820 Et
2313 4761 2455 4834 quid
2484 4761 2674 4836 magis
2705 4761 3066 4819 contrarium
3096 4778 3276 4836 quam
3303 4763 3639 4823 elementa?

1057 4898 1365 4938 DISCIPULI.

2771 4867 2918 4908 PAPH
2925 4868 3156 4910 NUTIUS.

461 4973 602 5042 Quis
631 4978 722 5030 est
751 4974 944 5029 minor
973 4971 1275 5027 mundus?
2213 4939 2438 5014 Corpus
2461 4943 2518 5042 et
2547 4940 2764 5006 anima,
2785 4941 2938 5042 ‘quia
2985 4941 3122 5040 licet
3165 4940 3267 4998 illa
3311 4941 3435 5042 sint
3467 4943 3794 5042 contraria,

1021 5076 1404 5116 pApHNUTIUS.
2141 5035 2340 5085 tamen
2371 5033 2512 5084 sunt
2541 5028 2897 5102 corporalia;
2920 5029 3120 5086 anima
3148 5047 3256 5086 nec
3275 5029 3564 5101 mortalis,
3587 5037 3657 5088 ut
3677 5049 3802 5090 oor-

461 5153 665 5209 Ηοιῃο,
2141 5135 2274 5191 pus,
2307 5135 2414 5175 nec
2445 5134 2658 5192 corpus
2689 5117 2974 5192 spiritale,
3005 5123 3072 5175 ut
3101 5119 3321 5177 anima.

1059 5263 1366 5302 mscrpuu.
2216 5295 2301 5352 Ita
2808 5223 3121 5266 DISCIPULI.

461 5353 644 5405 Homo
659 5347 688 5405 ?

2773 5411 2919 5451 PAPH
2927 5410 3158 5452 NUTIUS.

1019 5461 1404 5503 PAPHNU’I‘IUS.

2211 5483 2271 5540 Si
2301 5485 2497 5538 tamen
2528 5481 2862 5541 dialecticos
2892 5483 3216 5558 sequimur,
3243 5500 3351 5542 nec
3369 5483 3473 5543 illa
3498 5486 3802 5548 contraria

461 5547 657 5605 Porro.

2159 5589 2276 5630 esse
2305 5571 2578 5629 fatemur.

1057 5661 1361 5705 DISCIPULI.
2817 5678 3125 5722 DISCIPULI.

466 5738 606 5808 Quis
634 5738 854 5798 homo?
2212 5751 2282 5810 Et
2311 5750 2446 5826 quis
2475 5753 2668 5826 potest
2698 5752 2952 5826 negare?
