4050 6172
185 335 343 397 1029

825 492 1205 535 PAPHNUTIUS.

258 560 369 626 Qui
401 559 704 618 dialectice
735 564 845 620 scit
876 565 1198 638 disputare,
1231 569 1371 642 quia
1411 569 1554 624 mia:
1585 567 1727 622 nihil
1759 573 1848 626 est

181 649 568 718 contrarium,
605 651 707 706 sed
741 656 1088 726 receptatrix
1112 662 1201 713 est
1230 657 1681 713 contrariorum.

867 761 1173 802 DISCIPULI.

257 829 407 895 Quid
440 828 550 884 sibi
579 829 704 885 vult
736 834 890 902 quod
915 834 1436 903 dixisti,sccumlum
1467 836 1842 892 harmom'cam

178 919 611 975 moderationem
629 923 654 974 .9

820 1029 1205 1069 PAPIINUTIUS.

261 1101 323 1155 Id
357 1099 599 1166 scilicet,
621 1100 798 1170 quod,
822 1101 975 1156 sicut
1004 1103 1187 1173 pressi
1220 1102 1682 1174 excellentesquc
1713 1103 1841 1160 soni

181 1187 524 1245 harmonicc
558 1190 858 1260 conjuncti
884 1190 1163 1262 quiddam
1189 1191 1501 1264 perﬁciunt
1522 1192 1837 1261 musicum,

181 1279 268 1334 ita
319 1277 554 1332 dissona
613 1276 900 1334 elementa
960 1282 1371 1337 convenienter
1426 1282 1841 1339 concordantia

180 1383 371 1423 unum
404 1365 714 1438 perﬁciunt
745 1369 1055 1424 mundum.

863 1474 1166 1515 DISCIPULI.

258 1547 472 1602 Mirum
501 1548 794 1618 quomodo
828 1548 1069 1605 dissona
1109 1552 1444 1608 concordari
1476 1552 1564 1608 vel
1595 1569 1837 1609 concor-

181 1635 383 1693 dantia
416 1635 643 1707 possint
673 1635 913 1694 dissona
940 1637 1074 1694 dici.

817 1743 1201 1784 PAPIINUTIUS.

257 1816 404 1882 Quia
435 1814 577 1870 nihil
609 1830 679 1870 ex
711 1815 1003 1872 similibus
1035 1820 1304 1891 componi
1350 1820 1598 1887 videtur,
1635 1836 1740 1876 nec
1769 1837 1837 1875 ex

178 1904 298 1973 his,
332 1921 468 1976 quae,
491 1903 654 1960 nulla
686 1905 929 1962 rationis
959 1909 1332 1979 proportione
1355 1909 1774 1981 junguntur,et
1805 1927 1838 1964 a

179 2011 244 2050 se
278 1994 436 2049 omni
472 1994 807 2051 substantia
836 2001 1163 2068 naturaque
1195 1997 1446 2054 discreta
1477 2003 1634 2054 sunt.

786 2088 890 2142 44
925 2101 1227 2145 DISCIPULI.

253 2173 406 2242 Quid
438 2177 527 2230 est
559 2171 832 2229 musica?

815 2289 1178 2331 PAPHNUTIUS
1189 2317 1200 2328 .

260 2360 584 2433 Disciplina
615 2378 734 2417 una
763 2361 834 2417 de
864 2361 1245 2435 philosophia
1276 2365 1613 2436 quadruvio.

857 2467 1164 2507 DISCIPULI.

257 2540 406 2609 Quid
438 2544 528 2598 est
552 2540 662 2597 hoc
693 2540 848 2613 quod
881 2540 1028 2598 dicis
1057 2542 1447 2614 quadruvium
1469 2543 1496 2597 ‘I

815 2647 1002 2688 PAPIIN
1012 2648 1200 2688 UTIUS.

246 2720 652 2788 Arithmetica,
687 2720 1060 2792 geometrica,
1095 2721 1341 2792 musica,
1373 2722 1783 2779 astronomica.

853 2825 1155 2867 DISCIPULI.

249 2899 368 2954 Cur
396 2898 784 2971 quadruvium
808 2899 836 2953 ‘I

815 3014 1196 3054 PAPHNUTIUS.

249 3086 418 3152 Quia,
442 3085 594 3142 sicut
623 3103 657 3140 a
690 3086 1013 3158 quadruvio
1046 3087 1377 3154 semita),ita
1408 3088 1480 3142 al)
1512 3105 1626 3143 uno
1648 3088 1832 3160 philo-

172 3174 399 3247 sophia:
432 3173 716 3246 principio
765 3175 976 3230 harum
1035 3175 1480 3246 disciplinarum
1540 3178 1830 3248 prodeunt

173 3264 616 3336 progressiones
647 3267 834 3320 recta}.

855 3379 1155 3419 DISCIPULI.

247 3450 532 3506 Veremur
561 3449 842 3523 quiddam
903 3451 1308 3524 investigando
1340 3455 1591 3526 rogitare
1621 3456 1693 3511 dc
1722 3456 1826 3511 tri-

172 3539 455 3610 bus,quia
486 3541 684 3610 ereptae
716 3537 1064 3610 scrupulum
1096 3540 1515 3612 disputationis
1546 3543 1824 3614 capcdine

171 3628 391 3686 mentis
420 3629 514 3683 vix
543 3631 846 3700 penetrare
877 3627 1134 3698 quimus.

805 3733 947 3775 ΡΛΡΠ
956 3733 1088 3773 NUTI
1097 3734 1186 3772 US.

243 3806 489 3864 Difﬁcile
519 3811 714 3879 captu.

841 3920 1144 3960 DISCIPULI.

235 3993 342 4049 Dio
370 3993 540 4048 nobis
568 3993 639 4048 de
659 4009 727 4048 ea
753 3993 1436 4066 superﬁcictcnus,cujus
1459 3997 1814 4056 mentionem

148 4083 218 4139 in
255 4080 526 4154 praesenti
556 4079 824 4138 fecimus.

796 4187 940 4227 ΡΑΡΗ
949 4189 1081 4228 NUTI
1089 4189 1179 4229 US.

229 4261 552 4333 Perparum
585 4260 776 4318 dicere
802 4260 942 4330 scio,
977 4262 1116 4333 quia
1162 4265 1488 4324 eremicolis
1533 4272 1621 4323 est
1654 4268 1810 4327 inco-

143 4349 348 4423 gnita.

835 4465 1138 4505 DISCIPULI.

227 4536 382 4605 Quid
410 4537 576 4609 agit?

794 4653 1171 4694 PAPIINUTIUS.

222 4732 492 4791 Musica?

825 4849 1131 4892 DISCIPULI.

221 4929 378 5002 Ipsa.

784 5047 1163 5087 PAPHNUTIUS.

216 5116 492 5190 Disputat
519 5118 589 5173 de
620 5118 802 5173 sonis.

826 5225 1127 5264 DISCIPULI.

213 5295 426 5354 Utrum
457 5301 547 5352 est
579 5314 715 5367 una,
752 5313 824 5354 an
856 5297 1053 5371 plures
1076 5299 1103 5354 ?

781 5404 1164 5445 PAPHNUTIUS.

213 5476 360 5530 Tres
390 5489 518 5531 esse
549 5475 866 5544 dicuntur;
891 5477 991 5532 sed
1026 5493 1388 5550 unaqumque
1419 5481 1639 5538 ratione
1661 5501 1792 5555 pro-

122 5561 591 5635 portionationis
624 5563 788 5620 alteri
823 5564 904 5620 ita
931 5565 1329 5638 conjungitur,
1357 5571 1420 5622 ut
1450 5568 1605 5625 idem
1636 5575 1791 5644 quod

122 5651 356 5710 accidit
385 5651 487 5708 uni
518 5669 630 5706 non
664 5653 827 5712 deest
857 5653 1041 5711 alteri.

1188 344 1598 409 COMOEDI/E
1645 343 1810 405 sax.
1847 383 1920 391 -
1954 351 2026 410 v.
2073 351 2602 421 PAPHNU’I‘IUS.

1835 4612 1885 4679 D

3456 380 3610 442 1030

1869 484 1924 551 Α
2635 508 2938 552 DISCIPULI.

2028 578 2097 634 Et
2128 595 2254 651 quae
2279 579 2563 635 distantia
2586 580 2741 637 inter
2769 589 2888 641 tres
2907 587 2936 642 ?

2592 689 2973 732 PAPHNUTIUS.

2027 755 2222 812 Prima
2253 756 2469 811 dicitur
2526 761 2828 817 mundana
2880 765 3002 822 sive
3047 771 3319 843 cwlestis,
3354 781 3610 834 secunda

1953 846 2255 900 mundana
2287 847 2412 916 (leg.
2450 845 2752 921 humana),
2790 855 2986 925 tertia,
3020 875 3148 928 qua:
3197 861 3608 924 instrumentis

1951 938 2268 990 exercetur.

2627 1045 2934 1087 DISClPULl.

2023 1112 2083 1167 In
2117 1131 2230 1184 quo
2263 1117 2495 1169 constat
2526 1115 2774 1173 ccclesiis
2796 1120 2824 1174 ‘2

2588 1223 2973 1266 PAPIINUTIUS.

2022 1291 2087 1344 In
2117 1294 2344 1363 septem
2378 1290 2627 1364 planetis
2661 1301 2717 1351 et
2750 1298 2808 1352 in
2839 1301 3057 1358 caelesti
3090 1306 3337 1378 sphaera.

2631 1403 2934 1445 DXSCIPULI.

2023 1469 2326 1535 Quomodo
2348 1471 2375 1524 ‘2

2584 1582 2727 1621 PAPH
2737 1584 2966 1626 NUTlUS.

2019 1647 2097 1702 Eo
2127 1648 2396 1706 videlicet
2429 1670 2543 1724 quo
2575 1653 2675 1710 illa
2722 1674 2846 1728 quae
2889 1659 2948 1714 in
2982 1661 3430 1738 instrumentis;
3465 1671 3604 1743 quia

1948 1739 2032 1790 tot
2057 1737 2251 1808 spatia
2295 1756 2466 1810 pares
2504 1743 2943 1817 productiones,
2977 1753 3191 1808 eaedem
3242 1737 3601 1830 symphoniae

1865 1866 1912 1932 B
1946 1825 2317 1896 reperiuntur
2348 1828 2404 1882 in
2441 1829 2532 1886 his
2561 1849 2686 1903 qua:
2720 1840 2777 1890 et
2810 1837 2867 1892 in
2898 1838 3152 1896 chordis.

2628 1939 2932 1981 DISCIPULI.

2020 2003 2165 2069 Quid
2199 2011 2338 2061 sunt
2366 2010 2557 2080 spatia
2579 2010 2606 2064 ?

2581 2118 2964 2162 PAPHNUTIUS.

2017 2180 2443 2256 Dimensioncs,
2488 2206 2614 2262 quae
2675 2199 3067 2252 numerantur
3128 2199 3278 2257 inter
3335 2203 3600 2275 planetas

1946 2267 2064 2325 sive
2094 2271 2248 2328 inter
2278 2274 2546 2335 chordas.

2621 2387 2927 2429 DISCIPULI.

2016 2447 2083 2502 Et
2112 2450 2252 2521 quid
2285 2454 2743 2523 productiones?

2580 2564 2963 2608 PAPIINUTIUS.

2012 2627 2174 2683 Idem
2207 2631 2364 2701 quod
2395 2635 2540 2688 toni.

2620 2742 2923 2784 DISCIPULI.

2011 2805 2126 2861 Nec
2158 2806 2368 2866 horum
2399 2812 2608 2870 notitia
2639 2833 2744 2872 nos
2776 2819 2981 2892 tangit.

2572 2922 2717 2961 PAPH
2727 2924 2955 2964 NUTIUS.

2013 2985 2209 3042 Tenus
2240 2988 2306 3043 ﬁt
2334 3006 2402 3044 ex
2432 2992 2664 3050 duobus
2718 2997 2878 3052 sonis
2909 3003 2966 3054 et
2997 3003 3259 3071 possidet
3305 3009 3588 3068 rationem

1939 3075 2182 3145 epogdoi
2216 3080 2442 3134 numeri
2473 3081 2591 3137 sive
2624 3085 3033 3156 scsquioctavi.

2618 3190 2922 3231 DISCIPULI.

1859 3238 1904 3306 C
2013 3255 2238 3320 Quanto
2269 3258 2523 3316 velocius
2565 3265 2875 3335 praeposita
2919 3267 3322 3345 investigando
3373 3281 3587 3353 satagi-

1939 3357 2071 3398 mus
2102 3346 2372 3415 transire,
2409 3352 2569 3406 tanto
2618 3351 2948 3413 difﬁciliora
2998 3360 3166 3417 nobis
3218 3381 3332 3419 non
3365 3346 3586 3426 desinis

1937 3447 2244 3504 apponere.

2571 3547 2956 3593 PAPHNUTIUS.

2004 3611 2120 3667 Hoc
2155 3614 2332 3686 exigit
2363 3617 2706 3688 hujusmodi
2741 3624 3082 3696 disputatio.

2597 3724 2908 3768 DISCIPULI.

1999 3790 2266 3848 Edissere
2297 3800 2708 3854 summotenus
2739 3798 3175 3872 aliquantulum
3209 3808 3280 3865 de
3311 3813 3582 3885 sympho-

1927 3877 2065 3950 niis,
2097 3898 2211 3953 quo
2243 3881 2441 3940 saltim
2473 3885 2731 3944 sciamus
2770 3890 3262 3962 signiﬁcationem
3295 3877 3572 3959 nominis.

2557 3992 2942 4035 PAPHNUTIUS.

1995 4061 3571 4150 Symphoniadiciturmodulationistemperamentum.

2595 4172 2896 4215 DISCIPULl.

1991 4241 2176 4305 Quare
2196 4241 2223 4295 ‘?

2556 4352 2937 4396 PAPHNUTIUS.

1988 4419 2134 4484 Quia
2190 4437 2347 4476 nunc
2403 4426 2672 4494 quatuor,
2734 4445 2889 4484 nunc
2941 4432 3218 4506 quinque,
3254 4453 3408 4492 nunc
3440 4442 3566 4496 octo

1918 4509 2076 4563 sonis
2105 4509 2426 4581 perﬁcitur.

2592 4621 2896 4663 DISCIPULI.

1988 4688 2134 4754 Quia
2173 4692 2290 4746 tres
2349 4708 2476 4748 esse
2531 4696 2964 4768 cognoscimus,
2997 4699 3364 4774 singularum
3395 4722 3561 4764 voca-

1914 4773 2053 4831 bula
2084 4776 2421 4849 dignoscere
2454 4782 2747 4854 cupimus.

2548 4889 2830 4929 PAPIINUTI
2840 4891 2928 4930 US.

1982 4954 2177 5012 Prima
2227 4958 2445 5014 dicitur
2495 4961 2593 5016 45
2644 4961 3030 5033 diatessaron,
3076 4971 3242 5039 quasi
3295 4987 3363 5027 ex
3411 4991 3555 5046 qua-

1910 5047 2060 5111 tuor,
2095 5050 2152 5100 et
2181 5048 2439 5118 possidet
2492 5050 2924 5121 proportionem
2951 5056 3249 5128 epitritam
3280 5061 3399 5118 sive
3431 5081 3555 5120 ses-

1909 5134 2298 5204 quitertiam;
2361 5138 2616 5192 secunda
2670 5139 2959 5212 diapente,
3016 5161 3144 5216 quae
3201 5155 3431 5206 constat
3487 5169 3555 5207 ex

1907 5223 2168 5295 quinque
2185 5229 2345 5280 etest
2372 5224 2432 5279 in
2465 5226 2686 5282 ratione
2717 5229 2975 5287 hemiolii
3009 5234 3127 5291 sive
3154 5238 3550 5309 sesquialteri;

1903 5310 2074 5366 tertia
2101 5313 2382 5383 diapason
2411 5333 2422 5382 ;
2457 5314 2578 5371 haec
2611 5316 2672 5370 ﬁt
2703 5316 2760 5372 in
2796 5319 2994 5392 duplo,
3027 5325 3442 5399 perﬁciturque
3464 5347 3550 5386 so-

1904 5399 2126 5457 nitibus
2157 5406 2304 5458 octo.

2581 5511 2884 5553 DISCIPULI.

1973 5579 2124 5634 Num
2156 5579 2382 5650 sphzera
2438 5587 2494 5638 et
2553 5582 2795 5655 planetae
2856 5590 3158 5659 proferunt
3215 5612 3446 5670 sonum,
3483 5605 3548 5656 ut

1901 5672 2234 5726 mereantur
2257 5671 2751 5744 comparationem
2784 5675 3135 5738 chordarum
3156 5682 3184 5740 ?
