4084 6190
327 319 483 396 1033

318 628 609 702 dissipant
638 628 801 685 illam
840 628 1210 699 colendo,sed
1241 633 1419 694 etiam
1449 640 1835 706 praepotentes
1855 634 1964 694 viri

315 719 583 791 pretiosa:
612 717 949 774 varietatem
984 720 1402 792 suppellectilis
1433 725 1961 795 pessumdant,non

315 811 538 880 absque
568 808 660 865 sui
691 809 906 866 damno
938 809 1086 866 hanc
1119 811 1381 868 ditando.

987 917 1211 955 DISCIPU
1221 918 1291 956 LI.

385 985 759 1044 lioreseimus
785 988 1010 1045 auditu.

946 1093 1332 1133 PAPllNUTIUS.

383 1167 598 1240 Greges
628 1169 957 1222 amatorum
990 1167 1061 1220 ad
1097 1165 1256 1222 illam
1287 1167 1615 1224 confluunt.

982 1271 1286 1312 DISCIPULI.

383 1347 455 1402 Se
484 1345 646 1418 ipsos
677 1344 948 1416 perdunt.

935 1450 1079 1489 ΡΛΡΗ
1089 1449 1319 1490 NUTIUS.

377 1524 486 1592 Qui
518 1527 806 1594 amentes,
837 1523 978 1588 dum
1009 1540 1156 1579 οωοο
1190 1523 1361 1580 corde
1409 1524 1541 1598 quis
1588 1524 1752 1582 illam
1783 1527 1953 1586 adeat

307 1613 691 1682 contendunt,
724 1611 984 1670 convicia
1015 1617 1356 1686 congerunt.

979 1719 1284 1759 DISCIPULI.

375 1793 568 1850 Unum
599 1791 808 1848 vitium
841 1795 1008 1863 parat
1039 1791 1216 1848 aliud.
1975 1836 2025 1901 Β

933 1897 1317 1938 PAPHNUTIUS.

345 1973 590 2043 .Deinde
622 1971 765 2030 mito
796 1971 1134 2038 certamine,
1167 1987 1320 2026 nunc
1372 1988 1471 2026 ora
1521 1987 1807 2048 naresque
1839 1990 1945 2044 pu-

300 2064 435 2136 gnis
470 2062 812 2135 frangendo,
866 2078 1020 2122 nunc
1071 2059 1252 2116 armis
1304 2059 1598 2122 vicissimc
1637 2061 1942 2136 ejiciendo,

299 2150 661 2209 decurrentis
711 2151 909 2207 illuvie
958 2150 1264 2221 sanguinis
1313 2151 1708 2208 madefaciunt
1739 2151 1946 2212 limina

299 2239 622 2315 lupanaris.

893 2331 991 2386 47
1039 2344 1343 2387 ωεαιρυω.

368 2421 413 2478 Ο
446 2420 610 2476 nefas
640 2417 1013 2488 detestabile!

925 2522 1312 2563 PAPHNUTIUS.

361 2598 490 2656 Haec
519 2598 738 2670 injuria
765 2613 944 2670 quam
978 2597 1180 2653 deflevi
1216 2594 1623 2665 Pectoris,th
1645 2599 1733 2652 est
1763 2612 1940 2652 causa

289 2689 405 2744 mei
437 2687 678 2748 doloris.

966 2791 1192 2833 DISCIPU
1202 2792 1272 2830 ιι.

360 2875 566 2932 Merito
615 2891 794 2948 super
838 2875 947 2931 hoc
998 2874 1388 2943 contristaris,
1443 2891 1547 2930 nec
1591 2873 1936 2938 dubitamus

283 2966 430 3036 quin
461 2970 656 3021 tecum
689 2964 1110 3020 contristentur
1139 2963 1292 3019 cives
1322 2961 1523 3035 patrim
1553 2962 1825 3020 emlestis.

918 3067 1296 3110 PAPHNUTIUS.

355 3144 506 3212 Quid
540 3144 589 3202 si
619 3142 780 3200 illam
811 3143 1018 3203 adeam
1041 3141 1152 3197 sub
1175 3141 1367 3213 specie
1396 3142 1755 3215 amatoris,si
1786 3144 1932 3200 forte

283 3234 537 3292 revocari
568 3234 756 3307 possit
784 3233 855 3291 ab
885 3212 1632 3304 intentioneinugaeitatis?
1679 3212 1689 3215 ’
1959 3212 2004 3281 C

951 3337 1260 3377 DISCIPULL

353 3414 463 3480 Qui
485 3417 597 3469 tute
631 3410 972 3485 cogitationi
1004 3409 1312 3468 instillavit
1341 3409 1508 3482 velle,
1540 3409 1665 3486 ipse
1694 3416 1930 3484 przestet

281 3502 605 3559 efficaciam
638 3517 829 3575 posse.

923 3605 1304 3652 PAPHNUTIUS.

356 3686 578 3746 Fulcite
614 3705 710 3745 me
740 3687 978 3744 interim
1010 3686 1281 3758 precibus
1312 3686 1586 3755 assiduis,
1635 3704 1706 3744 ne
1755 3703 1926 3758 supe-

282 3795 378 3836 rer
407 3777 640 3836 insidiis
671 3777 862 3834 vitiosi
895 3776 1206 3848 serpentis.

953 3880 1256 3920 DISCIPULI.

353 3966 462 4033 Qui
510 3981 706 4040 regem
755 3963 1066 4038 prostravit
1097 3962 1603 4030 tenebrieolarum,
1668 3963 1928 4036 largatur

280 4055 391 4112 tibi
423 4060 624 4112 contra
652 4055 880 4111 hostem
911 4053 1301 4125 triumphum.

935 4151 1162 4232 SCENA
1202 4152 1271 4208 Π.

924 4267 1110 4306 ΡΑΡΗΝ
1121 4267 1302 4306 υτιυε.

355 4351 496 4405 Ecce
519 4351 766 4421 juvenes
799 4349 858 4404 in
891 4349 1047 4414 foro;
1083 4347 1212 4402 illos
1244 4349 1500 4420 primum
1533 4348 1796 4416 adibo,et
1828 4348 1926 4403 ubi

281 4439 434 4495 hanc
466 4455 643 4512 quam
675 4455 868 4510 quaero
898 4435 1192 4492 inveniam
1222 4436 1456 4516 rogabo.

963 4539 1240 4582 JUVBNES.

351 4619 457 4688 En,
491 4619 729 4691 ignotus
759 4616 998 4689 quidam
1031 4631 1138 4672 nos
1169 4613 1320 4685 adit;
1371 4613 1736 4686 experiemur
1783 4615 1924 4687 quid
1953 4591 2004 4658 Β

273 4706 434 4764 velit.

915 4810 1300 4851 PAPHNUTIUS.

351 4895 524 4966 Heus,
552 4894 818 4965 juvenes,
853 4893 953 4964 qui
984 4891 1126 4948 estis
1152 4896 1174 4947 P

974 5006 1249 5047 JUVENES.

352 5082 634 5139 Urbicolze
665 5080 843 5152 hujus
876 5079 1148 5136 civitatis.

912 5195 1098 5234 PAPHN
1107 5193 1274 5232 UTIUS
1285 5219 1296 5230 .

348 5265 547 5318 Avete.

961 5363 1223 5402 JUVENES.

351 5450 420 5504 Et
449 5454 511 5504 tu
543 5447 719 5515 salve,
754 5445 871 5502 sive
904 5444 984 5500 sis
1016 5445 1194 5517 hujus
1243 5443 1442 5517 patriae
1475 5444 1772 5517 indigena,
1806 5446 1926 5502 sive

273 5538 520 5595 advena.

910 5643 1098 5684 PAPHN
1107 5641 1297 5683 UTIUS.

344 5726 580 5787 Advena
607 5740 764 5784 nunc
795 5724 1059 5782 advenio.

511 5868 521 5878 '
594 5853 864 5918 ΡΑτιιοι..
909 5850 1254 5917 CXXXVII.

1311 323 1716 386 COEMEDUE
1760 325 1933 386 SEX.
1982 359 2060 373 --
2101 328 2171 392 ν.
2219 276 2745 400 PAPHPlU'l-‘IUS.

954 469 1338 512 PAPHNUTIUS.
1992 463 2048 531 Α

359 539 505 606 ,Νοο
537 538 728 600 solum
759 555 1015 612 nugaees
1045 541 1326 600 vilitatem
1375 561 1490 618 sua:
1544 545 1850 614 familiaris
1882 547 1963 604 rei
2031 547 2044 553 “

3569 343 3740 414 1034,

2763 484 3035 534 ΠΝΙΝΕΒ.

2144 549 2260 606 Cur
2289 552 2527 611 advenis
2546 554 2575 610 Ἰ
2605 555 2754 623 Quid
2787 557 3042 632 quaeris?

2708 661 3092 704 ΡΑΡΗΝυἸἸυΒ.

2141 727 2267 783 Non
2299 732 2388 784 est
2417 730 2754 789 dicendum.

2760 840 3030 884 JUVENBS.

2140 907 2369 970 Quare?

2698 1017 2844 1062 ΡΔΡΗ
2854 1019 3083 1062 NUTIUS.

2138 1085 2284 1150 Quia
2310 1086 2456 1142 mihi
2485 1092 2798 1148 secretum.

2753 1195 2780 1234 J
2789 1195 3025 1235 UVENES.

2137 1262 2346 1320 Melius
2376 1270 2443 1320 ut
2472 1267 2756 1337 proferas,
2787 1269 2926 1340 quia
2954 1269 3006 1330 si
3038 1285 3155 1324 non
3187 1285 3250 1326 es
3283 1272 3532 1339 nostras,
3553 1270 3713 1327 diffi-

2063 1350 2171 1408 cile
2203 1353 2420 1424 poteris
2451 1354 2691 1428 aliquod
2709 1357 2862 1419 inter
2882 1374 2989 1418 nos
3009 1357 3313 1431 negotium
3335 1359 3560 1436 absque
3578 1376 3714 1428 cpn-

2063 1439 2194 1498 silio
2221 1458 2497 1517 peragam
2528 1445 2874 1502 incolarum.

2593 1559 2596 1562 -
2692 1551 3073 1604 menstruus.

2130 1621 2293 1687 Quod
2323 1622 2375 1682 si
2406 1623 2624 1693 dixero,
2655 1628 2715 1680 et
2743 1625 2990 1690 dicendo
3019 1625 3259 1700 aliqum.
3291 1626 3437 1696 mihi
3467 1627 3731 1706 impedi-'

2059 1713 2324 1772 mentum
2355 1711 2718 1778 excitavere?

2745 1821 3014 1870 δυνεῌεβ.

2129 1888 2254 1946 Non
2287 1907 2321 1946 a
2352 1891 2540 1948 nobis.

2687 1999 3074 2050 papnNU'rlUs.

2129 2067 2299 2124 Laetis
2328 2069 2821 2140 promissionibus
2851 2073 3014 2141 cedo,
3046 2076 3364 2145 vestrmque
3394 2074 3529 2132 fidei
3560 2091 3697 2146 cou-

2055 2156 2242 2214 lidens
2271 2163 2563 2216 secretum
2586 2159 2843 2226 enucleo.

2123 2336 2279 2392 Nihil
2309 2343 2508 2395 nostra
2537 2341 2608 2396 de
2638 2267 3217 2415 ρωῗὲἷῗιέῗιβέιὶιωᾷβ.
3248 2341 3396 2412 nihil
3447 2342 3554 2418 tibi
3587 2343 3701 2418 9D."

2051 2424 2237 2482 viabit
2265 2428 2718 2487 eontrarietatis.

2681 2535 2827 2584 PAF}!
2836 2535 3068 2585 ΝυΊιῙ-Ιβ·

2119 2606 2520 2670 Quorumdam
2554 2606 2740 2663 relatu
2771 2607 3028 2680 comperi
3059 2607 3366 2665 mulierem
3394 2626 3566 2681 saepe
3596 2627 3696 2686 sps

2047 2694 2396 2751 commorari
2427 2693 2703 2752 omnibus
2725 2696 3344 2767 amabilem,qmnibus
3373 2698 3688 2758 alfabilem.

2730 2802 2996 2856 δυνεμεβ.

2115 2872 2278 2930 Nosti
2311 2873 2440 2946 ejus
2474 2877 2733 2932 nomen?

2673 2980 2862 3022 PAPHN
2871 2980 3058 3029 UTIUS.

2113 3052 2255 3108 Novi

2729 3159 2998 3206 ιυνειςωε.

2113 3229 2262 3296 Quid
2293 3231 2570 3287 vocatur?

2670 3337 3052 3378 PAPHNUTIUS.

2109 3407 2311 3466 Thais.

2725 3515 2996 3556 JUVENES.

2110 3587 2242 3659 Ipsa
2272 3587 2626 3644 nostratium
2659 3592 2748 3643 est
2779 3589 2953 3662 ignis.

2630 3688 2642 3702 '
2671 3692 3058 3742 mansimus.

2109 3765 2326 3820 Ferunt
2355 3762 2516 3819 illam
2546 3763 2854 3820 mulierem
2886 3747 3368 3842 pulcherrimam,
3415 3766 3683 3825 omnium

2037 3867 2163 3910 esse
2191 3851 2692 3910 delicatissimam.

2723 3958 2992 4015 Juvauss.

2110 4030 2216 4100 Qui
2247 4031 2494 4099 retulere
2527 4031 2672 4087 nihil
2705 4031 2974 4089 fefellere.

2667 4137 3053 4192 “panpinus.

2109 4209 2300 4281 Ipsius
2328 4226 2506 4266 causa
2535 4207 2795 4264 difﬁcilis
2827 4209 3222 4284 prolixitatem
3242 4210 3346 4268 vim
3396 4209 3679 4285 surripui;

2037 4299 2225 4371 ipsam
2259 4303 2325 4370 ut
2354 4299 2612 4370 viderem
2635 4297 2861 4370 adveni.

2721 4404 2994 4456 JUVENES.

2106 4477 2347 4535 Nullum
2376 4479 2480 4534 tibi
2513 4478 2708 4536 obstat
2735 4477 3224 4554 impedimentum
3260 4494 3392 4554 eam
3419 4478 3677 4536 videndi.

2668 4582 3032 4624 PAPHNUTIUS
3043 4608 3055 4621 .

2103 4653 2149 4710 Il
2157 4653 2214 4710 bi
2241 4658 2503 4725 moratur
2519 4656 2547 4710 ‘I

2720 4760 2991 4801 JUVRNES.

2105 4831 2271 4901 Ecce,
2306 4832 2533 4889 mansio
2564 4832 2625 4886 in
2656 4832 2940 4904 proximo.

2670 4937 3053 4977 PAPHNUTIUS.

2111 5010 2238 5068 Haec
2271 5027 2447 5082 quam
2473 5009 2662 5066 indice
2683 5003 2973 5084 proditis?

2717 5115 2988 5156 JUVBNES.

2107 5189 2258 5260 Ipsa.

2664 5293 3051 5336 PAPHNUTIUS.

2107 5365 2210 5422 Illo
2241 5382 2502 5439 pergam.

2718 5473 2991 5514 JUVENES.

2103 5544 2162 5601 Si
2195 5543 2406 5618 placet,
2438 5548 2632 5602 tecum
2664 5561 3001 5619 pergamus.

2662 5651 2806 5693 PAPH
2813 5652 2849 5692 Ν
2854 5651 3044 5721 υΤῙῐξΒο

2107 5723 2259 5786 Malo
2282 5723 2368 5785 ire
2389 5723 2571 5784 solus.

3279 5854 3357 5918 33
