4050 6172
354 344 510 409 1085

1042 493 1309 535 JUVENES.

423 569 497 626 Ut
528 568 689 625 libet.

1005 654 1233 711 SCENA
1274 654 1342 709 II.

591 794 608 806 ,
965 758 1328 799 PAPHNUTIUS
1338 783 1349 795 .

425 836 510 889 Tu
543 833 697 889 istam
730 833 903 899 intro,
936 830 1137 899 Thais,
1170 846 1348 902 quam
1378 832 1611 902 qumro?

1081 936 1267 975 THAIS.

422 1012 562 1080 Quis
596 1011 691 1067 hic
724 1010 822 1081 qui
854 1009 1116 1080 loquitur
1144 1009 1245 1065 48
1278 1008 1556 1081 ignotus?

988 1111 1351 1154 PAPHNUTIUS
1362 1139 1373 1150 .

422 1191 665 1246 Amator
694 1192 834 1244 tuus
1086 1201 1090 1205 ‘

1082 1273 1266 1313 THAIS.

396 1349 791 1420 ‘Quicumque
821 1363 917 1404 me
948 1362 1144 1403 amore
1176 1345 1333 1414 colit,
1370 1362 1598 1418 azquam
1618 1345 1801 1402 vicem
1834 1359 2000 1401 amo-

355 1440 435 1496 ris
465 1456 498 1496 a
528 1455 621 1496 me
652 1436 875 1510 recipit.

988 1541 1343 1581 PAPHNUTIUS
1354 1566 1365 1577 .

394 1619 463 1677 Ὀ
492 1616 902 1687 Thais,Thais,
930 1619 1153 1686 quanta
1184 1613 1519 1685 gravissimi
1552 1612 1781 1669 itineris
1812 1627 2001 1668 curre-

351 1710 486 1765 bam
519 1707 726 1779 spatia,
762 1722 874 1776 quo
908 1703 1055 1759 mihi
1091 1705 1325 1759 daretur
1375 1703 1543 1774 copia
1593 1707 1787 1758 tecum
1840 1700 1999 1757 fandi

349 1798 553 1869 tuique
584 1795 791 1853 faciem
825 1791 1282 1864 contemplandi.

1079 1898 1243 1937 THAIS
1255 1926 1265 1936 .

420 1977 534 2033 Nec
582 1976 885 2046 aspectum
944 1970 1248 2037 subtraho,
1312 1986 1416 2026 nec
1478 1968 1835 2040 colloquium
1897 1968 1998 2023 de-

352 2078 520 2136 nego.
1018 2074 1028 2081 ‘

980 2163 1365 2204 PAPHNUTIUS.

422 2241 724 2298 Secretum
746 2242 958 2294 nostra:
980 2235 1468 2293 contabulationis
1491 2234 1780 2293 desiderat
1806 2233 2003 2292 solitu-

353 2330 550 2387 dinem
582 2327 691 2386 loci
723 2326 1073 2385 secretioris.

1084 2432 1268 2472 TIIAIS.

424 2509 569 2565 Ecce
597 2505 789 2564 cubile
818 2505 961 2562 bene
996 2508 1247 2562 stratum
1280 2508 1335 2561 ct
1365 2502 1707 2561 delectabile
1735 2504 1807 2560 ad
1840 2501 2001 2558 inha-

356 2596 685 2654 bitandum.

988 2699 1173 2740 PAPHN
1182 2698 1369 2740 UTIUS.

423 2774 599 2832 Estne
632 2772 724 2829 his
747 2770 904 2829 aliud
938 2771 1214 2846 penitius,
1246 2771 1305 2828 in
1338 2788 1452 2843 quo
1482 2772 1780 2843 possimus
1822 2767 1994 2826 collo-

355 2862 455 2936 qui
486 2861 806 2920 secretius?

1079 2967 1263 3007 THAIS.

422 3043 526 3101 Est
586 3042 801 3099 etenim
852 3039 1011 3096 aliud
1061 3039 1354 3097 occultum
1403 3042 1525 3094 tam
1572 3041 1879 3105 secretum,
1933 3040 1998 3092 ut

351 3132 479 3205 ejus
510 3131 803 3204 penetrale
836 3128 981 3186 nulli
1006 3134 1212 3200 prazter
1241 3144 1352 3196 me,
1389 3127 1501 3183 nisi
1526 3127 1661 3196 Deo,
1696 3127 1769 3183 sit
1799 3125 1997 3200 cogni-

350 3224 499 3279 tum.

986 3304 1369 3346 PAPHNUTIUS.

424 3361 531 3421 Cui
561 3361 677 3419 Deo
692 3360 721 3417 Τ

1079 3466 1264 3506 THAIS.

422 3524 591 3581 Vero.

985 3625 1131 3667 PAPH
1140 3625 1370 3667 NUTIUS.

424 3702 626 3762 Credis
654 3700 822 3759 illum
858 3698 1079 3772 aliquid
1111 3698 1297 3757 scire?

1085 3804 1269 3846 THAIS.

418 3884 543 3942 Non
577 3879 771 3938 nescio
806 3878 973 3936 illum
1005 3878 1151 3935 nihil
1183 3878 1381 3935 latere.

976 3982 1362 4025 PAPHNUTIUS.

420 4059 706 4117 Utrumne
737 4059 881 4116 reris
920 4056 1088 4114 illum
1137 4057 1289 4114 facta
1339 4070 1650 4128 pravorum
1680 4055 1992 4129 negligere,

350 4165 426 4207 an
458 4149 548 4206 sui
580 4148 912 4219 aequitatem
944 4146 1210 4204 servare?

1076 4251 1261 4292 THAIS.

418 4326 661 4383 Estimo
691 4324 879 4398 ipsius
911 4323 1204 4396 aequitatis
1234 4322 1399 4379 lance
1430 4321 1801 4397 singulorum
1820 4325 1996 4381 meri~

346 4420 410 4473 ta
437 4414 691 4489 pensari,
724 4418 785 4471 et
812 4412 1152 4485 unicuique,
1181 4416 1353 4485 prout
1382 4412 1585 4486 gessit,
1619 4413 1739 4470 sive
1768 4412 1993 4487 suppli-

345 4503 523 4577 cium,
549 4505 669 4562 sive
700 4499 1009 4578 prtemium
1041 4501 1282 4558 servari.

980 4605 1369 4648 PAPHNUTIUS.

418 4684 463 4740 Ο
491 4684 741 4751 Christe,
768 4696 949 4755 quam
981 4679 1253 4737 miranda
1277 4684 1388 4736 tuae
1410 4680 1565 4738 circa
1595 4698 1701 4737 nos
1733 4680 1995 4756 benigni-

341 4773 483 4830 tatis
515 4770 816 4846 patientia,
851 4771 950 4843 qui
982 4774 1038 4825 te
1070 4769 1324 4826 scientes
1354 4770 1518 4826 vides
1550 4786 1788 4842 peccare
1819 4776 1876 4827 et
1904 4777 1991 4828 ta-

344 4878 478 4919 men
510 4862 711 4917 tardas
743 4860 982 4933 perdere
1002 4859 1030 4914 ‘?

1078 4965 1265 5005 THAIS.

413 5040 530 5095 Cur
560 5037 965 5095 contremiscis
995 5040 1221 5093 mutato
1252 5036 1481 5093 colore?
1513 5036 1630 5094 Cur
1669 5037 1860 5095 fluunt
1907 5039 1991 5097 la-

344 5145 553 5203 crymze
570 5128 597 5182 ?

966 5232 1357 5271 PAPIINUTIUS.

412 5306 523 5363 Tui
572 5304 1090 5378 prmsumptionem
1142 5304 1435 5371 horresco,
1472 5304 1554 5359 tui
1601 5305 1987 5378 perditionem

342 5395 547 5468 deﬂeo,
602 5396 741 5467 quia
789 5395 909 5449 haec
958 5392 1134 5463 nosti,
1188 5397 1243 5448 et
1291 5397 1485 5448 tantas
1535 5393 1763 5450 animas
1796 5396 1986 5467 perdi-

344 5485 505 5542 disti.

1067 5571 1253 5611 THAIS.

410 5644 526 5715 νω,
557 5662 639 5704 vce
668 5643 816 5703 mihi
845 5644 1087 5704 infelici.

1150 340 1677 406 HROTSUITH/E
1720 335 2096 402 MONIALIS
2143 339 2951 407 GANDERSHEIMENSIS.

2027 472 2086 541 A

3612 342 3773 406 {036

2749 493 2897 534 PAPH
2903 492 3114 535 NUTIUS
3122 518 3134 532 .

2179 562 2365 630 Tanto
2387 563 2612 635 justius
2640 565 3036 635 damnaberis,
3068 570 3286 639 quanto
3323 569 3779 640 praesumptuo-

2108 649 2232 707 sius
2264 651 2519 710 scienter
2545 654 2837 713 offendisti
2870 656 3238 729 majestatem
3272 655 3644 713 Divinitatis.

2783 760 2970 800 THAIS.

2184 829 2329 897 lieu,
2364 830 2502 897 heu,
2535 833 2672 903 quid
2706 831 2869 905 agis?
2898 833 3047 899 Quid
3078 832 3297 890 infelici
3330 833 3663 890 minitaris.

2734 937 3119 979 PAPHNUTIUS.

2180 1008 2549 1081 Supplicium
2575 1010 2683 1066 tibi
2713 1009 2985 1066 imminet
3012 1010 3314 1084 gehennze,
3354 1010 3407 1069 si
3453 1028 3777 1084 permane-

2109 1096 2198 1153 bis
2228 1096 2289 1152 in
2320 1096 2562 1155 scelere.

2837 1203 3003 1244 THAIS
3012 1229 3025 1242 .

2180 1274 2467 1332 Severitas
2488 1279 2599 1332 tua:
2621 1276 3006 1349 correptionis
3029 1277 3329 1335 concussit
3347 1276 3648 1351 penetrale
3672 1294 3779 1351 pa-

2110 1361 2230 1418 vidi
2262 1362 2475 1421 cordis.

2740 1470 3124 1511 PAPHNUTIUS.

2180 1540 2223 1597 Ο
2255 1542 2482 1598 utinam
2512 1559 2671 1599 esses
2696 1542 2918 1599 viscera
2968 1547 3140 1598 tenus
3190 1559 3481 1601 concussa
3527 1544 3770 1614 timore,

2109 1644 2181 1684 ne
2210 1630 2367 1685 ultra
2395 1648 2778 1702 praesumeres
2808 1630 3149 1703 periculosa:
3173 1631 3547 1690 delectationi
3568 1651 3776 1693 assen-

2110 1734 2241 1776 sum
2274 1720 2549 1790 praebere.

2842 1827 3024 1866 THAIS.

2180 1898 2250 1953 Et
2280 1898 2414 1968 quis
2445 1902 2579 1969 post
2608 1898 2727 1954 haec
2756 1897 2921 1955 locus
2954 1900 3239 1971 pestiferae
3289 1899 3667 1959 delectationi
3703 1904 3770 1960 in

2111 2002 2239 2043 meo
2270 1988 2443 2043 corde
2473 1991 2664 2059 potest
2693 1986 3075 2059 relinqui,ubi
3107 1988 3302 2046 solum
3332 1989 3599 2049 intestini
3620 2008 3770 2051 mce-

2109 2076 2259 2133 roris
2291 2076 2621 2134 amaritudo
2652 2076 2987 2149 consciique
3019 2081 3212 2135 reatus
3244 2094 3394 2137 nova
3424 2078 3772 2140 dominatur

2109 2164 2360 2222 formido
2376 2165 2405 2219 ‘P

2745 2270 3121 2312 PAPHNUTIUS.

2183 2343 2300 2399 Hoc
2327 2347 2481 2416 opto,
2516 2359 2632 2416 quo
2664 2343 2903 2401 resectis
2932 2344 3208 2402 vitiorum
3240 2345 3433 2419 spinis
3462 2361 3769 2423 emergere

2111 2432 2299 2505 possit
2325 2432 2582 2506 lacryma
2610 2433 3095 2505 compunctionis.

2838 2538 3023 2578 THAIS.

2178 2610 2246 2677 Ο,
2278 2611 2327 2667 si
2371 2610 2656 2680 crederes,
2706 2627 2760 2679 ο,
2812 2612 2862 2666 si
2911 2627 3182 2683 operares
3228 2627 3322 2667 me
3361 2614 3767 2687 sordidulam,

2107 2698 2322 2757 millies
2350 2698 2610 2757 millenis
2640 2700 2905 2757 sordium
2955 2699 3198 2756 oblitam
3240 2701 3771 2776 oil'uscationihus,

2104 2789 2209 2847 49
2240 2788 2535 2846 ullatenus
2565 2805 2735 2862 posse
2762 2787 3002 2862 expiari,
3039 2804 3144 2846 seu
3194 2788 3312 2846 ullo
3350 2796 3770 2866 compunctio—

2106 2878 2199 2934 nis
2230 2878 2403 2935 modo
2430 2879 2661 2935 veniam
2692 2877 3109 2951 promereril...

2745 2984 3128 3025 PAPHNUTIUS.

2177 3056 2415 3113 Nullum
2448 3058 2604 3113 enim
2634 3072 2805 3131 grave
2838 3061 3166 3130 peccatum,
3200 3056 3429 3115 nullum
3470 3065 3598 3118 tam
3650 3063 3768 3120 im-

2108 3162 2278 3202 mane
2306 3150 2396 3202 est
2452 3146 2750 3216 delictum,
2801 3146 2958 3218 quod
3010 3152 3260 3219 nequeat
3306 3148 3530 3220 expiari
3568 3153 3771 3225 pani-

2027 3215 2072 3284 Ο
2106 3234 2317 3292 tendite
2347 3234 2641 3308 lacrymis,
2670 3235 2719 3291 si
2740 3215 2991 3292 Vell—ectus
3016 3215 3293 3307 sequetur
3319 3215 3539 3310 operis.

2832 3340 3022 3382 THAIS.

2176 3414 2448 3484 Ostende,
2481 3430 2698 3487 quaeso,
2749 3412 2828 3470 mi
2890 3412 3079 3485 Pater,
3131 3430 3244 3487 quo
3294 3413 3508 3473 eﬂ'ectu
3559 3419 3761 3491 operis

2106 3501 2422 3577 promereri
2450 3518 2662 3576 queam
2690 3518 2909 3560 munus
2941 3501 3451 3561 reconciliationis.

2745 3607 3132 3650 PAPHNUTIUS.

2177 3682 2496 3740 Contemne
2530 3679 2835 3751 saeculum,
2868 3680 3006 3755 fuge
3053 3680 3408 3740 lascivorum
3460 3687 3768 3745 consortia

2106 3771 2495 3830 amasionum.

2832 3877 3019 3918 THAIS.

2174 3951 2244 4008 Et
2274 3951 2413 4024 quid
2444 3951 2590 4008 mihi
2620 3955 2756 4007 tunc
2786 3952 2895 4007 erit
2926 3951 3254 4024 agendum?

2742 4056 3125 4099 PAPHNUTIUS.

2177 4130 2240 4187 In
2272 4135 2561 4187 secretum
2585 4130 2779 4187 locum
2810 4130 3221 4198 secedendum,
3244 4128 3305 4185 in
3326 4144 3447 4202 quo
3481 4135 3541 4188 te
3572 4132 3761 4206 ipsum

2101 4220 2469 4278 discutiendo
2500 4220 2692 4293 possis
2720 4219 3030 4278 lamentari
3072 4220 3508 4278 enorminatem
3541 4224 3629 4278 tui
3664 4224 3762 4280 de-

2102 4308 2245 4366 licti.

2830 4415 2995 4455 THAIS
3007 4443 3019 4454 .

2176 4487 2234 4545 Si
2267 4486 2375 4544 hoc
2404 4503 2610 4562 speras
2659 4489 2960 4561 proficere,
3014 4504 3130 4545 non
3182 4488 3334 4547 addo
3386 4496 3764 4549 momentum

2022 4591 2074 4658 Ῑ)
2103 4575 2364 4635 merulae.

2736 4682 2925 4724 PAI‘HN
2933 4682 3123 4724 UTIUS.

2173 4755 2299 4812 Non
2331 4756 2535 4813 dubito
2565 4755 2705 4829 quin
2739 4756 2944 4829 prosit.

2826 4860 2994 4901 THAIS
3003 4886 3015 4899 .

2173 4933 2258 4990 Da
2322 4933 2465 4989 mihi
2520 4932 2871 5006 aliquantuli
2928 4932 3187 5005 spatium
3245 4933 3634 5005 tempusculi,
3701 4940 3763 4991 ut

2102 5023 2391 5094 proferam
2425 5038 2848 5093 mammonam,
2877 5038 3054 5094 quam
3096 5021 3247 5079 male
3292 5021 3605 5079 collectam
3656 5024 3757 5078 diu

2103 5112 2347 5167 servavi.

2733 5217 3119 5257 PAPHNUTIUS.

2170 5290 2251 5345 Ne
2303 5288 2636 5346 solliciteris
2666 5306 2769 5362 pro
2801 5306 2887 5345 ea.
2922 5290 3048 5346 Non
3098 5290 3335 5356 desunt,
3384 5290 3487 5360 qui
3522 5295 3761 5347 utentur

2097 5379 2353 5438 inventa.

2834 5485 3019 5524 THAIS.

2167 5558 2294 5614 Non
2342 5558 2414 5613 ob
2462 5557 2522 5612 id
2571 5556 2871 5625 sollicitor,
2923 5562 2987 5613 ut
3032 5556 3120 5612 vel
3173 5554 3320 5611 mihi
3361 5572 3623 5624 servare,
3664 5555 3751 5612 vel

2096 5646 2301 5706 amicis
2327 5644 2533 5705 vellem
2563 5645 2728 5714 dare;
2764 5646 2865 5703 sed
2896 5662 2999 5703 nec
3032 5644 3230 5719 egenis
3280 5660 3463 5700 conor
3510 5645 3748 5720 dispen-
