4084 6190
350 370 504 428 103³7

1326 368 1739 430 ΟΟΜΟΕΒΙΛΞ
1782 367 1951 426 SEX.
1986 399 2064 408 —
2091 365 2164 425 V.
2213 362 2739 428 PAPHNUTIUS.

3600 364 3755 427 1038

346 517 496 567 sare,
530 500 803 573 quianon
834 500 1086 561 arbitror
1106 502 1360 572 pretium
1401 499 1618 574 piaculi
1640 504 1842 572 aptum
1866 514 1993 554 esse
2019 500 2075 567 Α
2106 486 2376 553 ωούηω
2404 500 2594 554 vestro
2625 495 2810 553 amori
2841 494 3104 553 cedendi.

345 590 417 647 ad
449 605 598 663 opus
623 590 913 647 beneﬁcii.

1009 697 1395 738 PAPHNUTIUS.

412 760 588 825 Recte
618 768 940 826 arbitraris.
974 770 1046 827 Et
1076 769 1215 843 quid
1241 771 1312 825 de
1341 768 1636 841 congestis
1666 771 1861 822 aetum
1911 765 1993 821 ire

343 856 689 914 meditaris?

1075 962 1260 1003 THAIS.

414 1034 538 1106 lgni
569 1035 798 1091 tradere
828 1040 886 1091 et
918 1035 977 1092 in
1011 1036 1266 1092 favillam
1298 1034 1578 1107 redigere.

970 1157 1356 1199 PAPHNUTIUS.

409 1214 797 1281 Quamobrem
808 1215 836 1270 ‘I

1081 1319 1267 1359 THAIS.

407 1392 490 1449 Ne
530 1391 893 1449 retineantur
942 1392 1002 1448 in
1047 1392 1290 1460 mundo,
1322 1407 1457 1464 qua)
1508 1389 1661 1447 male
1708 1388 1988 1462 acquisivi

338 1498 455 1538 non
488 1481 711 1554 absque
741 1481 946 1538 mundi
978 1480 1237 1537 Factoris
1267 1479 1503 1553 injuria.

965 1585 1354 1627 PAPHNUTIUS.

407 1660 452 1716 Ο
498 1676 677 1732 quam
735 1664 965 1716 mutata
1022 1676 1085 1715 es
1141 1660 1214 1715 ab
1272 1658 1376 1715 ilia
1430 1674 1556 1731 qum
1613 1658 1778 1731 prius
1834 1674 1985 1726 eras,

335 1749 570 1822 quando
622 1748 826 1810 illicito
878 1764 1075 1806 amore
1125 1748 1437 1821 ﬂagrabas,
1486 1746 1738 1805 avaritiae
1797 1745 1987 1804 calore

332 1838 625 1896 aestuabas
644 1836 658 1893 l

1064 1943 1252 1982 THAIS.

400 2016 667 2073 Fortasse
692 2015 964 2072 mutabor
991 2014 1049 2071 in
1084 2014 1316 2082 melius,
1349 2014 1399 2072 si
1428 2013 1702 2070 annuerit
1731 2013 1907 2070 Deus.

959 2118 1345 2160 PAPHNUTIUS.

394 2195 517 2250 Non
548 2198 636 2251 est
665 2192 902 2249 difficile
935 2191 1291 2249 immutabili
1325 2192 1453 2263 ejus
1503 2192 1843 2247 substantiae
1889 2208 1980 2246 res

326 2288 392 2339 ut
423 2282 566 2339 libet
598 2285 847 2339 mutare.

1033 2386 1197 2427 THAIS
1210 2412 1222 2423 .

396 2461 515 2531 Ibo,
549 2464 607 2516 et
636 2476 763 2533 qua:
795 2459 1043 2532 cogitavi
1066 2476 1238 2532 opere
1270 2458 1593 2532 complebo.

956 2563 1344 2605 PAPHNUTIUS.

396 2638 555 2696 Vade
584 2639 643 2694 in
674 2654 840 2711 pace,
871 2637 1164 2709 citiusque
1193 2637 1264 2692 ad
1300 2653 1394 2692 me
1426 2639 1726 2692 revertere.

985 2743 1217 2801 SCENA
1245 2742 1338 2800 IV.

599 2909 603 2911 Α
1073 2847 1240 2889 mus

396 2923 731 2992 Convenite,
758 2921 1177 2995 properamini,
1206 2938 1460 2995 nequam
1494 2927 1782 2979 amatores
1804 2922 1940 2977 mei.

999 3027 1319 3067 AMATORES.

391 3101 514 3158 Vox
542 3100 783 3159 Thaidis
812 3117 919 3157 nos
942 3100 1222 3156 vocantis.
1243 3101 1569 3157 Adventum
1592 3106 1976 3172 maturemus,

324 3209 397 3248 ne
430 3191 597 3247 illam
626 3190 912 3247 tardando
944 3189 1332 3247 offendamus.

1063 3291 1249 3334 THAIS.

391 3368 742 3438 Accelerate,
773 3367 1065 3439 Accedite,
1108 3372 1175 3423 ut
1221 3384 1432 3440 queam
1473 3369 1776 3426 vobiscum
1804 3368 1982 3425 verba

323 3456 596 3514 miscere.

992 3559 1315 3601 AMATOIIBS.

397 3635 445 3692 Ο
474 3635 677 3702 Thais,
710 3634 1067 3707 Thais,quid
1099 3634 1213 3690 sibi
1246 3633 1374 3690 vult
1403 3650 1793 3707 rogus,quem
1842 3651 1983 3691 eon-

326 3722 560 3782 struis?
606 3723 729 3780 Cur
778 3722 1171 3797 pretiosarum
1239 3722 1580 3779 varietatem
1647 3722 1983 3781 divitiarum

318 3814 496 3887 juxta
522 3830 727 3889 regum
758 3813 1071 3887 congeris?

1070 3919 1234 3960 THAIS
1243 3943 1255 3957 .

402 3991 681 4065 Rogatis?

987 4097 1285 4140 AMATORES
1295 4123 1307 4136 .

398 4170 779 4229 Admiramur
800 4171 971 4255 satis.

1059 4278 1225 4318 THAIS
1234 4302 1245 4314 .

400 4347 699 4423 Exponam
731 4349 931 4408 citius.

990 4455 1182 4498 AMATO
1188 4455 1291 4496 RES
1300 4481 1311 4493 .

402 4510 519 4568 Hoc
551 4515 846 4585 optamus.

1072 4616 1258 4656 THAIS.

401 4688 681 4762 Aspicite.

1003 4793 1324 4835 AMATORES.

300 4932 303 4935 δ
404 4866 664 4939 Quiesce,
712 4866 964 4939 quiesce,
990 4866 1189 4934 Thais,
1242 4866 1404 4933 Quod
1457 4866 1581 4938 agis
1604 4866 1631 4920 ?
1680 4866 1831 4921 Num
1891 4867 1989 4924 50

331 4956 560 5014 insanis
578 4956 607 5012 ‘l

1062 5062 1227 5103 THAIS
1245 5090 1249 5096 .

399 5134 524 5190 Non
557 5132 807 5202 insanio,
841 5135 943 5191 sed
976 5151 1187 5191 sanum
1218 5134 1403 5206 sapio.

1002 5240 1190 5279 AMA'I‘O
1197 5240 1299 5277 RES
1308 5266 1321 5277 .

400 5312 474 5367 Ut
504 5311 648 5384 quid
680 5311 801 5367 haec
822 5312 1072 5384 perditio
1122 5310 1688 5384 quadringentarum
1739 5312 1866 5366 auri
1919 5311 1989 5366 lie

329 5402 598 5469 brarum,
631 5418 767 5457 cum
799 5400 1049 5458 aliarum
1084 5398 1417 5456 diversitate
1448 5400 1771 5471 gazarum?

1076 5505 1263 5545 THAIS.

407 5576 594 5635 Omne
650 5579 806 5652 quod
850 5579 1072 5652 injuste
1107 5595 1140 5634 a
1188 5578 1352 5635 vobis
1403 5577 1637 5646 extorsi,
1672 5576 1805 5649 igne
1863 5578 1992 5635 volo

338 5666 608 5741 cremari,
641 5683 715 5728 ne
736 5666 895 5728 ullus
916 5668 1101 5728 fomes
1120 5667 1284 5725 vobis
1315 5665 1683 5742 relinquatur
1720 5668 1995 5744 sperandi

2775 599 3093 643 AMATORES'.

2174 676 2441 733 Subsiste
2482 674 2799 749 paulisper,
2855 673 3131 745 subsiste,
3163 677 3222 731 et
3276 673 3585 732 materiam
3641 677 3756 732 tua!

2102 764 2557 841 perturbationis
2587 764 2811 837 detege.

2828 871 3016 911 THAIS.

2172 943 2297 999 Non
2324 943 2607 1012 subsiste,
2634 961 2737 999 nec
2768 960 3100 1000 sermonem
3129 944 3433 1001 vobiscum
3461 944 3715 1001 confero.

2765 1045 3084 1089 AMATORE‘.

2170 1124 2286 1177 Cur
2314 1122 2688 1194 dedignanda
2720 1138 2828 1177 nos
2861 1120 3133 1177 fastidis?
3156 1120 3310 1177 Num
3343 1119 3597 1193 alicujus
3618 1121 3752 1177 inll-

2099 1209 2356 1268 delitatis
2408 1228 2515 1267 nos
2561 1210 2800 1283 arguis?
2828 1209 3043 1283 .Nonne
3080 1225 3312 1282 semper
3358 1208 3753 1267 satisfecimus

2098 1300 2218 1356 tuis
2242 1300 2391 1357 votis
2410 1300 2440 1355 ‘I
2467 1302 2538 1359 Et
2555 1306 2618 1359 tu
2651 1301 2854 1376 iniquo
2884 1302 3017 1358 odio
3047 1319 3155 1359 nos
3174 1301 3357 1375 gratis
3386 1299 3715 1359 insectaris.

2834 1407 3021 1448 THAIS.

2170 1475 2475 1546 Dimittite,
2495 1478 2674 1536 nolite
2702 1484 2923 1536 vestem
2954 1494 3148 1537 meam
3196 1479 3545 1537 attrahenda
3594 1479 3752 1536 scin-

2098 1564 2255 1620 dere.
2298 1564 2387 1621 Sit
2432 1566 2599 1636 satis,
2631 1567 2787 1640 quod
2835 1567 2951 1625 huc
3000 1581 3187 1640 usque
3245 1566 3543 1640 peccando
3585 1565 3751 1623 vobis

2096 1653 2386 1710 consensi.
2422 1654 2582 1713 Finis
2612 1655 2797 1713 instat
2837 1656 3143 1728 peccandi,
3171 1659 3526 1729 tempusque
3566 1654 3752 1713 nostri

2095 1740 2353 1816 discidii,

2761 1849 3061 1892 AMATORES
3069 1875 3082 1889 .

2012 1876 2062 1941 Β
2163 1905 2285 1970 Quo
2315 1905 2551 1962 tendis?

2829 2011 3015 2052 THAIS.

2163 2090 2271 2147 Ubi
2305 2108 2474 2149 nemo
2505 2098 2765 2149 vestrum
2795 2093 3039 2166 posthac
3077 2109 3171 2149 me
3198 2091 3434 2151 videbit.

2766 2197 3084 2238 AMATOIIES.

2164 2266 2327 2339 Papae
2356 2268 2368 2322 l
2404 2268 2551 2334 Quid
2573 2269 2682 2324 hoc
2716 2271 2965 2328 monstri
2996 2274 3106 2337 est,
3124 2271 3279 2342 quod
3302 2271 3489 2329 nostri
3528 2270 3747 2327 deliciae

2091 2354 2292 2422 Thais,
2309 2372 2437 2428 quas
2458 2357 2678 2413 divitiis
2728 2359 2969 2415 afﬂuere
3020 2375 3255 2432 semper
3286 2358 3594 2429 laboravit,
3619 2376 3748 2433 quas

2089 2449 2349 2502 mentem
2380 2462 2414 2502 a
2440 2446 2682 2504 lascivia
2703 2464 3010 2520 nunquam
3033 2448 3275 2505 retraxit
3303 2453 3360 2505 et
3387 2465 3451 2506 se
3465 2447 3747 2522 voluptati

2089 2533 2322 2604 penitus
2360 2534 2542 2603 dedit,
2571 2540 2738 2592 tanta
2785 2536 2913 2591 auri
2953 2551 3445 2610 gemmarumque
3483 2536 3748 2611 insignia

2089 2620 2311 2693 absque
2340 2621 2751 2679 retractatione
2782 2622 3055 2695 perdidit,
3078 2627 3138 2680 et
3167 2640 3275 2681 nos
3299 2622 3393 2681 sui
3414 2624 3748 2681 amasiones

2088 2709 2460 2782 dedignanda
2488 2712 2711 2784 sprevit
2738 2712 3053 2784 subitoque
3079 2729 3197 2769 non
3217 2713 3585 2786 comparuit?

2751 2819 2980 2876 SCENA
3008 2818 3075 2875 V.

2822 2924 3009 2965 THAIS.

2159 2994 2264 3063 En,
2297 2999 2464 3066 pater
2494 2994 2806 3068 Paphnuti,
2838 2996 3007 3052 venio
3038 2996 3112 3053 ad
3142 2996 3587 3070 obsequendum
3635 2997 3743 3056 tibi

2087 3084 2550 3156 promptissima.

2730 3191 3113 3233 PCPHNUTIUS.

2006 3234 2050 3302 (ἶ
2157 3262 2303 3329 Quia
2332 3278 2559 3320 moram
2581 3263 2641 3319 in
2669 3263 2953 3321 veniendo
2975 3264 3543 3332 fecisti,coarctabar
3563 3264 3745 3321 nimis

2086 3351 2338 3408 verendo
2385 3356 2440 3408 te
2497 3352 2711 3409 iterum
2767 3352 3120 3427 implicitam
3174 3370 3306 3413 esse
3361 3354 3746 3414 smoularibus

2091 3440 2356 3514 negotiis.

2828 3549 2995 3590 THAIS
3004 3575 3016 3588 .

2164 3619 2245 3675 Ne
2273 3618 2334 3676 id
2356 3635 2609 3689 vereare,
2643 3619 2783 3692 quia
2812 3620 2998 3677 multo
3029 3621 3190 3678 aliud
3221 3621 3369 3679 mihi
3395 3626 3661 3680 versatur
3686 3621 3749 3678 in

2093 3711 2310 3764 monte‘.
2329 3708 2477 3764 Nam
2508 3724 2601 3765 res
2619 3708 3127 3780 familiaresjuxta
3154 3708 3302 3767 velle
3330 3726 3530 3767 meum
3555 3711 3749 3784 dispo-

2092 3795 2208 3865 sui,
2240 3794 2505 3867 meisque
2534 3795 2938 3853 amasionihus
2970 3796 3205 3869 publice
3233 3798 3664 3855 abrenuntiavi.

2730 3900 3116 3943 PAPHNUTIUS.

2167 3976 2313 4043 Quia
2341 3973 2434 4032 his
2452 3973 2902 4041 abrenuntiasti,
2919 3991 3172 4047 superno
3191 3974 3575 4049 amatorijam
3593 3990 3748 4035 nunc

2096 4064 2317 4136 poteris
2350 4062 2631 4135 copulari.

2829 4169 2993 4210 THAIS
3003 4195 3015 4208 .

2167 4243 2361 4299 Tuum
2390 4245 2480 4298 est
2510 4240 2656 4297 mihi
2696 4239 2852 4298 velut
2881 4243 3043 4299 radio
3075 4242 3451 4316 praascribere
3483 4244 3626 4317 quid
3656 4259 3751 4302 me

2097 4334 2361 4403 oporteat
2391 4330 2613 4393 factum
2643 4329 2747 4388 ire.

2728 4436 3114 4481 PAPHNUTIUS.

2172 4509 2429 4582 Sequere
2457 4525 2571 4567 me.

2833 4617 3021 4658 THAIS.

2169 4690 2393 4762 Sequar
2416 4688 2574 4745 enim
2605 4689 3034 4758 ambulatione;
3060 4707 3092 4747 ο
3124 4689 3351 4748 utinam
3392 4705 3668 4763 sequerer
3694 4694 3753 4748 et

2101 4778 2326 4834 actione
2342 4778 2354 4833 ι

2705 4869 2968 4924 SCENA
3028 4868 3141 4926 VI.

2731 4973 3116 5012 PAPHNUTIUS.

2171 5046 2316 5100 Ecce
2343 5045 2696 5110 cmnobium,
2732 5045 2791 5098 in
2823 5061 2938 5116 quo
2968 5061 3271 5101 sacrarum
3300 5046 3599 5120 virginum
3648 5064 3751 5104 no-

2101 5134 2214 5189 bile
2246 5138 2642 5190 commoratur
2671 5132 3004 5206 eollegium.
3031 5136 3110 5190 Eo
3138 5134 3249 5190 loci
3281 5136 3466 5209 gestio
3497 5141 3554 5193 te
3585 5152 3752 5194 man-

2103 5240 2234 5278 sum
2266 5223 2351 5277 ire
2381 5223 2616 5294 agenda:
2640 5223 2898 5295 spatium
2931 5223 3304 5294 poenitentiae.

2839 5329 3024 5367 THAIS.

2172 5402 2298 5457 Non
2330 5405 2534 5457 contra
2563 5400 2773 5457 luctor.

2740 5507 3126 5548 PAPHNUTIUS.

2174 5579 2429 5647 Intrabo,
2464 5583 2521 5635 et
2549 5577 2912 5636 abbatissam
2956 5579 3278 5638 ductricem
3308 5580 3602 5658 virginum
3650 5597 3755 5658 pro

2077 5668 2190 5760 .tui
2222 5668 2591 5745 susceptione
2619 5666 2886 5744 placabo.
