4052 6180
336 340 484 401 1041
1331 341 1742 406 COMOEDle
1785 342 1930 404 SEX
1945 387 1960 402 .

2119 343 2168 405 7.
2197 344 2721 415 PAPHNUTIUS.
3576 357 3731 418 1042

1059 492 1243 534 rans.
2006 475 2061 544 Α
2720 499 3105 544 PAPHNUTIUS.

402 566 712 642 Fragilitas
746 564 860 624 mei
891 565 1048 640 cegit
1077 581 1171 622 me
1201 571 1426 623 terreri.
2156 569 2294 643 Ege.

953 673 1337 714 PAPHNUTIUS.
2753 680 3061 722 DISCIPULI.

323 739 326 741 ’
397 747 680 805 Convenit
705 750 770 802 ut
811 745 965 803 male
1013 745 1551 803 blandimentorum
1600 745 1971 804 dulcedinem
2153 747 2276 804 Vox
2305 750 2617 823 Paphnutii
2651 753 2838 810 Patris
2870 755 3072 810 nostri.

327 837 735 896 delectationis
765 836 896 894 luas
927 836 1199 894 molestia
1227 835 1394 892 nimii
1427 835 1647 892 fetoris.
2712 860 3092 901 pApHNUTms.

1054 943 1240 982 THAIS.
2149 927 2423 986 Amevete
2454 933 2782 1003 pessulum.

395 1020 524 1075 Non
551 1032 778 1086 recuso,
813 1032 927 1072 non
958 1031 1106 1088 nego
1133 1031 1228 1071 me
1277 1013 1572 1071 sordidam
1605 1031 1721 1070 non
1753 1012 1970 1085 injuria
2749 1041 3052 1082 msmpuu,

327 1109 477 1166 {mdo
507 1107 859 1178 sordidoque
888 1105 1216 1162 habitatum
1247 1105 1330 1160 ire
1361 1105 1420 1158 in
1451 1103 1714 1177 tugurio;
1737 1103 1836 1159 sed
1860 1103 1968 1158 hoc
2151 1106 2194 1162 Ο
2226 1111 2410 1178 pater,
2444 1108 2616 1166 salve.

326 1198 484 1257 dolet
508 1195 933 1264 vehementius,
967 1195 1121 1266 quod
1157 1193 1355 1249 nullus
1387 1197 1476 1249 est
1505 1193 1742 1249 relictus
1782 1193 1966 1259 locus,
2710 1219 3091 1261 PAPIINUTIUS.

326 1289 385 1344 in
418 1303 534 1359 quo
565 1288 698 1359 apte
727 1287 786 1341 et
814 1285 971 1342 caste
999 1283 1222 1356 possim
1253 1283 1568 1340 tremenda:
1599 1298 1810 1340 nomen
1844 1297 1967 1339 ma-
2146 1286 2343 1353 Avete.

319 1376 555 1451 jestatis
583 1375 872 1432 invocare.
2643 1395 2648 1400 '
2746 1397 3050 1439 mscmuu.

955 1475 1340 1521 PAPHNUTIUB.
2149 1465 2604 1524 Coarctabamur
2633 1470 2882 1527 nimium
2917 1490 3020 1546 pro
3053 1474 3281 1530 diutina
3313 1474 3580 1532 absentia
3609 1473 3716 1531 tui.

394 1558 465 1614 Et
491 1556 647 1614 unde
677 1554 784 1612 tibi
812 1557 976 1610 tanta
1006 1552 1240 1621 fiducia,
1257 1557 1323 1608 ut
1352 1550 1590 1625 pollutis
1622 1551 1792 1608 labiis
1823 1567 1966 1624 praz-
2693 1577 3078 1619 pApHNU'nus,

324 1666 528 1710 sumas
555 1646 812 1721 proferre
843 1660 1054 1701 nomen
1087 1641 1407 1716 impolluta:
1439 1641 1818 1699 Divinitatis?
2147 1644 2323 1702 Juvat
2353 1648 2507 1720 quod
2540 1648 2721 1705 abfui.

1051 1747 1235 1789 THAIS.
2744 1755 3049 1796 DISCIPULI.

393 1831 466 1886 Et
495 1845 530 1884 a
559 1843 672 1900 quo
701 1823 936 1881 veniam
953 1821 1457 1920 sperare,cujusve
1478 1820 1689 1876 salvari
1724 1836 1966 1920 possum
1995 1855 2044 1920 Β
2147 1825 2294 1891 Quid
2328 1829 2524 1882 actum
2553 1832 2642 1883 est
2672 1829 2742 1884 de
2771 1827 2993 1885 Thaide
3012 1829 3039 1883 τ

325 1917 721 1984 miseratione,
753 1913 801 1971 si
834 1913 1030 1985 ipsum
1063 1911 1376 1983 prohibeor
1405 1909 1693 1976 invocare,
1725 1908 1819 1964 cui
1858 1909 1964 1964 soli
1995 1908 2042 1920 “’
2707 1933 3088 1975 ΡΑΡΗΝυΤιυε,

324 2006 630 2081 deliqui,et
659 2003 752 2061 cui
782 2001 884 2059 uni
917 2000 1143 2058 devotio
1175 1998 1508 2056 orationum
1541 1998 1714 2054 debet
1735 1997 1967 2054 offerri?
2145 2002 2322 2059 Juxta
2351 2019 2548 2061 meum
2580 2003 2744 2062 velle.

945 2105 1329 2148 PAPHNUTIUB.
2744 2112 3049 2153 DISCIPULI.

395 2188 581 2244 Debes
609 2183 781 2258 plane
809 2197 974 2239 orare
1004 2196 1121 2237 non
1151 2179 1364 2248 verbis,
1397 2181 1499 2235 sed
1529 2178 1823 2251 lacrymis,
1849 2195 1965 2234 non
2147 2182 2252 2238 Ubi
2288 2183 2594 2240 moratur?

324 2276 644 2338 seueritate
695 2270 941 2330 tinnula)
982 2269 1162 2338 vocis,
1213 2269 1316 2326 sed
1375 2267 1708 2341 compuncti
1767 2267 1965 2340 rugitu
2707 2291 3090 2332 mansurms.

323 2367 537 2427 cordis.
2147 2362 2209 2419 ln
2241 2361 2448 2434 exigua
2479 2361 2691 2419 cellula
2720 2364 2895 2420 deﬂet
2925 2365 3017 2421 sui
3050 2366 3384 2424 commissa.

725 2491 732 2498 .
1045 2462 1232 2505 THAIS.
2743 2469 3047 2510 DISCIPULI.

391 2547 463 2604 Et
491 2545 541 2602 si
569 2545 730 2600 vetar
757 2540 944 2597 Deum
973 2535 1167 2593 verbis
1195 2551 1382 2604 orare,
1397 2536 1690 2608 quomodo
1722 2549 1966 2608 pessum
2148 2543 2303 2599 Laus
2331 2541 2408 2597 sit
2438 2557 2683 2597 summa}
2714 2541 3004 2598 Trinitati.

320 2635 551 2694 veniam
585 2646 822 2706 sperare
837 2627 866 2683 τ
2709 2647 3092 2690 ΡΑΡιιΝυτιυε.

943 2729 1330 2772 ΡΑΡΗΝυτῐυε.

391 2816 577 2872 Tanto
606 2807 854 2868 celerius
875 2803 1210 2872 mereberis,
1246 2806 1467 2876 quanto
1499 2802 1811 2874 perfectius
1852 2803 1966 2859 hu-

322 2901 664 2962 miliaberis.
697 2899 801 2957 Dic
828 2899 1062 2956 tantum
1096 2909 1110 2949 :
1143 2893 1251 2961 Qui
1283 2908 1376 2950 me
1404 2892 1701 2967 plasmati,
1735 2893 1968 2950 misere-

321 3012 383 3052 re
403 2993 541 3051 mei.
1139 3053 1142 3062 ν

1050 3091 1237 3130 THAIS.

390 3175 552 3246 Opus
582 3174 673 3228 est
701 3169 834 3241 ejus
862 3164 1257 3232 miseratione,
1288 3181 1362 3220 ne
1391 3163 1628 3236 fraugar
1675 3163 1735 3218 in
1785 3163 1964 3220 dubie

320 3263 639 3322 certamine
670 3259 790 3317 68.

953 3359 1342 3402 PAPHNUTIUS.

390 3445 561 3501 Certa
598 3439 863 3506 viriliter,
913 3441 980 3492 ut
1026 3435 1218 3508 possis
1273 3433 1645 3506 triumphum
1704 3433 1964 3490 obtinere

323 3533 588 3593 feliciter.

1045 3627 1210 3669 THAIS
1220 3654 1230 3666 .

393 3715 587 3770 Tuum
618 3713 708 3767 est
735 3723 839 3782 pro
871 3720 964 3762 me
1003 3718 1188 3772 orare,
1224 3705 1290 3758 ut
1319 3716 1544 3758 merear
1592 3702 1848 3774 palmam
1882 3703 1963 3758 vi-

324 3803 541 3861 ctoriaa.

954 3895 1343 3939 PAPHNUTIUS.

391 3982 518 4038 Non
549 3994 698 4052 opus
726 3977 817 4033 est
847 3972 1099 4032 monitu.

1055 4078 1240 4119 THAIS.

399 4161 600 4232 Spero.

963 4255 1348 4298 PAPHNUTIUS.

399 4339 660 4409 Tempus
689 4337 779 4391 est
808 4335 1039 4404 optatas
1062 4327 1398 4385 solitudinis
1420 4332 1678 4401 repetam
1695 4329 1970 4398 latebras,

332 4431 390 4486 et
418 4427 628 4484 charos
654 4423 883 4480 visitem
911 4415 1252 4491 discipulos.
1286 4419 1423 4473 Tua:
1468 4417 1648 4490 igitur
1690 4418 1971 4476 sollicitu-

333 4517 476 4585 dini,
508 4518 619 4572 tuzs
651 4510 879 4588 pietati,
907 4505 1255 4566 venerabilis
1285 4506 1605 4576 abbatissa,
1636 4507 1788 4564 hanc
1837 4525 1971 4581 cap-

330 4607 508 4662 tivam
542 4599 867 4669 committo,
900 4603 966 4655 ut
993 4601 1052 4654 et
1083 4613 1294 4670 corpus
1326 4594 1641 4653 delicatum
1672 4598 1977 4654 mediocri-
2009 4603 2057 4669 Β

331 4701 427 4753 ter
454 4695 649 4751 foveas
678 4689 1046 4758 necessariis,
1079 4692 1138 4744 et
1169 4687 1429 4745 animam
1455 4687 1813 4747 sufficienter
1841 4691 1975 4747 refi-

333 4783 454 4843 cias
483 4777 885 4841 saluberrimis
915 4778 1178 4835 monitis.

990 4882 1316 4924 ABBATISSA.

406 4963 489 5019 Ne
520 4958 850 5019 sollieiteris
881 4974 986 5031 pro
1006 4973 1094 5026 ea,
1117 4955 1256 5027 quia
1285 4970 1414 5012 eam
1447 4959 1712 5013 materno
1763 4958 1975 5016 affectu

337 5051 560 5108 fovebo.

968 5148 1330 5192 PAPHNUTIUS
1340 5175 1352 5188 .

406 5229 652 5286 Vadam.

994 5326 1317 5369 ABBATISSA.

408 5407 471 5465 In
502 5422 662 5479 pace.

951 5489 1179 5547 SCENA
1214 5488 1364 5556 VIII,

1002 5596 1307 5638 DISCIPULI.

409 5672 548 5740 Quis
579 5669 775 5744 pulsat
797 5675 1023 5744 portam
1045 5669 1073 5724 ‘?

2145 2722 2216 2776 Et
2245 2720 2618 2776 benedictum
2648 2736 2860 2777 nomen
2891 2722 3022 2794 ejus
3053 2725 3425 2784 tremendum
3477 2746 3634 2788 nunc
3663 2735 3720 2787 et

2075 2826 2178 2885 per
2206 2826 2412 2867 aevum.

2742 2914 3049 2957 DISCIPULI.

2142 2988 2349 3046 Amen.

2716 3078 2944 3135 SCENA
2984 3081 3073 3136 IX.

2705 3183 3086 3226 PAPHNUTIUS.

1993 3228 2042 3297 ἀ
2146 3256 2313 3328 Ecce,
2345 3261 2465 3314 tres
2495 3259 2801 3314 mensurni
2833 3260 3189 3332 pmnitentia)
3219 3262 3460 3320 Thaidis
3479 3265 3722 3322 transie-

2075 3364 2158 3416 re,
2186 3352 2244 3403 et
2273 3364 2378 3421 ego
2410 3347 2611 3420 ignoro
2644 3351 2920 3405 utrumne
2942 3349 3058 3406 Deo
3086 3352 3463 3425 acceptabilis
3493 3353 3573 3411 sit
3591 3353 3720 3427 ejus

2075 3436 2469 3510 cempunctio.
2506 3439 2778 3510 Surgam,
2811 3443 2868 3494 et
2894 3439 3103 3496 vadam
3134 3441 3205 3496 ad
3237 3442 3472 3500 fratrem
3521 3461 3719 3501 meum

2071 3527 2412 3599 Antonium,
2445 3543 2560 3599 quo
2591 3526 2736 3583 mihi
2768 3529 3176 3588 manifestetur
3215 3548 3319 3603 per
3365 3533 3493 3605 ejus
3538 3533 3717 3592 inter-

2071 3619 2331 3673 ventum.

2730 3704 2956 3760 SCENA
2996 3707 3060 3762 Χ.

2749 3809 3052 3851 ANTONIUS.

2147 3882 2294 3950 Quid
2343 3881 2652 3954 insperatae
2694 3882 3086 3954 jucunditatis
3130 3885 3381 3942 accidit?
3411 3889 3558 3955 Quid
3591 3893 3721 3948 novi

2077 3969 2278 4046 gaudii
2308 3969 2450 4026 mihi
2483 3970 2767 4044 contigit?
2797 3971 2949 4026 Num
2981 3972 3074 4027 hic
3106 3976 3196 4030 est
3224 3974 3404 4034 frater
3442 3981 3499 4034 et
3546 3995 3722 4036 ccurs-

2078 4059 2294 4118 micola
2320 4075 2487 4117 meus
2519 4059 2883 4134 Paphnutius
2906 4060 2933 4115 ?
2965 4061 3093 4134 Ipse
3123 4068 3230 4120 est.

2709 4166 3092 4208 PAPHNU'I'IUS.

2153 4240 2296 4296 Sum
2327 4237 2566 4295 etenim.

2744 4343 3052 4386 ANTONIUS.

2155 4420 2330 4486 Bene,
2359 4418 2558 4485 frater,
2591 4417 2821 4486 venisti,
2855 4421 3000 4476 bene
3031 4437 3123 4478 me
3153 4421 3509 4480 adveniendo
3538 4423 3724 4482 laetiﬁ-

2083 4508 2248 4566 casti.

2715 4614 3095 4656 PAPHNUTIUS.

2159 4687 2324 4744 Haud
2357 4687 2557 4743 minus
2586 4687 2843 4760 tripudio
2877 4689 2961 4743 tui
2991 4689 3142 4757 visu,
3175 4705 3354 4761 quam
3386 4697 3450 4749 tu
3481 4694 3596 4750 mei
3622 4695 3727 4751 ad-

2084 4781 2280 4834 ventu.

2753 4881 3059 4923 ANTONIUS.

2159 4959 2292 5024 Quae
2327 4956 2446 5010 haec
2479 4971 2658 5010 causa
2686 4958 2806 5009 tam
2839 4956 3235 5028 acceptabilis,
3269 4961 3390 5016 tam
3421 4965 3586 5033 grata
3625 4979 3732 5018 ne-

2087 5047 2202 5113 bis,
2234 5063 2361 5118 qua)
2391 5048 2448 5100 te
2479 5043 2593 5099 huc
2624 5043 2790 5099 duxit
2817 5045 2888 5098 de
2920 5045 3038 5100 tuis
3068 5045 3368 5105 latibulis?

2717 5149 2861 5189 PAPK
2870 5149 3078 5190 NUTIUS
3087 5178 3098 5188 .

2157 5224 2240 5279 En
2271 5221 2452 5278 valeo.

2765 5326 3064 5369 ANTONIUS.

2157 5402 2275 5459 Hoc
2304 5398 2588 5458 desidero.

2721 5504 2867 5546 PAPH
2877 5505 3108 5546 NUTIUS.

2157 5579 2305 5634 Ante
2321 5577 2432 5633 hoc
2455 5576 2774 5632 triennium
2788 5578 3127 5634 morabatur
3149 5593 3316 5637 secus
3339 5596 3445 5637 nos
3467 5582 3732 5653 quasdam

2092 5667 2368 5724 meretrix
2389 5667 2626 5723 nomine
2648 5666 2846 5734 Thais,
2875 5685 3002 5738 quae
3033 5685 3148 5725 non
3171 5669 3363 5728 solum
3394 5687 3520 5728 sese
3542 5671 3733 5744 perdi-
