4050 6172
379 293 536 364 1043

1180 295 1709 357 ΗΠΟΤΞΠΙΤΗΛΞ
1751 287 2130 354 MONlALIS
2179 289 2980 356 GANDERSHEIMENSIS.

3605 299 3727 357 lim

376 427 524 485 tioni
556 427 735 494 dedit,
768 427 869 482 sed
901 426 1080 483 etlam
1113 428 1310 501 plures
1342 445 1539 484 secum
1594 429 1664 484 ad
1720 427 2024 483 interitum
2055 423 2114 491 Α
2142 427 2236 479 tra
2286 439 2378 479 me
2427 424 2690 482 dicebam
2725 443 2736 481 :
2770 427 2896 482 Hmc
2949 427 3136 501 gloria
3165 428 3380 485 nemini
3423 428 3596 503 magis
3622 448 3731 487 con-

376 517 610 573 trahere
641 515 962 572 consuevit.

1044 624 1352 664 ANTONIUS.

451 692 608 751 Heul
642 695 930 769 gemenda
959 697 1323 753 consuetudo
1351 696 1364 751 l

1011 811 1396 851 PAPIINUTIUS.

454 883 612 937 Hanc
642 881 750 937 sub
783 882 976 954 specie
1021 883 1302 939 amatoris
1356 882 1493 951 adii,
1528 888 1586 938 et
1627 881 2029 938 lascivientem

381 971 633 1027 nimium
683 987 840 1027 nunc
888 971 1168 1028 suavibus
1226 971 1616 1028 hortamentis
1672 970 2030 1027 blandiendo

381 1061 734 1129 mulcebam,
768 1077 923 1117 nunc
954 1062 1278 1117 acrioribus
1309 1062 1546 1118 monitis
1579 1061 1905 1117 minitando
1926 1065 2034 1116 ter-

383 1150 609 1207 rebam.

1058 1257 1360 1298 ANTONIUS.

457 1329 574 1385 Hoc
601 1333 1132 1402 temperamentum
1167 1333 1295 1403 ejus
1331 1330 1428 1388 54
1479 1329 1727 1386 lascivia:
1777 1312 1886 1386 fuit
1936 1347 2032 1387 ne-

385 1418 706 1478 cessarium
717 1460 730 1475 .

1014 1525 1377 1566 PAPIINUTIUS
1387 1551 1396 1562 .

452 1599 714 1655 Tandem
744 1598 938 1668 cessit,
975 1604 1033 1656 et
1061 1604 1258 1673 spreta
1287 1599 1735 1671 reprehensibili
1789 1614 2034 1656 consue-

384 1689 588 1746 tudine
619 1689 950 1755 castitatem
997 1689 1190 1762 elegit,
1223 1704 1468 1761 seseque
1503 1689 1561 1744 in
1612 1689 2036 1761 angustissima

385 1777 592 1837 cellula
621 1777 891 1834 concludi
925 1779 1244 1835 consensit.

1054 1892 1359 1932 ANTONIUS.

455 1966 720 2023 Delector
752 1965 1045 2022 audiendo
1080 1967 1135 2020 in
1167 1970 1420 2033 tantum,
1455 1969 1524 2022 ut
1549 1978 1754 2022 omnes
1785 1981 2030 2037 priscor-

384 2055 616 2113 diorum
647 2070 805 2112 vena;
837 2055 1194 2110 intrinsecus
1226 2053 1500 2110 exsiliunt
1529 2055 1857 2126 gaudendo.

1017 2167 1397 2208 PAPIINUTIUS.

455 2244 630 2300 Decet
655 2242 738 2299 tui
773 2241 1183 2308 sanctitatem;
1219 2245 1276 2297 et
1306 2257 1411 2314 ego
1457 2241 1715 2313 quidem,
1751 2242 1885 2297 licet
1934 2260 2030 2298 su-

382 2351 490 2408 pra
517 2333 760 2389 modum
791 2331 1079 2405 gaudeam
1112 2331 1182 2386 de
1213 2329 1611 2397 conversione,
1644 2348 1759 2386 non
1803 2331 1912 2386 levi
1943 2336 2029 2388 ta-

382 2440 518 2481 men
549 2422 866 2478 conturbor
894 2419 1305 2487 sollicitudine,
1339 2436 1404 2475 eo
1451 2420 1605 2492 quod
1656 2437 1856 2477 vereor
1903 2422 2030 2493 ejus

381 2510 838 2571 teneritudinem
869 2525 1019 2582 aegre
1049 2509 1198 2565 ferre
1229 2508 1528 2565 diutinum
1557 2510 1836 2566 laborem.

1049 2624 1357 2665 ANTONIUS.

452 2701 561 2760 Ubi
592 2701 760 2759 adest
787 2712 923 2756 vera
952 2696 1204 2764 dilectio,
1240 2714 1356 2754 non
1406 2698 1569 2756 deest
1614 2698 1712 2771 pia
1759 2715 2029 2772 compas-

379 2791 486 2850 sio.

1012 2893 1392 2935 PAPHNUTIUS.

452 2971 616 3027 Unde
642 2973 804 3025 tuam
837 2967 1212 3024 dilectionem
1246 2966 1604 3039 efflagito,ut
1632 2972 1696 3024 tu
1727 2967 1930 3041 tuique
1951 2969 2032 3025 di-

381 3060 592 3133 scipuli
621 3073 854 3114 mecum
885 3056 945 3112 in
977 3056 1340 3112 orationibus
1387 3057 1792 3113 concordando
1841 3058 2030 3115 velitis

2069 1798 2118 1861 Β

2140 512 2299 585 gruit
2329 529 2506 584 quam
2537 515 2690 570 Patri
2724 520 2779 572 et
2809 517 3049 573 domino
3085 533 3210 573 meo
3240 518 3510 575 Antonio.

2805 621 3117 663 ANTONIUS.

2214 691 2340 748 Tali
2373 707 2467 749 me
2497 710 2612 750 non
2647 694 2854 768 dignor
2885 697 3263 754 beatitudine.

2846 803 3090 843 PAULUS.

2215 874 2336 938 Quo
2368 871 2520 927 dicto
2553 873 2807 930 intonuit
2833 891 2943 929 vox
2975 874 3172 930 divina
3198 875 3396 930 dicens
3433 891 3444 929 :
3483 899 3509 925 ‹‹
3539 878 3667 942 Non,
3696 885 3746 934 ut

2143 976 2364 1032 speras,
2396 962 2666 1034 Antonio,
2701 963 2800 1018 sed
2831 962 3040 1020 Thaidi
3075 965 3363 1022 meretrici
3387 967 3653 1022 servanda
3677 974 3746 1024 est

2144 1049 2262 1105 hinc
2295 1051 2498 1124 gloria.
2533 1073 2560 1102 »

2775 1158 3156 1199 PAPHNUTIUS.

2215 1230 2368 1286 Laus
2398 1231 2694 1286 dulcedini
2725 1235 2861 1299 tum,
2895 1231 3330 1299 Christe,unice
3361 1233 3635 1306 Dei,quod
3658 1237 3746 1290 mei

2142 1318 2445 1376 tristitiam
2477 1323 2596 1376 tam
2633 1320 2722 1392 pie
2755 1319 3030 1393 dignatus
3063 1338 3126 1377 es
3157 1321 3461 1379 consolari.

2813 1434 3116 1474 ANTONIUS.

2215 1505 2437 1580 Dignus
2469 1511 2555 1563 est
2583 1507 2831 1564 laudari.

2779 1621 3164 1664 PAPIlNUTIUS.

2217 1695 2339 1762 Ibo,
2369 1700 2424 1750 et
2453 1696 2566 1752 mei
2603 1695 2890 1768 captivam
2918 1695 3187 1752 visitabo.

2814 1801 3123 1841 ANTONIUS.

2217 1875 2474 1946 Tempus
2525 1879 2613 1930 est
2660 1879 2722 1929 ut
2773 1875 2856 1929 illi
2908 1880 2963 1930 et
3009 1891 3170 1946 spem
3202 1876 3381 1932 veniae
3426 1881 3483 1932 et
3531 1875 3754 1933 solamen

2144 1961 2450 2034 promittas
2485 1963 2864 2020 beatitudinis
2897 1968 3139 2019 aeternae.

2776 2071 3004 2127 SCENA
3046 2071 3159 2128 ΧΠ.

2775 2177 3136 2217 PAPHNUTIUS
3147 2205 3158 2216 .

2216 2249 2414 2317 Thais,
2445 2265 2577 2306 mea
2608 2249 2881 2323 adoptiva
2913 2249 3054 2318 ﬁlia,
3083 2251 3241 2323 aperi
3273 2251 3605 2318 fenestram,
3635 2255 3690 2306 ut
3714 2254 3757 2306 te

2142 2337 2392 2394 videam.

2877 2445 3063 2484 THAIS.

2215 2517 2356 2583 Quis
2385 2515 2649 2588 loquitur
2666 2516 2694 2571 ‘I
3151 2563 3154 2566 _

2775 2622 3158 2663 PAPI'INUTIUS.

2215 2693 2580 2768 Paphnutius
2613 2695 2780 2751 Pater
2811 2700 2969 2752 tuus.

2872 2811 3055 2851 THAIS.

2213 2880 2378 2938 Unde
2426 2882 2572 2938 mihi
2614 2883 2964 2954 jucunditas
3019 2883 3116 2940 55
3149 2887 3328 2940 tanta:
3366 2883 3597 2954 laetitiis,
3627 2891 3684 2940 ut
3711 2889 3762 2940 tu

2143 2987 2236 3026 me
2268 2970 2648 3044 peccatricem
2680 2972 2940 3045 digneris
2969 2973 3205 3029 visitare
3224 2973 3251 3028 ?

2777 3087 3159 3126 PAPHNUTIUS.

381 3150 714 3223 persistere,
806 3147 1194 3219 quoadusque
1276 3145 1505 3200 ccelitus
1593 3147 2029 3203 demonstretur
2059 3167 2102 3232 ρ
2212 3159 2369 3214 Licet
2399 3175 2501 3230 per
2529 3157 2636 3214 hoc
2670 3158 2991 3214 triennium
3044 3160 3256 3216 absens
3302 3176 3500 3216 essem
3532 3177 3760 3233 corpore,

382 3242 659 3294 utrumne
690 3235 1021 3307 benignitas
1050 3233 1256 3288 divinis
1285 3235 1683 3290 miserationis
1716 3236 1787 3290 ad
1831 3235 2027 3292 indul-

383 3325 644 3401 gentiam
674 3323 877 3380 molita
903 3324 979 3378 sit
1009 3323 1343 3395 paenitentis
1375 3323 1670 3395 lacrymis.

1050 3436 1356 3475 ANTONIUS.

447 3511 860 3570 Consentimus
891 3513 1004 3564 tua:
1035 3509 1303 3581 petitioni
1335 3507 1602 3564 libenter.

1010 3621 1394 3662 PAPHNUTIUS.

445 3700 562 3756 Nec
592 3696 796 3754 dubito
825 3712 928 3752 vos
961 3712 995 3751 a
1019 3694 1134 3750 Deo
1165 3695 1508 3750 exauditum
1536 3695 1605 3750 iri
1638 3695 1973 3754 clementer.

1023 3801 1251 3857 SCENA
1288 3800 1381 3856 XI.

1044 3906 1352 3946 ANTONIUS.

442 3988 585 4042 Ecce
619 3980 950 4055 evangelica
980 3979 1292 4052 promissio
1325 3979 1384 4034 in
1418 3979 1586 4034 nobis
1618 3984 1706 4035 est
1754 3979 2016 4053 impleta.

1003 4091 1386 4132 PAPHNUTIUS.

445 4173 579 4239 Qua:
608 4168 728 4224 11330
764 4165 1075 4239 promissio
1099 4170 1120 4221 ἓ

1038 4269 1347 4308 ANTONIUS.

443 4351 522 4405 Ea
548 4345 813 4402 videlicet
845 4359 972 4416 qua:
1005 4341 1437 4398 consentientes
1470 4343 1527 4399 in
1581 4344 1838 4399 oratione
1888 4362 2017 4416 pro-

373 4439 535 4497 misit
564 4435 761 4494 omnia
791 4435 1105 4507 impetrare
1137 4448 1328 4504 posse.

2139 3247 2296 3303 haud
2319 3247 2616 3303 modicuin
2648 3252 2840 3304 tamen
2873 3246 3161 3304 sollicitus
3194 3248 3274 3304 fui
3309 3266 3418 3321 pro
3467 3249 3550 3304 tui
3581 3247 3756 3305 salute.

2864 3363 3045 3402 THAIS.

2209 3435 2333 3490 Non
2357 3435 2579 3491 dubito.

2769 3541 3151 3582 PAPHNUTIUS.

2208 3615 2440 3686 Expone
2472 3611 2616 3668 mihi
2648 3611 2954 3668 historiam
2987 3619 3104 3669 tua:
3135 3614 3620 3684 conversationis,
3657 3630 3758 3668 mo-

2137 3703 2396 3776 dumque
2422 3701 2916 3774 compunctionis.

2865 3817 3053 3856 TIIAls.

2207 3891 2322 3946 Hoc
2347 3906 2588 3962 possum
2620 3904 2926 3960 exponere,
2961 3889 3115 3960 quod
3150 3906 3262 3944 non
3306 3891 3512 3947 nescio
3565 3908 3650 3947 me
3692 3890 3762 3945 ni-

2133 3979 2214 4035 hil
2241 3980 2486 4051 dignum
2520 3978 2633 4034 Deo
2665 3978 2876 4050 egisse.

2764 4091 3148 4131 PAPHNUTIUS.

2203 4167 2260 4223 Si
2296 4167 2448 4222 Deus
2477 4165 2821 4238 iniquitates
2853 4164 3204 4232 observabit,
3240 4181 3419 4221 nemo
3453 4164 3756 4222 sustinebit.

2858 4278 3046 4318 THAIS.

2201 4355 2258 4409 Si
2294 4360 2487 4409 tamen
2517 4353 2657 4424 quid
2691 4351 2927 4407 fecerim
2960 4351 3046 4405 vis
3093 4351 3259 4421 scire,
3294 4353 3755 4408 numerositatem

2129 4459 2396 4500 meorum
2428 4441 2715 4497 scelerum
2749 4440 2905 4495 intra
2937 4440 3384 4507 conscientiam,
3419 4441 3586 4515 quasi
3612 4440 3664 4496 in
3695 4440 3758 4495 fa-

1007 4544 1390 4586 PAPHNUTIUS.
2048 4537 2098 4602 Β
2129 4531 2417 4590 sciculum
2450 4529 2652 4601 collegi
2686 4535 2742 4584 et
2773 4529 3182 4602 pertractando
3214 4534 3417 4586 mente
3449 4529 3752 4603 semperin-

440 4624 588 4695 Quid
619 4622 752 4680 est?
2127 4620 2308 4695 spexi,
2354 4636 2491 4692 quo,
2549 4619 2704 4674 sicut
2751 4618 2994 4673 naribus
3041 4634 3348 4690 nunquam
3401 4619 3661 4676 molestia
3688 4618 3752 4672 fe-

1037 4720 1345 4764 ANTONIUS-
2126 4711 2291 4778 toris,
2341 4709 2422 4766 ita
2468 4708 2718 4765 formido
2771 4707 3050 4780 gehenna:
3096 4725 3210 4763 non
3263 4708 3504 4766 abesset
3559 4707 3750 4765 visibus

437 4801 614 4860 Paulo
645 4815 774 4857 meo
805 4797 1093 4871 discipulo
1127 4799 1364 4852 ostensa
1393 4801 1481 4852 est
1512 4798 1777 4870 quendam
1809 4781 1975 4854 visio.
2127 4801 2340 4860 cordis.

1001 4901 1380 4944 PAEI—INUTIUS.
2176 4901 2178 4903 ’
2759 4901 3139 4944 PAPHNUTIUS.

437 4982 595 5040 Voca
623 4978 811 5035 illum.
2198 4978 2343 5045 Quia
2372 4982 2427 5033 te
2458 4975 2906 5048 compunctione
2938 4975 3183 5046 qunisti,
3217 4975 3348 5032 ideo
3397 4977 3623 5034 veniam
3651 4989 3750 5030 mc-

1043 5081 1347 5122 ANTONIUS.
2127 5068 2292 5123 ruisti
2305 5110 2316 5121 .

439 5158 635 5226 Paule,
669 5156 898 5226 accedo,
929 5159 986 5211 et
1010 5172 1138 5228 qua:
1167 5153 1364 5209 vidisti
1399 5153 1724 5226 Paphnuth
1773 5171 2012 5230 eXpone.
2845 5170 3033 5209 mars.

1064 5259 1306 5300 muws.
2195 5247 2240 5302 Ο
2271 5246 2497 5302 utinam
2521 5243 2534 5297 ι

435 5337 719 5395 Videbam
751 5335 810 5391 in
839 5333 1064 5391 visione
1094 5331 1377 5389 lectulum
1409 5331 1740 5392 candidulis
1762 5333 2015 5406 palliolis
2751 5346 3134 5388 PAPHNUTIUS.

365 5427 423 5483 in
456 5426 597 5483 cmlo
629 5425 938 5498 magniﬁce
965 5427 1234 5488 stratum,
1272 5421 1361 5477 cui
1397 5426 1652 5492 quatuor
1695 5422 2013 5495 splendida:
2195 5426 2278 5480 Da
2309 5437 2572 5487 manum,
2608 5425 2671 5476 ut
2702 5425 2758 5476 te
2787 5422 3055 5477 educam.

2847 5527 3030 5566 THAIS.

2194 5601 2341 5670 Noli,
2377 5601 2544 5656 Pater
2593 5600 2944 5669 venerande,
2976 5599 3116 5676 noli_
3145 5615 3236 5654 me
3283 5599 3644 5657 sordidulam
3674 5594 3748 5650 his

364 5515 620 5585 virgines
650 5518 954 5584 praeerant,
989 5518 1046 5568 et
1077 5511 1245 5583 quasi
1282 5511 1665 5566 custodiendo
1699 5513 2010 5581 astabant;

366 5607 422 5660 at
453 5603 551 5658 ubi
573 5602 1013 5674 jucunditatem
1047 5601 1205 5656 mirm
1239 5599 1518 5655 claritatis
1549 5599 2015 5672 aSpiciebam,in-
