4084 6190
344 320 502 384 1045

344 452 742 513 immunditiis
772 454 1130 527 abstrahare,
1154 458 1256 516 sed
1286 457 1414 517 sine
1442 458 1503 516 in
1532 458 1657 516 loco
1687 455 1834 515 meis
1861 472 1987 514 ma-
2018 456 2075 524 Α

344 543 472 601 ritis
504 544 794 618 condigne
825 562 1098 604 mansum
1129 548 1229 606 ire.

978 663 1360 705 PAPHNUTIUS.

415 733 675 806 Tempus
706 738 798 791 est
843 739 911 791 ut
959 735 1206 812 lavigato
1260 737 1472 794 timore
1518 735 1765 809 incipias
1811 735 1991 791 vitam

343 838 597 894 sperare,
632 822 774 895 quia
802 823 888 880 tui
920 826 1265 897 pauitantia
1294 824 1666 898 acceptabilis
1696 827 1787 881 est
1814 824 1950 880 Deo.

1073 941 1259 981 THAIS.

415 1010 555 1081 Ejus
599 1009 801 1083 pietati
848 1011 1082 1069 laudem
1132 1015 1320 1070 ferant
1365 1029 1568 1070 omnes
1617 1011 1827 1085 angeli,
1854 1010 1992 1083 quia

345 1116 462 1155 non
494 1100 711 1171 sprevit
739 1099 1134 1159 humilitatem
1168 1103 1361 1159 cordis
1391 1101 1645 1159 contriti.

971 1214 1356 1257 PAPIINUTIUS.

413 1287 550 1344 Esto
596 1286 824 1344 stabilis
855 1288 916 1344 in
949 1287 1051 1345 Dei
1096 1289 1327 1359 timore,
1360 1295 1419 1346 et
1466 1303 1743 1364 permane
1772 1289 1832 1344 in
1862 1289 1991 1361 ejus

343 1376 688 1447 dilectione;
721 1382 855 1450 post
884 1379 1221 1451 quindecim
1252 1395 1507 1453 namque
1536 1378 1660 1435 dies
1690 1377 1991 1435 hominem

344 1481 545 1536 exuas,
575 1469 635 1523 ct
663 1467 901 1523 tandem
932 1468 1086 1524 felici
1128 1485 1305 1526 cursu
1337 1470 1589 1542 peracto,
1624 1484 1879 1541 superna
1906 1468 1988 1525 fa-

337 1559 508 1613 vente
541 1555 757 1630 gratia,
788 1558 1243 1632 transmigrabis
1274 1559 1346 1614 ad
1383 1562 1557 1614 astra.

1071 1673 1259 1712 THAIS.

411 1743 456 1800 Ο
500 1741 727 1799 utinam
786 1757 1042 1800 mererer
1098 1762 1299 1818 pmnas
1349 1745 1610 1813 evadere,
1642 1744 1729 1802 vel
1782 1745 1989 1801 saltem

340 1830 687 1888 clementius
717 1832 879 1887 exuri
921 1833 1143 1889 mitiori
1174 1833 1309 1906 igne
1334 1832 1346 1888 l
1400 1833 1528 1889 Non
1558 1839 1649 1890 est
1677 1834 1833 1890 enim
1883 1834 1992 1891 hoc
2020 1835 2069 1901 B

340 1919 454 1977 mei
482 1918 699 1985 meriti,
730 1923 798 1975 ut
830 1920 1014 1977 doner
1042 1921 1408 1977 beatitudine
1439 1919 1879 1977 interminabili.

970 2034 1353 2075 PAPHNUTIUS.

412 2107 745 2166 Gratuitum
775 2107 876 2164 Dei
908 2109 1127 2165 donum
1151 2125 1267 2164 non
1288 2112 1497 2182 pensat
1526 2108 1852 2164 humaunm
1875 2123 1991 2163 me-

338 2197 542 2266 ritum,
574 2197 713 2270 quia
744 2197 793 2253 si
843 2196 1071 2255 meritis
1099 2196 1691 2271 tribueretur,'gratia
1738 2214 1853 2253 non
1900 2197 1988 2253 di-

341 2289 589 2344 ceretur.

1073 2392 1237 2432 THAIS
1246 2418 1258 2430 .

411 2464 577 2522 Unde
634 2464 834 2520 laudet
891 2464 1058 2521 illum
1108 2463 1235 2521 cmli
1282 2469 1622 2534 concentus,
1680 2466 1991 2539 omnisque

345 2558 507 2610 terrae
539 2553 834 2622 surculus,
867 2569 1094 2610 necnon
1126 2553 1409 2611 universae
1440 2554 1712 2612 animalis
1742 2555 1989 2628 species,

344 2646 521 2715 atque
549 2643 806 2699 confusa)
849 2659 1137 2714 aquarum
1184 2642 1467 2716 gurgites,
1500 2643 1601 2715 qui
1651 2661 1767 2700 non
1798 2644 1989 2701 solum

345 2733 652 2805 peccantes
683 2730 925 2803 patitur,
960 2732 1061 2787 sed
1095 2731 1267 2787 etiam
1301 2732 1719 2803 pmnitentibus
1751 2734 1992 2805 praemia

347 2819 530 2894 gratis
560 2818 827 2892 largitur.

978 2925 1361 2967 PAPHNUTIUS.

417 2998 535 3055 Hoc
565 2997 651 3054 illi
682 2998 1008 3072 antiquitus
1039 2999 1149 3054 fuit
1180 3000 1238 3054 in
1270 3016 1451 3071 more,
1486 3004 1552 3058 ut
1582 3000 1781 3058 mallet
1812 3002 1992 3059 mise-

355 3088 467 3143 reri
501 3104 677 3160 quam
706 3087 897 3144 ferire.

1380 323 1791 388 COMCEDI/E
1836 321 2005 385 SEX.
2040 354 2118 366 —
2147 321 2248 384 VI.
2298 322 2738 387 SAPIENTIA.

3586 313 3742 378 1046

2720 456 2946 514 SCENA
2983 454 3129 513 XIII.

2827 563 3012 603 THAIS.

2170 644 2296 703 Noli
2347 645 2527 715 abire,
2569 646 2740 702 Pater
2768 643 3148 711 venerabilis;
3199 643 3301 700 sed
3351 640 3550 699 adesto
3599 634 3744 694 mihi

2099 751 2204 808 pro
2235 734 2444 793 solatio
2476 736 2535 791 in
2566 735 2712 792 hora
2738 752 2878 792 meae
2910 731 3334 791 dissolutionis.

2732 866 3116 907 PAPHNUTIUS.

2170 950 2297 1007 Non
2329 950 2493 1021 abeo,
2520 966 2635 1005 non
2667 950 2923 1015 discedo,
2952 949 3133 1007 donec
3157 946 3354 1004 anima
3374 961 3550 1017 super
3581 942 3750 998 Lethe-

2099 1056 2165 1095 ra
2193 1038 2506 1112 plaudente
2536 1054 2747 1111 corpus
2763 1037 2877 1149 ‘56
2908 1037 3136 1093 tradam
3168 1035 3501 1107 sepulturae.

2828 1169 3013 1210 THAIS.

2168 1246 2277 1314 En,
2309 1243 2525 1317 incipio
2556 1243 2725 1300 mori.

2732 1346 3113 1389 PAPHNUTIUS.

2170 1424 2337 1481 Nunc
2369 1427 2457 1481 est
2487 1426 2720 1496 tempus
2752 1422 3003 1490 orandi“

2830 1554 3015 1596 THAIS.

2171 1630 2280 1698 Qui
2310 1630 2586 1703 plasmati
2631 1644 2745 1700 me,
2780 1629 3058 1687 miserere
3103 1626 3239 1696 mei,
3275 1630 3333 1684 et
3362 1626 3453 1683 fac
3481 1624 3633 1683 felici
3664 1642 3748 1681 ro-

2099 1721 2227 1777 ditu
2259 1721 2330 1777 ad
2360 1724 2416 1777 te
2448 1720 2656 1777 reverti
2685 1720 2948 1777 animam
2980 1732 3156 1792 quam
3189 1715 3511 1790 inspirasti.

2731 1850 3114 1892 PAPHNUTIUB.

2171 1933 2277 1999 Qui
2309 1934 2498 1989 factus
2529 1951 2563 1989 a
2593 1932 2753 1988 nullo
2784 1949 2914 1989 vero
2945 1949 3006 1988 es
3040 1932 3166 1988 sine
3196 1929 3439 1986 materia
3469 1928 3531 2002 [Γ.
3568 1933 3746 1984 mate-

2099 2019 2220 2094 riae]
2254 2022 2454 2090 fo.ma,
2489 2022 2660 2094 cujus
2703 2020 2953 2093 simplex
2995 2036 3123 2077 esse
3153 2018 3474 2088 hominem,
3496 2016 3595 2090 qui
3626 2033 3742 2072 non

2099 2115 2191 2167 est
2221 2112 2278 2167 id
2310 2112 2467 2184 quod
2499 2115 2607 2179 est,
2640 2126 2709 2166 ex
2740 2109 2848 2166 hoc
2881 2114 2936 2166 et
2979 2109 3086 2165 hoc
3135 2102 3639 2175 fecit'consistere,
3669 2106 3744 2161 da

2100 2200 2360 2258 diversas
2391 2205 2587 2273 partes
2633 2192 2828 2271 hujué
2843 2198 3129 2255 solvenda:
3162 2195 3418 2253 hominis
3445 2194 3449 2199 ’
3468 2210 3745 2267 prospera

2099 2293 2386 2363 reportare
2408 2288 2763 2362 principium
2787 2288 2878 2344 sui
2902 2287 3167 2360 originis,
3195 2302 3311 2358 quo
3333 2289 3391 2342 et
3418 2282 3617 2341 anima
3637 2300 3745 2340 coa-

2098 2378 2240 2435 litus
2276 2377 2464 2435 indita
2494 2377 2829 2434 omlestibus
2877 2377 3110 2449 gaudiis
3162 2375 3653 2441 intermisceatur,
3680 2375 3745 2428 et

2099 2485 2310 2540 corpus
2344 2467 2401 2523 in
2434 2466 2597 2522 molli
2628 2467 2848 2540 gremio
2870 2471 3034 2522 terra)
3068 2482 3187 2521 sum
3219 2464 3474 2521 materiai
3506 2462 3746 2535 pacifica

2099 2556 2382 2622 foveatur,
2401 2556 2794 2628 'quoadusque
2835 2554 3107 2627 pulverea
3156 2551 3351 2609 favilla
3393 2556 3640 2607 coeunte
3688 2556 3744 2605 et

2097 2645 2279 2701 vivaci
2320 2646 2461 2700 flatu
2511 2644 2792 2700 redivivos
2841 2648 3004 2697 artus
3052 2643 3264 2697 iterum
3316 2641 3592 2703 intrante,
3623 2637 3745 2695 huic

2100 2736 2302 2793 eadem
2334 2734 2513 2791 Thais
2536 2739 2801 2806 resurgat
2832 2733 3103 2805 perfecta,
3138 2736 3201 2785 ut
3232 2730 3362 2800 fuit,
3388 2729 3564 2784 homo
3595 2727 3746 2783 inter

2100 2823 2444 2882 candidulas
2474 2840 2607 2879 oves
2651 2821 2985 2878 collocanda
3018 2825 3073 2876 et
3109 2820 3167 2874 in
3200 2819 3484 2892 gaudium
3515 2818 3743 2873 interni-

2098 2915 2237 2969 tatis
2276 2913 2634 2980 inducenda;
2686 2917 2770 2979 tu,
2807 2912 2905 2983 qui
2956 2910 3116 2966 solus
3164 2926 3225 2965 es
3273 2909 3332 2965 id
3384 2909 3537 2979 quod
3567 2923 3651 2973 es,
3683 2906 3744 2962 in

2102 3002 2325 3060 unitate
2355 3001 2657 3058 Trinitatis
2707 3016 2914 3072 regnas
2947 2998 3318 3072 ct‘gloriaris
3364 3012 3467 3069 per
3514 2995 3745 3051 infinita

2029 3095 2073 3163 Ο
2106 3093 2318 3151 saecula
2345 3091 2714 3149 saeculorum.
2749 3092 2952 3146 Amen.

1968 3453 2123 3558 VI

1564 3653 2519 3794 SAPIENTIA

1052 4051 1935 4166 ABGUMENTUM
2033 4052 2158 4161 IN
2258 4048 3043 4165 SAPlENTlAM

425 4277 624 4334 Passio
655 4280 997 4354 sanctarum
1023 4278 1529 4354 virginum_Fid_ei,
1561 4277 1701 4354 Spei
1739 4281 1795 4354 et
1823 4274 2158 4354 Charitatis,
2186 4274 2729 4354 _quas,_ear_um_dan_i
2754 4274 3101 4354 _venornnda
3142 4271 3421 4354 genitrioe
3451 4270 3751 4354 Sapientia

354 4354 637 4423 prasente
667 4350 1034 4423 et_maternis
1065 4342 1563 4423 admonitionibus
1596 4342 1663 4404 ad
1689 4347 2020 4423 tolerandas
2041 4342 2344 4418 paesiones
2364 4346 2665 4423 hortante,
2689 4346 2981 4423 Adrianus
3012 4342 3594 4423 imperator‘diversis
3618 4359 3752 4414 sup-

351 4413 544 4494 pliciis
570 4420 901 4494 interfecit;
930 4421 1386 4494 quarumetiam
1418 4436 1663 4494 corpora
1700 4418 1978 4494 martyrio
2007 4413 2416 4494 consummata
2445 4422 2646 4494 sancta
2672 4422 2863 4494 mater
2906 4413 3203 4488 Sapientia
3244 4413 3495 4494 qJIlegit,
3528 4419 3587 4468 at

352 4483 612 4548 inatibus
641 4483 1106 4563 condita'quinto
1156 4492 1229 4548 ab
1279 4493 1423 4547 urbe
1472 4483 1655 4546 Roma
1701 4483 1974 4563 milliaria
2007 4488 2324 4563 honoriﬁce
2353 4488 2636 4563 sepelivit.
2672 4488 2803 4563 Ipsa
2852 4483 3085 4561 quoque
3135 4483 3584 4558 quadragesima
3633 4484 3749 4551 die,

341 4565 514 4635 juxta
543 4581 745 4621 earum
778 4559 1065 4638 sepulcra,
1100 4564 1267 4620 finita
1297 4563 1556 4621 oratione
1585 4579 1772 4631 sacra,
1804 4561 2079 4634 spiritum
2112 4559 2395 4632 praemisit
2422 4559 2587 4618 ccclo.

1653 4853 2393 4927 INTERLOCUTORES
2437 4878 2455 4922 :

753 5030 1184 5099 ANTIOCHUS,
1215 5029 1601 5099 ADRIANUS,
1635 5029 2033 5099 SAPIENTIA,
2067 5030 2293 5098 FIDES,
2326 5029 2517 5095 SPES,
2553 5025 2928 5090 CHARITAS,
2965 5022 3356 5080 MATRON/E.

1034 5184 1262 5240 SCENA
1300 5183 1323 5239 Ι

947 5273 1041 5330 51
1074 5287 1417 5330 ANTIOCHUS.

429 5358 623 5414 Tuum
651 5357 836 5431 igitur
855 5377 1002 5430 esse,
1027 5379 1060 5418 o
1082 5362 1399 5435 imperator
1416 5359 1692 5426 Adriano,
1715 5359 2009 5431 prosperis

357 5446 432 5503 ad
462 5451 597 5503 vota
625 5450 1100 5509 successionibus
1122 5451 1339 5525 pollere
1359 5447 1561 5520 tuique
1581 5450 1802 5503 statum
1825 5447 2007 5520 impc-

358 5533 438 5590 rit
467 5533 714 5594 feliciter
742 5539 963 5612 absque
1009 5540 1443 5613 perturbatione
1487 5539 1766 5608 exoptans
1795 5536 2008 5610 vigere,

361 5622 646 5696 quidquid
680 5630 1102 5701 rempublicam
1135 5629 1506 5697 confundere,
1539 5624 1827 5696 quidquid
1857 5630 2012 5682 tran-

2031 5183 2080 5249 D
2112 5181 2359 5254 quillum
2402 5177 2617 5234 mentis
2666 5192 2795 5232 reor
2832 5176 3135 5232 vulnerare
3174 5189 3366 5246 posse,
3409 5168 3759 5243 quantocius

2118 5268 2308 5326 divelli
2340 5266 2691 5341 penitusque
2721 5266 2890 5336 cupio
2921 5262 3281 5321 labefactari.

2785 5370 3093 5410 ADRIAN’US.

2188 5448 2302 5504 Nec
2334 5446 2577 5517 injuria;
2611 5460 2746 5499 nam
2780 5444 2961 5499 nostri
3011 5440 3371 5515 prosperitas
3401 5437 3490 5494 tui
3520 5439 3610 5492 est
3640 5432 3763 5491 feli-

2119 5539 2284 5608 citas,
2319 5552 2452 5592 cum
2486 5550 2752 5589 summos
2791 5531 3095 5605 dignitatis
3145 5530 3363 5604 gradus
3394 5527 3450 5582 in
3486 5524 3609 5580 dies
3661 5521 3767 5579 tibi

2120 5642 2330 5700 augere
2363 5642 2478 5682 non
2513 5621 2874 5679 desistimus.
