  <div class='ocr_page' id='page_1' title='image "/cluster/home/n/w/nwhite01/storage/ocr_20150623/137/hvd.32044054759972/535.png"; bbox 0 0 4050 6172; ppageno 0'>
   <div class='ocr_carea' id='block_1_1' title="bbox 507 296 660 360">
    <p class='ocr_par' dir='ltr' id='par_1_1' title="bbox 507 296 660 360">
     <span class='ocr_line' id='line_1_1' title="bbox 507 296 660 360; baseline -0.013 0"><span class='ocrx_word' id='word_1_1' title='bbox 507 296 660 360; x_wconf 76' lang='grc'><strong>1051</strong></span> 
     </span>
    </p>
   </div>
   <div class='ocr_carea' id='block_1_2' title="bbox 1183 437 1570 478">
    <p class='ocr_par' dir='ltr' id='par_1_2' title="bbox 1183 437 1570 478">
     <span class='ocr_line' id='line_1_2' title="bbox 1183 437 1570 478; baseline -0.013 0"><span class='ocrx_word' id='word_1_2' title='bbox 1183 437 1483 478; x_wconf 75' lang='lat' dir='ltr'>ADRIANUS.</span> <span class='ocrx_word' id='word_1_3' title='bbox 1565 453 1570 459; x_wconf 96' lang='lat'><strong><em>-</em></strong></span> 
     </span>
    </p>
   </div>
   <div class='ocr_carea' id='block_1_3' title="bbox 577 503 2158 584">
    <p class='ocr_par' dir='ltr' id='par_1_3' title="bbox 577 503 2158 584">
     <span class='ocr_line' id='line_1_3' title="bbox 577 503 2158 584; baseline -0.012 -8"><span class='ocrx_word' id='word_1_4' title='bbox 577 519 694 576; x_wconf 86' lang='lat' dir='ltr'>Nec</span> <span class='ocrx_word' id='word_1_5' title='bbox 726 517 1063 582; x_wconf 78' lang='lat' dir='ltr'>terminum,</span> <span class='ocrx_word' id='word_1_6' title='bbox 1084 527 1259 584; x_wconf 90' lang='lat' dir='ltr'>quem</span> <span class='ocrx_word' id='word_1_7' title='bbox 1292 507 1511 576; x_wconf 78' lang='lat' dir='ltr'>dixisti,</span> <span class='ocrx_word' id='word_1_8' title='bbox 1533 522 1806 580; x_wconf 85' lang='lat' dir='ltr'>agnosco,</span> <span class='ocrx_word' id='word_1_9' title='bbox 1837 521 1940 560; x_wconf 90' lang='lat' dir='ltr'>nec</span> <span class='ocrx_word' id='word_1_10' title='bbox 1975 503 2158 560; x_wconf 89' lang='lat' dir='ltr'>deno-</span> 
     </span>
    </p>
   </div>
   <div class='ocr_carea' id='block_1_4' title="bbox 509 597 1622 675">
    <p class='ocr_par' dir='ltr' id='par_1_4' title="bbox 509 597 1622 675">
     <span class='ocr_line' id='line_1_4' title="bbox 509 597 1622 675; baseline -0.013 -9"><span class='ocrx_word' id='word_1_11' title='bbox 509 608 890 666; x_wconf 88' lang='lat' dir='ltr'>mi-nationem</span> <span class='ocrx_word' id='word_1_12' title='bbox 922 621 1026 661; x_wconf 89' lang='lat' dir='ltr'>seu</span> <span class='ocrx_word' id='word_1_13' title='bbox 1059 599 1448 675; x_wconf 80' lang='lat' dir='ltr'>quantitatem</span> <span class='ocrx_word' id='word_1_14' title='bbox 1481 597 1622 653; x_wconf 90' lang='lat' dir='ltr'>scio.</span> 
     </span>
    </p>
   </div>
   <div class='ocr_carea' id='block_1_5' title="bbox 1173 704 1486 746">
    <p class='ocr_par' dir='ltr' id='par_1_5' title="bbox 1173 704 1486 746">
     <span class='ocr_line' id='line_1_5' title="bbox 1173 704 1486 746; baseline -0.013 0"><span class='ocrx_word' id='word_1_15' title='bbox 1173 704 1486 746; x_wconf 71' lang='lat' dir='ltr'>SAPIENTIA.</span> 
     </span>
    </p>
   </div>
   <div class='ocr_carea' id='block_1_6' title="bbox 576 773 2157 856">
    <p class='ocr_par' dir='ltr' id='par_1_6' title="bbox 576 773 2157 856">
     <span class='ocr_line' id='line_1_6' title="bbox 576 773 2157 856; baseline -0.013 -13"><span class='ocrx_word' id='word_1_16' title='bbox 576 785 817 855; x_wconf 81' lang='lat' dir='ltr'>Quando</span> <span class='ocrx_word' id='word_1_17' title='bbox 835 780 1185 856; x_wconf 88' lang='lat' dir='ltr'>quantilibet</span> <span class='ocrx_word' id='word_1_18' title='bbox 1203 776 1431 834; x_wconf 89' lang='lat' dir='ltr'>numeri</span> <span class='ocrx_word' id='word_1_19' title='bbox 1449 773 1723 854; x_wconf 80' lang='lat' dir='ltr'>digestim</span> <span class='ocrx_word' id='word_1_20' title='bbox 1743 773 2157 844; x_wconf 88' lang='lat' dir='ltr'>disponuntur,</span> 
     </span>
    </p>
   </div>
   <div class='ocr_carea' id='block_1_7' title="bbox 505 858 2157 949">
    <p class='ocr_par' dir='ltr' id='par_1_7' title="bbox 505 858 2157 949">
     <span class='ocr_line' id='line_1_7' title="bbox 505 858 2157 949; baseline -0.012 -18"><span class='ocrx_word' id='word_1_21' title='bbox 505 875 733 949; x_wconf 89' lang='lat' dir='ltr'>primus</span> <span class='ocrx_word' id='word_1_22' title='bbox 757 872 947 928; x_wconf 79' lang='lat' dir='ltr'>minor</span> <span class='ocrx_word' id='word_1_23' title='bbox 964 871 1252 926; x_wconf 86' lang='lat' dir='ltr'>terminus</span> <span class='ocrx_word' id='word_1_24' title='bbox 1275 873 1330 924; x_wconf 85' lang='lat' dir='ltr'>et</span> <span class='ocrx_word' id='word_1_25' title='bbox 1353 871 1688 940; x_wconf 86' lang='lat' dir='ltr'>postremus</span> <span class='ocrx_word' id='word_1_26' title='bbox 1705 863 1893 932; x_wconf 70' lang='lat' dir='ltr'>major</span> <span class='ocrx_word' id='word_1_27' title='bbox 1913 858 2157 923; x_wconf 90' lang='lat' dir='ltr'>dicitur;</span> 
     </span>
    </p>
   </div>
   <div class='ocr_carea' id='block_1_8' title="bbox 505 945 2160 1037">
    <p class='ocr_par' dir='ltr' id='par_1_8' title="bbox 505 945 2160 1037">
     <span class='ocr_line' id='line_1_8' title="bbox 505 945 2160 1037; baseline -0.013 -16"><span class='ocrx_word' id='word_1_28' title='bbox 505 945 738 1037; x_wconf 79' lang='lat' dir='ltr'>quando</span> <span class='ocrx_word' id='word_1_29' title='bbox 764 965 962 1018; x_wconf 89' lang='lat' dir='ltr'>autem</span> <span class='ocrx_word' id='word_1_30' title='bbox 996 958 1344 1015; x_wconf 85' lang='lat' dir='ltr'>divisionem</span> <span class='ocrx_word' id='word_1_31' title='bbox 1377 953 1643 1010; x_wconf 82' lang='lat' dir='ltr'>faciendo</span> <span class='ocrx_word' id='word_1_32' title='bbox 1697 953 1876 1022; x_wconf 89' lang='lat' dir='ltr'>quota</span> <span class='ocrx_word' id='word_1_33' title='bbox 1915 964 2052 1020; x_wconf 89' lang='lat' dir='ltr'>pars</span> <span class='ocrx_word' id='word_1_34' title='bbox 2083 945 2160 1002; x_wconf 89' lang='lat' dir='ltr'>sit</span> 
     </span>
    </p>
   </div>
   <div class='ocr_carea' id='block_1_9' title="bbox 505 1040 2162 1116">
    <p class='ocr_par' dir='ltr' id='par_1_9' title="bbox 505 1040 2162 1116">
     <span class='ocr_line' id='line_1_9' title="bbox 505 1040 2162 1116; baseline -0.012 -7"><span class='ocrx_word' id='word_1_35' title='bbox 505 1051 736 1110; x_wconf 86' lang='lat' dir='ltr'>numeri</span> <span class='ocrx_word' id='word_1_36' title='bbox 757 1045 1581 1116; x_wconf 86' lang='lat' dir='ltr'>dicimus,denominationem</span> <span class='ocrx_word' id='word_1_37' title='bbox 1617 1040 1864 1096; x_wconf 75' lang='lat' dir='ltr'>facimus</span> <span class='ocrx_word' id='word_1_38' title='bbox 1883 1056 1895 1106; x_wconf 89' lang='lat'><strong>;</strong></span> <span class='ocrx_word' id='word_1_39' title='bbox 1911 1054 2044 1092; x_wconf 89' lang='lat' dir='ltr'>cum</span> <span class='ocrx_word' id='word_1_40' title='bbox 2064 1053 2162 1090; x_wconf 88' lang='lat' dir='ltr'>au-</span> 
     </span>
    </p>
   </div>
   <div class='ocr_carea' id='block_1_10' title="bbox 507 1131 2156 1212">
    <p class='ocr_par' dir='ltr' id='par_1_10' title="bbox 507 1131 2156 1212">
     <span class='ocr_line' id='line_1_10' title="bbox 507 1131 2156 1212; baseline -0.012 -14"><span class='ocrx_word' id='word_1_41' title='bbox 507 1147 651 1210; x_wconf 89' lang='lat' dir='ltr'>tem,</span> <span class='ocrx_word' id='word_1_42' title='bbox 682 1143 827 1212; x_wconf 87' lang='lat' dir='ltr'>quot</span> <span class='ocrx_word' id='word_1_43' title='bbox 855 1138 915 1194; x_wconf 91' lang='lat' dir='ltr'>in</span> <span class='ocrx_word' id='word_1_44' title='bbox 949 1152 1302 1209; x_wconf 86' lang='lat' dir='ltr'>unaquaque</span> <span class='ocrx_word' id='word_1_45' title='bbox 1346 1137 1509 1206; x_wconf 87' lang='lat' dir='ltr'>parte</span> <span class='ocrx_word' id='word_1_46' title='bbox 1558 1131 1676 1188; x_wconf 90' lang='lat' dir='ltr'>sint</span> <span class='ocrx_word' id='word_1_47' title='bbox 1719 1141 2156 1193; x_wconf 87' lang='lat' dir='ltr'>cnumcramus,</span> 
     </span>
    </p>
   </div>
   <div class='ocr_carea' id='block_1_11' title="bbox 507 1227 1291 1306">
    <p class='ocr_par' dir='ltr' id='par_1_11' title="bbox 507 1227 1291 1306">
     <span class='ocr_line' id='line_1_11' title="bbox 507 1227 1291 1306; baseline -0.01 -17"><span class='ocrx_word' id='word_1_48' title='bbox 507 1230 893 1306; x_wconf 78' lang='lat' dir='ltr'>quantitatem</span> <span class='ocrx_word' id='word_1_49' title='bbox 925 1227 1291 1300; x_wconf 84' lang='lat' dir='ltr'>exponimus.</span> 
     </span>
    </p>
   </div>
   <div class='ocr_carea' id='block_1_12' title="bbox 1180 1329 1487 1371">
    <p class='ocr_par' dir='ltr' id='par_1_12' title="bbox 1180 1329 1487 1371">
     <span class='ocr_line' id='line_1_12' title="bbox 1180 1329 1487 1371; baseline -0.003 0"><span class='ocrx_word' id='word_1_50' title='bbox 1180 1329 1487 1371; x_wconf 77' lang='lat' dir='ltr'>ADRIANUS.</span> 
     </span>
    </p>
   </div>
   <div class='ocr_carea' id='block_1_13' title="bbox 576 1402 1443 1483">
    <p class='ocr_par' dir='ltr' id='par_1_13' title="bbox 576 1402 1443 1483">
     <span class='ocr_line' id='line_1_13' title="bbox 576 1402 1443 1483; baseline -0.013 -16"><span class='ocrx_word' id='word_1_51' title='bbox 576 1411 647 1467; x_wconf 86' lang='lat' dir='ltr'>Et</span> <span class='ocrx_word' id='word_1_52' title='bbox 677 1409 810 1483; x_wconf 83' lang='lat' dir='ltr'>quis</span> <span class='ocrx_word' id='word_1_53' title='bbox 841 1413 930 1464; x_wconf 90' lang='lat' dir='ltr'>est</span> <span class='ocrx_word' id='word_1_54' title='bbox 959 1405 1264 1478; x_wconf 84' lang='lat' dir='ltr'>impariter</span> <span class='ocrx_word' id='word_1_55' title='bbox 1293 1420 1398 1476; x_wconf 92' lang='lat' dir='ltr'>par</span> <span class='ocrx_word' id='word_1_56' title='bbox 1417 1402 1443 1456; x_wconf 83' lang='lat'><strong>?</strong></span> 
     </span>
    </p>
   </div>
   <div class='ocr_carea' id='block_1_14' title="bbox 1167 1506 1488 1551">
    <p class='ocr_par' dir='ltr' id='par_1_14' title="bbox 1167 1506 1488 1551">
     <span class='ocr_line' id='line_1_14' title="bbox 1167 1506 1488 1551; baseline -0.012 0"><span class='ocrx_word' id='word_1_57' title='bbox 1167 1506 1488 1551; x_wconf 76' lang='lat' dir='ltr'>SAPIENTIA.</span> 
     </span>
    </p>
   </div>
   <div class='ocr_carea' id='block_1_15' title="bbox 576 1574 2162 1658">
    <p class='ocr_par' dir='ltr' id='par_1_15' title="bbox 576 1574 2162 1658">
     <span class='ocr_line' id='line_1_15' title="bbox 576 1574 2162 1658; baseline -0.013 -12"><span class='ocrx_word' id='word_1_58' title='bbox 576 1588 685 1658; x_wconf 87' lang='lat' dir='ltr'>Qui</span> <span class='ocrx_word' id='word_1_59' title='bbox 715 1604 831 1644; x_wconf 91' lang='lat' dir='ltr'>non</span> <span class='ocrx_word' id='word_1_60' title='bbox 861 1586 1053 1644; x_wconf 89' lang='lat' dir='ltr'>solum</span> <span class='ocrx_word' id='word_1_61' title='bbox 1087 1601 1266 1641; x_wconf 86' lang='lat' dir='ltr'>unam</span> <span class='ocrx_word' id='word_1_62' title='bbox 1299 1580 1506 1654; x_wconf 85' lang='lat' dir='ltr'>recipit</span> <span class='ocrx_word' id='word_1_63' title='bbox 1533 1574 2036 1642; x_wconf 87' lang='lat' dir='ltr'>sectionem,sicut</span> <span class='ocrx_word' id='word_1_64' title='bbox 2065 1589 2162 1643; x_wconf 88' lang='lat' dir='ltr'>pa-</span> 
     </span>
    </p>
   </div>
   <div class='ocr_carea' id='block_1_16' title="bbox 500 1665 2158 1752">
    <p class='ocr_par' dir='ltr' id='par_1_16' title="bbox 500 1665 2158 1752">
     <span class='ocr_line' id='line_1_16' title="bbox 500 1665 2158 1752; baseline -0.013 -16"><span class='ocrx_word' id='word_1_65' title='bbox 500 1681 647 1736; x_wconf 87' lang='lat' dir='ltr'>riter</span> <span class='ocrx_word' id='word_1_66' title='bbox 676 1694 803 1752; x_wconf 92' lang='lat' dir='ltr'>par,</span> <span class='ocrx_word' id='word_1_67' title='bbox 837 1677 938 1732; x_wconf 87' lang='lat' dir='ltr'>sed</span> <span class='ocrx_word' id='word_1_68' title='bbox 971 1675 1151 1731; x_wconf 89' lang='lat' dir='ltr'>etiam</span> <span class='ocrx_word' id='word_1_69' title='bbox 1182 1677 1238 1728; x_wconf 89' lang='lat' dir='ltr'>et</span> <span class='ocrx_word' id='word_1_70' title='bbox 1267 1665 1930 1738; x_wconf 86' lang='lat' dir='ltr'>sccundam,aliquoties</span> <span class='ocrx_word' id='word_1_71' title='bbox 1962 1665 2158 1718; x_wconf 89' lang='lat' dir='ltr'>autem</span> 
     </span>
    </p>
   </div>
   <div class='ocr_carea' id='block_1_17' title="bbox 503 1749 2162 1837">
    <p class='ocr_par' dir='ltr' id='par_1_17' title="bbox 503 1749 2162 1837">
     <span class='ocr_line' id='line_1_17' title="bbox 503 1749 2162 1837; baseline -0.013 -12"><span class='ocrx_word' id='word_1_72' title='bbox 503 1773 564 1826; x_wconf 89' lang='lat' dir='ltr'>et</span> <span class='ocrx_word' id='word_1_73' title='bbox 590 1749 826 1824; x_wconf 79' lang='lat' dir='ltr'>tertiam</span> <span class='ocrx_word' id='word_1_74' title='bbox 858 1765 948 1821; x_wconf 89' lang='lat' dir='ltr'>vel</span> <span class='ocrx_word' id='word_1_75' title='bbox 981 1764 1203 1837; x_wconf 85' lang='lat' dir='ltr'>plures,</span> <span class='ocrx_word' id='word_1_76' title='bbox 1227 1761 1327 1817; x_wconf 88' lang='lat' dir='ltr'>sed</span> <span class='ocrx_word' id='word_1_77' title='bbox 1350 1765 1547 1816; x_wconf 87' lang='lat' dir='ltr'>tamen</span> <span class='ocrx_word' id='word_1_78' title='bbox 1583 1773 1768 1827; x_wconf 81' lang='lat' dir='ltr'>usque</span> <span class='ocrx_word' id='word_1_79' title='bbox 1799 1749 2162 1809; x_wconf 86' lang='lat' dir='ltr'>ad‘indivisi-</span> 
     </span>
    </p>
   </div>
   <div class='ocr_carea' id='block_1_18' title="bbox 506 1849 1498 1927">
    <p class='ocr_par' dir='ltr' id='par_1_18' title="bbox 506 1849 1498 1927">
     <span class='ocr_line' id='line_1_18' title="bbox 506 1849 1498 1927; baseline -0.014 -13"><span class='ocrx_word' id='word_1_80' title='bbox 506 1857 685 1914; x_wconf 89' lang='lat' dir='ltr'>bilem</span> <span class='ocrx_word' id='word_1_81' title='bbox 713 1873 830 1912; x_wconf 91' lang='lat' dir='ltr'>non</span> <span class='ocrx_word' id='word_1_82' title='bbox 863 1853 1158 1927; x_wconf 85' lang='lat' dir='ltr'>perveniet</span> <span class='ocrx_word' id='word_1_83' title='bbox 1188 1849 1498 1906; x_wconf 89' lang='lat' dir='ltr'>unitatem.</span> 
     </span>
    </p>
   </div>
   <div class='ocr_carea' id='block_1_19' title="bbox 1178 1953 1490 1996">
    <p class='ocr_par' dir='ltr' id='par_1_19' title="bbox 1178 1953 1490 1996">
     <span class='ocr_line' id='line_1_19' title="bbox 1178 1953 1490 1996; baseline -0.013 -1"><span class='ocrx_word' id='word_1_84' title='bbox 1178 1953 1490 1996; x_wconf 78' lang='lat' dir='ltr'>ADRIANUS.</span> 
     </span>
    </p>
   </div>
   <div class='ocr_carea' id='block_1_20' title="bbox 577 2017 2163 2107">
    <p class='ocr_par' dir='ltr' id='par_1_20' title="bbox 577 2017 2163 2107">
     <span class='ocr_line' id='line_1_20' title="bbox 577 2017 2163 2107; baseline -0.013 -15"><span class='ocrx_word' id='word_1_85' title='bbox 577 2035 622 2092; x_wconf 92' lang='grc' dir='ltr'><strong>Ο</strong></span> <span class='ocrx_word' id='word_1_86' title='bbox 644 2048 822 2107; x_wconf 90' lang='lat' dir='ltr'>quam</span> <span class='ocrx_word' id='word_1_87' title='bbox 843 2029 1258 2103; x_wconf 89' lang='lat' dir='ltr'>scrupulosaet</span> <span class='ocrx_word' id='word_1_88' title='bbox 1270 2023 1560 2100; x_wconf 85' lang='lat' dir='ltr'>plexibilis</span> <span class='ocrx_word' id='word_1_89' title='bbox 1583 2023 1701 2094; x_wconf 82' lang='lat' dir='ltr'>(leg.</span> <span class='ocrx_word' id='word_1_90' title='bbox 1723 2017 1994 2093; x_wconf 90' lang='lat' dir='ltr'>plectilis)</span> <span class='ocrx_word' id='word_1_91' title='bbox 2013 2033 2163 2088; x_wconf 74' lang='lat' dir='ltr'>quae-</span> 
     </span>
    </p>
   </div>
   <div class='ocr_carea' id='block_1_21' title="bbox 509 2108 1963 2182">
    <p class='ocr_par' dir='ltr' id='par_1_21' title="bbox 509 2108 1963 2182">
     <span class='ocr_line' id='line_1_21' title="bbox 509 2108 1963 2182; baseline -0.013 0"><span class='ocrx_word' id='word_1_92' title='bbox 509 2125 620 2182; x_wconf 87' lang='lat' dir='ltr'>stio</span> <span class='ocrx_word' id='word_1_93' title='bbox 649 2140 718 2180; x_wconf 81' lang='lat' dir='ltr'>ex</span> <span class='ocrx_word' id='word_1_94' title='bbox 745 2122 997 2179; x_wconf 86' lang='lat' dir='ltr'>istarum</span> <span class='ocrx_word' id='word_1_95' title='bbox 1030 2121 1195 2175; x_wconf 78' lang='lat' dir='ltr'>aetate</span> <span class='ocrx_word' id='word_1_96' title='bbox 1226 2112 1651 2172; x_wconf 79' lang='lat' dir='ltr'>infantularum</span> <span class='ocrx_word' id='word_1_97' title='bbox 1679 2114 1770 2166; x_wconf 89' lang='lat' dir='ltr'>est</span> <span class='ocrx_word' id='word_1_98' title='bbox 1801 2108 1963 2165; x_wconf 75' lang='lat' dir='ltr'>orta!</span> 
     </span>
    </p>
   </div>
   <div class='ocr_carea' id='block_1_22' title="bbox 1182 2219 1489 2262">
    <p class='ocr_par' dir='ltr' id='par_1_22' title="bbox 1182 2219 1489 2262">
     <span class='ocr_line' id='line_1_22' title="bbox 1182 2219 1489 2262; baseline -0.013 0"><span class='ocrx_word' id='word_1_99' title='bbox 1182 2219 1489 2262; x_wconf 74' lang='lat' dir='ltr'>BAPIENTIA.</span> 
     </span>
    </p>
   </div>
   <div class='ocr_carea' id='block_1_23' title="bbox 584 2284 2161 2365">
    <p class='ocr_par' dir='ltr' id='par_1_23' title="bbox 584 2284 2161 2365">
     <span class='ocr_line' id='line_1_23' title="bbox 584 2284 2161 2365; baseline -0.012 -7"><span class='ocrx_word' id='word_1_100' title='bbox 584 2303 648 2358; x_wconf 90' lang='lat' dir='ltr'>In</span> <span class='ocrx_word' id='word_1_101' title='bbox 677 2301 788 2358; x_wconf 91' lang='lat' dir='ltr'>hoc</span> <span class='ocrx_word' id='word_1_102' title='bbox 817 2298 1117 2354; x_wconf 88' lang='lat' dir='ltr'>laudanda</span> <span class='ocrx_word' id='word_1_103' title='bbox 1164 2299 1254 2352; x_wconf 86' lang='lat' dir='ltr'>est</span> <span class='ocrx_word' id='word_1_104' title='bbox 1299 2289 1745 2365; x_wconf 87' lang='lat' dir='ltr'>supereminens</span> <span class='ocrx_word' id='word_1_105' title='bbox 1778 2284 2034 2344; x_wconf 87' lang='lat' dir='ltr'>Factoris</span> <span class='ocrx_word' id='word_1_106' title='bbox 2063 2300 2161 2340; x_wconf 88' lang='lat' dir='ltr'>sa-</span> 
     </span>
    </p>
   </div>
   <div class='ocr_carea' id='block_1_24' title="bbox 510 2373 2162 2466">
    <p class='ocr_par' dir='ltr' id='par_1_24' title="bbox 510 2373 2162 2466">
     <span class='ocr_line' id='line_1_24' title="bbox 510 2373 2162 2466; baseline -0.013 -19"><span class='ocrx_word' id='word_1_107' title='bbox 510 2390 750 2466; x_wconf 89' lang='lat' dir='ltr'>pientia,</span> <span class='ocrx_word' id='word_1_108' title='bbox 783 2391 842 2445; x_wconf 91' lang='lat' dir='ltr'>ot</span> <span class='ocrx_word' id='word_1_109' title='bbox 870 2387 1022 2442; x_wconf 88' lang='lat' dir='ltr'>mira</span> <span class='ocrx_word' id='word_1_110' title='bbox 1080 2383 1286 2440; x_wconf 89' lang='lat' dir='ltr'>mundi</span> <span class='ocrx_word' id='word_1_111' title='bbox 1343 2379 1586 2440; x_wconf 83' lang='lat' dir='ltr'>artiﬁcis</span> <span class='ocrx_word' id='word_1_112' title='bbox 1617 2373 2016 2446; x_wconf 70' lang='lat' dir='ltr'>scientia,-,‘qui</span> <span class='ocrx_word' id='word_1_113' title='bbox 2047 2390 2162 2428; x_wconf 90' lang='lat' dir='ltr'>non</span> 
     </span>
    </p>
   </div>
   <div class='ocr_carea' id='block_1_25' title="bbox 513 2463 2162 2550">
    <p class='ocr_par' dir='ltr' id='par_1_25' title="bbox 513 2463 2162 2550">
     <span class='ocr_line' id='line_1_25' title="bbox 513 2463 2162 2550; baseline -0.013 -13"><span class='ocrx_word' id='word_1_114' title='bbox 513 2463 706 2536; x_wconf 76' lang='lat' dir='ltr'>solum</span> <span class='ocrx_word' id='word_1_115' title='bbox 737 2478 796 2532; x_wconf 91' lang='lat' dir='ltr'>in</span> <span class='ocrx_word' id='word_1_116' title='bbox 817 2474 1108 2550; x_wconf 89' lang='lat' dir='ltr'>principio</span> <span class='ocrx_word' id='word_1_117' title='bbox 1139 2473 1426 2528; x_wconf 89' lang='lat' dir='ltr'>mundum</span> <span class='ocrx_word' id='word_1_118' title='bbox 1467 2484 1672 2524; x_wconf 88' lang='lat' dir='ltr'>creans</span> <span class='ocrx_word' id='word_1_119' title='bbox 1700 2482 1770 2522; x_wconf 84' lang='lat' dir='ltr'>ex</span> <span class='ocrx_word' id='word_1_120' title='bbox 1799 2463 2004 2530; x_wconf 90' lang='lat' dir='ltr'>nihilo,</span> <span class='ocrx_word' id='word_1_121' title='bbox 2037 2479 2162 2517; x_wconf 91' lang='lat' dir='ltr'>om-</span> 
     </span>
    </p>
   </div>
   <div class='ocr_carea' id='block_1_26' title="bbox 514 2551 2162 2630">
    <p class='ocr_par' dir='ltr' id='par_1_26' title="bbox 514 2551 2162 2630">
     <span class='ocr_line' id='line_1_26' title="bbox 514 2551 2162 2630; baseline -0.013 -4"><span class='ocrx_word' id='word_1_122' title='bbox 514 2571 613 2626; x_wconf 88' lang='lat' dir='ltr'>nia</span> <span class='ocrx_word' id='word_1_123' title='bbox 643 2569 701 2624; x_wconf 91' lang='lat' dir='ltr'>in</span> <span class='ocrx_word' id='word_1_124' title='bbox 732 2583 976 2623; x_wconf 89' lang='lat' dir='ltr'>numero</span> <span class='ocrx_word' id='word_1_125' title='bbox 1007 2567 1067 2619; x_wconf 91' lang='lat' dir='ltr'>et</span> <span class='ocrx_word' id='word_1_126' title='bbox 1098 2578 1374 2618; x_wconf 87' lang='lat' dir='ltr'>mensura</span> <span class='ocrx_word' id='word_1_127' title='bbox 1403 2563 1460 2615; x_wconf 89' lang='lat' dir='ltr'>et</span> <span class='ocrx_word' id='word_1_128' title='bbox 1502 2556 1764 2630; x_wconf 85' lang='lat' dir='ltr'>pondere</span> <span class='ocrx_word' id='word_1_129' title='bbox 1811 2551 2026 2626; x_wconf 86' lang='lat' dir='ltr'>posuit,</span> <span class='ocrx_word' id='word_1_130' title='bbox 2061 2551 2162 2608; x_wconf 89' lang='lat' dir='ltr'>sed</span> 
     </span>
    </p>
   </div>
   <div class='ocr_carea' id='block_1_27' title="bbox 513 2639 2167 2718">
    <p class='ocr_par' dir='ltr' id='par_1_27' title="bbox 513 2639 2167 2718">
     <span class='ocr_line' id='line_1_27' title="bbox 513 2639 2167 2718; baseline -0.013 -3"><span class='ocrx_word' id='word_1_131' title='bbox 513 2659 689 2717; x_wconf 89' lang='lat' dir='ltr'>etiam</span> <span class='ocrx_word' id='word_1_132' title='bbox 710 2657 772 2712; x_wconf 90' lang='lat' dir='ltr'>in</span> <span class='ocrx_word' id='word_1_133' title='bbox 793 2652 1235 2712; x_wconf 88' lang='lat' dir='ltr'>succedentium</span> <span class='ocrx_word' id='word_1_134' title='bbox 1269 2650 1416 2706; x_wconf 87' lang='lat' dir='ltr'>serie</span> <span class='ocrx_word' id='word_1_135' title='bbox 1449 2652 1782 2718; x_wconf 88' lang='lat' dir='ltr'>temporum</span> <span class='ocrx_word' id='word_1_136' title='bbox 1813 2648 1871 2698; x_wconf 88' lang='lat' dir='ltr'>et</span> <span class='ocrx_word' id='word_1_137' title='bbox 1901 2641 1958 2696; x_wconf 91' lang='lat' dir='ltr'>in</span> <span class='ocrx_word' id='word_1_138' title='bbox 1991 2639 2167 2696; x_wconf 65' lang='lat' dir='ltr'>aetati-</span> 
     </span>
    </p>
   </div>
   <div class='ocr_carea' id='block_1_28' title="bbox 513 2729 2163 2811">
    <p class='ocr_par' dir='ltr' id='par_1_28' title="bbox 513 2729 2163 2811">
     <span class='ocr_line' id='line_1_28' title="bbox 513 2729 2163 2811; baseline -0.013 -5"><span class='ocrx_word' id='word_1_139' title='bbox 513 2749 627 2806; x_wconf 90' lang='lat' dir='ltr'>bus</span> <span class='ocrx_word' id='word_1_140' title='bbox 652 2741 1202 2811; x_wconf 89' lang='lat' dir='ltr'>hominum,miram</span> <span class='ocrx_word' id='word_1_141' title='bbox 1221 2733 1641 2796; x_wconf 88' lang='lat' dir='ltr'>deditinveniri</span> <span class='ocrx_word' id='word_1_142' title='bbox 1659 2749 1830 2806; x_wconf 88' lang='lat' dir='ltr'>posse</span> <span class='ocrx_word' id='word_1_143' title='bbox 1859 2729 2163 2789; x_wconf 83' lang='lat' dir='ltr'>scientiam</span> 
     </span>
    </p>
   </div>
   <div class='ocr_carea' id='block_1_29' title="bbox 515 2836 754 2896">
    <p class='ocr_par' dir='ltr' id='par_1_29' title="bbox 515 2836 754 2896">
     <span class='ocr_line' id='line_1_29' title="bbox 515 2836 754 2896; baseline -0.029 1"><span class='ocrx_word' id='word_1_144' title='bbox 515 2836 754 2896; x_wconf 82' lang='lat' dir='ltr'>artium.</span> 
     </span>
    </p>
   </div>
   <div class='ocr_carea' id='block_1_30' title="bbox 1188 2931 1484 2974">
    <p class='ocr_par' dir='ltr' id='par_1_30' title="bbox 1188 2931 1484 2974">
     <span class='ocr_line' id='line_1_30' title="bbox 1188 2931 1484 2974; baseline -0.007 0"><span class='ocrx_word' id='word_1_145' title='bbox 1188 2931 1484 2974; x_wconf 74' lang='lat' dir='ltr'>ADRIANUS.</span> 
     </span>
    </p>
   </div>
   <div class='ocr_carea' id='block_1_31' title="bbox 585 2999 2164 3074">
    <p class='ocr_par' dir='ltr' id='par_1_31' title="bbox 585 2999 2164 3074">
     <span class='ocr_line' id='line_1_31' title="bbox 585 2999 2164 3074; baseline -0.012 -2"><span class='ocrx_word' id='word_1_146' title='bbox 585 3015 697 3072; x_wconf 91' lang='lat' dir='ltr'>Diu</span> <span class='ocrx_word' id='word_1_147' title='bbox 717 3019 776 3070; x_wconf 88' lang='lat' dir='ltr'>te</span> <span class='ocrx_word' id='word_1_148' title='bbox 796 3011 1050 3070; x_wconf 87' lang='lat' dir='ltr'>sustinui</span> <span class='ocrx_word' id='word_1_149' title='bbox 1081 3006 1548 3072; x_wconf 83' lang='lat' dir='ltr'>ratiocinantem,</span> <span class='ocrx_word' id='word_1_150' title='bbox 1571 3018 1684 3074; x_wconf 88' lang='lat' dir='ltr'>quo</span> <span class='ocrx_word' id='word_1_151' title='bbox 1716 3007 1772 3058; x_wconf 90' lang='lat' dir='ltr'>te</span> <span class='ocrx_word' id='word_1_152' title='bbox 1803 3000 1945 3056; x_wconf 90' lang='lat' dir='ltr'>mihi</span> <span class='ocrx_word' id='word_1_153' title='bbox 1968 2999 2164 3054; x_wconf 83' lang='lat' dir='ltr'>efﬁce-</span> 
     </span>
    </p>
   </div>
   <div class='ocr_carea' id='block_1_32' title="bbox 515 3102 1190 3174">
    <p class='ocr_par' dir='ltr' id='par_1_32' title="bbox 515 3102 1190 3174">
     <span class='ocr_line' id='line_1_32' title="bbox 515 3102 1190 3174; baseline -0.015 -12"><span class='ocrx_word' id='word_1_154' title='bbox 515 3121 638 3162; x_wconf 89' lang='lat' dir='ltr'>rem</span> <span class='ocrx_word' id='word_1_155' title='bbox 669 3102 1190 3174; x_wconf 86' lang='lat' dir='ltr'>obtemperantem.</span> 
     </span>
    </p>
   </div>
   <div class='ocr_carea' id='block_1_33' title="bbox 1113 3187 1566 3242">
    <p class='ocr_par' dir='ltr' id='par_1_33' title="bbox 1113 3187 1566 3242">
     <span class='ocr_line' id='line_1_33' title="bbox 1113 3187 1566 3242; baseline -0.009 0"><span class='ocrx_word' id='word_1_156' title='bbox 1113 3187 1208 3242; x_wconf 70' lang='grc'>61</span> <span class='ocrx_word' id='word_1_157' title='bbox 1261 3198 1566 3241; x_wconf 76' lang='lat' dir='ltr'>SAPIENTIA.</span> 
     </span>
    </p>
   </div>
   <div class='ocr_carea' id='block_1_34' title="bbox 591 3261 850 3336">
    <p class='ocr_par' dir='ltr' id='par_1_34' title="bbox 591 3261 850 3336">
     <span class='ocr_line' id='line_1_34' title="bbox 591 3261 850 3336; baseline -0.019 -14"><span class='ocrx_word' id='word_1_158' title='bbox 591 3264 656 3322; x_wconf 89' lang='lat' dir='ltr'>In</span> <span class='ocrx_word' id='word_1_159' title='bbox 687 3277 800 3336; x_wconf 88' lang='lat' dir='ltr'>quo</span> <span class='ocrx_word' id='word_1_160' title='bbox 821 3261 850 3317; x_wconf 82' lang='lat'><strong>?</strong></span> 
     </span>
    </p>
   </div>
   <div class='ocr_carea' id='block_1_35' title="bbox 892 3361 1482 3417">
    <p class='ocr_par' dir='ltr' id='par_1_35' title="bbox 892 3361 1482 3417">
     <span class='ocr_line' id='line_1_35' title="bbox 892 3361 1482 3417; baseline -0.012 -13"><span class='ocrx_word' id='word_1_161' title='bbox 892 3411 898 3417; x_wconf 45' lang='lat'>,</span> <span class='ocrx_word' id='word_1_162' title='bbox 1207 3361 1482 3402; x_wconf 75' lang='grc' dir='ltr'>ιυιιωωε.</span> 
     </span>
    </p>
   </div>
   <div class='ocr_carea' id='block_1_36' title="bbox 591 3437 1214 3499">
    <p class='ocr_par' dir='ltr' id='par_1_36' title="bbox 591 3437 1214 3499">
     <span class='ocr_line' id='line_1_36' title="bbox 591 3437 1214 3499; baseline -0.018 0"><span class='ocrx_word' id='word_1_163' title='bbox 591 3441 659 3499; x_wconf 92' lang='lat' dir='ltr'>In</span> <span class='ocrx_word' id='word_1_164' title='bbox 689 3437 919 3496; x_wconf 84' lang='lat' dir='ltr'>cultura</span> <span class='ocrx_word' id='word_1_165' title='bbox 948 3437 1214 3492; x_wconf 90' lang='lat' dir='ltr'>deorum.</span> 
     </span>
    </p>
   </div>
   <div class='ocr_carea' id='block_1_37' title="bbox 1201 3535 1490 3579">
    <p class='ocr_par' dir='ltr' id='par_1_37' title="bbox 1201 3535 1490 3579">
     <span class='ocr_line' id='line_1_37' title="bbox 1201 3535 1490 3579; baseline -0.01 0"><span class='ocrx_word' id='word_1_166' title='bbox 1201 3535 1490 3579; x_wconf 74' lang='grc' dir='ltr'>ΒΔΡΙΕΝΤΙΔ.</span> 
     </span>
    </p>
   </div>
   <div class='ocr_carea' id='block_1_38' title="bbox 593 3611 1529 3688">
    <p class='ocr_par' dir='ltr' id='par_1_38' title="bbox 593 3611 1529 3688">
     <span class='ocr_line' id='line_1_38' title="bbox 593 3611 1529 3688; baseline -0.013 -12"><span class='ocrx_word' id='word_1_167' title='bbox 593 3619 658 3677; x_wconf 88' lang='lat' dir='ltr'>In</span> <span class='ocrx_word' id='word_1_168' title='bbox 687 3619 799 3674; x_wconf 93' lang='lat' dir='ltr'>hoc</span> <span class='ocrx_word' id='word_1_169' title='bbox 827 3615 1032 3688; x_wconf 87' lang='lat' dir='ltr'>utique</span> <span class='ocrx_word' id='word_1_170' title='bbox 1062 3629 1178 3670; x_wconf 89' lang='lat' dir='ltr'>non</span> <span class='ocrx_word' id='word_1_171' title='bbox 1209 3611 1529 3669; x_wconf 87' lang='lat' dir='ltr'>consentio.</span> 
     </span>
    </p>
   </div>
   <div class='ocr_carea' id='block_1_39' title="bbox 1201 3717 1480 3758">
    <p class='ocr_par' dir='ltr' id='par_1_39' title="bbox 1201 3717 1480 3758">
     <span class='ocr_line' id='line_1_39' title="bbox 1201 3717 1480 3758; baseline -0.014 0"><span class='ocrx_word' id='word_1_172' title='bbox 1201 3717 1480 3758; x_wconf 72' lang='lat' dir='ltr'>ADRIANUS.</span> 
     </span>
    </p>
   </div>
   <div class='ocr_carea' id='block_1_40' title="bbox 593 3787 1632 3862">
    <p class='ocr_par' dir='ltr' id='par_1_40' title="bbox 593 3787 1632 3862">
     <span class='ocr_line' id='line_1_40' title="bbox 593 3787 1632 3862; baseline -0.013 -5"><span class='ocrx_word' id='word_1_173' title='bbox 593 3797 653 3857; x_wconf 89' lang='lat' dir='ltr'>Si</span> <span class='ocrx_word' id='word_1_174' title='bbox 683 3795 971 3862; x_wconf 87' lang='lat' dir='ltr'>reniteris,</span> <span class='ocrx_word' id='word_1_175' title='bbox 1004 3790 1311 3850; x_wconf 88' lang='lat' dir='ltr'>tormentis</span> <span class='ocrx_word' id='word_1_176' title='bbox 1341 3787 1632 3847; x_wconf 83' lang='lat' dir='ltr'>afficieris.</span> 
     </span>
    </p>
   </div>
   <div class='ocr_carea' id='block_1_41' title="bbox 1205 3897 1494 3937">
    <p class='ocr_par' dir='ltr' id='par_1_41' title="bbox 1205 3897 1494 3937">
     <span class='ocr_line' id='line_1_41' title="bbox 1205 3897 1494 3937; baseline -0.014 0"><span class='ocrx_word' id='word_1_177' title='bbox 1205 3897 1472 3937; x_wconf 75' lang='lat' dir='ltr'>SAPIENTM</span> <span class='ocrx_word' id='word_1_178' title='bbox 1482 3921 1494 3933; x_wconf 88' lang='lat'>.</span> 
     </span>
    </p>
   </div>
   <div class='ocr_carea' id='block_1_42' title="bbox 592 3960 2169 4049">
    <p class='ocr_par' dir='ltr' id='par_1_42' title="bbox 592 3960 2169 4049">
     <span class='ocr_line' id='line_1_42' title="bbox 592 3960 2169 4049; baseline -0.012 -15"><span class='ocrx_word' id='word_1_179' title='bbox 592 3978 815 4049; x_wconf 87' lang='lat' dir='ltr'>Corpus</span> <span class='ocrx_word' id='word_1_180' title='bbox 848 3973 1086 4047; x_wconf 88' lang='lat' dir='ltr'>quidem</span> <span class='ocrx_word' id='word_1_181' title='bbox 1120 3969 1427 4044; x_wconf 90' lang='lat' dir='ltr'>suppliciis</span> <span class='ocrx_word' id='word_1_182' title='bbox 1484 3967 1767 4024; x_wconf 86' lang='lat' dir='ltr'>lacessere</span> <span class='ocrx_word' id='word_1_183' title='bbox 1798 3962 2032 4036; x_wconf 86' lang='lat' dir='ltr'>poteris,</span> <span class='ocrx_word' id='word_1_184' title='bbox 2067 3960 2169 4016; x_wconf 91' lang='lat' dir='ltr'>sed</span> 
     </span>
    </p>
   </div>
   <div class='ocr_carea' id='block_1_43' title="bbox 522 4049 2168 4129">
    <p class='ocr_par' dir='ltr' id='par_1_43' title="bbox 522 4049 2168 4129">
     <span class='ocr_line' id='line_1_43' title="bbox 522 4049 2168 4129; baseline -0.012 -6"><span class='ocrx_word' id='word_1_185' title='bbox 522 4067 788 4125; x_wconf 87' lang='lat' dir='ltr'>animum</span> <span class='ocrx_word' id='word_1_186' title='bbox 821 4063 892 4119; x_wconf 89' lang='lat' dir='ltr'>ad</span> <span class='ocrx_word' id='word_1_187' title='bbox 924 4060 1250 4118; x_wconf 89' lang='lat' dir='ltr'>cedendum</span> <span class='ocrx_word' id='word_1_188' title='bbox 1285 4054 1635 4129; x_wconf 89' lang='lat' dir='ltr'>compellere</span> <span class='ocrx_word' id='word_1_189' title='bbox 1665 4070 1780 4110; x_wconf 91' lang='lat' dir='ltr'>non</span> <span class='ocrx_word' id='word_1_190' title='bbox 1809 4049 2168 4125; x_wconf 78' lang='lat' dir='ltr'>prievalebis.</span> 
     </span>
    </p>
   </div>
   <div class='ocr_carea' id='block_1_44' title="bbox 955 4159 1500 4204">
    <p class='ocr_par' dir='ltr' id='par_1_44' title="bbox 955 4159 1500 4204">
     <span class='ocr_line' id='line_1_44' title="bbox 955 4159 1500 4204; baseline -0.007 1"><span class='ocrx_word' id='word_1_191' title='bbox 955 4159 958 4162; x_wconf 50' lang='grc'><strong>’</strong></span> <span class='ocrx_word' id='word_1_192' title='bbox 1193 4162 1500 4204; x_wconf 58' lang='grc' dir='ltr'>Ακτιοεηυε.</span> 
     </span>
    </p>
   </div>
   <div class='ocr_carea' id='block_1_45' title="bbox 595 4227 2172 4306">
    <p class='ocr_par' dir='ltr' id='par_1_45' title="bbox 595 4227 2172 4306">
     <span class='ocr_line' id='line_1_45' title="bbox 595 4227 2172 4306; baseline -0.01 -7"><span class='ocrx_word' id='word_1_193' title='bbox 595 4241 730 4299; x_wconf 88' lang='lat' dir='ltr'>Dies</span> <span class='ocrx_word' id='word_1_194' title='bbox 757 4239 922 4306; x_wconf 90' lang='lat' dir='ltr'>abiit,</span> <span class='ocrx_word' id='word_1_195' title='bbox 955 4255 1069 4294; x_wconf 82' lang='lat' dir='ltr'>nox</span> <span class='ocrx_word' id='word_1_196' title='bbox 1096 4236 1408 4299; x_wconf 86' lang='lat' dir='ltr'>incumbit,</span> <span class='ocrx_word' id='word_1_197' title='bbox 1445 4250 1561 4290; x_wconf 91' lang='lat' dir='ltr'>non</span> <span class='ocrx_word' id='word_1_198' title='bbox 1607 4237 1698 4289; x_wconf 91' lang='lat' dir='ltr'>est</span> <span class='ocrx_word' id='word_1_199' title='bbox 1727 4235 1962 4302; x_wconf 88' lang='lat' dir='ltr'>tempus</span> <span class='ocrx_word' id='word_1_200' title='bbox 1995 4227 2172 4285; x_wconf 87' lang='lat' dir='ltr'>alter—</span> 
     </span>
    </p>
   </div>
   <div class='ocr_carea' id='block_1_46' title="bbox 524 4323 1583 4402">
    <p class='ocr_par' dir='ltr' id='par_1_46' title="bbox 524 4323 1583 4402">
     <span class='ocr_line' id='line_1_46' title="bbox 524 4323 1583 4402; baseline -0.014 -11"><span class='ocrx_word' id='word_1_201' title='bbox 524 4331 717 4398; x_wconf 87' lang='lat' dir='ltr'>candi,</span> <span class='ocrx_word' id='word_1_202' title='bbox 751 4328 890 4402; x_wconf 88' lang='lat' dir='ltr'>quia</span> <span class='ocrx_word' id='word_1_203' title='bbox 916 4327 1099 4383; x_wconf 89' lang='lat' dir='ltr'>instat</span> <span class='ocrx_word' id='word_1_204' title='bbox 1121 4325 1266 4381; x_wconf 86' lang='lat' dir='ltr'>hora</span> <span class='ocrx_word' id='word_1_205' title='bbox 1296 4323 1583 4378; x_wconf 82' lang='lat' dir='ltr'>coenandi.</span> 
     </span>
    </p>
   </div>
   <div class='ocr_carea' id='block_1_47' title="bbox 1210 4428 1486 4469">
    <p class='ocr_par' dir='ltr' id='par_1_47' title="bbox 1210 4428 1486 4469">
     <span class='ocr_line' id='line_1_47' title="bbox 1210 4428 1486 4469; baseline -0.014 0"><span class='ocrx_word' id='word_1_206' title='bbox 1210 4428 1486 4469; x_wconf 70' lang='lat' dir='ltr'>ADBIANUS.</span> 
     </span>
    </p>
   </div>
   <div class='ocr_carea' id='block_1_48' title="bbox 598 4497 2254 4605">
    <p class='ocr_par' dir='ltr' id='par_1_48' title="bbox 598 4497 2254 4605">
     <span class='ocr_line' id='line_1_48' title="bbox 598 4497 2254 4605; baseline -0.009 -40"><span class='ocrx_word' id='word_1_207' title='bbox 598 4510 662 4605; x_wconf 62' lang='lat' dir='ltr'>I_n</span> <span class='ocrx_word' id='word_1_208' title='bbox 678 4505 1040 4605; x_wconf 68' lang='lat' dir='ltr'>custodiam</span> <span class='ocrx_word' id='word_1_209' title='bbox 1049 4507 1190 4560; x_wconf 83' lang='lat' dir='ltr'>uxta</span> <span class='ocrx_word' id='word_1_210' title='bbox 1203 4499 1486 4605; x_wconf 68' lang='lat' dir='ltr'>palatium</span> <span class='ocrx_word' id='word_1_211' title='bbox 1505 4497 2173 4572; x_wconf 72' lang='lat' dir='ltr'>ponantur,ettriduanm</span> <span class='ocrx_word' id='word_1_212' title='bbox 2205 4539 2254 4605; x_wconf 72' lang='grc' dir='ltr'>Β</span> 
     </span>
    </p>
   </div>
   <div class='ocr_carea' id='block_1_49' title="bbox 525 4589 1820 4662">
    <p class='ocr_par' dir='ltr' id='par_1_49' title="bbox 525 4589 1820 4662">
     <span class='ocr_line' id='line_1_49' title="bbox 525 4589 1820 4662; baseline -0.011 -7"><span class='ocrx_word' id='word_1_213' title='bbox 525 4596 774 4656; x_wconf 69' lang='grc' dir='ltr'>ἱηᾱιιοὶω</span> <span class='ocrx_word' id='word_1_214' title='bbox 803 4595 923 4651; x_wconf 86' lang='lat' dir='ltr'>illis</span> <span class='ocrx_word' id='word_1_215' title='bbox 955 4593 1026 4650; x_wconf 90' lang='lat' dir='ltr'>ad</span> <span class='ocrx_word' id='word_1_216' title='bbox 1049 4589 1420 4648; x_wconf 89' lang='lat' dir='ltr'>tractandum</span> <span class='ocrx_word' id='word_1_217' title='bbox 1452 4589 1820 4662; x_wconf 80' lang='lat' dir='ltr'>praestentur.</span> 
     </span>
    </p>
   </div>
   <div class='ocr_carea' id='block_1_50' title="bbox 1201 4694 1506 4736">
    <p class='ocr_par' dir='ltr' id='par_1_50' title="bbox 1201 4694 1506 4736">
     <span class='ocr_line' id='line_1_50' title="bbox 1201 4694 1506 4736; baseline -0.013 0"><span class='ocrx_word' id='word_1_218' title='bbox 1201 4694 1506 4736; x_wconf 71' lang='lat' dir='ltr'>ANTIOCHUS.</span> 
     </span>
    </p>
   </div>
   <div class='ocr_carea' id='block_1_51' title="bbox 601 4762 2177 4842">
    <p class='ocr_par' dir='ltr' id='par_1_51' title="bbox 601 4762 2177 4842">
     <span class='ocr_line' id='line_1_51' title="bbox 601 4762 2177 4842; baseline -0.01 -10"><span class='ocrx_word' id='word_1_219' title='bbox 601 4775 912 4832; x_wconf 79' lang='lat' dir='ltr'>Observato</span> <span class='ocrx_word' id='word_1_220' title='bbox 971 4771 1135 4842; x_wconf 89' lang='lat' dir='ltr'>istas,</span> <span class='ocrx_word' id='word_1_221' title='bbox 1181 4786 1214 4825; x_wconf 94' lang='lat' dir='ltr'>o</span> <span class='ocrx_word' id='word_1_222' title='bbox 1261 4765 1500 4838; x_wconf 83' lang='lat' dir='ltr'>milites,</span> <span class='ocrx_word' id='word_1_223' title='bbox 1550 4765 1709 4822; x_wconf 92' lang='lat' dir='ltr'>omni</span> <span class='ocrx_word' id='word_1_224' title='bbox 1763 4762 2177 4829; x_wconf 88' lang='lat' dir='ltr'>sollicitudine,</span> 
     </span>
    </p>
   </div>
   <div class='ocr_carea' id='block_1_52' title="bbox 529 4853 2086 4935">
    <p class='ocr_par' dir='ltr' id='par_1_52' title="bbox 529 4853 2086 4935">
     <span class='ocr_line' id='line_1_52' title="bbox 529 4853 2086 4935; baseline -0.01 -12"><span class='ocrx_word' id='word_1_225' title='bbox 529 4863 874 4935; x_wconf 88' lang='lat' dir='ltr'>nullamque</span> <span class='ocrx_word' id='word_1_226' title='bbox 899 4859 1018 4917; x_wconf 87' lang='lat' dir='ltr'>illis</span> <span class='ocrx_word' id='word_1_227' title='bbox 1047 4857 1413 4916; x_wconf 90' lang='lat' dir='ltr'>occasionem</span> <span class='ocrx_word' id='word_1_228' title='bbox 1443 4853 1723 4912; x_wconf 89' lang='lat' dir='ltr'>evadendi</span> <span class='ocrx_word' id='word_1_229' title='bbox 1754 4853 2086 4926; x_wconf 86' lang='lat' dir='ltr'>relinquite.</span> 
     </span>
    </p>
   </div>
   <div class='ocr_carea' id='block_1_53' title="bbox 1172 4963 1540 5022">
    <p class='ocr_par' dir='ltr' id='par_1_53' title="bbox 1172 4963 1540 5022">
     <span class='ocr_line' id='line_1_53' title="bbox 1172 4963 1540 5022; baseline -0.014 1"><span class='ocrx_word' id='word_1_230' title='bbox 1172 4963 1401 5022; x_wconf 76' lang='lat' dir='ltr'><strong>SCENA</strong></span> <span class='ocrx_word' id='word_1_231' title='bbox 1449 4963 1540 5020; x_wconf 88' lang='lat' dir='ltr'>IV.</span> 
     </span>
    </p>
   </div>
   <div class='ocr_carea' id='block_1_54' title="bbox 1217 5070 1503 5110">
    <p class='ocr_par' dir='ltr' id='par_1_54' title="bbox 1217 5070 1503 5110">
     <span class='ocr_line' id='line_1_54' title="bbox 1217 5070 1503 5110; baseline -0.01 0"><span class='ocrx_word' id='word_1_232' title='bbox 1217 5070 1503 5110; x_wconf 74' lang='grc' dir='ltr'>ΒΑΡΙΕΝἸἸΔ.</span> 
     </span>
    </p>
   </div>
   <div class='ocr_carea' id='block_1_55' title="bbox 605 5139 2184 5214">
    <p class='ocr_par' dir='ltr' id='par_1_55' title="bbox 605 5139 2184 5214">
     <span class='ocr_line' id='line_1_55' title="bbox 605 5139 2184 5214; baseline -0.008 -8"><span class='ocrx_word' id='word_1_233' title='bbox 605 5149 650 5206; x_wconf 91' lang='grc' dir='ltr'>Ο</span> <span class='ocrx_word' id='word_1_234' title='bbox 679 5147 880 5206; x_wconf 89' lang='lat' dir='ltr'>dulces</span> <span class='ocrx_word' id='word_1_235' title='bbox 913 5145 1104 5203; x_wconf 75' lang='lat' dir='ltr'>ﬁliolae</span> <span class='ocrx_word' id='word_1_236' title='bbox 1141 5147 1200 5200; x_wconf 91' lang='lat' dir='ltr'>et</span> <span class='ocrx_word' id='word_1_237' title='bbox 1230 5143 1418 5198; x_wconf 71' lang='lat' dir='ltr'>chara:</span> <span class='ocrx_word' id='word_1_238' title='bbox 1476 5139 1736 5214; x_wconf 60' lang='lat' dir='ltr'>pusiola,</span> <span class='ocrx_word' id='word_1_239' title='bbox 1772 5139 1950 5197; x_wconf 84' lang='lat' dir='ltr'>nolite</span> <span class='ocrx_word' id='word_1_240' title='bbox 2008 5155 2184 5212; x_wconf 84' lang='lat' dir='ltr'>super</span> 
     </span>
    </p>
   </div>
   <div class='ocr_carea' id='block_1_56' title="bbox 534 5227 2181 5308">
    <p class='ocr_par' dir='ltr' id='par_1_56' title="bbox 534 5227 2181 5308">
     <span class='ocr_line' id='line_1_56' title="bbox 534 5227 2181 5308; baseline -0.009 -11"><span class='ocrx_word' id='word_1_241' title='bbox 534 5236 842 5297; x_wconf 85' lang='lat' dir='ltr'>carceralis</span> <span class='ocrx_word' id='word_1_242' title='bbox 871 5234 1147 5308; x_wconf 87' lang='lat' dir='ltr'>angustia</span> <span class='ocrx_word' id='word_1_243' title='bbox 1175 5230 1450 5290; x_wconf 63' lang='lat' dir='ltr'>custodiae</span> <span class='ocrx_word' id='word_1_244' title='bbox 1482 5229 1832 5298; x_wconf 89' lang='lat' dir='ltr'>contristari,</span> <span class='ocrx_word' id='word_1_245' title='bbox 1868 5227 2044 5286; x_wconf 90' lang='lat' dir='ltr'>nolite</span> <span class='ocrx_word' id='word_1_246' title='bbox 2073 5229 2181 5284; x_wconf 89' lang='lat' dir='ltr'>im-</span> 
     </span>
    </p>
   </div>
   <div class='ocr_carea' id='block_1_57' title="bbox 536 5321 1687 5398">
    <p class='ocr_par' dir='ltr' id='par_1_57' title="bbox 536 5321 1687 5398">
     <span class='ocr_line' id='line_1_57' title="bbox 536 5321 1687 5398; baseline -0.011 -12"><span class='ocrx_word' id='word_1_247' title='bbox 536 5327 886 5386; x_wconf 89' lang='lat' dir='ltr'>minentium</span> <span class='ocrx_word' id='word_1_248' title='bbox 917 5325 1096 5383; x_wconf 89' lang='lat' dir='ltr'>minis</span> <span class='ocrx_word' id='word_1_249' title='bbox 1127 5339 1432 5398; x_wconf 65' lang='lat' dir='ltr'>pinnarum</span> <span class='ocrx_word' id='word_1_250' title='bbox 1462 5321 1687 5378; x_wconf 88' lang='lat' dir='ltr'>terreri.</span> 
     </span>
    </p>
   </div>
   <div class='ocr_carea' id='block_1_58' title="bbox 1272 5426 1454 5469">
    <p class='ocr_par' dir='ltr' id='par_1_58' title="bbox 1272 5426 1454 5469">
     <span class='ocr_line' id='line_1_58' title="bbox 1272 5426 1454 5469; baseline -0.016 0"><span class='ocrx_word' id='word_1_251' title='bbox 1272 5426 1454 5469; x_wconf 73' lang='lat' dir='ltr'>FIDEB.</span> 
     </span>
    </p>
   </div>
   <div class='ocr_carea' id='block_1_59' title="bbox 611 5499 2187 5577">
    <p class='ocr_par' dir='ltr' id='par_1_59' title="bbox 611 5499 2187 5577">
     <span class='ocr_line' id='line_1_59' title="bbox 611 5499 2187 5577; baseline -0.006 -13"><span class='ocrx_word' id='word_1_252' title='bbox 611 5507 769 5564; x_wconf 87' lang='lat' dir='ltr'>Licet</span> <span class='ocrx_word' id='word_1_253' title='bbox 818 5503 1165 5577; x_wconf 90' lang='lat' dir='ltr'>corpuscula</span> <span class='ocrx_word' id='word_1_254' title='bbox 1221 5503 1534 5574; x_wconf 84' lang='lat' dir='ltr'>pavescant</span> <span class='ocrx_word' id='word_1_255' title='bbox 1572 5499 1644 5556; x_wconf 88' lang='lat' dir='ltr'>ad</span> <span class='ocrx_word' id='word_1_256' title='bbox 1675 5501 1985 5566; x_wconf 88' lang='lat' dir='ltr'>tormenta,</span> <span class='ocrx_word' id='word_1_257' title='bbox 2020 5514 2187 5555; x_wconf 90' lang='lat' dir='ltr'>mens</span> 
     </span>
    </p>
   </div>
   <div class='ocr_carea' id='block_1_60' title="bbox 540 5589 1350 5666">
    <p class='ocr_par' dir='ltr' id='par_1_60' title="bbox 540 5589 1350 5666">
     <span class='ocr_line' id='line_1_60' title="bbox 540 5589 1350 5666; baseline -0.01 -16"><span class='ocrx_word' id='word_1_258' title='bbox 540 5599 737 5654; x_wconf 84' lang='lat' dir='ltr'>tamen</span> <span class='ocrx_word' id='word_1_259' title='bbox 769 5593 962 5666; x_wconf 83' lang='lat' dir='ltr'>gliscit</span> <span class='ocrx_word' id='word_1_260' title='bbox 989 5593 1060 5648; x_wconf 91' lang='lat' dir='ltr'>ad</span> <span class='ocrx_word' id='word_1_261' title='bbox 1093 5589 1350 5663; x_wconf 67' lang='lat' dir='ltr'>praemia.</span> 
     </span>
    </p>
   </div>
   <div class='ocr_carea' id='block_1_61' title="bbox 1308 277 3124 350">
    <p class='ocr_par' dir='ltr' id='par_1_61' title="bbox 1308 277 3124 350">
     <span class='ocr_line' id='line_1_61' title="bbox 1308 277 3124 350; baseline -0.006 1"><span class='ocrx_word' id='word_1_262' title='bbox 1308 285 1858 350; x_wconf 68' lang='grc' dir='ltr'>ΗΒΟΤΞΕΙΤΗᾸΞ-</span> <span class='ocrx_word' id='word_1_263' title='bbox 1886 278 2260 344; x_wconf 81' lang='lat' dir='ltr'>MONlALlS</span> <span class='ocrx_word' id='word_1_264' title='bbox 2305 277 3124 342; x_wconf 81' lang='lat' dir='ltr'>GANDEHSHEIMENSIS.</span> 
     </span>
    </p>
   </div>
   <div class='ocr_carea' id='block_1_62' title="bbox 2179 415 2238 486">
    <p class='ocr_par' dir='ltr' id='par_1_62' title="bbox 2179 415 2238 486">
     <span class='ocr_line' id='line_1_62' title="bbox 2179 415 2238 486; baseline 0 -2"><span class='ocrx_word' id='word_1_265' title='bbox 2179 415 2238 486; x_wconf 82' lang='grc' dir='ltr'><strong>Α</strong></span> 
     </span>
    </p>
   </div>
   <div class='ocr_carea' id='block_1_63' title="bbox 3717 282 3828 343">
    <p class='ocr_par' dir='ltr' id='par_1_63' title="bbox 3717 282 3828 343">
     <span class='ocr_line' id='line_1_63' title="bbox 3717 282 3828 343; baseline 0.009 -1"><span class='ocrx_word' id='word_1_266' title='bbox 3717 282 3828 343; x_wconf 71' lang='grc'><strong>1052</strong></span> 
     </span>
    </p>
   </div>
   <div class='ocr_carea' id='block_1_64' title="bbox 2943 425 3232 468">
    <p class='ocr_par' dir='ltr' id='par_1_64' title="bbox 2943 425 3232 468">
     <span class='ocr_line' id='line_1_64' title="bbox 2943 425 3232 468; baseline -0.007 0"><span class='ocrx_word' id='word_1_267' title='bbox 2943 429 3001 468; x_wconf 71' lang='grc' dir='ltr'>ΘΔ</span> <span class='ocrx_word' id='word_1_268' title='bbox 3008 425 3232 468; x_wconf 72' lang='lat' dir='ltr'>MENTle</span> 
     </span>
    </p>
   </div>
   <div class='ocr_carea' id='block_1_65' title="bbox 2337 499 3828 560">
    <p class='ocr_par' dir='ltr' id='par_1_65' title="bbox 2337 499 3828 560">
     <span class='ocr_line' id='line_1_65' title="bbox 2337 499 3828 560; baseline 0.001 -2"><span class='ocrx_word' id='word_1_269' title='bbox 2337 501 2564 558; x_wconf 88' lang='lat' dir='ltr'>Vincite</span> <span class='ocrx_word' id='word_1_270' title='bbox 2595 500 2880 558; x_wconf 84' lang='lat' dir='ltr'>infantilis</span> <span class='ocrx_word' id='word_1_271' title='bbox 2906 499 3358 558; x_wconf 84' lang='lat' dir='ltr'>teneritudinem</span> <span class='ocrx_word' id='word_1_272' title='bbox 3417 499 3647 556; x_wconf 71' lang='lat' dir='ltr'>aetatulae</span> <span class='ocrx_word' id='word_1_273' title='bbox 3673 503 3828 560; x_wconf 78' lang='lat' dir='ltr'>maturi</span> 
     </span>
    </p>
   </div>
   <div class='ocr_carea' id='block_1_66' title="bbox 2269 591 2870 650">
    <p class='ocr_par' dir='ltr' id='par_1_66' title="bbox 2269 591 2870 650">
     <span class='ocr_line' id='line_1_66' title="bbox 2269 591 2870 650; baseline -0.003 0"><span class='ocrx_word' id='word_1_274' title='bbox 2269 609 2478 650; x_wconf 89' lang='lat' dir='ltr'>sensus</span> <span class='ocrx_word' id='word_1_275' title='bbox 2512 591 2870 648; x_wconf 80' lang='lat' dir='ltr'>fortitudine.</span> 
     </span>
    </p>
   </div>
   <div class='ocr_carea' id='block_1_67' title="bbox 3013 695 3168 736">
    <p class='ocr_par' dir='ltr' id='par_1_67' title="bbox 3013 695 3168 736">
     <span class='ocr_line' id='line_1_67' title="bbox 3013 695 3168 736; baseline -0.013 0"><span class='ocrx_word' id='word_1_276' title='bbox 3013 695 3168 736; x_wconf 71' lang='lat' dir='ltr'>SPES.</span> 
     </span>
    </p>
   </div>
   <div class='ocr_carea' id='block_1_68' title="bbox 2341 769 3832 842">
    <p class='ocr_par' dir='ltr' id='par_1_68' title="bbox 2341 769 3832 842">
     <span class='ocr_line' id='line_1_68' title="bbox 2341 769 3832 842; baseline 0 -14"><span class='ocrx_word' id='word_1_277' title='bbox 2341 773 2536 828; x_wconf 85' lang='lat' dir='ltr'>Tuum</span> <span class='ocrx_word' id='word_1_278' title='bbox 2567 775 2656 827; x_wconf 91' lang='lat' dir='ltr'>est</span> <span class='ocrx_word' id='word_1_279' title='bbox 2683 787 2790 828; x_wconf 90' lang='lat' dir='ltr'>nos</span> <span class='ocrx_word' id='word_1_280' title='bbox 2838 769 3110 842; x_wconf 89' lang='lat' dir='ltr'>precibus</span> <span class='ocrx_word' id='word_1_281' title='bbox 3169 769 3465 840; x_wconf 89' lang='lat' dir='ltr'>adjuvare,</span> <span class='ocrx_word' id='word_1_282' title='bbox 3498 775 3561 825; x_wconf 92' lang='lat' dir='ltr'>ut</span> <span class='ocrx_word' id='word_1_283' title='bbox 3611 770 3832 842; x_wconf 85' lang='lat' dir='ltr'>possimus</span> 
     </span>
    </p>
   </div>
   <div class='ocr_carea' id='block_1_69' title="bbox 2267 861 2514 918">
    <p class='ocr_par' dir='ltr' id='par_1_69' title="bbox 2267 861 2514 918">
     <span class='ocr_line' id='line_1_69' title="bbox 2267 861 2514 918; baseline 0 0"><span class='ocrx_word' id='word_1_284' title='bbox 2267 861 2514 918; x_wconf 87' lang='lat' dir='ltr'>vincere.</span> 
     </span>
    </p>
   </div>
   <div class='ocr_carea' id='block_1_70' title="bbox 2948 947 3234 987">
    <p class='ocr_par' dir='ltr' id='par_1_70' title="bbox 2948 947 3234 987">
     <span class='ocr_line' id='line_1_70' title="bbox 2948 947 3234 987; baseline -0.01 0"><span class='ocrx_word' id='word_1_285' title='bbox 2948 947 3234 987; x_wconf 69' lang='lat' dir='ltr'>SAPlEN‘l‘lA.</span> 
     </span>
    </p>
   </div>
   <div class='ocr_carea' id='block_1_71' title="bbox 2340 1017 3836 1091">
    <p class='ocr_par' dir='ltr' id='par_1_71' title="bbox 2340 1017 3836 1091">
     <span class='ocr_line' id='line_1_71' title="bbox 2340 1017 3836 1091; baseline -0.002 -13"><span class='ocrx_word' id='word_1_286' title='bbox 2340 1023 2456 1078; x_wconf 82' lang='lat' dir='ltr'>Iioc</span> <span class='ocrx_word' id='word_1_287' title='bbox 2493 1022 2890 1078; x_wconf 83' lang='lat' dir='ltr'>indesinenter</span> <span class='ocrx_word' id='word_1_288' title='bbox 2919 1037 3110 1087; x_wconf 88' lang='lat' dir='ltr'>exoro,</span> <span class='ocrx_word' id='word_1_289' title='bbox 3145 1020 3256 1074; x_wconf 85' lang='lat' dir='ltr'>hoc</span> <span class='ocrx_word' id='word_1_290' title='bbox 3303 1017 3573 1091; x_wconf 78' lang='lat' dir='ltr'>efﬂagito,</span> <span class='ocrx_word' id='word_1_291' title='bbox 3604 1022 3660 1073; x_wconf 86' lang='lat' dir='ltr'>ut</span> <span class='ocrx_word' id='word_1_292' title='bbox 3698 1036 3836 1090; x_wconf 81' lang='lat' dir='ltr'>perse-</span> 
     </span>
    </p>
   </div>
   <div class='ocr_carea' id='block_1_72' title="bbox 2266 1107 3836 1183">
    <p class='ocr_par' dir='ltr' id='par_1_72' title="bbox 2266 1107 3836 1183">
     <span class='ocr_line' id='line_1_72' title="bbox 2266 1107 3836 1183; baseline -0.001 -16"><span class='ocrx_word' id='word_1_293' title='bbox 2266 1113 2480 1168; x_wconf 88' lang='lat' dir='ltr'>veretis</span> <span class='ocrx_word' id='word_1_294' title='bbox 2509 1111 2568 1167; x_wconf 91' lang='lat' dir='ltr'>in</span> <span class='ocrx_word' id='word_1_295' title='bbox 2601 1112 2714 1166; x_wconf 84' lang='lat' dir='ltr'>ﬁde</span> <span class='ocrx_word' id='word_1_296' title='bbox 2744 1126 2921 1183; x_wconf 89' lang='lat' dir='ltr'>quam</span> <span class='ocrx_word' id='word_1_297' title='bbox 2951 1109 3105 1165; x_wconf 90' lang='lat' dir='ltr'>inter</span> <span class='ocrx_word' id='word_1_298' title='bbox 3156 1109 3285 1180; x_wconf 89' lang='lat' dir='ltr'>ipsa</span> <span class='ocrx_word' id='word_1_299' title='bbox 3336 1107 3643 1181; x_wconf 86' lang='lat' dir='ltr'>crepundia</span> <span class='ocrx_word' id='word_1_300' title='bbox 3686 1108 3836 1166; x_wconf 80' lang='lat' dir='ltr'>vestris</span> 
     </span>
    </p>
   </div>
   <div class='ocr_carea' id='block_1_73' title="bbox 2269 1197 3408 1258">
    <p class='ocr_par' dir='ltr' id='par_1_73' title="bbox 2269 1197 3408 1258">
     <span class='ocr_line' id='line_1_73' title="bbox 2269 1197 3408 1258; baseline -0.005 0"><span class='ocrx_word' id='word_1_301' title='bbox 2269 1201 2542 1258; x_wconf 86' lang='lat' dir='ltr'>sensibus</span> <span class='ocrx_word' id='word_1_302' title='bbox 2573 1217 2688 1258; x_wconf 90' lang='lat' dir='ltr'>non</span> <span class='ocrx_word' id='word_1_303' title='bbox 2719 1199 3071 1257; x_wconf 88' lang='lat' dir='ltr'>desistebam</span> <span class='ocrx_word' id='word_1_304' title='bbox 3103 1197 3408 1255; x_wconf 89' lang='lat' dir='ltr'>instillare.</span> 
     </span>
    </p>
   </div>
   <div class='ocr_carea' id='block_1_74' title="bbox 2958 1303 3229 1345">
    <p class='ocr_par' dir='ltr' id='par_1_74' title="bbox 2958 1303 3229 1345">
     <span class='ocr_line' id='line_1_74' title="bbox 2958 1303 3229 1345; baseline 0 -1"><span class='ocrx_word' id='word_1_305' title='bbox 2958 1303 3229 1345; x_wconf 72' lang='grc' dir='ltr'>ειιΔιυΤΑο.</span> 
     </span>
    </p>
   </div>
   <div class='ocr_carea' id='block_1_75' title="bbox 2340 1373 3842 1451">
    <p class='ocr_par' dir='ltr' id='par_1_75' title="bbox 2340 1373 3842 1451">
     <span class='ocr_line' id='line_1_75' title="bbox 2340 1373 3842 1451; baseline -0.004 -15"><span class='ocrx_word' id='word_1_306' title='bbox 2340 1380 2503 1446; x_wconf 87' lang='lat' dir='ltr'>Quod</span> <span class='ocrx_word' id='word_1_307' title='bbox 2534 1381 2810 1451; x_wconf 88' lang='lat' dir='ltr'>sugentes</span> <span class='ocrx_word' id='word_1_308' title='bbox 2843 1376 3024 1433; x_wconf 85' lang='lat' dir='ltr'>ubera</span> <span class='ocrx_word' id='word_1_309' title='bbox 3040 1376 3100 1430; x_wconf 91' lang='lat' dir='ltr'>in</span> <span class='ocrx_word' id='word_1_310' title='bbox 3124 1375 3436 1432; x_wconf 90' lang='lat' dir='ltr'>cunabulis</span> <span class='ocrx_word' id='word_1_311' title='bbox 3466 1373 3842 1431; x_wconf 84' lang='lat' dir='ltr'>didicimusnul—</span> 
     </span>
    </p>
   </div>
   <div class='ocr_carea' id='block_1_76' title="bbox 2267 1464 3150 1538">
    <p class='ocr_par' dir='ltr' id='par_1_76' title="bbox 2267 1464 3150 1538">
     <span class='ocr_line' id='line_1_76' title="bbox 2267 1464 3150 1538; baseline -0.007 -12"><span class='ocrx_word' id='word_1_312' title='bbox 2267 1469 2500 1526; x_wconf 89' lang='lat' dir='ltr'>latenus</span> <span class='ocrx_word' id='word_1_313' title='bbox 2531 1466 2794 1524; x_wconf 79' lang='lat' dir='ltr'>oblivisci</span> <span class='ocrx_word' id='word_1_314' title='bbox 2826 1464 3150 1538; x_wconf 90' lang='lat' dir='ltr'>quibimus.</span> 
     </span>
    </p>
   </div>
   <div class='ocr_carea' id='block_1_77' title="bbox 2958 1571 3248 1611">
    <p class='ocr_par' dir='ltr' id='par_1_77' title="bbox 2958 1571 3248 1611">
     <span class='ocr_line' id='line_1_77' title="bbox 2958 1571 3248 1611; baseline -0.003 0"><span class='ocrx_word' id='word_1_315' title='bbox 2958 1571 3248 1611; x_wconf 73' lang='lat' dir='ltr'>SAPIENTIA.</span> 
     </span>
    </p>
   </div>
   <div class='ocr_carea' id='block_1_78' title="bbox 2340 1639 3839 1706">
    <p class='ocr_par' dir='ltr' id='par_1_78' title="bbox 2340 1639 3839 1706">
     <span class='ocr_line' id='line_1_78' title="bbox 2340 1639 3839 1706; baseline -0.007 -2"><span class='ocrx_word' id='word_1_316' title='bbox 2340 1647 2424 1704; x_wconf 81' lang='lat' dir='ltr'>Ad</span> <span class='ocrx_word' id='word_1_317' title='bbox 2451 1647 2561 1704; x_wconf 85' lang='lat' dir='ltr'>hoc</span> <span class='ocrx_word' id='word_1_318' title='bbox 2590 1662 2691 1702; x_wconf 90' lang='lat' dir='ltr'>vos</span> <span class='ocrx_word' id='word_1_319' title='bbox 2721 1648 2987 1701; x_wconf 88' lang='lat' dir='ltr'>materno</span> <span class='ocrx_word' id='word_1_320' title='bbox 3017 1643 3170 1699; x_wconf 88' lang='lat' dir='ltr'>lacte</span> <span class='ocrx_word' id='word_1_321' title='bbox 3201 1642 3512 1699; x_wconf 85' lang='lat' dir='ltr'>afﬂuenter</span> <span class='ocrx_word' id='word_1_322' title='bbox 3536 1639 3663 1706; x_wconf 87' lang='lat' dir='ltr'>alui,</span> <span class='ocrx_word' id='word_1_323' title='bbox 3689 1639 3746 1695; x_wconf 89' lang='lat' dir='ltr'>ad</span> <span class='ocrx_word' id='word_1_324' title='bbox 3767 1639 3839 1694; x_wconf 89' lang='lat' dir='ltr'>hoc</span> 
     </span>
    </p>
   </div>
   <div class='ocr_carea' id='block_1_79' title="bbox 2268 1732 3836 1802">
    <p class='ocr_par' dir='ltr' id='par_1_79' title="bbox 2268 1732 3836 1802">
     <span class='ocr_line' id='line_1_79' title="bbox 2268 1732 3836 1802; baseline -0.005 -10"><span class='ocrx_word' id='word_1_325' title='bbox 2268 1737 2518 1792; x_wconf 89' lang='lat' dir='ltr'>delicate</span> <span class='ocrx_word' id='word_1_326' title='bbox 2548 1735 2789 1800; x_wconf 89' lang='lat' dir='ltr'>nutrivi,</span> <span class='ocrx_word' id='word_1_327' title='bbox 2822 1740 2889 1790; x_wconf 90' lang='lat' dir='ltr'>ut</span> <span class='ocrx_word' id='word_1_328' title='bbox 2915 1750 3016 1790; x_wconf 88' lang='lat' dir='ltr'>vos</span> <span class='ocrx_word' id='word_1_329' title='bbox 3047 1732 3268 1789; x_wconf 70' lang='lat' dir='ltr'>cmlesti</span> <span class='ocrx_word' id='word_1_330' title='bbox 3301 1749 3420 1788; x_wconf 87' lang='lat' dir='ltr'>non</span> <span class='ocrx_word' id='word_1_331' title='bbox 3453 1736 3663 1788; x_wconf 86' lang='lat' dir='ltr'>terreno</span> <span class='ocrx_word' id='word_1_332' title='bbox 3684 1746 3836 1802; x_wconf 83' lang='lat' dir='ltr'>sponso</span> 
     </span>
    </p>
   </div>
   <div class='ocr_carea' id='block_1_80' title="bbox 2271 1817 3836 1897">
    <p class='ocr_par' dir='ltr' id='par_1_80' title="bbox 2271 1817 3836 1897">
     <span class='ocr_line' id='line_1_80' title="bbox 2271 1817 3836 1897; baseline -0.006 -15"><span class='ocrx_word' id='word_1_333' title='bbox 2271 1827 2586 1892; x_wconf 89' lang='lat' dir='ltr'>traderem,</span> <span class='ocrx_word' id='word_1_334' title='bbox 2607 1842 2722 1897; x_wconf 90' lang='lat' dir='ltr'>quo</span> <span class='ocrx_word' id='word_1_335' title='bbox 2751 1823 2928 1880; x_wconf 89' lang='lat' dir='ltr'>vestri</span> <span class='ocrx_word' id='word_1_336' title='bbox 2959 1838 3138 1880; x_wconf 86' lang='lat' dir='ltr'>causa</span> <span class='ocrx_word' id='word_1_337' title='bbox 3167 1838 3374 1878; x_wconf 89' lang='lat' dir='ltr'>socrus</span> <span class='ocrx_word' id='word_1_338' title='bbox 3403 1819 3593 1876; x_wconf 66' lang='lat' dir='ltr'>aeterni</span> <span class='ocrx_word' id='word_1_339' title='bbox 3620 1818 3747 1892; x_wconf 85' lang='lat' dir='ltr'>regis</span> <span class='ocrx_word' id='word_1_340' title='bbox 3761 1817 3836 1873; x_wconf 82' lang='lat' dir='ltr'>dici</span> 
     </span>
    </p>
   </div>
   <div class='ocr_carea' id='block_1_81' title="bbox 2271 1915 2642 1972">
    <p class='ocr_par' dir='ltr' id='par_1_81' title="bbox 2271 1915 2642 1972">
     <span class='ocr_line' id='line_1_81' title="bbox 2271 1915 2642 1972; baseline -0.005 0"><span class='ocrx_word' id='word_1_341' title='bbox 2271 1915 2642 1972; x_wconf 86' lang='lat' dir='ltr'>meruissem.</span> 
     </span>
    </p>
   </div>
   <div class='ocr_carea' id='block_1_82' title="bbox 3012 1999 3184 2040">
    <p class='ocr_par' dir='ltr' id='par_1_82' title="bbox 3012 1999 3184 2040">
     <span class='ocr_line' id='line_1_82' title="bbox 3012 1999 3184 2040; baseline -0.012 0"><span class='ocrx_word' id='word_1_342' title='bbox 3012 1999 3184 2040; x_wconf 76' lang='lat' dir='ltr'>FIDES.</span> 
     </span>
    </p>
   </div>
   <div class='ocr_carea' id='block_1_83' title="bbox 2343 2065 3835 2148">
    <p class='ocr_par' dir='ltr' id='par_1_83' title="bbox 2343 2065 3835 2148">
     <span class='ocr_line' id='line_1_83' title="bbox 2343 2065 3835 2148; baseline -0.008 -15"><span class='ocrx_word' id='word_1_343' title='bbox 2343 2077 2450 2134; x_wconf 85' lang='lat' dir='ltr'>Pro</span> <span class='ocrx_word' id='word_1_344' title='bbox 2479 2075 2668 2148; x_wconf 88' lang='lat' dir='ltr'>ipsins</span> <span class='ocrx_word' id='word_1_345' title='bbox 2716 2091 2910 2131; x_wconf 86' lang='lat' dir='ltr'>amore</span> <span class='ocrx_word' id='word_1_346' title='bbox 2959 2073 3160 2146; x_wconf 88' lang='lat' dir='ltr'>sponsi</span> <span class='ocrx_word' id='word_1_347' title='bbox 3193 2071 3474 2145; x_wconf 75' lang='lat' dir='ltr'>prompta:</span> <span class='ocrx_word' id='word_1_348' title='bbox 3505 2085 3694 2126; x_wconf 89' lang='lat' dir='ltr'>sumus</span> <span class='ocrx_word' id='word_1_349' title='bbox 3720 2065 3835 2122; x_wconf 82' lang='lat' dir='ltr'>mori.</span> 
     </span>
    </p>
   </div>
   <div class='ocr_carea' id='block_1_84' title="bbox 2959 2177 3246 2218">
    <p class='ocr_par' dir='ltr' id='par_1_84' title="bbox 2959 2177 3246 2218">
     <span class='ocr_line' id='line_1_84' title="bbox 2959 2177 3246 2218; baseline 0 0"><span class='ocrx_word' id='word_1_350' title='bbox 2959 2177 3246 2218; x_wconf 68' lang='lat' dir='ltr'>SAPIEN’I‘IA.</span> 
     </span>
    </p>
   </div>
   <div class='ocr_carea' id='block_1_85' title="bbox 2345 2247 3837 2320">
    <p class='ocr_par' dir='ltr' id='par_1_85' title="bbox 2345 2247 3837 2320">
     <span class='ocr_line' id='line_1_85' title="bbox 2345 2247 3837 2320; baseline -0.009 -8"><span class='ocrx_word' id='word_1_351' title='bbox 2345 2254 2610 2312; x_wconf 87' lang='lat' dir='ltr'>Delector</span> <span class='ocrx_word' id='word_1_352' title='bbox 2635 2269 2704 2308; x_wconf 85' lang='lat' dir='ltr'>ex</span> <span class='ocrx_word' id='word_1_353' title='bbox 2729 2255 2922 2309; x_wconf 87' lang='lat' dir='ltr'>vestra</span> <span class='ocrx_word' id='word_1_354' title='bbox 2969 2251 3216 2320; x_wconf 89' lang='lat' dir='ltr'>ratione,</span> <span class='ocrx_word' id='word_1_355' title='bbox 3247 2267 3282 2306; x_wconf 94' lang='lat' dir='ltr'>o</span> <span class='ocrx_word' id='word_1_356' title='bbox 3313 2247 3470 2314; x_wconf 74' lang='lat' dir='ltr'>filim,</span> <span class='ocrx_word' id='word_1_357' title='bbox 3502 2247 3674 2320; x_wconf 87' lang='lat' dir='ltr'>magis</span> <span class='ocrx_word' id='word_1_358' title='bbox 3718 2259 3837 2317; x_wconf 73' lang='lat' dir='ltr'>quam</span> 
     </span>
    </p>
   </div>
   <div class='ocr_carea' id='block_1_86' title="bbox 2273 2341 3299 2416">
    <p class='ocr_par' dir='ltr' id='par_1_86' title="bbox 2273 2341 3299 2416">
     <span class='ocr_line' id='line_1_86' title="bbox 2273 2341 3299 2416; baseline -0.008 -14"><span class='ocrx_word' id='word_1_359' title='bbox 2273 2350 2553 2402; x_wconf 68' lang='lat' dir='ltr'>nectareis</span> <span class='ocrx_word' id='word_1_360' title='bbox 2585 2342 2912 2401; x_wconf 89' lang='lat' dir='ltr'>dulcedinis</span> <span class='ocrx_word' id='word_1_361' title='bbox 2939 2341 3299 2416; x_wconf 87' lang='lat' dir='ltr'>gustamine.</span> 
     </span>
    </p>
   </div>
   <div class='ocr_carea' id='block_1_87' title="bbox 3021 2445 3170 2487">
    <p class='ocr_par' dir='ltr' id='par_1_87' title="bbox 3021 2445 3170 2487">
     <span class='ocr_line' id='line_1_87' title="bbox 3021 2445 3170 2487; baseline -0.02 0"><span class='ocrx_word' id='word_1_362' title='bbox 3021 2445 3149 2487; x_wconf 72' lang='lat' dir='ltr'>SPES</span> <span class='ocrx_word' id='word_1_363' title='bbox 3158 2471 3170 2484; x_wconf 85' lang='lat'>.</span> 
     </span>
    </p>
   </div>
   <div class='ocr_carea' id='block_1_88' title="bbox 2345 2511 3838 2590">
    <p class='ocr_par' dir='ltr' id='par_1_88' title="bbox 2345 2511 3838 2590">
     <span class='ocr_line' id='line_1_88' title="bbox 2345 2511 3838 2590; baseline -0.011 -10"><span class='ocrx_word' id='word_1_364' title='bbox 2345 2523 2636 2581; x_wconf 64' lang='lat' dir='ltr'>Praemitte</span> <span class='ocrx_word' id='word_1_365' title='bbox 2667 2538 2773 2577; x_wconf 90' lang='lat' dir='ltr'>nos</span> <span class='ocrx_word' id='word_1_366' title='bbox 2804 2523 2938 2577; x_wconf 90' lang='lat' dir='ltr'>ante</span> <span class='ocrx_word' id='word_1_367' title='bbox 2965 2518 3226 2576; x_wconf 90' lang='lat' dir='ltr'>tribunal</span> <span class='ocrx_word' id='word_1_368' title='bbox 3256 2516 3500 2590; x_wconf 88' lang='lat' dir='ltr'>judicis,</span> <span class='ocrx_word' id='word_1_369' title='bbox 3529 2518 3583 2572; x_wconf 85' lang='lat' dir='ltr'>et</span> <span class='ocrx_word' id='word_1_370' title='bbox 3607 2511 3838 2586; x_wconf 72' lang='lat' dir='ltr'>eXpei-ieris</span> 
     </span>
    </p>
   </div>
   <div class='ocr_carea' id='block_1_89' title="bbox 2273 2601 3763 2688">
    <p class='ocr_par' dir='ltr' id='par_1_89' title="bbox 2273 2601 3763 2688">
     <span class='ocr_line' id='line_1_89' title="bbox 2273 2601 3763 2688; baseline -0.011 -18"><span class='ocrx_word' id='word_1_371' title='bbox 2273 2617 2560 2688; x_wconf 89' lang='lat' dir='ltr'>quantum</span> <span class='ocrx_word' id='word_1_372' title='bbox 2592 2612 2722 2682; x_wconf 89' lang='lat' dir='ltr'>ejus</span> <span class='ocrx_word' id='word_1_373' title='bbox 2752 2625 2917 2668; x_wconf 88' lang='lat' dir='ltr'>amor</span> <span class='ocrx_word' id='word_1_374' title='bbox 2943 2606 3112 2664; x_wconf 87' lang='lat' dir='ltr'>nobis</span> <span class='ocrx_word' id='word_1_375' title='bbox 3145 2607 3415 2664; x_wconf 86' lang='lat' dir='ltr'>attulerit</span> <span class='ocrx_word' id='word_1_376' title='bbox 3442 2601 3763 2662; x_wconf 85' lang='lat' dir='ltr'>temeritatis.</span> 
     </span>
    </p>
   </div>
   <div class='ocr_carea' id='block_1_90' title="bbox 2941 2711 3264 2756">
    <p class='ocr_par' dir='ltr' id='par_1_90' title="bbox 2941 2711 3264 2756">
     <span class='ocr_line' id='line_1_90' title="bbox 2941 2711 3264 2756; baseline -0.003 -2"><span class='ocrx_word' id='word_1_377' title='bbox 2941 2711 3241 2756; x_wconf 68' lang='lat' dir='ltr'>SAPIEITIA</span> <span class='ocrx_word' id='word_1_378' title='bbox 3252 2740 3264 2753; x_wconf 90' lang='lat'>.</span> 
     </span>
    </p>
   </div>
   <div class='ocr_carea' id='block_1_91' title="bbox 2345 2780 3838 2862">
    <p class='ocr_par' dir='ltr' id='par_1_91' title="bbox 2345 2780 3838 2862">
     <span class='ocr_line' id='line_1_91' title="bbox 2345 2780 3838 2862; baseline -0.013 -14"><span class='ocrx_word' id='word_1_379' title='bbox 2345 2793 2462 2849; x_wconf 86' lang='lat' dir='ltr'>Hoc</span> <span class='ocrx_word' id='word_1_380' title='bbox 2493 2793 2698 2862; x_wconf 82' lang='lat' dir='ltr'>exopto</span> <span class='ocrx_word' id='word_1_381' title='bbox 2729 2791 2794 2844; x_wconf 87' lang='lat' dir='ltr'>ut</span> <span class='ocrx_word' id='word_1_382' title='bbox 2821 2790 3014 2843; x_wconf 89' lang='lat' dir='ltr'>vestra</span> <span class='ocrx_word' id='word_1_383' title='bbox 3054 2785 3394 2858; x_wconf 83' lang='lat' dir='ltr'>virginitate</span> <span class='ocrx_word' id='word_1_384' title='bbox 3449 2795 3683 2846; x_wconf 88' lang='lat' dir='ltr'>coroner,</span> <span class='ocrx_word' id='word_1_385' title='bbox 3709 2780 3760 2834; x_wconf 84' lang='lat' dir='ltr'>ut</span> <span class='ocrx_word' id='word_1_386' title='bbox 3778 2789 3838 2828; x_wconf 80' lang='lat' dir='ltr'>ve-</span> 
     </span>
    </p>
   </div>
   <div class='ocr_carea' id='block_1_92' title="bbox 2275 2876 3042 2951">
    <p class='ocr_par' dir='ltr' id='par_1_92' title="bbox 2275 2876 3042 2951">
     <span class='ocr_line' id='line_1_92' title="bbox 2275 2876 3042 2951; baseline -0.012 -12"><span class='ocrx_word' id='word_1_387' title='bbox 2275 2887 2395 2939; x_wconf 91' lang='lat' dir='ltr'>stro</span> <span class='ocrx_word' id='word_1_388' title='bbox 2425 2876 2706 2951; x_wconf 85' lang='lat' dir='ltr'>martyrio</span> <span class='ocrx_word' id='word_1_389' title='bbox 2737 2876 3042 2950; x_wconf 81' lang='lat' dir='ltr'>gloriﬁcer.</span> 
     </span>
    </p>
   </div>
   <div class='ocr_carea' id='block_1_93' title="bbox 2960 2981 3230 3021">
    <p class='ocr_par' dir='ltr' id='par_1_93' title="bbox 2960 2981 3230 3021">
     <span class='ocr_line' id='line_1_93' title="bbox 2960 2981 3230 3021; baseline -0.011 0"><span class='ocrx_word' id='word_1_390' title='bbox 2960 2981 3230 3021; x_wconf 73' lang='lat' dir='ltr'>CHARITAS.</span> 
     </span>
    </p>
   </div>
   <div class='ocr_carea' id='block_1_94' title="bbox 2345 3037 3836 3128">
    <p class='ocr_par' dir='ltr' id='par_1_94' title="bbox 2345 3037 3836 3128">
     <span class='ocr_line' id='line_1_94' title="bbox 2345 3037 3836 3128; baseline -0.013 -13"><span class='ocrx_word' id='word_1_391' title='bbox 2345 3057 2642 3116; x_wconf 87' lang='lat' dir='ltr'>Consertis</span> <span class='ocrx_word' id='word_1_392' title='bbox 2669 3053 2946 3128; x_wconf 87' lang='lat' dir='ltr'>palmulis</span> <span class='ocrx_word' id='word_1_393' title='bbox 2976 3053 3422 3118; x_wconf 87' lang='lat' dir='ltr'>incedamus,et</span> <span class='ocrx_word' id='word_1_394' title='bbox 3448 3048 3655 3108; x_wconf 85' lang='lat' dir='ltr'>vultum</span> <span class='ocrx_word' id='word_1_395' title='bbox 3671 3037 3836 3118; x_wconf 75' lang='lat' dir='ltr'>tyranni</span> 
     </span>
    </p>
   </div>
   <div class='ocr_carea' id='block_1_95' title="bbox 2197 3147 2728 3234">
    <p class='ocr_par' dir='ltr' id='par_1_95' title="bbox 2197 3147 2728 3234">
     <span class='ocr_line' id='line_1_95' title="bbox 2197 3147 2728 3234; baseline -0.015 -27"><span class='ocrx_word' id='word_1_396' title='bbox 2197 3166 2240 3234; x_wconf 69' lang='grc' dir='ltr'><strong>ρ</strong></span> <span class='ocrx_word' id='word_1_397' title='bbox 2277 3147 2728 3206; x_wconf 83' lang='lat' dir='ltr'>confundamus.</span> 
     </span>
    </p>
   </div>
   <div class='ocr_carea' id='block_1_96' title="bbox 2943 3227 3258 3273">
    <p class='ocr_par' dir='ltr' id='par_1_96' title="bbox 2943 3227 3258 3273">
     <span class='ocr_line' id='line_1_96' title="bbox 2943 3227 3258 3273; baseline -0.013 0"><span class='ocrx_word' id='word_1_398' title='bbox 2943 3227 3258 3273; x_wconf 70' lang='lat' dir='ltr'>SAPIENTIA.</span> 
     </span>
    </p>
   </div>
   <div class='ocr_carea' id='block_1_97' title="bbox 2346 3227 3835 3380">
    <p class='ocr_par' dir='ltr' id='par_1_97' title="bbox 2346 3227 3835 3380">
     <span class='ocr_line' id='line_1_97' title="bbox 2943 3227 3258 3273; baseline -0.013 0"><span class='ocrx_word' id='word_1_399' title='bbox 2943 3227 3258 3273; x_wconf 73' lang='lat' dir='ltr'>SAPIBN&#39;I‘IA.</span> 
     </span>
     <span class='ocr_line' id='line_1_98' title="bbox 2346 3293 3835 3380; baseline -0.013 -14"><span class='ocrx_word' id='word_1_400' title='bbox 2346 3309 2688 3380; x_wconf 84' lang='lat' dir='ltr'>Exspectate</span> <span class='ocrx_word' id='word_1_401' title='bbox 2746 3305 2929 3362; x_wconf 89' lang='lat' dir='ltr'>donec</span> <span class='ocrx_word' id='word_1_402' title='bbox 2959 3305 3142 3361; x_wconf 89' lang='lat' dir='ltr'>instet</span> <span class='ocrx_word' id='word_1_403' title='bbox 3171 3303 3319 3360; x_wconf 89' lang='lat' dir='ltr'>hora</span> <span class='ocrx_word' id='word_1_404' title='bbox 3350 3295 3648 3358; x_wconf 84' lang='lat' dir='ltr'>vocationis</span> <span class='ocrx_word' id='word_1_405' title='bbox 3672 3293 3835 3349; x_wconf 72' lang='lat' dir='ltr'>nostra</span> 
     </span>
    </p>
   </div>
   <div class='ocr_carea' id='block_1_98' title="bbox 3013 3408 3186 3450">
    <p class='ocr_par' dir='ltr' id='par_1_98' title="bbox 3013 3408 3186 3450">
     <span class='ocr_line' id='line_1_99' title="bbox 3013 3408 3186 3450; baseline -0.012 -2"><span class='ocrx_word' id='word_1_406' title='bbox 3013 3408 3186 3450; x_wconf 77' lang='lat' dir='ltr'>FIDES.</span> 
     </span>
    </p>
   </div>
   <div class='ocr_carea' id='block_1_99' title="bbox 2349 3467 3836 3550">
    <p class='ocr_par' dir='ltr' id='par_1_99' title="bbox 2349 3467 3836 3550">
     <span class='ocr_line' id='line_1_100' title="bbox 2349 3467 3836 3550; baseline -0.01 -7"><span class='ocrx_word' id='word_1_407' title='bbox 2349 3486 2544 3543; x_wconf 71' lang='lat' dir='ltr'>Tisdet</span> <span class='ocrx_word' id='word_1_408' title='bbox 2572 3499 2680 3542; x_wconf 90' lang='lat' dir='ltr'>nos</span> <span class='ocrx_word' id='word_1_409' title='bbox 2708 3497 3032 3550; x_wconf 85' lang='lat' dir='ltr'>morarum,</span> <span class='ocrx_word' id='word_1_410' title='bbox 3063 3485 3262 3538; x_wconf 77' lang='lat' dir='ltr'>tamen</span> <span class='ocrx_word' id='word_1_411' title='bbox 3311 3482 3410 3537; x_wconf 88' lang='lat' dir='ltr'>est</span> <span class='ocrx_word' id='word_1_412' title='bbox 3453 3467 3836 3548; x_wconf 70' lang='lat' dir='ltr'>exspectanda!!!-</span> 
     </span>
    </p>
   </div>
   <div class='ocr_carea' id='block_1_100' title="bbox 2917 3587 3250 3646">
    <p class='ocr_par' dir='ltr' id='par_1_100' title="bbox 2917 3587 3250 3646">
     <span class='ocr_line' id='line_1_101' title="bbox 2917 3587 3250 3646; baseline -0.009 -1"><span class='ocrx_word' id='word_1_413' title='bbox 2917 3587 3146 3646; x_wconf 81' lang='lat' dir='ltr'>SCENA</span> <span class='ocrx_word' id='word_1_414' title='bbox 3181 3587 3250 3642; x_wconf 90' lang='lat' dir='ltr'>V.</span> 
     </span>
    </p>
   </div>
   <div class='ocr_carea' id='block_1_101' title="bbox 2966 3690 3833 3754">
    <p class='ocr_par' dir='ltr' id='par_1_101' title="bbox 2966 3690 3833 3754">
     <span class='ocr_line' id='line_1_102' title="bbox 2966 3690 3833 3754; baseline -0.01 -20"><span class='ocrx_word' id='word_1_415' title='bbox 2966 3690 3244 3734; x_wconf 70' lang='lat' dir='ltr'>ADRIANUS.</span> <span class='ocrx_word' id='word_1_416' title='bbox 3826 3747 3833 3754; x_wconf 37' lang='grc' dir='ltr'>ι</span> 
     </span>
    </p>
   </div>
   <div class='ocr_carea' id='block_1_102' title="bbox 2349 3754 3834 3840">
    <p class='ocr_par' dir='ltr' id='par_1_102' title="bbox 2349 3754 3834 3840">
     <span class='ocr_line' id='line_1_103' title="bbox 2349 3754 3834 3840; baseline -0.012 -12"><span class='ocrx_word' id='word_1_417' title='bbox 2349 3769 2808 3840; x_wconf 86' lang='lat' dir='ltr'>Antioche,jube</span> <span class='ocrx_word' id='word_1_418' title='bbox 2838 3765 2972 3824; x_wconf 90' lang='lat' dir='ltr'>illas</span> <span class='ocrx_word' id='word_1_419' title='bbox 3001 3764 3293 3824; x_wconf 78' lang='lat' dir='ltr'>Graeculas</span> <span class='ocrx_word' id='word_1_420' title='bbox 3325 3762 3496 3822; x_wconf 91' lang='lat' dir='ltr'>nobis</span> <span class='ocrx_word' id='word_1_421' title='bbox 3523 3754 3834 3831; x_wconf 65' lang='lat' dir='ltr'>repraesentari</span> 
     </span>
    </p>
   </div>
   <div class='ocr_carea' id='block_1_103' title="bbox 2279 3861 2554 3935">
    <p class='ocr_par' dir='ltr' id='par_1_103' title="bbox 2279 3861 2554 3935">
     <span class='ocr_line' id='line_1_104' title="bbox 2279 3861 2554 3935; baseline -0.015 -17"><span class='ocrx_word' id='word_1_422' title='bbox 2279 3861 2554 3935; x_wconf 89' lang='lat' dir='ltr'>captivas.</span> 
     </span>
    </p>
   </div>
   <div class='ocr_carea' id='block_1_104' title="bbox 2946 3942 3260 3984">
    <p class='ocr_par' dir='ltr' id='par_1_104' title="bbox 2946 3942 3260 3984">
     <span class='ocr_line' id='line_1_105' title="bbox 2946 3942 3260 3984; baseline -0.016 0"><span class='ocrx_word' id='word_1_423' title='bbox 2946 3942 3106 3984; x_wconf 76' lang='lat' dir='ltr'>ANTIO</span> <span class='ocrx_word' id='word_1_424' title='bbox 3113 3943 3240 3983; x_wconf 75' lang='lat' dir='ltr'>CHUS</span> <span class='ocrx_word' id='word_1_425' title='bbox 3248 3967 3260 3979; x_wconf 90' lang='lat'>.</span> 
     </span>
    </p>
   </div>
   <div class='ocr_carea' id='block_1_105' title="bbox 2352 3992 3833 4089">
    <p class='ocr_par' dir='ltr' id='par_1_105' title="bbox 2352 3992 3833 4089">
     <span class='ocr_line' id='line_1_106' title="bbox 2352 3992 3833 4089; baseline -0.015 -13"><span class='ocrx_word' id='word_1_426' title='bbox 2352 4015 3128 4089; x_wconf 90' lang='lat' dir='ltr'>Procede,Sapientia,teque</span> <span class='ocrx_word' id='word_1_427' title='bbox 3159 4031 3296 4072; x_wconf 89' lang='lat' dir='ltr'>cum</span> <span class='ocrx_word' id='word_1_428' title='bbox 3327 3992 3833 4076; x_wconf 70' lang='lat' dir='ltr'>ﬁliabusjmperatori</span> 
     </span>
    </p>
   </div>
   <div class='ocr_carea' id='block_1_106' title="bbox 2282 4110 2648 4180">
    <p class='ocr_par' dir='ltr' id='par_1_106' title="bbox 2282 4110 2648 4180">
     <span class='ocr_line' id='line_1_107' title="bbox 2282 4110 2648 4180; baseline -0.016 -14"><span class='ocrx_word' id='word_1_429' title='bbox 2282 4110 2648 4180; x_wconf 64' lang='lat' dir='ltr'>repressenta.</span> 
     </span>
    </p>
   </div>
   <div class='ocr_carea' id='block_1_107' title="bbox 2959 4191 3253 4233">
    <p class='ocr_par' dir='ltr' id='par_1_107' title="bbox 2959 4191 3253 4233">
     <span class='ocr_line' id='line_1_108' title="bbox 2959 4191 3253 4233; baseline -0.01 -1"><span class='ocrx_word' id='word_1_430' title='bbox 2959 4191 3230 4233; x_wconf 72' lang='lat' dir='ltr'>SAPIIITIA</span> <span class='ocrx_word' id='word_1_431' title='bbox 3240 4215 3253 4228; x_wconf 87' lang='lat'>.</span> 
     </span>
    </p>
   </div>
   <div class='ocr_carea' id='block_1_108' title="bbox 2353 4244 3832 4345">
    <p class='ocr_par' dir='ltr' id='par_1_108' title="bbox 2353 4244 3832 4345">
     <span class='ocr_line' id='line_1_109' title="bbox 2353 4244 3832 4345; baseline -0.011 -21"><span class='ocrx_word' id='word_1_432' title='bbox 2353 4267 2580 4340; x_wconf 81' lang='lat' dir='ltr'>Pergite</span> <span class='ocrx_word' id='word_1_433' title='bbox 2623 4281 2878 4336; x_wconf 89' lang='lat' dir='ltr'>mecum,</span> <span class='ocrx_word' id='word_1_434' title='bbox 2910 4263 3066 4332; x_wconf 77' lang='lat' dir='ltr'>ﬁliae,</span> <span class='ocrx_word' id='word_1_435' title='bbox 3099 4266 3454 4328; x_wconf 85' lang='lat' dir='ltr'>constanter,</span> <span class='ocrx_word' id='word_1_436' title='bbox 3487 4262 3542 4314; x_wconf 87' lang='lat' dir='ltr'>et</span> <span class='ocrx_word' id='word_1_437' title='bbox 3565 4244 3832 4345; x_wconf 46' lang='lat' dir='ltr'>peractam?</span> 
     </span>
    </p>
   </div>
   <div class='ocr_carea' id='block_1_109' title="bbox 2281 4343 3833 4426">
    <p class='ocr_par' dir='ltr' id='par_1_109' title="bbox 2281 4343 3833 4426">
     <span class='ocr_line' id='line_1_110' title="bbox 2281 4343 3833 4426; baseline -0.005 -12"><span class='ocrx_word' id='word_1_438' title='bbox 2281 4357 2343 4414; x_wconf 88' lang='lat' dir='ltr'>in</span> <span class='ocrx_word' id='word_1_439' title='bbox 2375 4356 2488 4412; x_wconf 80' lang='lat' dir='ltr'>fide</span> <span class='ocrx_word' id='word_1_440' title='bbox 2512 4354 2890 4423; x_wconf 86' lang='lat' dir='ltr'>unanimiter,</span> <span class='ocrx_word' id='word_1_441' title='bbox 2925 4356 2990 4409; x_wconf 86' lang='lat' dir='ltr'>ut</span> <span class='ocrx_word' id='word_1_442' title='bbox 3032 4352 3272 4426; x_wconf 89' lang='lat' dir='ltr'>possitis</span> <span class='ocrx_word' id='word_1_443' title='bbox 3330 4349 3576 4424; x_wconf 88' lang='lat' dir='ltr'>palmam</span> <span class='ocrx_word' id='word_1_444' title='bbox 3623 4343 3833 4415; x_wconf 66' lang='grc' dir='ltr'>ρετοψεη</span> 
     </span>
    </p>
   </div>
   <div class='ocr_carea' id='block_1_110' title="bbox 2284 4445 2546 4505">
    <p class='ocr_par' dir='ltr' id='par_1_110' title="bbox 2284 4445 2546 4505">
     <span class='ocr_line' id='line_1_111' title="bbox 2284 4445 2546 4505; baseline -0.019 0"><span class='ocrx_word' id='word_1_445' title='bbox 2284 4445 2546 4505; x_wconf 86' lang='lat' dir='ltr'>feliciter.</span> 
     </span>
    </p>
   </div>
   <div class='ocr_carea' id='block_1_111' title="bbox 2971 4514 3241 4572">
    <p class='ocr_par' dir='ltr' id='par_1_111' title="bbox 2971 4514 3241 4572">
     <span class='ocr_line' id='line_1_112' title="bbox 2971 4514 3241 4572; baseline -0.022 0"><span class='ocrx_word' id='word_1_446' title='bbox 2971 4514 3073 4572; x_wconf 69' lang='lat'><strong>62</strong></span> <span class='ocrx_word' id='word_1_447' title='bbox 3103 4531 3241 4571; x_wconf 81' lang='lat' dir='ltr'>SPES.</span> 
     </span>
    </p>
   </div>
   <div class='ocr_carea' id='block_1_112' title="bbox 2358 4579 3834 4680">
    <p class='ocr_par' dir='ltr' id='par_1_112' title="bbox 2358 4579 3834 4680">
     <span class='ocr_line' id='line_1_113' title="bbox 2358 4579 3834 4680; baseline -0.01 -16"><span class='ocrx_word' id='word_1_448' title='bbox 2358 4603 2934 4680; x_wconf 86' lang='lat' dir='ltr'>Pergimus,ipseque</span> <span class='ocrx_word' id='word_1_449' title='bbox 2964 4603 3277 4660; x_wconf 89' lang='lat' dir='ltr'>nobiscum</span> <span class='ocrx_word' id='word_1_450' title='bbox 3306 4599 3706 4664; x_wconf 59' lang='lat' dir='ltr'>comitatumpro</span> <span class='ocrx_word' id='word_1_451' title='bbox 3721 4579 3834 4651; x_wconf 63' lang='lat' dir='ltr'>cuius</span> 
     </span>
    </p>
   </div>
   <div class='ocr_carea' id='block_1_113' title="bbox 2287 4693 3204 4754">
    <p class='ocr_par' dir='ltr' id='par_1_113' title="bbox 2287 4693 3204 4754">
     <span class='ocr_line' id='line_1_114' title="bbox 2287 4693 3204 4754; baseline -0.008 0"><span class='ocrx_word' id='word_1_452' title='bbox 2287 4711 2484 4754; x_wconf 88' lang='lat' dir='ltr'>amore</span> <span class='ocrx_word' id='word_1_453' title='bbox 2515 4695 2586 4752; x_wconf 89' lang='lat' dir='ltr'>ad</span> <span class='ocrx_word' id='word_1_454' title='bbox 2619 4694 2869 4752; x_wconf 86' lang='lat' dir='ltr'>mortem</span> <span class='ocrx_word' id='word_1_455' title='bbox 2898 4693 3204 4750; x_wconf 86' lang='lat' dir='ltr'>ducemur.</span> 
     </span>
    </p>
   </div>
   <div class='ocr_carea' id='block_1_114' title="bbox 2629 4790 3252 4838">
    <p class='ocr_par' dir='ltr' id='par_1_114' title="bbox 2629 4790 3252 4838">
     <span class='ocr_line' id='line_1_115' title="bbox 2629 4790 3252 4838; baseline -0.014 5"><span class='ocrx_word' id='word_1_456' title='bbox 2629 4790 2638 4798; x_wconf 91' lang='lat'><strong>&#39;</strong></span> <span class='ocrx_word' id='word_1_457' title='bbox 2973 4796 3252 4838; x_wconf 61' lang='lat' dir='ltr'>nummus.</span> 
     </span>
    </p>
   </div>
   <div class='ocr_carea' id='block_1_115' title="bbox 2360 4851 3833 4945">
    <p class='ocr_par' dir='ltr' id='par_1_115' title="bbox 2360 4851 3833 4945">
     <span class='ocr_line' id='line_1_116' title="bbox 2360 4851 3833 4945; baseline -0.016 -14"><span class='ocrx_word' id='word_1_458' title='bbox 2360 4874 2688 4932; x_wconf 86' lang='lat' dir='ltr'>Triduanas</span> <span class='ocrx_word' id='word_1_459' title='bbox 2718 4868 2884 4929; x_wconf 89' lang='lat' dir='ltr'>vobis</span> <span class='ocrx_word' id='word_1_460' title='bbox 2914 4869 3186 4927; x_wconf 86' lang='lat' dir='ltr'>inducias</span> <span class='ocrx_word' id='word_1_461' title='bbox 3217 4865 3524 4943; x_wconf 72' lang='lat' dir='ltr'>praestabat</span> <span class='ocrx_word' id='word_1_462' title='bbox 3549 4851 3704 4945; x_wconf 67' lang='lat' dir='ltr'>nostri</span> <span class='ocrx_word' id='word_1_463' title='bbox 3726 4857 3833 4945; x_wconf 41' lang='lat' dir='ltr'><strong>Sere-</strong></span> 
     </span>
    </p>
   </div>
   <div class='ocr_carea' id='block_1_116' title="bbox 2289 4939 3835 5032">
    <p class='ocr_par' dir='ltr' id='par_1_116' title="bbox 2289 4939 3835 5032">
     <span class='ocr_line' id='line_1_117' title="bbox 2289 4939 3835 5032; baseline -0.011 -11"><span class='ocrx_word' id='word_1_464' title='bbox 2289 4963 2625 5032; x_wconf 88' lang='lat' dir='ltr'>nitas,unde</span> <span class='ocrx_word' id='word_1_465' title='bbox 2655 4960 2704 5018; x_wconf 90' lang='lat' dir='ltr'>si</span> <span class='ocrx_word' id='word_1_466' title='bbox 2734 4959 2877 5032; x_wconf 89' lang='lat' dir='ltr'>quid</span> <span class='ocrx_word' id='word_1_467' title='bbox 2906 4939 3239 5016; x_wconf 79' lang='lat' dir='ltr'>traetaretis</span> <span class='ocrx_word' id='word_1_468' title='bbox 3269 4951 3556 5018; x_wconf 68' lang='lat' dir='ltr'>utilitatis,</span> <span class='ocrx_word' id='word_1_469' title='bbox 3583 4939 3734 5002; x_wconf 73' lang='lat' dir='ltr'>cedite</span> <span class='ocrx_word' id='word_1_470' title='bbox 3747 4939 3835 5005; x_wconf 48' lang='lat' dir='ltr'>ius</span> 
     </span>
    </p>
   </div>
   <div class='ocr_carea' id='block_1_117' title="bbox 2289 5050 2822 5110">
    <p class='ocr_par' dir='ltr' id='par_1_117' title="bbox 2289 5050 2822 5110">
     <span class='ocr_line' id='line_1_118' title="bbox 2289 5050 2822 5110; baseline -0.008 0"><span class='ocrx_word' id='word_1_471' title='bbox 2289 5052 2554 5110; x_wconf 90' lang='lat' dir='ltr'>sionibus</span> <span class='ocrx_word' id='word_1_472' title='bbox 2585 5050 2822 5108; x_wconf 89' lang='lat' dir='ltr'>nostris.</span> 
     </span>
    </p>
   </div>
   <div class='ocr_carea' id='block_1_118' title="bbox 2970 5153 3266 5195">
    <p class='ocr_par' dir='ltr' id='par_1_118' title="bbox 2970 5153 3266 5195">
     <span class='ocr_line' id='line_1_119' title="bbox 2970 5153 3266 5195; baseline -0.014 0"><span class='ocrx_word' id='word_1_473' title='bbox 2970 5153 3266 5195; x_wconf 73' lang='grc' dir='ltr'>ΒΔΡΙΒΝΤῘΔ.</span> 
     </span>
    </p>
   </div>
   <div class='ocr_carea' id='block_1_119' title="bbox 2364 5193 3838 5301">
    <p class='ocr_par' dir='ltr' id='par_1_119' title="bbox 2364 5193 3838 5301">
     <span class='ocr_line' id='line_1_120' title="bbox 2364 5193 3838 5301; baseline -0.017 -12"><span class='ocrx_word' id='word_1_474' title='bbox 2364 5233 2676 5289; x_wconf 88' lang='lat' dir='ltr'>Summum</span> <span class='ocrx_word' id='word_1_475' title='bbox 2706 5227 2886 5301; x_wconf 84' lang='lat' dir='ltr'>igitur</span> <span class='ocrx_word' id='word_1_476' title='bbox 2915 5193 3482 5289; x_wconf 80' lang='lat' dir='ltr'>utiletractavimus,</span> <span class='ocrx_word' id='word_1_477' title='bbox 3505 5217 3558 5273; x_wconf 91' lang='lat' dir='ltr'>id</span> <span class='ocrx_word' id='word_1_478' title='bbox 3585 5203 3772 5269; x_wconf 57' lang='lat' dir='ltr'>scilicet.</span> <span class='ocrx_word' id='word_1_479' title='bbox 3794 5193 3838 5252; x_wconf 71' lang='grc' dir='ltr'>αί</span> 
     </span>
    </p>
   </div>
   <div class='ocr_carea' id='block_1_120' title="bbox 2293 5320 2739 5380">
    <p class='ocr_par' dir='ltr' id='par_1_120' title="bbox 2293 5320 2739 5380">
     <span class='ocr_line' id='line_1_121' title="bbox 2293 5320 2739 5380; baseline -0.018 0"><span class='ocrx_word' id='word_1_480' title='bbox 2293 5339 2410 5380; x_wconf 88' lang='lat' dir='ltr'>non</span> <span class='ocrx_word' id='word_1_481' title='bbox 2440 5320 2739 5377; x_wconf 89' lang='lat' dir='ltr'>cedamus.</span> 
     </span>
    </p>
   </div>
   <div class='ocr_carea' id='block_1_121' title="bbox 2967 5421 3274 5463">
    <p class='ocr_par' dir='ltr' id='par_1_121' title="bbox 2967 5421 3274 5463">
     <span class='ocr_line' id='line_1_122' title="bbox 2967 5421 3274 5463; baseline -0.01 0"><span class='ocrx_word' id='word_1_482' title='bbox 2967 5421 3274 5463; x_wconf 69' lang='lat' dir='ltr'>ANTIOCHUS.</span> 
     </span>
    </p>
   </div>
   <div class='ocr_carea' id='block_1_122' title="bbox 2367 5470 3832 5569">
    <p class='ocr_par' dir='ltr' id='par_1_122' title="bbox 2367 5470 3832 5569">
     <span class='ocr_line' id='line_1_123' title="bbox 2367 5470 3832 5569; baseline -0.019 -13"><span class='ocrx_word' id='word_1_483' title='bbox 2367 5500 2482 5556; x_wconf 88' lang='lat' dir='ltr'>Cur</span> <span class='ocrx_word' id='word_1_484' title='bbox 2512 5495 2774 5569; x_wconf 78' lang='lat' dir='ltr'>dignaris</span> <span class='ocrx_word' id='word_1_485' title='bbox 2804 5511 2937 5551; x_wconf 91' lang='lat' dir='ltr'>cum</span> <span class='ocrx_word' id='word_1_486' title='bbox 2969 5495 3078 5552; x_wconf 87' lang='lat' dir='ltr'>hac</span> <span class='ocrx_word' id='word_1_487' title='bbox 3111 5498 3447 5551; x_wconf 85' lang='lat' dir='ltr'>contumace</span> <span class='ocrx_word' id='word_1_488' title='bbox 3471 5481 3629 5542; x_wconf 83' lang='lat' dir='ltr'>verba</span> <span class='ocrx_word' id='word_1_489' title='bbox 3645 5470 3832 5532; x_wconf 67' lang='grc' dir='ltr'>ωἰεωωι</span> 
     </span>
    </p>
   </div>
   <div class='ocr_carea' id='block_1_123' title="bbox 2299 5573 3564 5662">
    <p class='ocr_par' dir='ltr' id='par_1_123' title="bbox 2299 5573 3564 5662">
     <span class='ocr_line' id='line_1_124' title="bbox 2299 5573 3564 5662; baseline -0.015 -15"><span class='ocrx_word' id='word_1_490' title='bbox 2299 5607 2424 5662; x_wconf 67' lang='lat' dir='ltr'>quae</span> <span class='ocrx_word' id='word_1_491' title='bbox 2455 5593 2512 5644; x_wconf 90' lang='lat' dir='ltr'>te</span> <span class='ocrx_word' id='word_1_492' title='bbox 2542 5583 2816 5642; x_wconf 87' lang='lat' dir='ltr'>insolenti</span> <span class='ocrx_word' id='word_1_493' title='bbox 2851 5585 3056 5658; x_wconf 84' lang='lat' dir='ltr'>fatigat</span> <span class='ocrx_word' id='word_1_494' title='bbox 3083 5573 3564 5657; x_wconf 66' lang='lat' dir='ltr'>praesumptione?</span> 
     </span>
    </p>
   </div>
  </div>
