4050 6172
148 325 309 388 1053
1185 320 1559 385 COMEDl/E
1603 317 1749 379 SEX
1764 360 1779 378 .

1958 316 2019 378 Ἰ.
2066 316 2514 387 SAPIENTIA.
3402 331 3556 393 1054

820 471 1111 523 Αυιιυλιωε.

2563 474 2901 525 ΑΝΤΙΟΟΗῸΒ.

216 547 486 607 Debeone
516 546 684 603 illam
718 546 1012 603 dimittere
1041 547 1395 621 impunitam
1418 546 1445 601 ?
1973 541 2237 601 Justum.

802 650 1138 695 ΑΜιοοιιυε.

2576 654 2888 695 ADRIANUS.

216 727 627 800 Nequaquam.
1977 719 2275 795 Perquire,
2307 724 2607 794 Antioche,
2638 743 2790 783 anne
2818 728 2957 785 velit
2988 732 3205 790 cedere.

815 831 1115 874 ΔοιιιΑιωε.

2562 833 2904 875 ANTIOCHUS.

216 907 289 962 Et
320 905 462 978 quid
484 905 512 960 ?
1912 986 1917 987 γ
1977 898 2089 955 Vin
2123 900 2337 974 adhuc,
2370 903 2560 972 Fides,
2595 904 2771 962 solita
2796 909 3189 968 conviciorum
3235 915 3560 987 objections

801 1011 1137 1055 ANTIOCBUS.

218 1084 465 1142 Hortare
516 1083 830 1157 puellulae,
869 1091 926 1140 et
974 1087 1021 1141 si
1057 1086 1405 1156 renituntur,
1439 1083 1698 1139 infantiae
1728 1100 1798 1139 ne

142 1192 380 1247 parcas,
415 1174 515 1231 sed
548 1174 637 1230 iac
670 1178 737 1230 ut
766 1174 876 1230 illa":
908 1181 1210 1247 necentur,
1242 1192 1359 1247 quo
1388 1173 1635 1231 rcbcllis'
1672 1189 1797 1229 ma-

144 1268 242 1321 ter
272 1263 577 1321 funeribus
610 1267 882 1321 natarum
915 1264 1107 1320 acrius
1137 1267 1496 1337 torqueatur.

828 1367 1128 1410 ADIIANUS.

222 1442 459 1499 Faciam
493 1457 619 1514 quae
651 1441 928 1500 hortaris.

804 1547 1145 1591 ANTIOCHUS.

220 1621 311 1677 Ita
341 1620 581 1677 demum
611 1619 972 1694 prmvalebis.

820 1727 1129 1767 ADRIANUB.

221 1800 418 1872 Fides,
453 1800 680 1856 intuere
708 1800 1099 1857 venerabilem
1129 1814 1352 1873 magum
1386 1801 1577 1857 Diana:
1602 1801 1805 1876 imagi-
1831 1830 1880 1895 B

140 1904 310 1961 nem,
343 1893 402 1944 et
444 1889 532 1945 fer
574 1906 754 1946 sacrm
804 1890 925 1945 dem
974 1889 1275 1957 libamina,
1311 1905 1425 1961 quo
1474 1890 1663 1962 possis
1714 1890 1800 1947 uti

139 1978 280 2050 ejus
310 1978 519 2051 gratia.

884 2085 1065 2128 I'IDES.

220 2155 269 2212 0
301 2154 553 2212 stultum
585 2154 957 2229 imperatoris
988 2160 1344 2229 praeceptum
1361 2157 1519 2213 omni
1552 2160 1806 2213 contem-

141 2248 258 2318 ptu
292 2243 537 2318 dignum
563 2244 575 2299 ς

207 2352 219 2361 ’
825 2348 1135 2391 ADBIANUS.

222 2421 377 2491 Quid
439 2438 782 2479 murmuras
842 2423 1311 2479 subsannando?
1356 2426 1539 2491 Quem
1594 2424 1805 2483 irridcs

138 2513 345 2569 fronte
376 2527 589 2585 rugosa
609 2512 638 2567 ?

892 2619 982 2657 FID
990 2618 1051 2657 ES
1062 2643 1073 2656 .

218 2690 332 2745 Tui
365 2689 672 2747 stultitiam
704 2690 1035 2760 irrideo,tui
1057 2690 1456 2763 insipientiam
1480 2692 1798 2749 subsanno.

822 2796 1132 2837 ADRIANUS.

220 2868 342 2925 Mei
356 2869 384 2924 ?

892 2975 1071 3015 ε’ωεε.

222 3045 361 3102 Tui.

805 3149 1145 3191 ANTIOCIIUS.

217 3225 600 3298 Imperatoris
620 3224 648 3280 ?

886 3332 1066 3370 FIDES.

221 3403 442 3476 Ipsius.

802 3508 932 3550 ΑΝΤΙ
942 3509 1147 3550 OCIlUS.

216 3581 270 3637 0
303 3581 467 3638 nefas
490 3584 502 3637 !

887 3688 1066 3728 P1028.

215 3759 375 3827 Quid
408 3758 563 3816 enim
597 3759 859 3829 stultius,
893 3761 1034 3833 quid
1068 3761 1444 3834 insipientius
1486 3763 1669 3820 videri
1698 3781 1797 3837 po-

134 3853 285 3916 test,
322 3864 499 3920 quam
530 3850 685 3921 quod
710 3849 980 3906 hortatur
1011 3867 1137 3918 nos,
1168 3854 1502 3924 contempto
1532 3852 1800 3909 Creatore

133 3937 576 4006 universitatis,
610 3938 1043 3995 venerationem
1076 3939 1290 3995 inferre
1320 3939 1575 3998 metallis
1594 3941 1624 3997 7

799 4044 1139 4085 ANTIOCHUS.

213 4116 428 4173 Nonne
475 4115 884 4173 haac'summa
929 4117 1163 4174 insania
1210 4120 1267 4173 et
1318 4135 1531 4192 magna
1575 4125 1662 4176 est
1702 4122 1799 4177 de-

135 4203 396 4276 mentia,
450 4206 604 4276 quod
651 4222 847 4262 rerum
896 4206 1221 4278 principem
1267 4205 1465 4263 dixisti
1518 4208 1800 4281 insipien-

136 4300 273 4354 tem
288 4292 319 4348 ?

887 4400 1068 4440 IIDES.

226 4470 358 4527 Dixi
391 4475 447 4527 et
477 4471 627 4540 dico,
660 4471 970 4544 dicamque
1002 4474 1260 4544 quandiu
1290 4472 1502 4530 vixero.

816 4576 1153 4617 ANTIOCIIUS.

219 4649 403 4705 Breve
450 4652 685 4722 tempus
737 4649 947 4718 vivere,
1019 4653 1075 4705 et
1129 4653 1242 4707 cito
1291 4651 1468 4708 debes
1535 4655 1802 4712 consumi

139 4740 365 4795 morte.

882 4843 1065 4887 εἰπε.

217 4915 346 4973 Hoc
379 4918 511 4988 opto
542 4920 607 4973 ut
638 4916 858 4974 moriar
884 4916 945 4973 in
976 4916 1227 4974 Christo.

745 5048 753 5056 -
821 5022 1126 5063 ADRIANUB.

219 5092 545 5151 Duodecim
576 5095 948 5152 centuriones
992 5094 1335 5153 alternando
1375 5098 1649 5155 scindant
1695 5100 1798 5157 ﬂa-

141 5182 274 5256 gris
304 5183 434 5254 ejus
465 5184 746 5243 membra.

802 5290 1141 5330 ANTIOCHUS.

224 5360 344 5416 Nec
371 5359 610 5432 induria.

816 5468 1128 5509 ADRIANUB.

227 5538 272 5593 0
304 5537 605 5595 fortissimi
635 5541 1024 5609 centuriones,
1059 5541 1315 5597 accedite
1363 5543 1595 5615 meique
1643 5543 1796 5616 inju-

147 5626 305 5684 riam
334 5626 643 5685 vindicate.

1906 986 2322 1060 imperatorem
2355 991 2741 1051 dehonestare
2759 996 2787 1050 ?

2646 1100 2828 1140 “DKS.

1980 1168 2098 1224 Cur
2128 1168 2301 1226 solito
2332 1170 2573 1228 minus?

2563 1278 2805 1318 ANTIOCH
2812 1281 2882 1321 US
2892 1308 2903 1320 .

1983 1346 2132 1413 Quia
2161 1347 2487 1420 prohiberis
2515 1351 2876 1423 verberibus.

2643 1457 2824 1498 FXDES.

1979 1523 2237 1582 Verbera
2267 1543 2382 1584 non
2413 1528 2775 1603 compellunt
2821 1548 2914 1590 me
2962 1540 3174 1611 tacere,
3207 1540 3347 1612 quia
3399 1542 3560 1599 nullo

1910 1612 2137 1670 afficior
2167 1614 2385 1674 dolore.

2563 1725 2903 1769 ANTIOCHUS.

1983 1792 2027 1849 0
2062 1793 2261 1850 infelix
2292 1796 2633 1868 pertinacia,
2668 1816 2700 1855 ο
2732 1806 3049 1861 contumax
3079 1808 3343 1865 audacia.

2583 1904 2835 1946 ADRIANU
2848 1908 2896 1947 S.

1983 1971 2210 2044 Corpus
2243 1972 2461 2029 fatiscit
2491 1991 2594 2049 per
2624 1978 2931 2051 supplicia,
2968 1988 3025 2039 et
3054 1999 3221 2042 mens
3252 1993 3441 2047 tumet
3471 2010 3565 2049 su-

1913 2060 2137 2132 perbia.

2743 2171 2827 2211 ES.

2743 2171 2776 2211 ε
2815 2199 2827 2211 .

1985 2239 2180 2333 Erras,
2212 2240 2568 2333 Adriane,‘si
2600 2170 2746 2301 relrli:
2777 2172 2871 2302 ine
2919 2249 3182 2324 fastigari
3212 2255 3312 2313 08
3345 2259 3565 2333 suppli-

1915 2326 2042 2382 ciis.
2076 2327 2201 2383 Non
2251 2344 2356 2401 ego
2407 2331 2667 2402 quidem,
2702 2335 2803 2389 sed
2854 2335 3074 2395 infirmi
3121 2345 3369 2402 tortores
3420 2326 3559 2405 defi-

1914 2416 2081 2471 ciunt
2110 2420 2167 2473 et
2195 2417 2408 2474 sudore
2437 2418 2510 2474 ob
2537 2419 2950 2482 lassitudinem
2982 2428 3192 2487 ﬂuunt.

2583 2525 2893 2568 ADRIANUS.

1986 2595 2117 2662 Fac,
2168 2594 2471 2667 Antioche,
2520 2602 2587 2652 ut
2632 2600 2891 2669 gemelle:
2960 2608 3215 2675 pectoris
3263 2615 3558 2683 particulae

1914 2683 2314 2752 abscindatur,
2348 2700 2464 2756 quo
2495 2685 2703 2742 saltem
2736 2689 2949 2748 rubore
2973 2701 3325 2755 coerceatur.

2571 2780 2909 2836 mnocuus.

1984 2863 2029 2919 0
2061 2861 2289 2918 utinam
2324 2864 2511 2935 possit
2541 2864 2659 2922 ullo
2681 2870 2930 2926 coerceri
2962 2875 3134 2932 modo
3162 2875 3177 2930 !

2580 2971 2887 3015 ADRIANUS.

1984 3041 2203 3098 Forsan
2233 3042 2614 3104 coercebitur.

2644 3150 2824 3192 FIDES.

1985 3218 2332 3275 Inviolatum
2360 3226 2564 3293 pectus
2593 3223 2935 3295 vulnerasti,
2968 3231 3068 3285 sed
3100 3248 3194 3289 me
3226 3252 3343 3292 non
3384 3237 3560 3295 laesis-

1908 3308 1972 3364 ti.
2006 3311 2112 3377 En,
2146 3326 2250 3382 pro
2284 3311 2438 3367 fonto
2468 3314 2798 3387 sanguinis,
2830 3316 2961 3375 fons
2992 3324 3252 3397 erumpit
3280 3325 3468 3387 lactis.

2576 3419 2886 3465 ADRIANUB.

1980 3487 2046 3543 In
2080 3487 2427 3581 craticulam
2458 3490 2775 3550 substratis
2804 3494 3043 3570 ignibus
3074 3506 3329 3563 assanda
3376 3521 3557 3581 pona-

1907 3580 2026 3647 tur,
2058 3592 2174 3647 quo
2203 3576 2259 3633 vi
2289 3578 2521 3650 vaporis
2549 3586 2841 3641 enecatur.

2560 3687 2897 3730 ANTIOCHUS.

1980 3753 2169 3827 Digna
2198 3758 2289 3810 est
2318 3759 2382 3811 ut
2414 3757 2828 3816 miserabiliter
2856 3770 3072 3834 pereat,
3109 3783 3235 3841 quae
3284 3775 3397 3829 tua)
3418 3775 3556 3847 jus-

1909 3842 2062 3900 sioni
2090 3847 2293 3901 contra
2318 3844 2527 3902 luctari
2555 3863 2670 3902 non
2699 3851 2971 3922 trepidat.

2646 3953 2828 3994 FIDKS.

1981 4021 2167 4078 Omne
2196 4024 2352 4095 quod
2386 4040 2558 4098 paras
2592 4027 2664 4082 ad
2714 4026 2974 4086 dolorem
3022 4032 3168 4089 mihi
3215 4037 3459 4096 vertitur
3496 4040 3555 4097 in

1910 4110 2202 4182 quietem;
2238 4113 2391 4168 unde
2424 4116 2729 4172 commode
2779 4134 2961 4189 pauso
3008 4120 3066 4176 in
3117 4125 3417 4198 craticula,
3450 4146 3556 4187 ceu

1912 4199 1972 4254 in
2003 4200 2324 4273 tranquilla
2354 4202 2638 4260 navicula.

2576 4310 2882 4354 ADBIANUS.

1985 4378 2227 4452 Sartago
2260 4378 2433 4452 plena
2463 4384 2588 4453 pice
2618 4389 2676 4439 et
2706 4402 2837 4441 cera
2887 4389 3230 4448 ardentibus
3273 4396 3428 4469 rogis
3457 4414 3554 4452 su-

1912 4471 2290 4541 perponatur,
2317 4472 2373 4524 et
2403 4470 2462 4525 in
2495 4470 2810 4531 ferventem
2845 4475 3141 4550 liquorum
3172 4480 3294 4539 haec
3325 4484 3557 4543 rebellis

1834 4576 1881 4640 D
1914 4556 2203 4613 mittatur.

2641 4669 2823 4709 FIDES.

1985 4734 2204 4807 Sponte
2233 4736 2447 4796 insilio.

2574 4845 2645 4886 AD
2652 4848 2787 4888 RIAN
2794 4849 2863 4889 US
2872 4875 2884 4887 .

1979 4912 2309 4973 Consentio.

2641 5026 2820 5068 FIDBS.

1979 5091 2086 5148 Ubi
2120 5099 2260 5150 sunt
2291 5095 2462 5150 mina:
2493 5100 2606 5151 tum
2628 5096 2655 5150 ?
2686 5099 2850 5166 Ecce,
2895 5100 3077 5159 illaasa
3125 5104 3278 5161 inter
3328 5104 3553 5164 ferven-

1911 5184 2028 5237 tem
2089 5182 2375 5255 liquorem
2444 5183 2652 5242 ludens
2700 5192 2854 5255 nato,
2906 5195 2963 5246 et
3010 5208 3113 5263 pro
3161 5194 3215 5248 vi
3264 5198 3553 5254 caumatis

1910 5272 2099 5326 sentio
2132 5272 2403 5328 matutini
2436 5274 2803 5348 refrigerium
2833 5279 3001 5336 roris.

2498 5378 2501 5381 ’
2573 5381 2884 5424 ADBIANUS.

1977 5451 2278 5519 Antioche,
2307 5451 2448 5524 quid
2480 5453 2552 5508 ad
2586 5452 2706 5509 hinc
2735 5460 2826 5511 est
2853 5459 3147 5530 agendum
3169 5461 3198 5515 ‘I

2556 5560 2894 5601 ANTIOCHUS.

1976 5628 2057 5685 Ne
2086 5628 2291 5685 evadat
2323 5630 2767 5703 providendum.
