4052 6180
216 347 374 406 1051

217 567 388 624 fateri
425 585 518 624 me
549 585 666 624 non
698 585 868 641 posse
898 568 1202 642 suppliciis
1233 571 1384 628 laedi.

891 675 1200 716 ADRIANUS.

286 746 589 814 Antioche,
625 747 764 818 quid
799 748 957 804 enim
987 748 1131 804 mihi
1161 753 1250 806 est
1279 751 1617 821 agendum?

873 855 1213 895 ANTIOCHUS.

290 926 463 982 Novis
493 926 853 984 cruciatibus
884 927 1368 984 iucumbendum.

888 1034 1197 1074 ADRIANUS.

287 1104 532 1160 fEneum
549 1121 650 1160 vas
674 1103 911 1177 plenum
933 1105 1060 1161 oleo
1081 1111 1140 1161 et
1161 1106 1350 1178 adipe,
1367 1123 1497 1162 cera
1518 1111 1691 1180 atque
1714 1109 1860 1180 pice,

209 1192 454 1266 ignibus
485 1199 941 1266 superponatur,
972 1195 1032 1249 in
1065 1195 1220 1266 quod
1253 1195 1434 1267 ligata
1464 1197 1826 1268 projiciatur.

869 1301 1213 1340 ANTIOCHUB.

287 1371 346 1427 Si
376 1371 436 1427 in
459 1372 562 1443 jus
591 1371 838 1428 Vulcani
872 1373 1154 1440 tradetur,
1181 1372 1426 1430 forsitan
1457 1375 1736 1431 evadendi
1772 1377 1866 1432 ad-

210 1459 364 1518 itum
396 1477 512 1518 non
544 1461 936 1519 nanciscetur.

962 1568 1114 1607 SPES.

287 1638 416 1695 Haec
457 1639 643 1695 virtus
693 1639 924 1696 Christo
975 1657 1088 1695 non
1142 1645 1227 1696 est
1267 1639 1521 1710 insolita,
1559 1648 1621 1698 ut
1667 1644 1862 1715 ignem

211 1727 389 1788 faciat
418 1728 726 1787 mitescere
755 1733 984 1786 mutata
1013 1734 1244 1786 natura.

893 1836 1196 1878 ADBXANUS.

283 1908 435 1975 Quid
449 1908 478 1964 7
497 1909 707 1979 Audio,
729 1909 1030 1977 Antioche,
1056 1909 1211 1966 velut
1234 1909 1491 1967 sonitum
1515 1911 1861 1969 inundantis

211 2014 403 2074 aqum.

865 2103 1185 2146 ANTIOCHle
1197 2135 1207 2144 .

285 2175 430 2246 llcu,
465 2177 600 2246 heu,
637 2176 904 2234 domine!

884 2283 1190 2324 tDRlANUS.

287 2356 437 2424 Quid
467 2356 710 2429 contigit
741 2357 954 2414 nobis?

865 2463 1184 2502 ANTIOCllUS
1195 2491 1204 2501 .

285 2533 584 2592 Ebulliens
615 2536 806 2592 fervor
830 2536 1127 2592 contracto
1175 2553 1309 2592 vase
1355 2535 1654 2593 ministros
1705 2555 1861 2593 com-

218 2625 436 2694 bussit,
467 2630 524 2680 et
554 2625 655 2682 ilia
693 2624 958 2681 maleﬁca
988 2625 1155 2681 illosa
1184 2626 1528 2698 comparuit.

883 2731 1192 2772 ADRIANUS.

290 2804 512 2873 Fateor,
540 2804 675 2860 victi
707 2820 936 2861 sumus.

871 2910 1208 2951 ANTIOCIIUS.

288 2982 546 3038 Penitus.

890 3089 1193 3128 ADRTANUS.

286 3163 472 3234 Caput
502 3161 860 3218 abscidatur.

869 3267 1186 3307 ANTIOCIIUS
1198 3294 1208 3306 .
1264 3293 1270 3298 -

285 3339 444 3396 Alias
475 3356 589 3396 non
622 3340 988 3396 absumetur.

961 3446 1118 3485 SPES.

288 3519 332 3576 Ο
365 3519 632 3575 Charitas
673 3518 907 3587 dilecta,
940 3537 973 3575 ο
1005 3536 1170 3576 soror
1218 3520 1424 3576 unica!
1460 3522 1540 3578 Ne
1583 3525 1861 3581 formides

209 3608 446 3681 tyranni
479 3607 690 3677 minas,
719 3625 791 3664 ne
821 3609 1077 3680 trepides
1117 3610 1189 3664 ad
1242 3627 1464 3681 pennas,
1492 3612 1677 3668 nitere
1724 3631 1860 3670 con-

210 3697 395 3755 stanti
427 3697 542 3754 ﬂde
573 3697 788 3754 imitari
822 3715 1050 3754 sorores
1081 3699 1153 3754 ad
1179 3697 1307 3754 coeli
1339 3698 1625 3771 palatium
1657 3719 1862 3775 praece-

211 3787 440 3844 dentes.

891 3891 1160 3932 CHABITAS
1170 3917 1182 3930 .

285 3965 483 4021 Taedet
513 3981 606 4021 me
635 3966 762 4020 vitae
794 3965 1118 4037 praesentis,
1153 3967 1325 4022 tazdet
1356 3971 1596 4024 terrenae
1630 3968 1860 4026 habita-

212 4055 411 4123 tionis,
447 4055 600 4128 quod
631 4055 829 4112 saltim
861 4055 932 4112 ad
964 4056 1263 4112 modicum
1294 4059 1575 4130 temporis
1624 4076 1863 4134 separor

212 4162 250 4206 ιι
279 4143 460 4204 vobis.

956 4251 1112 4290 SPES.

286 4323 520 4396 Depone
550 4323 788 4378 taedium
820 4328 876 4377 et
908 4324 1078 4380 tende
1105 4323 1177 4379 ad
1210 4327 1677 4395 praemium.Non
1702 4331 1858 4386 enim

213 4412 316 4467 diu
346 4411 773 4486 separabimur,
807 4413 910 4469 sed
942 4413 1106 4468 ocius
1137 4413 1197 4468 in
1227 4413 1372 4472 calo
1411 4417 1858 4488 conjungemur.

416 4535 426 4546 -
889 4518 1190 4559 CHARITAS.

285 4591 430 4661 Fiat,
461 4591 562 4647 fiat
582 4589 596 4646 ι

957 4696 1112 4735 SPES.

281 4769 462 4840 Euge,
495 4771 680 4822 mater
711 4766 979 4836 illustris,
999 4770 1331 4840 gaude,nec
1364 4771 1625 4844 tangaris
1649 4774 1718 4829 de
1744 4775 1856 4829 mei

207 4859 483 4932 passione
516 4856 763 4911 materni
797 4856 1036 4912 allectus
1069 4856 1299 4926 dolore;
1329 4860 1429 4914 sed
1458 4862 1663 4932 praefer
1694 4879 1856 4935 spem

208 4947 466 5013 mmrori,
498 4963 632 5002 eum
667 4961 760 5002 me
787 4945 988 5002 videas
1014 4964 1116 5018 pro
1152 4947 1382 5003 Christo
1417 4951 1584 5004 mori.

878 5051 1196 5091 ΒΑΡΙΕΝΤῙΛ.

281 5125 448 5180 Nune
479 5124 717 5197 quidem
749 5127 993 5197 gaudeo,
1027 5127 1127 5181 sed
1161 5131 1297 5181 tunc
1329 5128 1566 5183 tandem
1609 5131 1858 5200 perfecte

208 5214 512 5270 exsultans
559 5215 846 5287 gaudebo,
890 5216 1124 5287 quando
1173 5215 1258 5269 tui
1317 5217 1678 5274 sororculam
1732 5221 1856 5290 pari

209 5303 544 5360 conditione
570 5305 921 5360 exstinctam
955 5304 1097 5360 ecelo
1125 5303 1478 5376 praemisere,
1497 5311 1552 5361 et
1580 5323 1686 5378 ego
1719 5308 1856 5363 sub-

211 5411 425 5465 sequar
455 5397 770 5465 postrema.

955 5499 1111 5538 SPES.

261 5555 563 5628 'Percnnis
593 5571 851 5627 Trinitas
883 5577 1130 5628 resttuet
1159 5572 1264 5627 tibi
1300 5571 1357 5626 in
1390 5590 1574 5629 mvum
1615 5574 1855 5647 plenum

212 5663 436 5736 absque
469 5661 859 5721 diminutione
880 5661 1135 5721 ﬁliarum
1163 5679 1499 5721 numerum.

1225 349 1634 412 COMOEDI/E
1680 351 1848 412 SEX.
1899 385 1973 392 —
2018 351 2120 412 Vl.
2171 353 2608 414 SAPIENTIA.

213 479 509 552 grantiam
538 478 887 552 paradisiaci
918 483 1216 549 aromatis,
1251 499 1366 554 quo
1398 485 1602 542 nolens
1640 485 1862 558 cogeris
1890 485 1948 554 Α

3467 362 3622 420 1058

2643 503 2952 547 ΒΑΡΙΕΝΤΙΛο

2046 574 2402 645 Confortare,
2438 574 2586 644 filia;
2621 592 2932 648 percussor
2959 575 3183 634 invadit
3215 596 3322 636 nos
3353 579 3622 653 evagina-

1974 666 2033 720 to
2063 662 2278 735 gladio.

2719 769 2874 811 IPES.

2049 841 2260 896 Libens
2291 841 2392 896 66
2422 841 2644 913 excipio
2674 841 2959 913 gladium.
2985 845 3093 910 Tu,
3119 844 3364 912 Christe,
3389 848 3622 918 suscipe

1972 929 2247 1000 spiritum
2280 947 2383 1002 pro
2413 931 2495 985 tui
2546 932 2912 987 confessione
2966 934 3222 989 nominis
3269 937 3516 1007 ejectum
3551 938 3622 993 de

1973 1017 2306 1073 babitaoulo
2337 1019 2616 1090 corporis.

2637 1126 2951 1164 ΒΛΡΙΕΝἹΊΑ.

2043 1195 2087 1250 0
2117 1195 2452 1264 Charitatis,
2488 1197 2719 1252 soboles
2752 1198 2986 1270 inclyta,
3022 1217 3157 1271 spes
3189 1203 3336 1256 uteri
3362 1204 3474 1258 mei
3501 1204 3626 1258 uni-

1974 1301 2061 1353 ca,
2087 1303 2157 1340 ne
2175 1285 2483 1341 contristes
2508 1292 2756 1342 matrem
2779 1287 2994 1343 bonam
3018 1290 3101 1344 tui
3125 1291 3463 1348 certaminis
3485 1311 3620 1349 con-

1973 1375 2429 1430 summationem
2461 1382 2934 1448 exspectantem;
2971 1378 3071 1433 sed
3105 1395 3316 1451 sperne
3364 1399 3622 1454 prmsens

1974 1461 2134 1530 utile,
2160 1480 2274 1535 quo
2300 1465 2601 1535 pervenias
2633 1466 2704 1520 ad
2729 1466 3013 1538 gaudium
3043 1467 3621 1546 interminabile,quo

1972 1551 2056 1607 tui
2075 1568 2368 1624 germana:
2399 1553 2625 1626 fulgent
2656 1555 2887 1611 coronis
2919 1555 3155 1612 illibata;
3178 1557 3546 1632 virginitatis.

2647 1660 2942 1701 CHARITAS.

2046 1729 2203 1786 Fulci
2240 1747 2352 1798 me,
2388 1737 2594 1800 mater,
2629 1733 2902 1806 precibus
2933 1735 3137 1804 sacris,
3173 1740 3465 1808 quatenus
3505 1754 3624 1796 me-

1892 1858 1940 1925 B
1975 1833 2104 1876 rear
2131 1818 2413 1877 interesse
2444 1821 2677 1878 illarum
2709 1823 2962 1895 gaudiis.

2640 1928 2955 1968 BAPIBNTIA.

2041 1997 2224 2054 Exoro
2254 2002 2308 2054 te
2339 1999 2631 2058 ﬂnetenus
2661 2001 2720 2056 in
2754 2001 2868 2058 {ide
2899 2001 3218 2059 solidatum
3252 2006 3345 2073 iri,
3375 2021 3477 2064 nec
3511 2007 3618 2064 du-

1972 2087 2094 2144 bito
2127 2087 2229 2144 tibi
2258 2105 2510 2159 perenne
2543 2089 2870 2163 tripudium
2900 2093 3180 2149 donatum
3207 2093 3300 2149 iri.

2645 2196 2955 2239 ADRIANUS.

2043 2266 2332 2340 Charitas,
2381 2272 2682 2325 saturatus
2743 2271 3022 2326 conviciis
3073 2271 3159 2327 tui
3208 2289 3497 2343 sororum,
3541 2273 3623 2330 ni-

1973 2354 2276 2428 miumque
2307 2357 2686 2414 exacerbatus
2709 2375 2842 2414 sum
2866 2359 3092 2432 prolixa
3111 2362 3373 2418 oratione
3394 2380 3619 2420 earum.

1974 2443 2135 2499 Unde
2166 2445 2266 2500 diu
2316 2449 2510 2500 tecum
2566 2463 2681 2502 non
2733 2449 3040 2516 contendo,
3073 2451 3174 2506 sed
3207 2451 3295 2506 vel
3328 2452 3622 2525 obtempe-

1973 2537 2200 2588 rantem
2233 2534 2344 2588 mei
2379 2535 2528 2612 votis
2559 2535 2759 2591 ditabo
2791 2538 3066 2594 omnibus
3096 2539 3288 2610 bonis,
3311 2541 3396 2596 vel
3422 2546 3624 2599 contra

1973 2621 2290 2678 luctantem
2324 2623 2578 2680 afﬁciam
2613 2623 2806 2680 malis.

2646 2730 2938 2770 CHARITAS.

2045 2802 2648 2859 Bonum'cordetcnus
2677 2801 3017 2875 amplector,
3042 2810 3102 2861 et
3123 2804 3345 2863 malum
3377 2809 3619 2864 omnino

1973 2891 2247 2948 detestor.

2647 2987 2953 3038 nouimus.

2044 3071 2161 3125 Hoc
2187 3071 2292 3125 tibi
2329 3071 2701 3142 potissimum
2729 3072 2963 3127 salubre
2995 3072 3259 3146 mihique
3298 3080 3388 3131 est
3437 3076 3625 3147 placa-

1976 3159 2110 3227 bile,
2144 3159 2389 3231 ideoque
2423 3159 2542 3216 leve
2569 3159 2851 3232 quiddam
2883 3161 2989 3216 tibi
3021 3179 3292 3236 praepono
3333 3182 3474 3221 mea:
3503 3167 3620 3238 pie-

1894 3233 1938 3302 C
1973 3248 2113 3303 tatis
2144 3249 2350 3320 gratia.

2655 3355 2942 3396 CllARlTAS.

2043 3427 2233 3494 Quid?

2646 3536 2955 3576 ADRIANUS.

2042 3605 2143 3660 Dic
2179 3610 2406 3661 tantum
2433 3623 2446 3661 :
2481 3605 2673 3678 Magna
2703 3609 2911 3665 Diana!
2944 3615 3001 3665 et
3032 3626 3136 3682 ego
3169 3611 3323 3669 ultra
3345 3615 3416 3670 ad
3448 3616 3626 3672 sacri-

1973 3695 2270 3750 ﬁcandum
2305 3700 2360 3750 te
2392 3712 2508 3750 non
2541 3696 2847 3767 compello.

2645 3801 2922 3842 CHARITAS
2931 3828 2944 3840 .

2044 3873 2304 3929 Percerte
2340 3891 2454 3930 non
2489 3873 2637 3931 dico.

2638 3977 2950 4019 ADRIANUS.

2043 4053 2229 4118 Quare
2242 4051 2269 4105 ‘I

2647 4157 2941 4196 CllARITAS.

2043 4231 2189 4297 Quia
2220 4230 2451 4285 mentiri
2486 4229 2637 4285 nolo.
2673 4231 2789 4302 Ego
2831 4231 3069 4302 quidem
3101 4237 3159 4288 et
3201 4249 3430 4289 sorores
3480 4251 3620 4292 meae

1971 4321 2193 4377 eisdem
2226 4319 2568 4391 parentibus
2599 4320 2830 4392 genitae,
2853 4321 3089 4376 wisdom
3113 4323 3494 4386 sacramentis
3519 4325 3623 4380 im-

1972 4411 2126 4466 butae
2159 4425 2390 4476 sumus,
2424 4425 2544 4463 una
2573 4409 2896 4481 eodemque
2928 4410 3062 4465 ﬁdei
3095 4411 3429 4468 constantia
3460 4413 3620 4468 robo-

1972 4504 2130 4556 ratae.
2163 4500 2527 4571 Quapropter
2555 4497 2701 4553 scito
2726 4503 2992 4554 nostrum
3012 4497 3178 4569 velle,
3195 4504 3463 4556 nostrum
3489 4518 3620 4557 con-

1891 4611 1938 4681 ο
1971 4587 2206 4656 sentire,
2242 4592 2512 4643 nostrum
2545 4604 2769 4659 sapere,
2801 4605 2987 4643 unum
3020 4588 3294 4660 idemque
3324 4605 3474 4659 esse,
3513 4607 3618 4648 nec

1971 4695 2063 4735 me
2094 4678 2154 4732 in
2183 4677 2300 4734 ullo
2333 4695 2593 4750 unquam
2627 4677 2744 4734 illis
2775 4677 3078 4734 dissidere.

2646 4785 2946 4823 ADRIANUS.

2039 4857 2083 4912 Ο
2117 4857 2353 4928 injuria,
2390 4857 2544 4928 quod
2576 4874 2608 4912 a
2640 4855 2869 4913 tantilla
2917 4856 3094 4912 etiam
3146 4861 3486 4914 contemnor
3512 4858 3615 4914 ho-

1970 4947 2217 5003 mullula
2239 4947 2249 5000 !

2642 5049 2935 5091 CliAlllTAS.

2043 5128 2198 5184 Licet
2228 5125 2439 5182 tenella
2471 5127 2583 5179 sim
2617 5129 2806 5191 (etate,
2842 5131 3036 5180 tamen
3069 5141 3250 5197 gnara
3283 5143 3413 5183 sum
3445 5133 3498 5184 te
3531 5145 3617 5184 ar-

1966 5222 2311 5289 gumentosa
2345 5215 2719 5269 confundere.

2640 5319 2937 5360 ADRIANUS.

2036 5394 2323 5450 Abstrahe
2357 5393 2538 5458 illam,
2571 5392 2870 5459 Antioche,
2904 5397 2959 5447 et
2993 5393 3098 5460 fac,
3134 5397 3196 5447 ut
3230 5411 3518 5465 suspensa
3550 5396 3607 5451 in

1967 5484 2212 5556 equuleo
2243 5482 2514 5539 atrociter
2543 5482 2892 5536 verberetur.

2621 5587 2954 5627 ANTIOCHUS.

2037 5663 2248 5721 Vereor
2277 5660 2434 5734 quod
2463 5661 2700 5719 verbera
2727 5677 2841 5717 non
2871 5661 3244 5734 praevaleant.
