4084 6190
567 353 722 412 1059
1364 344 1894 407 HROTSUITH/E
1937 343 2310 408 MONIALIS
2354 347 3166 412 GANDERSHEIMENSIS.
3760 359 3872 420 {060

1238 494 1534 535 ADRIANUS.

636 585 697 641 Si
729 601 844 640 non
871 579 1240 654 praevaleant,
1261 575 1408 648 jube
1437 575 1629 631 tribus
1673 575 1970 632 continuis
1999 574 2208 630 diebus

565 691 631 732 ac
661 671 932 729 noctibus
961 669 1257 724 fornacem
1289 664 1565 722 succendi
1598 668 1656 721 et
1686 663 1848 720 illam
1889 663 2040 720 inter
2069 664 2206 731 bac-

562 765 801 820 chantes
835 759 1104 814 ﬂammas
1133 753 1360 827 projici.

1231 880 1302 919 CII
1308 875 1504 918 ARITAS
1513 903 1527 916 .

628 970 672 1026 Ο
695 968 961 1042 judicem
1010 965 1417 1036 impotentem,
1449 958 1552 1031 qui
1600 957 1817 1013 diffidit
1865 974 1927 1012 se
1978 957 2204 1028 absque

557 1058 739 1117 armis
765 1056 992 1130 ignium
1023 1056 1332 1109 octennem
1363 1050 1648 1104 infantem
1682 1063 1959 1119 superare
1988 1061 2160 1118 posse
2185 1045 2198 1100 l

1221 1172 1530 1214 ADBIANUB.

624 1264 756 1334 Abi,
783 1259 1087 1326 Antioche,
1115 1262 1174 1313 et
1203 1255 1536 1327 injunctum
1567 1251 1826 1308 ofﬁcium
1858 1251 2088 1323 perﬁce.

1232 1375 1528 1418 CHABITAS.

624 1468 864 1528 vaitia
897 1464 1136 1538 quidem
1157 1465 1269 1517 tua:
1289 1457 1700 1516 satisfaciendo
1721 1455 2078 1528 parebit,sed
2103 1471 2198 1512 me

552 1559 794 1616 minime
825 1553 1077 1622 nocebit,
1107 1551 1251 1624 quia
1279 1565 1385 1604 nec
1413 1548 1509 1603 61
1543 1546 1784 1602 verbera
1830 1545 1945 1600 mei
1993 1559 2198 1617 corpu-

551 1647 785 1706 sculum
834 1645 1110 1710 lacerare,
1143 1655 1250 1698 nec
1298 1637 1547 1694 flammae
1599 1651 1828 1692 comam
1873 1633 1962 1691 vel
2003 1638 2196 1692 vestes

551 1739 825 1814 poterunt
853 1734 1177 1790 obfuseare.

1215 1831 1522 1876 ADRIANUS.

619 1916 978 1991 Experietur.

1227 2011 1501 2054 CHABITAB
1511 2037 1522 2048 .

619 2095 983 2170 Experiatur.

1195 2191 1422 2250 SCENA
1455 2189 1552 2245 VI.

1219 2295 1523 2338 ADRIANUB.

613 2397 915 2464 Antioche,
947 2391 1090 2466 quid
1121 2387 1338 2464 pateris
1357 2387 1384 2442 ?
1415 2403 1520 2442 cur
1547 2385 1772 2440 tristior
1799 2383 1970 2440 solito
1999 2400 2188 2457 regre-

545 2490 702 2549 deris
715 2488 745 2544 ?

1195 2582 1532 2626 ANTIOCHUS.

611 2675 854 2745 Quando
882 2685 1122 2729 causam
1147 2667 1400 2724 tristitia:
1431 2661 1767 2736 experieris,
1799 2661 1952 2717 haud
1988 2661 2186 2717 minus

540 2764 927 2824 contristeris.

1205 2859 1510 2902 ADRIANUS.

608 2945 733 3015 Die,
763 2959 837 3000 ne
867 2939 1040 2997 celes.

1187 3038 1524 3080 ANTIOCHUS.

606 3129 978 3196 lllalasciva,
1015 3140 1194 3198 quam
1241 3121 1386 3177 mihi
1436 3117 1811 3176 eruciandam
1861 3116 2176 3184 tradidisti,

533 3219 794 3294 puellula
823 3233 918 3272 me
948 3218 1232 3288 praesente
1264 3207 1688 3281 ﬂagellabatur,
1723 3207 1823 3262 sed
1865 3223 1935 3260 ne
1985 3206 2177 3263 tenuis
2206 3226 2250 3293 ρ

533 3309 769 3382 quidem
801 3304 956 3362 cutis
986 3303 1398 3358 summotenus
1426 3295 1924 3367 disrumpebatur.
1957 3295 2176 3352 Deinde

2236 482 2294 548 Α

2950 483 3177 540 SGENA
3210 483 3337 542 VII.

2970 587 3312 630 ANTIOCHUS.

2386 657 2598 732 Detege
2655 661 2886 728 duram,
2929 660 3219 732 Charitas,
3272 663 3568 734 cervicem,
3612 670 3665 722 et
3710 669 3870 726 sustine

2315 749 2676 818 percussoris
2705 763 2928 808 ensem.

2993 854 3284 896 CHARI‘I'AS.

2385 923 2448 977 In
2471 923 2580 978 hoc
2596 942 2713 980 non
2735 925 2954 981 renitor
2969 927 3055 982 tui
3075 929 3352 997 v0tis,sed
3369 929 3714 1006 libenspareo
3719 935 3868 1006 jussis.

2975 1041 3041 1080 SA
3054 1041 3295 1082 PIENTIA.

2380 1109 2567 1180 Nunc,
2601 1129 2780 1181 nunc,
2815 1112 2956 1181 ﬁlia,
2990 1113 3616 1186 gratulandum;nune
3632 1117 3686 1174 in
3703 1119 3870 1176 Christo

2307 1202 2398 1254 est
2427 1201 2828 1272 gaudendum,
2861 1217 2966 1256 nec
2997 1205 3087 1257 est
3136 1218 3264 1273 quas
3312 1204 3570 1261 mordeat
3611 1220 3750 1276 cura,
3775 1207 3873 1279 quia

2307 1302 2514 1344 secura
2543 1304 2676 1345 sum
2705 1287 2777 1344 de
2806 1293 2909 1345 tua
2930 1287 3192 1345 victoria.

2981 1400 3274 1442 CHARITAS.

2377 1475 2654 1548 Imprime
2709 1473 2855 1530 mihi
2916 1477 3126 1542 mater,
3164 1475 3459 1546 osculum,
3503 1481 3558 1533 et
3599 1480 3873 1538 commenda

2305 1565 2530 1621 iturum
2559 1562 2793 1620 Christo
2823 1562 3118 1636 spiritum.

2971 1677 3286 1720 SAPIENTIA.

2373 1751 2480 1818 Qui
2507 1755 2563 1806 te
2610 1751 2670 1806 in
2719 1766 2846 1808 meo
2892 1755 3056 1808 utero
3115 1751 3447 1822 vivificavit,
3479 1753 3600 1827 ipse
3654 1755 3870 1828 suscipiat

2221 1853 2270 1921 Β
2303 1840 2582 1908 animam,
2617 1856 2795 1913 quam
2828 1839 3056 1898 coalitus
3088 1839 3414 1914 inspiravit.

2978 1952 3273 1996 CHARITAS.

2374 2027 2526 2094 Tibi,
2557 2026 2801 2098 Christe,
2835 2027 3038 2101 gloria,
3073 2028 3176 2100 qui
3208 2045 3302 2085 me
3331 2029 3404 2086 ad
3444 2035 3499 2088 te
3546 2030 3743 2088 vocasti
3779 2047 3870 2088 cum

2304 2117 2566 2190 martyrii
2597 2116 2814 2188 palma.

2966 2221 3088 2262 ΘΛΡί
3096 2222 3262 2262 BNTIA
3269 2249 3282 2260 .

2369 2295 2530 2366 Vale,
2561 2294 2754 2369 proles
2783 2293 3148 2363 dulcissima,
3172 2299 3230 2350 et
3257 2311 3392 2352 cum
3426 2296 3646 2354 Christo
3665 2295 3870 2370 jungat-is

2299 2385 2358 2440 in
2385 2384 2550 2454 caelo,
2581 2387 2873 2441 memento
2923 2384 3132 2440 matris
3167 2383 3296 2455 jam
3347 2389 3624 2444 matronae
3662 2386 3808 2444 silete
3834 2391 3869 2440 te

2297 2472 2599 2548 parientis.

2912 2561 3141 2618 SCENA
3178 2561 3326 2619 VIII.

2957 2667 3270 2708 SAPIENTIA.

2362 2741 2696 2810 Convenite,
2727 2739 2992 2797 illustres
3023 2747 3325 2809 matronis,
3359 2745 3418 2798 et
3451 2758 3694 2799 mearum
3741 2741 3866 2796 cada-

2292 2847 2427 2888 vera
2457 2829 2711 2888 filiarum
2737 2845 2971 2886 mecum
3003 2828 3263 2902 sepelito.

2961 2952 3268 2992 MATRONB.

2359 3023 2719 3098 Corpuscula
2749 3025 3110 3082 aromatibus
3161 3026 3498 3095 condimus,
3528 3031 3582 3082 et
3620 3023 3861 3096 exsequias

2290 3115 2608 3172 honorifice
2639 3113 3023 3172 celebramus.

2957 3239 3271 3278 ΒΑΡΙΕΝΤΙΔ.

2356 3312 2607 3370 Grandis
2637 3311 3018 3384 benignitatis
3047 3316 3106 3368 et
3135 3311 3286 3368 mira
3315 3311 3527 3384 pictas,
3559 3329 3715 3384 quam
3753 3308 3861 3364 mihi

530 3381 749 3472 projeci
791 3393 956 3450 illam
1002 3390 1064 3446 in
1112 3390 1428 3457 fornacem,
1460 3384 1700 3458 igneum
1759 3381 2010 3440 colorem
2059 3400 2175 3457 pra)
2283 3401 2626 3476 impenditis
2657 3381 2890 3473 ωθίᾷυθ
2918 3399 3190 3457 mortuis.

531 3485 715 3542 nimio
729 3481 950 3542 'ardorc
977 3476 1418 3552 exprimentem.

2951 3523 3258 3564 ΜΑΤΒΟΝΒ.

1194 3596 1508 3640 ADRIANUS.

2354 3601 2490 3666 Qum
2504 3598 2614 3656 tibi
2631 3600 2771 3656 sunt
2783 3597 3094 3654 commoda
3107 3596 3492 3671 exsequimur
3501 3601 3679 3657 mente
3686 3595 3862 3652 devota.

597 3682 715 3740 Cur
742 3675 1086 3739 dissimulas
1114 3672 1324 3747 loqui?
1349 3671 1584 3744 Expone
1607 3669 1830 3728 exitum
1863 3671 1966 3728 rei.
2942 3720 3258 3765 summa.

1179 3793 1518 3838 ANTIOCHUB.
2353 3797 2480 3855 Non
2510 3795 2734 3853 αυδίιο,

595 3886 861 3946 Flamma
918 3881 1128 3955 erupit,
1185 3883 1243 3934 et
1301 3878 1562 3950 quinque
1619 3873 1806 3932 millia
1863 3874 2172 3932 hominum
2949 3899 3256 3940 ωΑτιιοΝλι,

525 3976 872 4037 combussit.
2351 3974 2461 4032 Ubi
2491 3975 2578 4030 vis
2610 3973 2820 4048 eligere
2850 3971 3044 4030 locum
3076 3971 3394 4046 sepultura:
3413 3973 3442 4028 ?

1199 4073 1485 4116 ADRIANUB
1495 4100 1504 4112 -
2949 4095 3264 4137 BAPIENTIAo

593 4158 663 4215 Et
695 4155 835 4229 quid
867 4152 1113 4226 contigit
1140 4149 1272 4206 illi?

2351 4171 2543 4228 Tertio
2577 4169 2850 4229 milliaria
2881 4170 2953 4227 ab
2984 4169 3158 4241 Urbe,
3189 4169 3238 4225 si
3275 4169 3444 4225 vobis
3494 4184 3606 4227 non
3651 4161 3856 4238 displicet

1173 4270 1511 4313 amoenus.
2278 4261 2600 4336 prolixitas.

591 4348 874 4411 Charitati
889 4347 918 4405 ?
2945 4364 3248 4406 muscum.

1195 4450 1496 4492 ADNANUS-
2346 4443 2474 4502 Non
2505 4439 2796 4514 displicet,
2829 4441 2931 4498 sed
2963 4439 3116 4498 elata
3143 4439 3348 4496 funera
3381 4436 3547 4510 sequi
3575 4433 3757 4510 placet.

591 4529 728 4606 193"
2195 4603 2235 4614 _
2919 4555 3148 4614 SCENA
3186 4554 3276 4612 1x.

1173 4627 1492 4670 ANTIOCBUS
1500 4653 1512 4666 .
2194 4603 2244 4672 Β
2919 4603 3251 4703 »ἐζ

590 4717 827 4774 Ludens
855 4715 1008 4772 inter
1053 4711 1482 4770 flammivomos
1530 4723 1772 4782 vapores
1802 4711 2158 4784 Vagabatur,
2341 4737 2485 4794 Ecce
2513 4735 2697 4794 locus.

517 4812 575 4864 et
604 4806 705 4864 illa
751 4805 956 4862 laudes
1006 4802 1122 4859 Deo
1172 4818 1279 4858 suo
1329 4799 1653 4874 pangebat;
1686 4797 1770 4854 illi
1820 4799 2018 4868 etiam,
2060 4800 2161 4872 qui
2941 4840 3245 4881 MATRONB_

515 4896 826 4969 diligenter
853 4893 1175 4966 inspexere,
1211 4891 1472 4945 ferebant
1493 4893 1609 4944 tres
1631 4888 1980 4944 eandidulos
2009 4890 2162 4946 viros

2343 4917 2444 4974 68
2477 4915 2578 4972 Hie
2610 4931 2818 4988 nempe
2849 4914 3149 4970 servandis
3182 4911 3445 4985 reliquiis
3475 4915 3562 4968 est
3591 4909 3757 4981 aptus.

515 5003 653 5043 eum
685 4985 786 5040 illa
816 4980 1245 5039 deambulassc.

2937 5037 3246 5078 SAPIBNTIA.

2937 5037 3246 5078 SAPIBNTIA.

2345 5111 2641 5169 Floseulos
2673 5111 2820 5167 uteri
2874 5111 2988 5166 mei
3021 5109 3148 5177 tibi,
3182 5114 3357 5176 terra,
3389 5104 3692 5163 servandos
3731 5109 3852 5153 com-

586 5191 880 5248 Erubesce
911 5187 1073 5242 illam
1119 5185 1274 5241 ultra
1327 5184 1543 5254 videre,
1576 5185 1715 5256 quia
1743 5200 1968 5258 nequeo
1995 5185 2158 5244 illam
2270 5203 2460 5271 mmo,
2494 5219 2642 5274 quos
2675 5206 2736 5256 tu
2770 5198 3057 5256 materia“
3098 5199 3233 5254 sinu
3281 5199 3487 5263 fove“),
3519 5195 3687 5251 donec
3715 5189 3763 5242 in
3788 5198 3852 5274 φ,

1182 5103 1492 5142 ADRIANUS.

515 5281 744 5338 laedere-
2269 5271 2629 5350 surrectione
2660 5288 2868 5362 majori
2889 5287 3304 5344 revirideseant
3317 5285 3522 5358 gloria.
3541 5283 3609 5340 Et
3623 5271 3856 5362 ω,οὴήὲ

1164 5379 1505 5419 ΑΝτιοοηυει
2266 5387 2346 5451 te,
2375 5379 2603 5438 animas
2634 5360 2869 5434 interim
2900 5376 3082 5449 imple
3111 5375 3540 5450 splendoribus,
3563 5373 3698 5429 dans
3727 5360 3852 5438 βτί·

586 5460 785 5516 Restat
810 5461 874 5512 ut
906 5455 1228 5528 perimatur
1256 5452 1472 5525 gladio.
2265 5473 2438 5530 ﬂeam
2470 5469 2733 5542 requiem
2765 5467 3021 5526 ossibus,

1177 5573 1487 5618 ADRIANUS.
2942 5581 3246 5624 UATRONJE.

583 5662 702 5721 Hoc
733 5663 837 5721 ﬁat
865 5659 1088 5738 absque
1119 5673 1302 5718 more.
2165 5683 2168 5686 ι
2335 5661 2541 5720 Amen.
