4084 6190
322 278 476 335 1065
1292 278 1661 339 lllSTOltlA
1710 277 1905 337 lN'l‘Al

2122 279 2249 337 DEI
2297 279 2754 341 GENITRICIS.
3562 282 3717 345 l066

321 410 415 465 13
449 408 614 475 Hinc,
649 409 789 480 quia
818 409 1076 481 virgineo
1108 408 1352 480 portasti
1379 412 1579 463 ventre
1610 406 1805 479 puella

387 496 709 565 Inclusum,
743 502 956 552 cuncta
983 498 1084 569 qui
1113 498 1264 569 regit
1288 497 1555 568 imperio.

311 586 464 643 Olim
498 587 599 643 sed
631 584 878 642 stultum
908 585 1015 641 fari
1046 585 1145 658 qui
1172 587 1356 657 jussit
1385 584 1655 640 asellum.

382 677 444 731 In
480 676 712 731 laudem
744 674 932 730 sancti
966 674 1221 731 nominis
1254 674 1348 730 ille
1382 674 1494 741 sui,

311 768 507 837 Teque
538 783 640 838 per
668 764 998 837 angelicum
1039 764 1191 831 fecit,
1226 763 1590 834 virguncula,
1626 764 1885 829 verbum,

382 857 461 911 De
493 859 696 910 sancto
726 854 901 923 digne
935 854 1192 909 Flamine
1224 853 1548 924 concipere,

308 948 499 1016 Atque
525 961 644 999 sua:
678 942 857 1014 prolis
888 948 1134 998 matrem
1166 941 1291 997 sine
1324 942 1494 996 sorde
1528 941 1767 1013 pudoris

384 1034 610 1101 Eﬂ‘eeit,
647 1030 875 1087 cunctis
906 1030 1254 1087 dissimilem
1292 1029 1535 1097 meritis,

1992 416 2046 474 Λ
2078 409 2135 463 Si
2170 408 2377 480 placet,
2413 411 2536 483 ipse
2564 428 2751 467 meam
2784 412 2935 484 potis
2968 416 3056 469 est
3086 412 3399 469 dissolvere
3428 400 3712 487 linguam,

2144 499 2214 553 Et
2244 515 2343 553 cor
2373 516 2498 555 rore
2528 518 2647 556 suae
2679 506 2917 573 tangere
2945 502 3226 574 gratiolaz,

2071 590 2192 652 Quo
2226 593 2536 659 prcestante
2569 607 2687 645 sua:
2720 590 2881 645 mitis
2907 591 3059 645 dono
3092 588 3326 663 pietatis

2143 677 2318 731 Grata
2348 677 2459 731 sibi
2491 694 2765 750 pangam,
2798 680 2853 732 te
2892 695 3143 751 quoque,
3174 678 3369 751 Virgo,
3405 695 3611 735 canam

2072 765 2151 819 Ne
2183 780 2378 819 comes
2410 765 2653 837 ingratis
2682 768 3191 838 condemnerjure
3226 767 3475 839 pigellis,

2143 855 2298 918 Quos
2330 855 2487 926 piget
2510 854 2839 911 Altithrono
2873 855 3120 927 psallere
3152 874 3253 928 pro
3288 855 3544 922 modulo,

2073 943 2183 997 Sed
2219 960 2386 1015 mage
2419 960 2776 1015 purpureum
2814 945 3051 1000 laudare
3082 945 3414 1015 perenniter
3450 946 3681 1017 Agnum

2146 1032 2506 1102 Promercar,
2539 1033 2751 1087 turmis
2783 1033 2983 1088 addita
3010 1032 3307 1105 virgineis.

1593 1357 2458 1495 HlSTOBIA

656 1587 1366 1676 NATIVITATIS
1423 1585 2333 1699 LAUDABILISQUE
2392 1586 3394 1677 CONVERSATIONIS

1355 1769 1774 1870 Intactas
1860 1768 2059 1869 Dei
2148 1769 2677 1871 Genitricio‘

566 1972 787 2044 QUAM
830 1970 1231 2032 SClth'l‘AM
1277 1970 1563 2030 REPERI
1606 1968 1755 2031 SUB
1802 1967 2108 2030 NOMINE
2152 1968 2431 2030 SANCTI
2474 1969 2739 2032 JACOBI
2788 1970 3122 2031 FltATRIS
3167 1971 3472 2034 DOMINI.

383 2309 585 2366 Mundi
614 2308 864 2364 labentis
893 2307 1098 2364 lustris
1129 2322 1264 2361 nam
1297 2304 1459 2360 mille
1491 2306 1767 2377 peractis,

314 2399 556 2472 lncmpit
585 2398 817 2471 quando
849 2397 984 2453 felix
1014 2394 1249 2454 aetatula
1276 2401 1456 2461 sexta,

310 2480 435 2554 Qua
464 2486 618 2543 Deus
638 2484 867 2557 impleri
884 2482 1068 2555 jussit
1100 2483 1311 2556 pietate
1340 2481 1515 2549 fideli,

310 2572 603 2648 Quidquid
634 2589 867 2629 veraces
889 2572 1015 2644 jam
1045 2570 1399 2642 prmeinuere
1430 2568 1742 2640 prophetzr,

310 2664 419 2730 Qui
450 2664 670 2719 mundo
694 2662 897 2719 Jesum
928 2678 1064 2715 mox
1092 2659 1407 2733 praedixere
1446 2658 1709 2712 futurum

315 2752 590 2810 Germiue
615 2752 687 2808 de
713 2751 889 2817 Juda,
922 2748 1164 2821 quidam
1198 2750 1527 2803 surrexerat
1557 2761 1693 2816 ergo

319 2838 494 2898 Israel
523 2840 585 2895 in
616 2843 769 2895 terra
799 2838 1013 2906 senior,
1047 2836 1157 2891 sub
1186 2836 1310 2908 lege
1340 2838 1589 2901 vetusta,

310 2930 489 2986 Ortus
522 2918 699 3002 regali
732 2927 911 2984 David
942 2927 1013 2981 dc
1044 2924 1305 2997 germine
1336 2922 1555 2996 magni,

311 3022 494 3086 Quem
529 3017 773 3073 tradunt
803 3015 1016 3070 etenim
1051 3029 1263 3068 nomen
1296 3010 1558 3066 tenuisse
1588 3010 1875 3065 Joachim.

312 3108 417 3163 llic
448 3107 508 3162 in
541 3105 837 3162 mandatis
867 3100 1178 3176 genetricis
1208 3102 1279 3155 ab
1312 3100 1488 3154 ubere
1520 3098 1665 3171 legis

311 3198 627 3253 Exstiterat
647 3197 872 3268 justus,
906 3210 1011 3249 nec
1043 3209 1158 3248 non
1190 3190 1365 3263 digno
1396 3189 1718 3245 studiosus.

310 3276 430 3342 Hoc
460 3301 693 3358 quoque
722 3282 998 3339 continuo
1033 3282 1220 3335 fuerat
1246 3295 1361 3334 sua
1398 3277 1653 3333 maxima
1690 3293 1853 3343 cura,

316 3378 417 3432 14
446 3375 519 3431 Ut
546 3372 739 3457 gregis
763 3373 888 3444 ipse
905 3388 1013 3442 sua
1028 3370 1175 3426 bene
1192 3372 1458 3440 pasceret
1478 3365 1717 3438 agmina
1738 3366 1959 3440 magni,
1993 3429 1997 3433 _

314 3464 662 3538 Designans,
691 3460 810 3517 veri
842 3476 972 3515 sese
1002 3457 1257 3532 pastoris
1289 3455 1513 3524 haberi,

312 3548 571 3626 Dignum
603 3548 1079 3623 quandoquidem
1110 3544 1372 3601 terrestri
1417 3561 1590 3599 carne
1638 3546 1959 3616 parentem,

316 3641 425 3709 Qui
455 3644 686 3714 portare
715 3639 841 3694 suis
872 3637 1135 3692 humeris
1168 3650 1285 3688 non
1315 3632 1548 3687 distulit
1575 3648 1781 3705 agnos,

314 3726 383 3786 In
412 3727 665 3804 pr0priis
694 3727 822 3782 vita:
851 3726 1072 3781 ducens
1101 3722 1176 3777 ad
1208 3719 1423 3795 gaudia
1441 3719 1604 3788 laeta),

314 3814 606 3874 Passurus
628 3820 899 3882 mortem,
933 3828 1215 3885 magnum
1248 3810 1432 3865 nostri
1466 3826 1568 3881 per
1606 3824 1887 3876 amorem,

312 3906 751 3980 Empturusquc
781 3920 911 3960 reos
941 3902 1152 3958 animae
1185 3899 1369 3972 pretio
1401 3898 1513 3954 sibi
1536 3898 1745 3952 charte.

385 3995 490 4053 Hic
518 3992 691 4050 heros
720 3990 957 4062 etenim,
989 3990 1061 4045 de
1090 4005 1207 4061 quo
1247 3988 1517 4055 narrabo,
1548 3986 1816 4042 Joachim
1864 3986 1869 3992 '

314 4085 440 4141 Tali
458 4066 731 4157 ,percerte'
757 4080 896 4136 felix
926 4077 1258 4150 patriarcha
1292 4080 1517 4157 nepote.
1670 4068 1673 4071 ’

313 4154 552 4231 Toto—se
582 4169 829 4245 placidis
861 4166 1078 4225 ornans
1109 4154 1639 4232 conamine'factis,

315 4261 610 4335 Quidquid
639 4256 903 4333 possedit
932 4275 1034 4332 per
1063 4262 1180 4312 tres
1211 4260 1407 4328 partes
1438 4252 1737 4320 resecavit,

316 4351 547 4409 Partem
576 4351 725 4405 dans
750 4345 963 4414 viduis,
997 4342 1318 4417 peregrinis
1348 4347 1521 4413 atque
1553 4338 1781 4412 puellis.

314 4440 541 4513 Saepius
569 4438 631 4493 in
660 4434 878 4508 templo
909 4438 1134 4507 partem
1167 4429 1591 4487 famulantibus
1624 4446 1781 4501 ergo,

316 4519 785 4599 Particulamque
812 4541 931 4580 suae
963 4521 1163 4577 domui
1197 4522 1525 4576 servaverat
1553 4519 1736 4573 omni.

314 4619 432 4674 Hoc
462 4633 696 4690 quoque
726 4631 842 4669 non
872 4628 1002 4668 raro
1035 4610 1253 4666 faciens
1284 4609 1498 4680 pietate
1530 4607 1803 4680 benigna,

314 4708 499 4780 Digne
532 4703 858 4760 mercedem
890 4698 1149 4770 suscepit
1177 4696 1429 4768 denique
1462 4695 1658 4764 talem,

312 4796 389 4851 Ut
417 4793 655 4867 propria
685 4786 1076 4847 substantiola
1106 4787 1254 4842 bene
1281 4784 1690 4856 multiplicata,

314 4884 507 4955 lpsius
538 4886 741 4957 gentes
771 4893 1038 4952 proceres
1069 4874 1420 4946 praecelleret
1448 4890 1673 4941 omnes,

313 4973 429 5028 Nec
460 4971 571 5027 sibi
604 4966 969 5025 consimilem
1002 4969 1259 5038 portaret
1289 4968 1441 5017 terra
1473 4966 1789 5033 potentem,

314 5065 499 5129 Quem
530 5059 615 5115 sic
644 5060 990 5113 cunctarum
1023 5052 1253 5109 fulciret
1282 5050 1450 5122 copia
1480 5067 1700 5104 rerum.

384 5152 667 5216 Quattaor
697 5145 834 5201 hinc
864 5149 1017 5200 certe
1050 5158 1185 5198 cum
1210 5141 1338 5212 jam
1373 5137 1617 5194 feliciter
1649 5137 1773 5211 ipse

312 5238 541 5294 Viveret
570 5237 630 5291 in
659 5250 897 5292 summa
925 5234 1161 5288 fortuna
1189 5228 1377 5285 lustra
1408 5230 1616 5295 rotata,

312 5327 492 5383 Vultu
524 5323 934 5400 perpulchram
966 5321 1079 5376 sibi
1108 5316 1483 5390 desponsavit
1511 5315 1787 5386 amicam,

312 5417 428 5473 Nec
462 5432 575 5470 non
608 5411 976 5486 praenitidam
1009 5406 1322 5465 laudandis
1354 5404 1620 5461 moribus
1653 5406 1882 5460 Annam

311 5508 359 5561 A
382 5501 576 5560 charis
604 5506 827 5568 natam,
861 5497 1041 5555 David
1072 5498 1144 5553 de
1168 5496 1350 5569 stirpe
1380 5498 1656 5560 creatam,

314 5593 549 5655 Fwder'e
578 5589 751 5667 legali
780 5588 1012 5664 proprie
1043 5586 1221 5660 quam
1246 5582 1445 5656 junxit
1474 5582 1681 5642 amori.

652 5692 942 5791 'Pmot.
989 5721 1323 5787 CXXXVII.

1990 2291 2039 2354 B
2071 2287 2229 2343 Hanc
2246 2291 2439 2343 autem
2461 2292 2805 2355 memorant,
2821 2287 3079 2343 sterilem
3098 2305 3215 2343 non
3233 2290 3493 2360 tempore
3513 2305 3708 2360 parvo,

2070 2376 2245 2448 Spem
2276 2381 2478 2448 partus
2509 2376 2733 2430 homini
2768 2376 2992 2432 nullam
3025 2377 3288 2434 conferre
3327 2376 3504 2444 ﬁdeli,

2068 2464 2355 2532 Tandem,
2385 2464 2631 2537 digestis
2661 2465 2752 2520 bis
2783 2466 2948 2522 denis
2977 2465 3198 2523 scilicet
3227 2466 3419 2534 annis,

2069 2552 2323 2625 Contigit
2352 2554 2413 2608 in
2444 2553 2662 2625 templo
2690 2554 2981 2623 Joachim,
3012 2554 3123 2609 sub
3154 2558 3414 2627 tempore
3447 2556 3614 2621 festo,

2071 2642 2227 2697 Inter
2255 2646 2515 2697 sacratos
2546 2641 2748 2697 altaris
2774 2645 2928 2697 stare
2958 2641 3281 2709 ministros,

2070 2729 2380 2786 Incensum
2412 2730 2574 2803 digni
2607 2729 2836 2785 fuerant
2865 2730 2965 2801 qui
2990 2746 3204 2801 ponere
3232 2729 3361 2798 visi,

2071 2821 2253 2885 Quem
2286 2819 2489 2874 Ruben
2522 2817 2725 2890 templi
2758 2818 2900 2873 dum
2931 2819 3076 2874 vidit
3105 2818 3300 2875 scriba
3329 2819 3561 2889 sacrati,

2070 2908 2324 2963 Exosum
2356 2908 2574 2963 factum
2606 2907 2779 2963 dictis
2810 2908 3022 2963 affatur
3053 2907 3292 2964 amaris.

2071 2996 2192 3051 Non
2218 2995 2355 3052 licet
2386 2997 2713 3063 incensum,
2749 2995 2912 3064 dixit,
2948 3001 3001 3052 te
3033 3000 3271 3069 tangam
3311 3000 3606 3066 sanctum,

2075 3087 2112 3139 7
2127 3084 2171 3140 5
2202 3085 2446 3140 Munera
2475 3102 2580 3140 nec
2612 3084 2859 3140 Domino
2890 3088 3129 3157 praestat
3147 3085 3284 3140 dare
3307 3084 3715 3154 sacriﬁcanda,

2071 3174 2151 3228 Te
2183 3172 2320 3245 quia
2348 3172 2629 3245 despexit,
2663 3172 2884 3229 sobolis
2914 3190 3049 3228 cum
3081 3172 3236 3229 dona
3264 3173 3515 3246 negavit.

2141 3261 2267 3317 Non
2316 3261 2477 3316 dedit
2505 3265 2767 3317 econtra
2815 3261 3057 3317 verbum
3104 3261 3192 3317 vir
3241 3261 3454 3319 nobilis
3503 3261 3713 3333 ullum,

2072 3351 2184 3408 Sed
2216 3366 2467 3406 mcerens
2499 3350 2663 3418 abiit,
2696 3349 2876 3406 silvas
2906 3349 3207 3422 tristisque
3238 3350 3458 3424 petivit,

2072 3441 2135 3497 In
2168 3439 2336 3512 queis
2365 3456 2518 3512 smpe
2543 3456 2778 3512 gregem
2809 3439 3111 3497 consuevit
3137 3455 3374 3511 pascere
3397 3439 3643 3512 pridem.

2069 3532 2170 3598 Ac,
2204 3529 2263 3584 in
2294 3528 2679 3601 longinquam
2712 3545 2960 3601 pergens
2991 3545 3094 3600 per
3123 3528 3290 3585 devia
3313 3532 3552 3596 terram,

1990 3659 2034 3725 Ε
2075 3618 2275 3689 Ipsum
2306 3634 2440 3672 cum
2466 3616 2720 3689 propriis
2752 3633 2953 3672 secum
2985 3617 3250 3672 ducendo
3281 3616 3601 3689 magistris,

2076 3707 2171 3725 IIS,
2209 3705 2257 3725 3η
2304 3704 2537 3725 --Αμ-ι2ᾉ
2571 3703 2758 3725 1ᾉ.Δ3λ-ι
2794 3705 3079 3725 ..-.--η...ι-
3118 3703 3355 3725 ιηι-ι...ε-

2075 3707 2178 3762 Hic
2207 3705 2269 3760 in
2300 3704 2540 3760 secretis
2570 3703 2763 3759 latitat
2792 3705 3086 3776 pascendo
3117 3703 3379 3771 latebris,

2071 3795 2186 3851 Nec
2216 3798 2350 3866 post
2378 3794 2449 3849 ad
2481 3792 2733 3865 patriam
2763 3791 2984 3864 placuit
3014 3807 3271 3847 remeare
3304 3791 3595 3860 relictam,

2073 3884 2290 3939 Passus
2320 3898 2575 3954 namque
2606 3897 2840 3954 gravem
2864 3884 3089 3936 secreta
3113 3884 3309 3936 mente
3330 3872 3613 3953 pudorem

2070 3973 2152 4028 Ex
2183 3972 2386 4028 Ruben
2415 3969 2628 4036 verbis,
2662 3969 2762 4041 qui
2788 3986 2852 4025 se
2881 3972 3176 4037 causatur,
3207 3960 3447 4024 amaris.

2145 4061 2332 4132 Hujus
2390 4062 2649 4132 percerte
2703 4061 2836 4129 post
2890 4073 3123 4127 menses
3182 4055 3398 4130 inclyta
3450 4056 3714 4130 quinque

2071 4148 2316 4221 Conjux,
2350 4149 2689 4220 desperans,
2722 4144 2893 4201 illum
2916 4146 3044 4217 jam
3074 4144 3261 4202 vivere
3284 4144 3541 4216 salvum,

2073 4240 2136 4295 In
2168 4239 2322 4295 soles
2351 4237 2524 4305 ﬂevit,
2558 4253 2665 4292 nec
2694 4235 2955 4292 solamen
2986 4234 3098 4292 sibi
3128 4233 3297 4291 scivit

2073 4328 2306 4399 Ilusque
2327 4343 2527 4399 preces
2559 4325 2805 4380 Domino
2838 4324 3118 4397 profudit,
3151 4323 3319 4380 triste
3348 4324 3597 4383 dolendo
3631 4342 3643 4380 :

2075 4416 2306 4473 Israelis
2341 4416 2573 4482 Hector,
2603 4412 2764 4469 solus
2797 4429 3028 4485 quoque
3056 4412 3246 4486 gentis
3276 4408 3520 4480 amator,

2074 4506 2182 4572 Qui
2215 4521 2447 4576 semper
2477 4503 2698 4559 refoves
2730 4502 2860 4558 miti
2893 4502 3110 4574 pietate
3140 4499 3402 4556 dolentes

2074 4595 2191 4650 Cur
2220 4593 2493 4649 mihimet
2520 4593 2749 4647 socium
2780 4590 3015 4648 voluisti
3050 4588 3251 4647 tollere
3279 4589 3549 4655 charum,

2072 4684 2309 4738 Addens
2339 4684 2646 4737 man-orem
2682 4680 2832 4737 tristi
2866 4694 3211 4749 semperque
3239 4677 3480 4747 dolenti,

2076 4773 2239 4839 Quod
2269 4788 2501 4842 semper
2539 4768 2755 4825 sterilis
2803 4766 3016 4834 mansi,
3048 4766 3177 4821 sine
3225 4766 3488 4839 germine
3532 4768 3722 4824 ventri

2076 4862 2189 4915 Sed
2222 4876 2376 4915 nunc
2409 4857 2649 4929 majoris
2678 4855 2891 4910 vulnus
2922 4855 3155 4926 suspiro
3187 4854 3425 4924 doloris,

2076 4950 2212 5018 Hoc,
2264 4949 2403 5021 quia
2454 4965 2558 5002 nec
2616 4945 2869 5018 penitus,
2920 4945 3061 5016 quid
3109 4945 3417 5015 conferret,
3450 4945 3590 5013 scio,
3624 4961 3722 5003 cas

1995 5031 2045 5093 D
2079 5037 2272 5111 Legali
2304 5036 2551 5093 Domino
2583 5033 2783 5089 devolo
2812 5033 2958 5106 legis
2987 5032 3196 5089 amico.

2078 5130 2122 5186 Ο
2156 5144 2248 5183 me
2274 5126 2523 5192 felicem,
2557 5123 2607 5179 si
2639 5122 2835 5179 saltim
2868 5138 3105 5178 noscere
3136 5138 3391 5194 possem,

2079 5218 2283 5274 Utrum
2317 5230 2474 5270 mors
2506 5212 2674 5267 illum
2705 5212 2899 5268 subito
2931 5212 3194 5267 sorberet
3222 5228 3446 5277 amara,

2074 5310 2160 5363 An
2194 5308 2484 5360 frueretur
2514 5302 2705 5358 adhuc
2735 5300 2925 5357 calida
2951 5300 3203 5357 vitaliter
3229 5318 3390 5371 aura,

2075 5397 2262 5464 Certe,
2296 5394 2347 5451 si
2378 5393 2611 5459 scirem,
2647 5408 2760 5446 non
2787 5391 2891 5463 jus
2923 5389 3188 5445 mmroris
3219 5389 3516 5445 haberem.

2074 5487 2330 5543 Tantum
2363 5499 2498 5540 cum
2532 5479 2791 5537 tenebris
2819 5478 2917 5536 leti
2948 5478 3359 5535 succumberet
3389 5477 3531 5534 atris

2076 5578 2296 5646 Funus,
2332 5573 2435 5634 sed
2468 5586 2705 5632 summa
2735 5567 2984 5639 colerem
3014 5565 3329 5646 prwnobile
3360 5582 3597 5643 pompa,

3284 5703 3367 5770 34
