4050 6180
526 337 684 406 1067
1326 337 1854 402 HROTSUlTH/E
1896 333 2275 402 MONIALIS
2321 291 3123 400 GANDERSHEIMENSIS
3729 343 3834 406 loss

523 474 746 548 Inclyta
773 475 1064 547 condigne
1095 472 1471 529 committens
1501 471 1767 528 membra
1803 470 2090 546 sepulcro.

591 562 694 620 His
723 563 804 620 ita
831 562 1034 630 finitis,
1068 560 1317 619 sublatis
1347 561 1536 617 cernit
1560 559 1760 618 ocellis

520 653 584 708 In
605 651 788 708 ramis
816 649 966 706 lauri
998 654 1338 706 resonantes
1367 665 1670 706 murmure
1701 648 1878 706 dulei.

516 739 712 796 Pullos
739 739 1085 812 plumigeris
1113 737 1380 795 volucres
1406 739 1773 794 circumdare
1805 739 2037 811 pennis.

517 828 634 883 Hoc
665 827 752 882 uti
784 827 1076 894 cernebat,
1111 826 1380 882 subtristi
1411 845 1546 882 voce
1577 828 1824 882 canebat
1855 844 1868 881 :

515 915 635 972 Rex
662 915 812 984 ccsli,
847 915 1015 971 fortis
1045 915 1138 971 cui
1171 917 1437 986 subjacet
1467 917 1716 987 astriger
1744 915 1904 980 axis;

519 1005 618 1062 76
647 1005 859 1061 Omnia
888 1005 989 1076 qui
1021 1009 1176 1060 certe
1207 1005 1360 1076 potis
1389 1021 1452 1060 es
1474 1005 1780 1075 disponere
1808 1009 1981 1072 recte,

515 1095 760 1166 Semper
787 1097 1133 1150 cunctarum
1165 1093 1271 1147 tibi
1304 1093 1434 1147 laus
1465 1097 1651 1148 exstet
1675 1092 1982 1164 pietatem,

517 1183 681 1249 Quod
714 1182 972 1239 clemens
1002 1186 1246 1236 cunctos
1278 1181 1510 1253 pietatis
1541 1197 1782 1237 munere
1809 1181 1992 1252 vivos,

517 1269 858 1340 Pisciculos,
889 1271 1164 1344 pecudes,
1199 1273 1498 1342 serpentes
1528 1275 1703 1342 atque
1732 1269 2016 1338 volucres,

515 1359 891 1433 Congaudere
921 1359 1046 1415 suis
1077 1359 1309 1414 donasti
1339 1357 1543 1414 sedulo
1568 1358 1770 1430 pullis.
1935 1355 1938 1358 ’

512 1447 625 1505 Sed
656 1452 873 1505 memet
899 1447 1090 1504 solam
1121 1447 1380 1504 sterilem
1413 1464 1713 1504 remanere
1744 1445 2035 1504 misellam

510 1536 702 1594 Causa
719 1536 933 1610 judicii
955 1537 1191 1610 jussisti
1223 1536 1476 1608 denique
1499 1537 1663 1593 recti.
1874 1533 1882 1544 '

511 1627 592 1683 Te
611 1627 849 1683 tandem
881 1627 1274 1699 omnipatrem
1306 1625 1601 1682 constanti
1633 1629 1860 1698 pectore
1883 1629 2090 1682 testem

511 1715 741 1786 Invoco,
773 1715 1031 1790 conjugii
1061 1715 1253 1788 primo
1283 1716 1438 1788 quod
1472 1719 1738 1788 tempore,
1760 1715 1914 1785 vovi,

511 1805 571 1862 Si
601 1804 822 1862 ventris
851 1805 1111 1860 fructum
1143 1803 1292 1859 mihi
1318 1809 1632 1876 praestares
1652 1801 1784 1876 pius
1813 1804 1972 1874 ullis,

511 1893 658 1951 Hinc
685 1911 821 1952 mox
849 1893 910 1950 in
941 1892 1160 1966 templo
1191 1891 1323 1948 sisti
1352 1892 1460 1948 tibi
1491 1891 1599 1967 rite
1627 1895 1876 1960 sacrato,

514 1970 925 2056 Obsequioque
947 1981 1034 2038 tui
1065 1980 1240 2054 legali
1267 1998 1429 2038 more
1457 1981 1698 2036 sacrari.

584 2071 750 2128 Talia
776 2072 920 2127 dum
946 2069 1186 2126 mundis
1217 2069 1496 2125 formarat
1523 2069 1766 2125 verbula
1788 2068 1988 2136 labris,

514 2159 772 2233 Angelus
801 2159 1085 2233 astrigero
1115 2158 1311 2215 subito
1344 2157 1647 2215 descendit
1679 2158 1750 2213 ab
1781 2157 1917 2226 alto,

516 2249 770 2305 Maxima
797 2247 1048 2304 tristitia:
1079 2251 1317 2320 portans
1348 2245 1638 2302 solamina
1665 2250 1874 2314 tantm;
1898 2266 1902 2271 ·

513 2339 586 2394 Et
613 2341 778 2395 stans
807 2337 918 2393 sub
951 2336 1114 2405 facie,
1149 2335 1321 2393 dictis
1351 2335 1471 2392 haec
1503 2337 1660 2391 fatur
1689 2334 1896 2392 amicis
1931 2351 1944 2390 :

515 2427 670 2482 Exue
699 2441 1006 2482 mmrorem
1039 2425 1252 2494 cordis,
1287 2425 1509 2497 depone
1539 2424 1822 2494 dolorem,

510 2514 882 2588 Consilioque
913 2513 1014 2570 Dei
1043 2529 1281 2588 germen
1313 2513 1418 2568 tibi
1449 2513 1668 2568 credito
1699 2512 1920 2569 summi

512 2604 651 2673 Hoc,
679 2604 836 2677 quod
867 2607 1064 2660 ventre
1092 2607 1194 2658 tuo
1224 2603 1501 2674 procedet
1526 2606 1787 2674 tempore
1816 2606 1996 2670 certo,

509 2693 654 2749 Vere
685 2694 785 2750 fiet
813 2691 970 2748 idem
1001 2690 1234 2764 populis
1263 2690 1532 2747 mirabile
1556 2691 1808 2746 cunctis.

511 2781 685 2853 Dixit,
718 2786 776 2838 et
803 2780 1097 2854 aurivagis
1127 2780 1394 2836 revolans
1423 2784 1582 2836 secat
1613 2779 1828 2836 azthera
1855 2779 2084 2853 pennis.

507 2873 675 2928 Anna
705 2871 829 2941 sed,
861 2869 1142 2944 angelicis
1172 2869 1423 2925 nimium
1457 2869 1770 2942 perterrita
1797 2869 2014 2936 verbis,

511 2961 716 3018 Maasta
743 2961 988 3016 domum
1018 2957 1203 3032 petiit,
1237 2976 1366 3016 sese
1394 2957 1660 3030 lectoque
1691 2957 1922 3026 locavit,

509 3051 582 3106 Et
607 3049 949 3106 tremefacta
977 3047 1132 3103 diem
1163 3047 1526 3119 psalmorum
1557 3047 1682 3120 lege
1706 3050 1956 3119 perorat,

510 3138 728 3194 Effusis
758 3141 987 3193 noctem
1019 3134 1292 3208 precibus
1324 3136 1588 3192 ducendo
1620 3139 1982 3208 sequentem.

511 3226 648 3283 Post
674 3225 799 3282 hinc
827 3239 966 3298 ergo
995 3239 1164 3280 suam
1194 3224 1469 3296 praecepit
1494 3225 1700 3280 adesse
1729 3223 2008 3296 puellam,

507 3315 810 3372 Astantem
841 3313 1105 3386 rogitans
1134 3311 1389 3384 propriis
1418 3311 1580 3367 illam
1609 3313 1720 3368 sub
1753 3311 1970 3367 ocellis.

508 3403 627 3460 Cur
653 3419 718 3460 se
741 3401 1083 3474 despiceret,
1115 3400 1204 3456 vel
1236 3417 1342 3456 cur
1371 3403 1490 3456 tam
1523 3416 1652 3456 sero
1683 3400 1924 3470 veniret,

505 3491 653 3550 Cum
683 3490 796 3549 sibi
827 3489 1068 3547 sentiret
1097 3488 1222 3545 ﬂeri
1251 3487 1393 3561 quid
1424 3489 1570 3544 forte
1601 3489 1922 3561 stupendi?

575 3579 852 3640 Reddidit
873 3595 904 3635 e
933 3583 1137 3636 contra
1163 3577 1415 3634 dominre
1445 3575 1662 3634 lasciva
1691 3577 1926 3634 famella

501 3669 844 3745 Opprobriis
875 3672 1098 3725 tactum
1129 3667 1322 3724 servili
1355 3681 1658 3722 murmure
1687 3665 1949 3723 verbum.

499 3759 562 3818 Si
589 3763 647 3818 te
678 3759 944 3834 despexit
973 3756 1230 3814 sterilem
1263 3755 1484 3812 faciens
1515 3756 1690 3825 Deus,
1726 3755 1943 3829 inquit,

498 3849 626 3920 Dic,
655 3864 813 3922 rego,
847 3847 1058 3903 divinis
1088 3862 1278 3902 causa:
1309 3845 1448 3918 quid
1482 3844 1738 3916 pertinet
1767 3845 1842 3900 ad
1873 3845 2010 3902 me?

497 3941 668 3995 Anna
694 3937 798 3995 sed
827 3935 1211 4010 opprobrium
1245 3933 1536 4007 patienter
1564 3933 1808 4006 pertulit
1837 3933 2018 4003 istud,

500 4027 823 4084 Eﬂ‘undens
851 4028 1082 4080 tantum
1117 4023 1409 4096 lacrymas
1439 4019 1742 4077 subtristis
1773 4037 2025 4079 amaras.

507 4117 602 4172 ⁸1³1
635 4112 872 4172 Scilicet
895 4112 1004 4169 hac
1032 4112 1162 4186 ipsa
1190 4109 1459 4169 Joachim
1490 4110 1806 4184 praedictus
1833 4109 1895 4166 in
1925 4109 2070 4169 hora

503 4201 764 4278 Angelus
792 4217 1100 4274 apparens,
1133 4199 1286 4256 inter
1315 4203 1594 4256 montana
1621 4198 1938 4273 refulgens,

509 4293 574 4353 In
605 4291 772 4366 queis
801 4295 943 4348 tunc
973 4289 1266 4363 pascendo
1292 4303 1530 4361 gregem
1563 4287 1892 4345 latitaverat
1921 4303 2072 4362 aager

504 4383 537 4440 J
543 4385 773 4441 usserat
797 4381 870 4438 ad
899 4378 1121 4436 sociam
1153 4376 1328 4434 citius
1359 4393 1617 4433 remeare
1649 4376 1936 4434 relictam.

503 4471 612 4540 Qui
643 4470 810 4541 dixit,
845 4467 1086 4526 monitis
1120 4465 1316 4522 animo
1347 4470 1647 4538 permotus
1679 4466 1752 4522 ab
1781 4465 1900 4524 illis
1933 4482 1946 4522 :

505 4561 634 4618 Haec
657 4561 786 4633 jam
819 4559 911 4615 bis
940 4557 1108 4614 denis
1140 4570 1370 4610 mecum
1401 4559 1807 4626 permanserat
1837 4556 2030 4624 annis,

504 4651 586 4706 Ex
615 4649 716 4706 illa
743 4647 1028 4706 Dominus
1059 4644 1322 4702 sobolem
1355 4642 1499 4698 mihi
1532 4661 1637 4700 nec
1667 4643 1826 4700 dedit
1857 4643 2060 4713 ullam,

503 4739 749 4812 Insuper
777 4735 1108 4811 opprobriis
1147 4731 1390 4794 discessi
1423 4731 1632 4804 plenus
1662 4732 1880 4788 amaris

501 4827 698 4900 Nuper
726 4827 798 4883 de
829 4824 1062 4897 templo,
1095 4839 1276 4879 causa
1303 4821 1587 4876 confusus
1615 4821 1688 4876 ab
1720 4821 1886 4892 ipsa,-

501 4917 572 4972 Et
601 4933 696 4972 me
727 4915 1087 4988 despectum,
1121 4912 1420 4982 tantisque
1452 4909 1622 4966 malis
1653 4913 2008 4978 saturatam,

503 5003 769 5062 Horturis
800 5003 1050 5078 regredi,
1081 5001 1255 5058 subdi
1287 4999 1592 5072 primoque
1627 4997 1855 5072 pudori.

497 5094 584 5150 Ad
615 5111 790 5167 quem
822 5091 1149 5149 mansuetis
1177 5088 1428 5146 caelestis
1459 5088 1706 5144 nuntius
1725 5087 1897 5156 orsis,

498 5182 591 5240 Ma
619 5184 741 5240 fore
770 5182 1092 5250 ctelestem,
1123 5177 1376 5245 dicebat,
1411 5176 1650 5246 credito,
1683 5193 1904 5244 vocem,

495 5272 928 5344 Custodemque
958 5269 1043 5325 tui
1077 5269 1296 5323 factum
1328 5265 1545 5338 pietate
1575 5265 1813 5336 superni

494 5359 692 5435 Regis,
725 5359 823 5432 qui
841 5361 1068 5432 justam
1097 5354 1384 5413 consolari
1417 5354 1576 5410 dedit
1603 5355 1833 5410 Annam

494 5451 603 5506 Per
631 5466 748 5520 me,
777 5449 921 5505 dum
953 5445 1222 5521 preculas
1255 5444 1444 5500 ﬂendo
1472 5443 1853 5516 profunderet
1883 5442 2091 5504 almas.

491 5542 567 5598 At
595 5554 759 5594 nunc
783 5553 922 5610 ergo
943 5535 1032 5591 tui
1061 5549 1244 5592 causa
1267 5533 1339 5590 de
1367 5531 1606 5588 cardine
1636 5529 1786 5600 cccli,

494 5627 619 5712 Qus
645 5625 886 5714 veniens
915 5623 1100 5680 refero
1128 5621 1432 5700 permagni
1461 5619 1678 5698 gaudia
1705 5618 1864 5693 doni,

2191 1849 2240 1915 B

2182 4593 2231 4656 D

2192 473 2250 539 Α
2281 471 2516 546 Hocque
2547 471 2652 526 tibi
2689 471 2839 540 dico,
2873 471 3028 543 quod
3061 487 3198 526 mox
3225 471 3555 542 praenobilis
3579 477 3734 544 Anna,

2275 560 2578 633 Concipiet
2605 563 2825 629 natam,
2858 559 3087 618 cunctis
3116 559 3336 618 seculis
3364 563 3738 621 venerandam.

2275 649 2405 705 Haec
2435 649 2588 705 inter
2613 652 2782 706 natas
2809 648 3120 706 hominum
3151 650 3251 706 ﬁet
3280 667 3446 706 sacra
3473 656 3710 720 cunctas,

2275 739 2530 811 Spiritus
2560 743 2618 794 et
2648 739 2856 794 merito
2888 743 3129 794 sanctus
3160 739 3488 811 requiescet
3516 739 3571 794 in
3603 740 3702 808 illa,

2273 830 2350 883 Ac
2382 845 2486 900 per
2513 845 2693 900 quam
2723 827 2915 884 veniet
2945 829 3143 883 nundo
3174 828 3501 884 benedictio
3525 847 3745 898 summa,

2273 916 2390 972 Nec
2420 917 2676 989 primam
2698 915 2978 982 similem,
2993 934 3096 973 nec
3120 918 3306 974 fertur
3325 917 3538 974 habere
3555 924 3836 991 sequentem.

2273 1006 2344 1058 At
2376 1022 2531 1060 nunc
2563 1006 2635 1060 ad
2669 1005 2888 1060 sociam
2922 1009 3084 1061 tenta
3113 1022 3379 1062 remeare
3408 1005 3652 1074 beatam,

2274 1095 2408 1158 QUKP
2430 1093 2694 1166 gaudens
2721 1093 2884 1148 omni
2919 1097 3148 1148 tantum
3183 1095 3372 1167 pariet
3403 1094 3576 1150 decus
3604 1096 3727 1162 orbi,

2272 1181 2342 1235 Et
2369 1197 2602 1252 semper
2629 1186 2824 1252 grates
2859 1183 3081 1237 Factori
3117 1181 3342 1237 reddite
3373 1181 3588 1250 dulces,

2273 1267 2374 1322 Cui
2409 1268 2600 1341 placet
2628 1269 2872 1341 stirpem
2907 1270 3068 1326 vobis
3098 1270 3416 1326 concedere
3449 1270 3636 1335 talem,

2273 1357 2516 1423 Qualem
2546 1362 2804 1430 percerte
2835 1375 3138 1432 nunquam
3165 1363 3410 1414 tenuere
3430 1359 3719 1432 propheta,

2271 1445 2490 1502 Omnes
2521 1443 2688 1501 electi
2719 1451 2856 1520 post
2885 1447 3004 1504 haec
3035 1465 3150 1504 non
3181 1452 3327 1504 sunt
3355 1447 3631 1503 habituri.

2341 1535 2428 1590 Ad
2459 1549 2658 1608 quem,
2691 1535 3000 1608 promissis
3027 1536 3298 1594 Joachim
3329 1536 3562 1594 laetatus
3591 1537 3646 1591 in
3672 1535 3799 1592 illis:

2271 1623 2330 1680 Si
2359 1623 2506 1679 mihi
2538 1627 2696 1680 certa
2724 1628 2825 1680 tuo
2857 1631 3092 1682 maneat
3123 1631 3227 1681 tua
3254 1625 3450 1698 gratia
3478 1641 3653 1693 servo,

2267 1712 2355 1769 Ad
2384 1715 2622 1786 tempus
2653 1712 2894 1786 dignare
2925 1731 3054 1770 meo
3083 1713 3452 1786 requiescere
3481 1718 3646 1781 tecto,

2269 1801 2341 1856 Et
2370 1805 2612 1875 gustare
2640 1801 2838 1858 cibum
2870 1819 2984 1858 non
3017 1803 3330 1876 dedignere
3361 1807 3646 1876 paratum.

2338 1891 2602 1964 Angelus
2631 1907 2662 1948 c
2692 1894 2895 1948 contra
2915 1891 3144 1948 diccbat
3170 1908 3312 1948 voce
3342 1893 3554 1948 decora
3583 1907 3598 1946 :

2273 1979 2372 2036 78
2405 1979 2638 2050 Desine,
2671 1996 2867 2054 posco,
2892 1997 3089 2036 meum
3119 1983 3252 2054 post
3265 1981 3390 2036 hanc
3408 1984 3468 2036 te
3483 1980 3661 2036 dicere
3674 1995 3843 2036 servum

2270 2068 2432 2138 Esse,
2465 2069 2569 2125 sed
2600 2068 2873 2142 angelicae
2905 2073 3229 2126 consortem
3262 2069 3491 2125 credito
3522 2074 3722 2124 turma.

2271 2156 2418 2212 Nam
2450 2157 2596 2213 mihi
2626 2156 2873 2214 terrenis
2901 2174 3050 2230 opus
3078 2162 3168 2214 est
3193 2174 3310 2214 non
3341 2157 3568 2214 vescier
3592 2157 3743 2224 escis,

2271 2247 2453 2312 Quem
2485 2246 2674 2318 pascit
2702 2246 2934 2302 Domini
2967 2263 3198 2320 semper
3225 2247 3542 2320 praesentia
3571 2247 3776 2301 summi.

2270 2336 2633 2408 Quapropter
2661 2351 2886 2406 moneo,
2920 2334 3166 2392 Domino
3199 2335 3489 2392 libamine
3521 2352 3675 2394 sacro

2269 2423 2388 2480 Hoc
2417 2428 2472 2480 te
2502 2424 2676 2493 ferre,
2699 2424 2846 2481 meis
2875 2424 3094 2499 satagis
3126 2426 3279 2498 quod
3311 2443 3533 2498 ponere
3572 2425 3779 2481 mensis.

2268 2512 2376 2578 Qui
2407 2512 2560 2568 citus
2591 2511 2932 2568 anniculam
2961 2515 3239 2588 gregibus
3268 2515 3638 2570 subtraxerat
3671 2527 3849 2586 agnum,

2269 2601 2522 2674 Sperans
2553 2601 2956 2674 opprobrium,
2990 2602 3216 2672 Ruben,
3249 2619 3523 2659 cessasse
3567 2608 3830 2667 vetustum,

2270 2687 2542 2744 Immolat
2569 2693 2626 2744 et
2655 2688 2922 2758 Domino,
2955 2690 3193 2763 gavisus
3224 2696 3466 2764 pectore
3497 2690 3638 2759 laeto,

2269 2775 2510 2848 Ignibus
2541 2776 2850 2850 appositis,
2883 2782 2947 2834 ut
2976 2777 3154 2834 habet
3181 2779 3502 2852 praeceptio
3533 2779 3686 2853 legis.

2263 2863 2543 2937 Angelus,
2575 2865 2669 2924 bis
2699 2867 2847 2922 votis
2879 2871 2945 2923 ut
2963 2866 3149 2939 jussit
3175 2867 3286 2924 rite
3313 2869 3590 2941 peractis,

2263 2951 2478 3011 Altaris
2507 2955 2670 3011 fumo
2701 2955 2971 3012 sublatus
3003 2956 3195 3030 pergit
3224 2957 3297 3012 ad
3331 2961 3520 3014 astra.

2337 3045 2523 3111 Quam
2554 3048 2694 3100 tunc
2719 3044 3028 3104 clementis
3051 3045 3338 3119 paulatim
3372 3039 3566 3121 gratia
3595 3045 3755 3101 Patris

2267 3131 2510 3205 Incazpit
2539 3133 2720 3190 radiis
2756 3135 2974 3191 mundo
3006 3133 3302 3191 lucescere
3333 3135 3540 3203 claris,

2183 3219 2227 3286 C
2263 3221 2454 3295 Atque
2481 3221 2640 3294 prior
2669 3221 2940 3278 stabilem
2971 3223 3268 3280 discordia
3298 3241 3540 3280 sumere
3581 3223 3750 3288 linem,

2261 3309 2409 3366 Cum
2439 3327 2550 3367 sua
2577 3310 2840 3368 caelestes
2867 3311 3130 3384 primum
3163 3312 3468 3369 consortia
3495 3313 3644 3370 cives

2262 3397 2414 3454 Olim
2444 3399 2768 3472 terrigenas
2797 3399 3224 3474 promittebant
3254 3401 3590 3472 habituros,

2263 3489 2419 3553 Quos
2445 3487 2608 3560 prius
2639 3504 2670 3545 e
2700 3488 2926 3545 meritis
2952 3489 3138 3544 Adam
3169 3505 3448 3562 sprevere
3477 3489 3734 3565 parentis.

2262 3575 2379 3632 Nec
2403 3575 2576 3632 latuit
2604 3580 2748 3635 tunc
2776 3577 3107 3650 angelicum
3139 3577 3462 3636 clementia
3491 3585 3692 3636 emtum

2261 3663 2647 3738 Omnipatris,
2658 3654 2960 3740 preprium
2991 3665 3093 3740 qui
3123 3683 3260 3724 mox
3274 3672 3414 3741 post
3429 3673 3684 3743 tempora
3695 3669 3848 3722 natum

2261 3753 2489 3810 Mittere
2516 3754 2846 3828 virgineum
2876 3755 3166 3813 miserans
3199 3756 3476 3830 disponit
3505 3757 3564 3812 in
3593 3756 3778 3823 alvum,

2263 3841 2338 3898 Ut
2357 3841 2485 3900 sine
2507 3842 2795 3917 principio
2825 3847 3003 3901 natus
3033 3845 3106 3901 dc
3134 3845 3303 3900 Patre
3333 3863 3634 3919 supremo,

2261 3931 2510 3988 Carnem
2538 3931 2799 4004 virgineo
2829 3931 2942 3989 sub
2971 3937 3234 4007 tempore
3264 3939 3536 3991 sumeret
3561 3934 3698 4000 alvo,

2262 4021 2480 4078 Omnes
2510 4024 2685 4093 atque
2714 4038 2822 4079 suo
2851 4021 3104 4079 salvaret
3131 4025 3427 4098 sanguine
3459 4040 3644 4091 sacro,

2263 4111 2346 4167 Ne
2376 4113 2509 4184 post
2535 4109 2658 4166 haec
2685 4110 2917 4183 generis
2943 4111 3190 4168 humani
3221 4110 3480 4169 callidus
3511 4112 3689 4170 hostis

2263 4197 2558 4256 Gauderet
2585 4199 2876 4256 mundum
2905 4197 3132 4272 laqueis
3163 4200 3419 4272 retinere
3452 4199 3734 4274 malignis,

2264 4287 2376 4344 Sed
2400 4287 2607 4361 Patris,
2625 4292 2684 4345 et
2700 4288 2852 4358 Nati,
2877 4306 3096 4348 numen
3127 4307 3362 4364 quoque
3397 4289 3724 4348 Pneumatis
3739 4283 3852 4344 ulmi.

2263 4375 2490 4450 IEquali
2525 4377 2712 4434 forma
2739 4377 2966 4450 pollens
2998 4378 3108 4436 sub
3141 4381 3381 4437 nomine
3411 4379 3588 4448 trino,

2266 4465 2581 4522 Finetcnus
2606 4465 2878 4524 stabilem
2911 4473 3180 4540 regnaret
3200 4469 3340 4540 jure
3369 4485 3480 4542 per
3510 4469 3716 4526 orbem.

2333 4554 2590 4628 Angelus
2622 4555 2976 4630 astrigerum
3007 4561 3324 4630 postquam
3358 4555 3714 4636 transcendit
3727 4551 3854 4624 olym—

3717 4644 3850 4716 Ιρυων

2263 4733 2371 4790 Vix
2403 4733 2632 4806 patiens
2660 4732 2928 4792 Joachim
2958 4739 3129 4790 tanta:
3161 4734 3458 4807 praeconia
3489 4752 3688 4801 causze,

2263 4823 2334 4877 Et
2361 4826 2553 4878 tactus
2575 4822 2772 4894 jaculo
2804 4823 3043 4879 terroris
3076 4823 3330 4896 denique
3365 4842 3608 4898 magno,

2263 4911 2494 4967 Stratus
2527 4911 2599 4966 ad
2635 4928 2822 4984 usque
2852 4911 3045 4968 solum
3079 4913 3215 4968 doni
3251 4913 3476 4972 virtute
3504 4911 3746 4986 superni,

2262 4999 2614 5057 Pertimidus
2636 5001 2827 5072 jacuit
2857 5017 2964 5058 nec
2999 5019 3113 5058 non
3145 5001 3272 5058 sine
3304 5008 3506 5059 mente
3535 4999 3735 5075 quievit

2263 5091 2361 5145 79
2393 5087 2586 5162 Ipsius
2615 5093 2796 5158 sexta,
2830 5088 2890 5144 ni
2923 5089 3112 5159 fallor,
3146 5091 3294 5147 forte
3325 5091 3467 5162 diei,

2257 5177 2408 5234 Dum
2438 5176 2526 5234 sol
2554 5194 2741 5250 usque
2771 5195 2950 5234 suum
2981 5178 3269 5236 conclusit
3295 5197 3540 5252 vespere
3577 5189 3803 5236 cursum.

2326 5267 2552 5322 Interea
2579 5266 2744 5339 pueri
2775 5272 3062 5324 venerunt
3090 5285 3226 5325 cum
3256 5285 3435 5342 grege
3467 5266 3629 5335 lassi,

2251 5353 2516 5428 Cumque
2543 5372 2720 5411 suum
2745 5355 3053 5412 dominum
3087 5373 3338 5429 pronum
3361 5355 3563 5413 videre
3582 5355 3804 5410 locatum

2252 5443 2594 5502 Comminus
2627 5446 2910 5512 astantes,
2943 5449 3247 5518 coeperunt
3274 5445 3507 5502 discere
3538 5445 3722 5499 tristes

2251 5532 2504 5590 Causam
2535 5532 2793 5601 terroris,
2826 5533 3065 5592 turbata
3097 5540 3310 5603 mente,
3342 5531 3620 5589 recentis.

2253 5622 2454 5701 Ipsum
2484 5625 2742 5701 percerte
2771 5621 2874 5680 sed
2901 5619 2998 5678 vix
3021 5627 3259 5701 potuere
3289 5619 3508 5682 levare.
