4084 6190
349 416 507 475 1069

343 548 518 616 Queis
542 564 676 604 cum
701 548 952 604 cmlestis
983 556 1279 607 narrasset
1312 553 1519 607 nuntia
1541 552 1701 619 civis,

341 639 668 696 Suascrunt
698 637 778 691 illi
806 639 997 710 jussis
1026 655 1230 711 parere
1261 641 1535 711 supernis

337 728 410 783 Et
437 727 641 799 rapido
670 727 922 800 patriam
956 745 1135 783 cursu
1167 730 1442 800 repedare
1476 728 1762 784 relictam.

337 817 443 882 Qui
478 816 757 889 gregibus
789 816 953 870 lectis
986 817 1148 873 silvis
1184 817 1455 873 discessit
1488 819 1562 871 ab
1593 817 1731 884 illis,

335 908 415 962 Ac
444 906 706 979 gaudens
740 922 951 977 pueros
984 923 1181 960 secum
1214 908 1529 961 deduxerat
1561 907 1740 978 ipsos.

336 996 407 1050 Et
435 1011 571 1049 cum
606 993 914 1049 transisset
944 996 1200 1065 spatium
1237 995 1475 1067 triginta
1503 997 1752 1063 dierum,

333 1082 591 1156 Angelus
618 1083 806 1138 oranti
841 1086 1055 1137 sanctae
1087 1084 1418 1154 comparuit
1448 1086 1651 1152 Annae,

334 1173 405 1227 Et
434 1189 569 1227 cum
602 1171 861 1244 pacificis
892 1173 1258 1244 deprompsit
1288 1172 1428 1229 talia
1456 1173 1651 1227 verbis
1685 1191 1697 1227 :

335 1262 667 1333 Exsurgens
696 1260 914 1329 animo,
949 1261 1114 1316 vultu
1148 1278 1382 1333 quoque
1411 1278 1586 1334 perge
1618 1279 1822 1318 sereno

332 1350 418 1405 Ad
448 1353 676 1422 portam
708 1350 925 1417 subito,
958 1366 1088 1421 qua:
1121 1350 1339 1406 dicitur
1364 1352 1556 1407 Aurea
1586 1352 1782 1425 vulgo.

334 1438 456 1495 Illic
485 1439 634 1494 forte
666 1443 855 1507 tuum,
884 1456 1121 1495 summa
1150 1456 1286 1495 cum
1309 1458 1451 1513 pace
1480 1458 1801 1510 reversum,

332 1526 604 1601 Legalem
634 1528 939 1583 dominum
970 1545 1105 1584 mox
1136 1529 1461 1602 comperies
1492 1530 1613 1585 fore
1643 1530 1861 1586 vivum.

329 1618 466 1683 Quaa
495 1615 672 1672 citius
693 1616 850 1672 dicto
868 1617 1112 1688 jussum
1141 1618 1457 1689 complevit
1488 1620 1837 1687 amandum,

330 1705 765 1778 Impatiensque
796 1721 991 1773 morte,
1026 1708 1280 1777 perrexit
1307 1707 1377 1762 ad
1411 1708 1563 1762 ostia
1601 1711 1801 1779 portae,

331 1792 667 1850 Przsstolata
692 1809 866 1850 suum
898 1795 1132 1866 gravisa
1161 1799 1355 1851 mente
1385 1794 1721 1868 patronum.

397 1883 632 1940 Scilicet
659 1883 925 1940 attonitis
956 1901 1131 1955 quem
1163 1902 1299 1941 cum
1329 1886 1632 1957 conspexit
1661 1884 1886 1953 ocellis,

327 1972 516 2029 Charo
547 1972 882 2045 ﬂo‘rigerum
919 1979 1288 2045 percurrerat
1318 1974 1488 2030 obvia
1518 1991 1814 2047 campum,

329 2061 523 2135 Ipsius
553 2065 609 2118 et
638 2061 784 2118 collo
815 2079 942 2119 sese
972 2063 1284 2135 suspendit
1316 2064 1586 2131 amando,

326 2149 655 2208 Altithrono
684 2155 880 2225 grates
909 2153 1205 2208 reddendo
1237 2152 1487 2224 denique
1520 2153 1664 2208 tales
1700 2170 1711 2207 :

328 2242 484 2296 Laus
512 2240 640 2309 tibi,
673 2246 1019 2297 cunctorum
1055 2241 1322 2313 Largitor
1353 2257 1585 2297 summe
1628 2242 1937 2310 bonorum,

326 2328 438 2396 Qui
468 2329 614 2384 mihi
646 2346 761 2386 non
800 2330 1018 2385 meritae
1051 2330 1324 2385 concedis
1354 2330 1571 2402 gaudia
1600 2334 1783 2385 tanta.

325 2419 470 2475 Ecce
498 2418 688 2474 virum
719 2419 1022 2491 proprium
1055 2423 1402 2492 praesentem
1436 2420 1624 2475 sentio
1653 2419 1901 2487 salvum,

326 2509 613 2580 Tempore
640 2525 767 2580 quae
798 2508 970 2580 longo
993 2508 1121 2579 jam
1153 2508 1450 2580 permansi
1485 2507 1743 2575 viduata,

326 2599 579 2669 Quaeque
610 2596 692 2651 fui
727 2595 963 2663 sterilis,
996 2597 1230 2668 concepi
1265 2596 1485 2668 gaudia
1515 2596 1716 2667 prolis.

327 2684 570 2741 Talibus
599 2684 838 2752 auditis,
873 2685 1250 2756 congaudens
1280 2684 1538 2739 concinit
1569 2685 1763 2740 omnis

329 2773 497 2830 Plebs
528 2773 765 2830 Hebraaa
795 2774 912 2828 Deo
943 2772 1148 2828 laudes
1178 2790 1314 2828 cum
1347 2777 1578 2846 pectore
1609 2773 1758 2829 laeto.

401 2862 538 2918 Post
566 2862 710 2931 haec,
742 2878 964 2918 noveno
996 2866 1255 2935 percerte
1286 2879 1487 2917 mense
1519 2868 1777 2935 peracto,

329 2949 505 3006 Venit
533 2946 771 3007 summa
792 2951 939 3019 dies,
972 2952 1032 3007 in
1065 2968 1180 3024 qua
1209 2951 1545 3023 praenobilis
1574 2953 1763 3019 Anna,

331 3039 434 3096 80
466 3040 782 3114 Progenuit
813 3043 1012 3096 natam
1044 3040 1275 3096 cunctis
1307 3040 1522 3096 seculis
1562 3043 1973 3097 venerandam.

329 3129 582 3201 Postque
606 3129 731 3185 dies
762 3133 890 3185 octo
920 3128 1095 3202 primi
1125 3145 1333 3184 venere
1363 3129 1549 3185 vocati

328 3217 661 3287 Pontifices,
694 3221 868 3273 tanta:
898 3217 1071 3273 solito
1103 3218 1203 3289 qui
1237 3234 1397 3275 more
1430 3217 1637 3289 puella:

1321 417 1685 480 HISTORIA
1732 418 2095 481 IN'I‘AC’I‘IE
2140 418 2267 480 DEI
2312 418 2776 483 GENITRICIS.

3586 424 3745 484 ’1070

2017 554 2071 619 Α
2103 552 2207 608 Per
2236 569 2299 609 se
2329 554 2469 626 quid
2504 555 2627 610 ﬁeri
2657 554 3036 627 praesignaret
3066 556 3178 610 cito
3210 555 3407 627 magni

2097 642 2167 698 Et
2195 659 2325 698 vere
2359 643 2577 715 magni,
2611 644 2839 699 cunctis
2871 644 3195 716 meritoque
3233 643 3529 717 stupendi.

2167 732 2350 799 Quod,
2386 733 2563 799 credi,
2596 733 2811 804 majus,
2836 732 2923 787 vel
2955 734 3109 803 quod
3147 737 3346 804 posset
3376 733 3496 787 fore
3526 733 3743 805 majus,

2096 822 2279 885 Quam
2318 821 2471 892 quod
2502 821 2761 891 virgineo
2794 821 3045 893 portavit
3076 826 3273 875 ventre
3302 820 3517 893 puella,

2094 909 2187 964 Si
2220 909 2495 981 Magnum
2531 911 2805 964 factorem
2840 910 3067 977 mundi,
3092 911 3511 981 prOpriumque
3532 926 3745 981 paren-

2095 997 2207 1051 Nec
2223 999 2707 1065 mirum,sursum
2721 998 2991 1069 cmpitsic
3006 999 3179 1069 {igere
3200 1015 3490 1069 gressum,
3578 998 3740 1070 [tem.

2094 1085 2295 1140 Infans
2326 1086 2585 1141 lacteolis
2618 1088 2807 1141 fuerat
2835 1088 2975 1140 dum
3009 1086 3250 1158 parvula
3277 1086 3581 1153 membris,

2094 1177 2301 1242 Quam,
2338 1174 2505 1230 Pater
2532 1175 2704 1243 alme,
2735 1179 2836 1229 tuo
2862 1175 3059 1229 ditasti
3091 1174 3350 1230 Flamine
3377 1191 3565 1246 sacro,

2094 1263 2243 1317 Dum
2277 1264 2467 1319 fuerat
2497 1269 2711 1318 sanctae
2744 1264 3045 1336 genitricis
3076 1263 3312 1318 condita
3342 1268 3560 1333 ventre,

2094 1352 2379 1408 Praescius
2408 1352 2560 1409 hanc
2589 1352 2775 1408 solam
2808 1357 2961 1407 certe
2993 1351 3314 1407 consistere
3341 1352 3581 1422 dignam

2088 1440 2172 1496 Ad
2207 1442 2422 1513 proprii
2456 1446 2690 1514 partum
2722 1441 2866 1507 nati,
2900 1458 3005 1513 per
3034 1441 3248 1496 saecula
3277 1441 3421 1513 nati,

2091 1530 2197 1595 Qui
2225 1534 2376 1603 post,
2409 1547 2697 1603 corporeae
2728 1534 2919 1588 tectus
2949 1529 3237 1586 velamine
3270 1530 3490 1597 formae,

2088 1622 2411 1675 Ascensum
2443 1621 2735 1693 graduum
2765 1621 2996 1676 cunctis
3026 1619 3299 1692 patefecit
3331 1620 3390 1674 in
3423 1636 3629 1687 aevum,

2091 1706 2197 1762 Per
2226 1725 2374 1781 quas
2404 1709 2476 1764 ad
2509 1709 2759 1785 patriam
2787 1709 3035 1765 tendunt
3056 1724 3314 1765 remeare
3345 1707 3630 1777 relictam,

2090 1796 2192 1851 Cui
2225 1796 2494 1854 Christus
2524 1813 2758 1866 nomen,
2791 1797 2885 1854 cui
2916 1796 3048 1853 laus
3079 1796 3158 1852 sit
3186 1797 3438 1864 cmlitus,
3467 1797 3671 1853 Amen.

2160 1885 2393 1942 Scilicet
2417 1890 2476 1942 et
2504 1885 2774 1959 genitrix,
2809 1886 2912 1942 tali
2944 1886 3094 1943 facto
3124 1886 3270 1942 bene
3296 1885 3452 1955 felix,

2090 1973 2441 2031 Collaudans
2471 1991 2667 2047 regem
2700 1975 2911 2031 cecinit
2940 1976 3023 2031 sic
3057 1977 3224 2031 Anna
3263 1991 3576 2048 perennem
3614 1993 3627 2030 :

2090 2063 2476 2135 Omnipotens
2506 2068 2714 2133 rector,
2752 2063 2914 2119 solus
2946 2063 3181 2136 pietatis
3211 2069 3459 2130 amator,

2089 2150 2416 2208 Clementer
2445 2152 2679 2223 proprio
2712 2152 2899 2208 fecisti
2932 2152 3083 2207 mira
3112 2151 3361 2224 popello,

2085 2241 2392 2313 Aspiciens
2423 2241 2707 2297 humilem
2742 2241 3074 2297 miserando
3106 2257 3298 2297 meam
3322 2258 3555 2314 quoque
3581 2258 3739 2299 men-

2086 2330 2219 2386 Jam
2251 2330 2570 2402 desperatae
2602 2330 2832 2385 donasti
2863 2331 3080 2401 gaudia
3109 2334 3279 2386 natae.
3571 2333 3732 2402 [tem,

2084 2418 2281 2473 Audeo
2313 2423 2572 2489 percerte
2602 2423 2735 2490 post
2765 2418 2887 2474 hmc
2918 2418 3022 2474 tibi
3058 2436 3303 2475 munera
3335 2420 3501 2488 ferre,

2088 2507 2202 2562 Nec
2230 2523 2429 2562 vereor
2462 2507 2770 2578 prohibere
2801 2524 2999 2562 meum
3031 2513 3167 2580 post
3196 2508 3320 2564 haec
3352 2507 3679 2578 inimicum,

2087 2595 2237 2660 Quin
2267 2594 2497 2650 visitcm
2528 2596 2711 2650 sacris
2742 2594 3027 2667 templum
3062 2596 3282 2652 sociata
3319 2596 3626 2652 ministris.

2088 2683 2233 2739 Hinc
2264 2687 2318 2739 te
2349 2683 2612 2740 cmlestes
2644 2683 2983 2740 collaudant
3012 2684 3218 2740 sedulo
3248 2685 3421 2753 cives,

2086 2772 2453 2845 Condignum
2485 2789 2722 2828 carmen
2755 2772 3112 2830 modulando
3144 2773 3500 2845 perenniter,
3529 2774 3732 2829 Amen.

2089 2861 2188 2917 His
2220 2861 2302 2917 ita
2334 2861 2541 2930 ﬁnitis,
2571 2861 2795 2917 orantis
2824 2860 3059 2918 scilicet
3081 2862 3251 2931 orsis,

2087 2951 2360 3007 Germine
2392 2950 2589 3006 felices
2621 2949 2754 3006 talis
2786 2951 3007 3007 rediere
3039 2953 3311 3024 parentes

2089 3039 2326 3108 Indolis,
2361 3039 2420 3094 in
2455 3038 2675 3113 templo
2704 3055 2883 3111 parva
2914 3043 3252 3095 remanente
3283 3039 3484 3096 Maria.

2158 3128 2373 3183 Omnes
2400 3128 2672 3184 humanm
2703 3133 3002 3201 nequeunt
3032 3129 3450 3201 comprendere
3497 3128 3731 3203 linguae,

2086 3217 2201 3272 Nec
2234 3216 2386 3288 potis
2415 3220 2504 3272 est
2528 3216 2779 3286 stabilis,
2812 3216 3082 3289 quamvis
3111 3217 3353 3273 verbum
3384 3218 3735 3286 sonet,orbis

2012 1928 2059 1993 B

329 3306 551 3363 Nomen
582 3311 639 3362 et
667 3310 960 3379 aptarent,
992 3307 1181 3378 ipsam
1214 3323 1447 3379 quoque
1485 3308 1938 3363 sanctiﬁcarcnt.
2009 3299 2052 3365 C
2092 3307 2269 3363 Istius
2301 3305 2543 3361 infantis
2574 3305 2913 3378 praeclaram
2943 3305 3134 3362 dicere
3164 3307 3402 3375 famam,

327 3394 502 3462 Queis
529 3395 795 3452 Joaehim
828 3394 1099 3468 prcculas
1130 3395 1281 3451 fudit
1310 3396 1702 3468 praesentibus
1747 3397 1889 3452 istas
1924 3414 1936 3452 :

329 3484 451 3540 Rex
478 3482 630 3552 cmli,
661 3484 848 3541 stellis
879 3483 1041 3539 solus
1072 3485 1171 3557 qui
1206 3485 1446 3540 nomina
1477 3485 1669 3556 ponis,

329 3572 515 3629 Istius
541 3576 751 3630 tenerae
783 3589 996 3628 nomen
1026 3572 1270 3646 dignare
1300 3572 1507 3646 puellae

328 3661 573 3719 Ccelitus
602 3661 840 3718 indiciis
870 3677 974 3734 per
1002 3667 1058 3718 te
1089 3666 1416 3717 monstrare
1449 3663 1727 3719 coruscis.

400 3750 656 3820 Dixerat,
687 3754 746 3807 et
775 3751 973 3807 subito
1001 3751 1202 3807 sonuit
1230 3766 1337 3806 vox
1370 3750 1538 3806 fortis
1569 3751 1641 3806 ab
1670 3750 1831 3815 alto,_

329 3839 619 3895 Mandans
649 3839 945 3913 egregiam
980 3839 1222 3895 Mariam
1254 3840 1506 3895 vocitare
1538 3838 1815 3912 puellam.

330 3928 510 3985 Stella
541 3929 722 3985 maris
745 3928 950 4002 lingua
978 3929 1133 4001 quod
1168 3932 1449 3985 consonat
1477 3945 1613 4001 ergo
1648 3929 1870 3997 Latina,

330 4017 452 4073 Hoc
482 4034 695 4074 nomen
726 4017 933 4073 merito
966 4016 1211 4074 sortitur
1239 4020 1443 4073 sancta
1472 4016 1687 4089 puella,

331 4106 436 4161 Est
463 4106 603 4178 quia
630 4106 974 4179 prmclarum
1006 4106 1174 4162 sidus
1205 4106 1359 4179 quod
1390 4105 1571 4178 fulget
1600 4106 1659 4161 in
1691 4123 1875 4162 aevum

333 4193 509 4268 Regis
540 4194 739 4251 aeterni
767 4194 925 4252 claro
954 4194 1282 4252 diademate
1308 4194 1548 4251 Christi.

406 4284 546 4340 Post
574 4284 715 4353 haec,
745 4300 1034 4340 annorum
1067 4288 1225 4340 meta
1254 4288 1526 4357 vergente
1566 4286 1844 4353 duorum,

336 4373 653 4430 Fortunata
684 4390 854 4430 suam
884 4375 1025 4429 dum
1057 4372 1313 4446 sumpsit
1342 4374 1415 4429 ab
1448 4373 1624 4429 ubere
1656 4377 1876 4442 natam,

332 4461 698 4518 Ablactando
728 4462 887 4535 piam
918 4462 1173 4535 genitrix
1205 4463 1275 4517 de
1302 4478 1463 4517 more
1504 4462 1772 4531 Mariam,
1816 4478 1821 4485 '

333 4550 504 4607 Otius
534 4550 594 4606 in
627 4551 844 4624 templo
878 4551 1037 4607 sistit
1063 4567 1200 4605 cum
1231 4566 1474 4606 munere
1504 4549 1683 4622 digno

336 4639 552 4711 Ipsam,
585 4656 715 4712 qua:
744 4639 1033 4712 templum
1067 4638 1299 4694 Domini
1324 4639 1436 4694 fuit
1468 4639 1585 4695 imo
1617 4639 1881 4696 futurum

332 4730 480 4796 Quo,
510 4728 732 4784 sociata
761 4728 944 4785 sacris
969 4727 1317 4801 virguncula
1350 4745 1525 4799 parva
1551 4728 1784 4800 puellis,

334 4818 581 4890 Semper
613 4818 828 4874 divinis
857 4817 977 4872 illic
1010 4821 1297 4888 perstaret
1328 4816 1387 4870 in
1419 4817 1570 4885 odis,

334 4908 520 4972 Quem
554 4905 761 4961 merito
794 4906 950 4961 cives
979 4904 1245 4962 ccelestes
1277 4904 1449 4959 laude
1489 4906 1881 4976 frequentant.

410 4994 547 5049 Post
578 4995 718 5063 haec,
754 4995 810 5049 in
845 4994 1045 5066 templi
1078 4993 1444 5050 susbsistens
1473 4993 1659 5048 limite
1689 4996 1863 5063 sacri,

333 5084 659 5139 Ascensum
691 5083 983 5156 graduum
1015 5082 1212 5137 subito
1244 5086 1335 5136 ter
1372 5081 1633 5152 quinque
1683 5083 1983 5154 supinum,

339 5172 660 5228 Immemor
691 5172 902 5241 aetatis,
926 5172 1053 5243 jam
1085 5170 1259 5243 plena
1288 5170 1424 5241 Deo,
1459 5169 1701 5241 puerilis

336 5260 632 5315 Audacter
659 5260 862 5329 currit,
892 5259 1122 5315 vultum
1155 5275 1261 5314 nec
1295 5261 1446 5313 retro
1477 5258 1719 5324 reflexit,

339 5351 594 5417 Quaerat,
627 5353 692 5404 ut
721 5353 1007 5413 astantes,
1040 5348 1333 5403 infantum
1376 5362 1555 5414 more,
1589 5351 1879 5417 parentes.

414 5438 723 5508 Ilissupcr
751 5436 1004 5507 ascensi,
1036 5437 1330 5492 mirantur
1360 5434 1612 5507 denique
1653 5438 1847 5490 cuncti

338 5528 611 5583 Astantes
643 5525 865 5599 populi,
898 5525 1103 5598 templi
1136 5525 1468 5598 pariterque
1503 5523 1777 5593 ministri,

341 5613 653 5671 Pontifices
684 5614 819 5689 ipsi,
854 5615 1074 5672 factum
1106 5614 1349 5671 laudant
1378 5628 1613 5685 quoque
1652 5612 1847 5684 primi,

340 5702 633 5779 Dicentes,
665 5707 829 5765 tanto
860 5704 1015 5780 quod
1046 5708 1188 5763 tunc
1219 5700 1509 5760 intantula
1538 5700 1713 5773 facto;

2086 3396 2199 3452 Sed
2230 3411 2335 3450 nec
2364 3393 2643 3450 mirandae
2672 3394 2854 3451 vitam
2886 3411 3193 3467 moresque
3222 3395 3448 3469 puellas.

2087 3483 2229 3552 Quis
2256 3483 2497 3540 laudare
2527 3483 2718 3540 modis
2748 3484 2902 3556 potis
2931 3489 3023 3540 est
3053 3500 3157 3556 per
3185 3484 3399 3542 saecula
3429 3484 3627 3559 dignis

2089 3573 2219 3629 Haec
2248 3573 2387 3645 quia
2417 3572 2693 3629 continuo
2720 3572 2892 3628 .cunis
2924 3573 3228 3629 subtracta
3256 3573 3451 3646 puella

2092 3661 2355 3730 Maturis,
2389 3660 2547 3717 omni
2579 3660 2812 3716 lucebat
2841 3661 3107 3717 moribus
3138 3661 3287 3730 orbi,

2090 3750 2206 3805 Nec
2236 3749 2559 3821 quidquam
2590 3748 2873 3803 membris
2904 3747 3085 3820 gessit
3115 3748 3338 3821 puerile
3376 3750 3627 3808 tenellis.

2090 3841 2195 3894 Ast
2221 3837 2282 3893 in
2314 3837 2616 3910 praeceptis
2647 3837 2837 3891 fuerat
2859 3835 3198 3907 justissima
3228 3837 3396 3911 legis,

2093 3926 2208 3982 Nec
2241 3942 2354 3982 non
2385 3925 2748 3982 carminibus
2780 3941 3014 3997 semper
3044 3925 3312 3982 studiosa
3341 3926 3597 3983 Davidis.

2094 4016 2195 4073 82
2229 4016 2358 4071 Hmc
2377 4011 3161 4088 prudens,humilis,fervens
3177 4014 3486 4070 dulcedine
3506 4014 3742 4086 mentis,

2095 4105 2384 4162 Omnibus
2415 4108 2588 4177 atque
2618 4102 3007 4177 placens,tota
3025 4104 3239 4160 virtute
3270 4103 3585 4178 refulgens.

2096 4195 2255 4252 Hanc
2287 4193 2546 4250 hominis
2575 4191 3027 4249 maledicentem
3062 4210 3178 4249 non
3211 4192 3399 4250 audiit
3427 4194 3587 4250 auris

2096 4282 2413 4351 Olfensam,
2447 4282 2548 4337 sed
2582 4297 2689 4337 nec
2719 4280 3039 4354 quisquam
3073 4284 3421 4355 cognoverat
3456 4299 3742 4356 unquam.

2098 4374 2340 4445 Semper
2360 4374 2486 4427 erat
2514 4369 2695 4440 mitis,
2726 4386 2832 4426 nec
2864 4387 2980 4426 non
3011 4370 3351 4444 gratissima
3385 4371 3635 4442 cunctis,

2098 4464 2190 4532 Et,
2220 4476 2348 4534 quae
2378 4476 2589 4532 nempe
2619 4476 2726 4515 suo
2756 4459 3033 4532 proﬂuxit
3062 4460 3135 4516 ab
3167 4476 3285 4528 ore,
3319 4459 3551 4531 loquela

2098 4551 2339 4606 Nectare
2366 4545 2624 4619 gratiolaa
2655 4547 2845 4603 fuerat
2870 4548 3106 4603 condita
3135 4562 3422 4619 supernae,

2020 4670 2067 4734 D
2098 4640 2186 4707 Et,
2218 4654 2354 4694 cum
2382 4635 2515 4708 quis
2543 4636 2734 4692 verbis
2762 4634 2848 4690 illi
2879 4635 3174 4692 benedixit
3203 4634 3431 4691 amicis.

2101 4728 2231 4783 Mox
2261 4730 2457 4799 grates
2487 4724 2734 4780 Domino
2765 4724 2989 4779 curavit
3018 4724 3258 4780 reddere
3288 4740 3542 4790 summo,

2099 4817 2214 4872 Nec
2238 4816 2322 4871 sic
2353 4814 2567 4870 divinis
2596 4814 2857 4886 linguam
2888 4814 3164 4869 retineret
3194 4814 3266 4869 ab
3298 4814 3428 4869 odis

2100 4904 2563 4978 Exemplumque
2597 4903 2721 4958 suis
2753 4902 2811 4955 in
2841 4919 2905 4960 se
2934 4903 3249 4974 praenobile
3279 4901 3529 4971 cunctis,

2104 4993 2389 5066 Prmponit
2419 4991 2592 5047 sociis
2613 4991 2740 5062 jam
2772 4991 3130 5064 cunctigenze
3161 4991 3462 5047 bonitatis.

2104 5085 2298 5156 Ipsius
2323 5081 2533 5137 faciem
2565 5079 2728 5134 niveo
2758 5080 3010 5135 candore
3041 5080 3319 5136 nitentem

2104 5173 2389 5238 'l‘raduut,
2423 5166 2683 5224 ardentis
2715 5167 2910 5222 radios
2942 5167 3268 5240 praecellere
3298 5167 3459 5237 solis,

2106 5263 2220 5318 Nec
2250 5276 2366 5315 non
2397 5257 2726 5312 humanum
2757 5256 2993 5327 penitus
3023 5257 3324 5313 devincere
3352 5257 3567 5313 visum.

2102 5349 2251 5416 Quid
2284 5346 2528 5403 referam
2561 5343 2796 5416 digitos,
2829 5360 3072 5416 operum
3106 5346 3249 5401 satis
3282 5349 3406 5401 arte
3436 5343 3749 5417 probatas?

2103 5439 2368 5509 Namque
2398 5450 2575 5490 manu
2608 5432 2776 5487 docta
2809 5434 3049 5505 perfecit
3078 5451 3253 5506 parva
3284 5433 3496 5507 puella.

2103 5529 2342 5599 Nempe,
2376 5523 2488 5580 sibi
2521 5537 2790 5576 normam
2822 5525 3086 5578 statuens
3118 5522 3418 5594 ipsissima
3446 5523 3678 5594 duram,

2105 5615 2390 5674 Omnibus
2421 5613 2482 5668 in
2511 5608 2729 5682 templo
2758 5610 2986 5667 vivebat
3019 5610 3307 5667 strictius.
3333 5612 3502 5688 Ergo,

2101 5704 2443 5783 Virginibus
2474 5698 2720 5779 reliquis
2751 5698 2870 5757 illic
2903 5699 3121 5777 pariter
3149 5698 3406 5774 sociatis,
