4050 6180
478 529 629 586 Nam
658 529 890 584 tantum
923 523 1176 598 preeulis
1206 521 1437 579 studuit
1467 519 1775 594 persistere
1813 519 2015 588 sacris,

477 619 594 676 Nec
627 635 741 674 non
774 615 986 672 divinis
1015 630 1247 687 semper
1276 615 1611 668 constanter
1641 610 1700 666 in
1731 610 1880 666 odis.

467 707 559 764 Ex
589 722 703 778 quo
728 704 1008 760 discussae
1039 701 1226 758 noctis
1257 699 1479 774 periere
1509 700 1784 767 tenebrae,

476 796 700 850 Aurora
729 795 1040 866 spargente
1070 791 1302 864 plagam
1334 789 1523 845 lucem
1553 807 1657 862 per
1685 790 1886 856 anm,

465 882 662 938 Altius
697 899 882 954 usque
913 879 1113 952 polum
1142 881 1355 935 Phoebo
1385 880 1734 935 ascendente
1767 895 2060 943 serenum,

474 969 670 1027 Tertia
691 971 818 1042 jam
851 969 1047 1026 subito
1079 971 1387 1026 devenerat
1413 968 1556 1024 hora
1587 968 1726 1036 diei,

477 1059 642 1116 Tunc
673 1077 786 1114 usu
817 1058 1033 1131 digitos
1066 1057 1258 1131 Operis
1289 1057 1582 1113 laxaverat
1608 1055 1794 1123 albos,

479 1147 658 1204 Docte
687 1147 1001 1220 purpureis
1035 1147 1310 1203 instando
1343 1144 1592 1217 denique
1621 1143 1753 1200 filis.

483 1236 596 1292 Sed
631 1253 764 1293 mox
796 1241 862 1292 ut
893 1254 1046 1291 nona
1081 1236 1331 1291 Phoebus
1365 1233 1666 1290 descendit
1696 1233 1756 1288 in
1788 1233 1950 1300 liora,

483 1325 557 1382 Se
587 1324 861 1398 precibus
893 1324 1065 1380 solito
1099 1324 1289 1378 reddit
1320 1325 1545 1378 famosa
1579 1321 1790 1394 puclla,

480 1413 561 1470 Ac
589 1413 786 1470 studio
820 1413 1034 1468 mentis
1067 1413 1210 1468 bene
1243 1411 1580 1484 perduravit
1613 1411 1671 1466 in
1705 1409 1843 1478 illis,

483 1499 680 1574 Usque
692 1516 796 1573 per
807 1499 1136 1573 angelicum
1151 1497 1406 1570 sumpsit
1421 1515 1585 1555 seera
1597 1497 1756 1570 virgo
1770 1497 2130 1554 ministrum.

483 1587 654 1645 Omni
685 1604 941 1660 namque
973 1587 1066 1641 die
1099 1585 1343 1642 missam
1377 1585 1486 1642 sibi
1521 1585 1750 1640 cmlitus
1782 1603 1998 1654 escam,

481 1677 690 1735 Escam
723 1677 1026 1750 pontifices
1056 1676 1337 1732 dederant
1367 1676 1436 1730 de
1470 1692 1630 1730 more
1662 1679 1945 1746 potentes.

482 1766 644 1823 Hanc
674 1766 868 1821 studio
896 1765 1112 1821 mentis
1145 1764 1319 1820 citius
1352 1763 1641 1819 concessit
1667 1761 1886 1835 egenis.

482 1853 584 1912 8³
616 1853 876 1926 Denique
907 1852 1194 1920 caelestes,
1228 1851 1378 1924 lapsi
1413 1853 1483 1907 de
1515 1851 1724 1918 sidere,
1762 1850 1915 1908 cives

486 1943 645 2001 Hanc
680 1943 883 1998 crebro
912 1942 1105 1998 verbis
1136 1942 1594 1998 consolabantur
1625 1939 1850 2008 amicis,

489 2033 773 2105 Spernerc
806 2035 1138 2087 terrestrem
1173 2046 1287 2102 quo
1322 2047 1454 2085 mox
1485 2029 1785 2084 didicisset
1820 2046 2101 2099 amorem,

489 2121 562 2177 Et
591 2124 812 2176 castam
846 2118 965 2191 rogi
998 2123 1255 2174 mentem
1285 2134 1512 2173 servare
1545 2117 1806 2188 perenni.

493 2207 775 2280 Quisquis
803 2206 1164 2279 languidulis
1195 2206 1466 2262 infirmus
1497 2206 1748 2278 denique
1790 2205 2069 2262 membris

495 2298 656 2354 Hane
685 2295 887 2354 saltim
919 2295 1131 2368 tetigit,
1166 2295 1375 2368 raptim
1407 2295 1604 2351 salvus
1635 2294 1932 2351 remeavit.

566 2385 756 2458 Hujus
783 2401 920 2441 cum
952 2384 1222 2440 stabilem
1252 2383 1520 2440 volitaret
1548 2383 1705 2439 lama
1732 2400 1836 2456 per
1864 2383 2085 2452 orbem,

495 2475 778 2532 Abiatbar
802 2473 1060 2546 reliquos
1089 2477 1286 2529 exorat
1314 2490 1464 2546 ssepe
1489 2473 1762 2530 sacerdos

499 2562 806 2620 Pontiﬁces
837 2561 1037 2634 templi
1069 2562 1234 2635 pretii
1266 2579 1381 2616 non
1415 2578 1654 2616 munere
1681 2561 1861 2632 parci,

496 2651 726 2708 Vellent
754 2649 1093 2723 praeclaram
1120 2667 1235 2722 quo
1265 2651 1618 2722 despousare
1650 2649 1892 2705 Mariam

500 2739 693 2813 Ipsius
722 2739 954 2812 egregio
984 2737 1154 2811 legali
1189 2739 1398 2795 fcedere
1431 2744 1588 2795 nato.

496 2829 659 2896 Quod
691 2827 816 2884 fieri
844 2845 978 2884 vero
1011 2827 1280 2900 prohibet
1307 2827 1654 2900 virguncula
1683 2832 1862 2895 casta,

497 2916 716 2990 Inclyta
746 2915 957 2988 regalis
997 2932 1280 2988 spernens
1312 2917 1606 2972 consortia
1633 2915 1854 2988 stirpis,

496 3006 570 3064 Se
599 3021 832 3079 quoque
862 3005 1154 3060 finetenus
1185 3009 1433 3062 testatur
1463 3004 1657 3061 nobile
1688 3021 1900 3077 corpus

495 3095 637 3167 Ejus
668 3093 941 3167 conjugio
973 3098 1229 3166 percerte
1255 3093 1504 3150 subdere
1536 3092 1718 3148 nullo.

495 3183 663 3240 Talia
691 3181 997 3256 pontifices
1028 3181 1121 3237 cui
1155 3197 1287 3238 mox
1313 3183 1508 3238 dixere
1541 3186 1805 3254 potentes
1839 3198 1853 3236 ε

565 3272 769 3329 Nonne
798 3270 953 3328 Deus
983 3267 1213 3342 colitur,
1246 3270 1536 3342 digneque
1567 3275 1773 3342 potens
1810 3273 2138 3337 veneratur,

497 3361 564 3418 In
595 3358 786 3434 plebis
808 3359 973 3417 Judis
1001 3356 1173 3430 legali
1206 3357 1586 3430 posteritate?

497 3449 614 3507 Nec
641 3448 811 3505 decet
840 3447 1150 3519 innuptam
1181 3445 1359 3502 talem
1393 3463 1691 3504 remanere
1722 3444 2000 3518 puellam.

497 3537 676 3605 Queis
699 3539 977 3596 constans
1009 3535 1204 3591 animo
1239 3535 1539 3607 respondit
1567 3533 1706 3592 talia
1736 3535 1898 3608 virgo
1931 3551 1944 3591 :

497 3626 645 3684 Nam
674 3625 829 3682 Deus
857 3623 918 3680 in
950 3623 1166 3696 templo
1197 3623 1409 3696 gaudet
1437 3623 1798 3696 requiescere
1829 3625 2069 3693 mundo,

498 3714 886 3772 Mentibus‘et
913 3711 1147 3780 sobriis,
1184 3729 1289 3768 nec
1320 3711 1646 3768 delectatur
1676 3713 1734 3769 in
1766 3712 1886 3770 illis

494 3803 748 3862 Crimine
779 3819 925 3876 quos
957 3815 1170 3874 magno
1203 3800 1456 3857 maculat
1487 3801 1704 3858 lasciva
1723 3801 1924 3858 libido.

494 3893 752 3961 Scimus,
779 3889 918 3946 Abel
951 3889 1193 3963 duplam
1219 3889 1428 3946 merito
1468 3890 1797 3963 sumpsisse
1844 3906 2142 3960 coronam,

493 3979 604 4050 Qui
634 3979 863 4054 primus
895 3979 1116 4036 mundo
1139 3980 1343 4052 justus
1376 3978 1567 4034 fuerat
1598 3977 1979 4051 protOplasto,

495 4070 684 4127 Unam
715 4068 1003 4142 martyrii,
1035 4069 1234 4125 fratris
1264 4068 1335 4124 de
1367 4069 1520 4123 caede
1553 4069 1795 4140 peracti,

493 4160 683 4231 Atque
711 4155 902 4230 magis
929 4156 1176 4213 nitidam
1206 4174 1310 4230 pro
1331 4157 1662 4229 virginitate
1692 4157 2033 4226 secundam,

483 4247 826 4318 Credimus,
857 4244 1044 4302 Eliam
1075 4245 1286 4303 omium
1317 4246 1558 4318 petiisse
1590 4250 1904 4316 secretum,

495 4335 748 4410 Corpore
778 4349 914 4392 cum
943 4349 1077 4390 vero
1102 4333 1324 4390 mansit
1353 4333 1491 4406 quia
1519 4334 1682 4407 virgo
1713 4340 1998 4407 potenter,

496 4424 612 4482 Nec
642 4439 856 4498 corpus
881 4421 1132 4479 maculis
1159 4438 1421 4493 unquam
1451 4421 1686 4478 violavit
1725 4424 1962 4480 amaris.

495 4513 626 4570 Haec
657 4511 834 4569 didici
864 4515 1038 4582 certe,
1076 4509 1222 4584 legis
1247 4509 1472 4566 ratione
1501 4512 1764 4582 docente,

493 4602 565 4659 Et
593 4601 828 4659 discens
857 4599 1055 4657 animo
1085 4597 1362 4656 mandavi
1391 4599 1594 4656 sedula
1623 4601 1758 4667 fixo,

493 4691 699 4764 Meque
729 4688 1050 4762 puellarem
1083 4687 1214 4745 novi
1247 4688 1499 4744 retinere
1529 4689 1835 4761 pudorem.

561 4779 879 4851 Postquam
912 4777 1004 4834 bis
1033 4782 1258 4850 septem
1290 4781 1443 4833 totos
1473 4777 1864 4850 compleverat
1894 4795 2102 4848 annos,

488 4869 614 4926 Non
645 4867 755 4925 hoc
785 4884 913 4924 esse
941 4867 1034 4922 sui
1067 4865 1269 4935 moris,
1303 4867 1507 4922 dicunt
1538 4865 1832 4938 Pharismi,

487 4957 591 5015 84
619 4956 823 5014 (Etatis
849 4959 1024 5013 tanta:
1055 4957 1211 5028 quod
1240 4955 1414 5013 vellet
1445 4956 1604 5028 virgo
1629 4973 1886 5012 manere.

487 5047 626 5104 Post
654 5046 774 5102 bene
805 5045 864 5101 in
895 5042 1136 5118 templo,
1170 5044 1403 5102 Domini
1452 5045 1562 5101 sub
1613 5045 1832 5102 honore
1857 5052 2133 5115 ,sacrato,

486 5136 619 5193 Mox
647 5135 1029 5192 decreverunt
1059 5133 1346 5207 pepulum
1377 5151 1722 5191 concurrere
1760 5140 2062 5201 cunctum,

484 5225 559 5282 Ut
584 5224 802 5298 pariter
830 5227 1058 5280 tantam
1091 5226 1386 5278 tentarent
1416 5221 1643 5279 volvere
1673 5239 1934 5281 causam.

457 5313 572 5381 Et,
607 5329 740 5370 cum
771 5312 881 5368 sub
901 5311 1082 5368 tectis
1115 5311 1319 5384 templi
1351 5311 1700 5369 consisteret
1739 5312 1953 5382 omnis,

477 5400 780 5470 Abiathar,
814 5417 992 5474 quem
1022 5401 1144 5469 iam
1175 5400 1438 5468 memini,
1473 5401 1584 5457 sub
1616 5399 1740 5473 lege
1773 5401 2065 5469 sacerdos,

474 5490 802 5548 Ascensum
829 5489 1122 5562 graduum
1155 5488 1492 5545 conscendit
1523 5505 1778 5561 namque
1807 5489 2129 5562 superbum

475 5576 718 5643 Prsesul,
747 5580 807 5632 et
833 5577 1051 5634 astanti
1082 5577 1315 5634 dicebat
1342 5576 1485 5636 talia
1515 5576 1668 5650 plebi
1703 5595 1717 5633 :

545 5665 629 5746 ξι
659 5680 777 5738 quo
809 5669 1209 5722 constructum
1254 5665 1443 5723 fuerat
1492 5666 1804 5739 pramobile
1836 5665 2124 5741 templum

1291 387 1821 451 llRO'l‘SUl'l‘H/E
1865 384 2240 448 MONIALIS
2289 381 3075 445 GANDERSHEIMENSIS

2150 521 2208 588 Α
2241 516 2427 584 Istud,
2461 533 2564 589 per
2593 515 2792 588 magni
2823 515 2978 588 regis
3008 515 3273 572 studium
3306 513 3630 584 Salomonis,

3683 388 3794 462 ΜΞ

2234 605 2308 662 Ut
2329 605 2514 673 scitis,
2549 621 2680 660 vere
2711 609 3058 660 manserunt
3089 621 3321 676 semper
3349 604 3405 659 in
3437 604 3530 662 illo

2236 695 2447 750 Forma
2475 692 2804 765 conspicuae
2833 692 3031 748 vultus
3061 697 3228 749 zelate
3259 693 3476 750 tenella:

2234 784 2396 839 Nata:
2430 782 2739 850 nobilium,
2774 783 2999 838 famoso
3028 781 3292 854 germine
3322 800 3543 854 regum,

2233 874 2422 945 Atque
2451 873 2842 938 sacerdotum,
2875 877 3072 926 vatum
3106 871 3436 944 pariterque
3466 871 3689 944 piorum,

2236 964 2373 1028 Quae
2405 961 2662 1016 celebres
2693 961 2852 1016 omni
2887 960 3094 1016 merito
3127 978 3396 1016 mansere
3428 961 3654 1033 popello.

2236 1051 2404 1106 Certe
2435 1049 2690 1122 perfecta
2719 1049 2822 1105 sed
2854 1067 2988 1104 mox
3018 1054 3190 1106 aetate
3220 1055 3465 1122 recepta,

2237 1140 2602 1212 Conjugibus
2635 1142 2806 1194 tanta:
2833 1138 3140 1211 condignis
3172 1143 3314 1195 sunt
3343 1139 3584 1209 sociatae,

2240 1227 2424 1284 Multo
2455 1227 2762 1300 magisque
2791 1227 2908 1284 Deo
2941 1227 3290 1300 placuerunt
3320 1245 3543 1301 semper
3568 1229 3632 1285 ab
3659 1229 3752 1284 illo.

2242 1319 2400 1374 More
2431 1319 2534 1374 sed
2567 1317 2803 1373 insolito
2831 1322 3029 1390 sperat
3058 1335 3119 1373 se
3147 1317 3312 1389 virgo
3343 1317 3519 1373 Maria

2243 1407 2418 1464 Posse
2449 1405 2694 1480 placere,
2727 1405 2870 1461 viris
2901 1407 3128 1462 Domini
3154 1424 3260 1480 pro
3282 1405 3512 1462 nomine
3540 1408 3738 1479 spretis,

2242 1496 2432 1564 Nunc,
2467 1495 2607 1568 quia
2639 1512 2754 1551 non
2787 1498 3033 1565 constat,
3058 1500 3258 1551 votum
3287 1512 3350 1552 se
3373 1495 3597 1552 reddere
3623 1500 3812 1559 tantum,

2245 1583 2447 1641 Restat
2506 1589 2572 1638 ut
2608 1583 2978 1640 Altithonum
3027 1584 3304 1655 precibus
3353 1584 3521 1657 digne
3564 1585 3815 1658 rogitemus

2246 1672 2319 1729 Ut
2347 1690 2453 1729 nos
2486 1672 2632 1728 forte
2657 1673 2784 1729 suis
2816 1671 2989 1728 faciat
3019 1689 3378 1745 cognoscere
3401 1672 3597 1744 jussis,

2248 1761 2407 1819 Hanc
2438 1761 2581 1834 quia
2605 1759 2776 1834 legali
2809 1761 2898 1817 fas
2929 1761 3164 1817 sitcum
3196 1761 3413 1818 foedere
3433 1762 3614 1836 jungi.

2321 1848 2450 1907 Tali
2483 1849 2727 1906 consilio
2760 1866 3050 1906 consensu
3081 1848 3270 1922 plebis
3302 1850 3532 1922 adepto,

2331 1901 2450 1907 ————
2489 1901 2721 1906 -τ--τ---ν
2766 1901 3050 1906 "mw-~—
3081 1901 3269 1922 ικ-τ-νη
3305 1901 3532 1922 ητα.

2171 1901 2220 1967 Β
2251 1939 2480 1995 Sortem
2513 1939 2820 2010 pontifices
2849 1937 3138 1994 miserunt
3167 1937 3447 2010 primitus
3476 1955 3676 1994 omnes.

2252 2026 2409 2083 Inter
2437 2044 2694 2100 namque
2723 2027 2914 2084 tribus
2948 2026 3175 2083 lsraclis
3207 2027 3530 2094 duodeuas,

2252 2118 2387 2182 Qum
2421 2133 2554 2174 mox
2584 2116 2876 2189 egregiam
2905 2117 3069 2173 Judm
3101 2117 3295 2189 signat
3326 2119 3446 2174 fore
3473 2117 3703 2189 dignam,

2251 2207 2379 2272 Qua
2407 2205 2713 2279 designata
2744 2223 2859 2278 pra:
2889 2207 3116 2263 cunctis
3149 2205 3377 2262 scilicet
3409 2223 3540 2270 una,

2254 2293 2604 2366 Prmeopcre,
2633 2294 2786 2350 viros
2817 2295 3082 2366 ejusdem
3113 2294 3404 2368 germinis
3428 2311 3636 2361 omnes,

2253 2383 2410 2450 Quos
2439 2382 2565 2439 sine
2595 2383 2947 2456 conjugibus
2978 2383 3114 2438 fecit
3139 2383 3467 2442 consistere
3495 2401 3652 2440 casus
3683 2400 3694 2436 :

2252 2471 2536 2528 Collectos
2567 2487 2704 2544 ergo
2734 2488 3079 2528 concurrere
3109 2469 3232 2527 sole
3253 2473 3512 2530 secundo

2252 2560 2322 2616 Et
2352 2559 2628 2616 manibus
2655 2561 2850 2634 virgas
2881 2559 3098 2624 dextris
3127 2561 3398 2617 conferre
3432 2560 3682 2616 novellas.

2323 2647 2440 2704 Piis
2473 2647 2653 2722 igitur
2680 2647 2907 2704 eunetis
2939 2653 3058 2704 toto
3089 2649 3402 2704 conamine
3432 2648 3607 2716 lectis,

2250 2738 2498 2793 Advenit
2527 2738 2743 2810 dignus
2775 2737 2970 2794 senior
2997 2737 3237 2810 Joseph,
3272 2738 3531 2794 sociatus

2252 2826 2352 2884 85
2385 2826 2527 2895 Illis,
2560 2826 2864 2884 incurvam
2894 2831 3134 2900 portans
3165 2827 3275 2883 sub
3310 2827 3504 2884 indice
3531 2828 3742 2900 virgam.

2249 2917 2323 2971 At
2350 2931 2486 2971 vero
2509 2932 2784 2972 summus
2813 2917 3006 2988 virgas
3035 2915 3294 2972 tollendo
3327 2917 3594 2974 sacerdos

2251 3005 2546 3075 Gaudens,
2578 3011 2922 3063 cunctorum
2957 3007 3202 3062 Domino
3225 3006 3449 3066 faciens
3473 3008 3824 3068 holocaustum,

2251 3094 2398 3161 Quid
2430 3095 2553 3150 fieri
2577 3095 2768 3167 jubet,
2799 3095 3002 3152 eﬂ‘usis
3030 3095 3306 3167 precibus
3341 3097 3640 3170 rogitabat.

2250 3181 2355 3238 Cui
2385 3199 2520 3239 mox
2550 3182 2785 3240 indiciis
2813 3183 3029 3240 divinis
3059 3183 3174 3240 ista
3194 3184 3513 3255 jubentur,

2152 3269 2216 3337 'C
2252 3272 2539 3344 Tempore
2564 3272 2790 3344 digesto
2819 3271 2931 3329 sibi
2963 3288 3092 3344 qua)
3124 3272 3363 3330 fuerant
3396 3273 3660 3331 facienda.

2255 3359 2642 3418 Prmmonitus
2669 3360 2861 3434 virgas
2891 3361 2991 3434 qui
3023 3361 3188 3418 misit
3217 3364 3490 3434 protinus
3520 3363 3679 3436 ipsas,

2255 3447 2318 3504 In
2351 3448 2556 3522 templi
2586 3455 2856 3506 sanctum
2886 3449 3092 3507 famosi
3116 3450 3254 3522 jure
3275 3456 3583 3520 secretum,

2254 3537 2628 3595 Demandans
2659 3539 2864 3612 quidni
2891 3537 3184 3596 collectim
3211 3539 3344 3598 luce
3369 3540 3644 3614 sequenti,

2255 3624 2390 3682 lnde
2421 3625 2645 3700 regales
2678 3628 2890 3684 iterum
2919 3627 3152 3686 venisse
3180 3635 3447 3702 nepotes,

2255 3713 2746 3788 Unumquemque
2776 3734 2944 3773 suam
2973 3734 3210 3774 rursum
3241 3735 3482 3792 quoque
3528 3733 3730 3776 sumere
3751 3713 3830 3769 tir-

2253 3803 2526 3862 Namsibi
2545 3823 2649 3878 pro
2666 3806 2834 3879 signo
2853 3807 3076 3864 dictum
3100 3807 3290 3866 fuerat
3311 3809 3636 3874 manifeste,
3703 3810 3826 3875 ίεω·

2252 3891 2428 3966 Virgo
2459 3893 2614 3966 quod
2637 3893 2760 3950 bmc
2791 3893 2950 3950 credi
2979 3894 3220 3952 deberet
3241 3895 3460 3954 nobilis
3491 3895 3594 3964 illi,

2254 3981 2334 4038 De
2365 3983 2536 4056 cujus
2563 3983 2727 4058 virga
2755 3982 3022 4040 volitaret
3051 3983 3160 4040 rite
3184 3983 3486 4054 columba,

2254 4072 2390 4138 Qum
2419 4071 2660 4145 petiisse
2689 4071 2890 4146 polum
2919 4076 3173 4131 tentaret
3201 4074 3476 4146 protinus
3505 4073 3690 4132 altum.

2326 4158 2470 4216 Cum
2500 4165 2590 4218 ter
2619 4159 2779 4218 mille
2811 4177 2953 4218 suas
2980 4163 3303 4218 retinerent
3330 4163 3581 4235 denique
3599 4165 3760 4232 captas

2252 4247 2480 4322 Virgae,
2515 4265 2774 4322 persona:
2805 4249 3082 4322 prmdicto
3111 4253 3376 4322 tempore
3405 4253 3592 4317 certat,

2253 4337 2370 4394 Nec
2399 4338 2637 4411 signum
2669 4338 2884 4412 populo
2917 4339 3264 4413 prmdictum
3297 4339 3563 4398 redderet
3589 4336 3706 4401 ulla,

2253 4425 2478 4483 Obtulit
2506 4426 2814 4500 incensum
2847 4427 3059 4499 praisul
3088 4427 3421 4484 venerabile
3453 4442 3687 4492 rursum,

2252 4517 2441 4589 Seque
2469 4516 2630 4572 dedit
2654 4514 2929 4590 precibus
2955 4516 3160 4573 devoto
3190 4522 3430 4590 pectore
3459 4516 3618 4573 fusis.

2252 4604 2355 4661 Cui
2388 4622 2522 4662 mox
2551 4604 2768 4662 cmlesti
2799 4605 3030 4661 dicetur
3057 4621 3194 4661 voce
3225 4607 3510 4678 precanti,

2254 4645 2355 4661 υι..
2388 4645 2522 4662 ...νη
2551 4645 2768 4662 em“...
2799 4645 3019 4661 ωνυυ...
3065 4645 3194 4661 ,νυν
3225 4645 3510 4678 ,ηυυιιμυη

2171 4645 2220 4712 D
2251 4693 2491 4767 Virgula
2519 4709 2776 4766 namque
2808 4693 3003 4749 brevis
3029 4692 3250 4764 Joseph
3273 4695 3424 4764 justi
3459 4692 3700 4757 senioris,

2249 4783 2384 4853 Qua:
2405 4782 2565 4853 jacet
2596 4782 2657 4836 in
2688 4780 2912 4855 templo
2945 4797 3051 4838 nec
3084 4780 3439 4838 sollicitatur
3469 4781 3542 4838 ab
3569 4779 3692 4844 ullo,

2250 4869 2522 4942 Implebit
2552 4870 2762 4924 merito
2788 4871 3030 4944 signum
3059 4869 3448 4926 memorabile
3476 4868 3610 4924 sola.

2319 4957 2420 5016 llis
2448 4959 2533 5014 ita
2559 4957 2765 5028 finitis,
2799 4957 3001 5014 sonuit
3027 4974 3135 5013 vox
3163 4955 3540 5030 pontiﬁcalis,

2243 5049 2529 5104 Mandans
2560 5049 2620 5103 in
2651 5047 2910 5104 mediam
2939 5045 3158 5119 Joseph
3183 5047 3494 5118 procedere
3524 5042 3741 5105 turbam,

2247 5136 2349 5192 Hic
2379 5141 2504 5193 erat
2533 5136 2821 5207 abjectus,
2847 5137 3038 5192 forma
3067 5133 3347 5208 nullaque
3373 5135 3632 5196 decorus,

2245 5222 2360 5280 Nec
2391 5223 2502 5279 sibi
2532 5221 2890 5295 complacuit
2919 5223 3090 5280 sociis
3120 5223 3399 5280 interiore
3431 5223 3620 5288 tantis,

2242 5311 2355 5368 Sed
2387 5327 2557 5386 mage
2585 5315 2882 5385 postremo
2910 5311 3130 5385 gaudet
3159 5328 3459 5369 remanere
3489 5308 3692 5371 locello,

2240 5399 2349 5467 Qui
2377 5417 2530 5468 mox,
2564 5405 2629 5456 ut
2654 5416 2856 5456 vocem
2887 5401 3091 5470 sensit,
3127 5418 3189 5458 se
3219 5401 3364 5459 forte
3393 5403 3697 5460 vocantem,

2239 5487 2528 5548 Processit
2556 5489 2824 5562 pavidus,
2847 5490 3072 5563 virgam
3103 5489 3522 5563 comprendere
3540 5489 3744 5560 jussus,

2238 5578 2320 5634 Ex
2351 5595 2470 5650 qua
2495 5577 2778 5636 continuo
2810 5577 3128 5651 splendens
3153 5595 3389 5652 egressa
3411 5575 3688 5641 columba,

2238 5667 2404 5724 Haud
2435 5667 2598 5726 tarde
2627 5666 2840 5725 coelum
2873 5668 3056 5724 fertur
3085 5667 3324 5742 petiisse
3351 5670 3654 5724 secretum.
