4084 6190
381 258 536 320 1073

374 393 478 449 nis
509 392 592 449 ita
621 393 953 463 transactis,
974 393 1177 453 laudes
1198 395 1364 470 plebs
1395 400 1706 469 concrepat
1735 395 1948 466 omnis,

376 485 583 539 Grates
613 483 945 539 Altithrono
978 485 1289 543 reddentes
1320 492 1553 561 pectore
1582 486 1734 541 lzeto.

374 573 475 630 80
506 573 610 629 Cui
642 573 865 646 placuit
892 574 1060 647 signo
1084 576 1315 647 justum
1347 580 1677 632 monstrare
1705 575 1949 641 novello,

374 665 503 736 Ipse
536 664 637 719 sed
669 663 856 719 aetatis
887 681 1004 720 non
1038 665 1349 721 immemor
1376 665 1693 733 ulterioris,

373 753 709 809 Protestans
739 769 1006 825 proceres
1038 771 1100 810 se
1133 756 1513 828 progenuisse
1544 759 1805 827 nepotes,

371 842 584 914 Magno
616 847 878 914 percerte
910 844 1095 899 fertur
1125 844 1379 917 rogitare
1408 845 1629 917 pudore

372 932 703 996 Pontifices,
741 932 985 988 Mariam
1016 950 1129 1004 quo
1161 951 1275 989 non
1307 933 1519 989 vellent
1549 933 1661 989 sibi
1712 932 2017 1005 pulchram

372 1021 563 1095 Ipsius
595 1021 852 1094 proprio;
888 1021 990 1076 sed
1022 1038 1299 1093 sponsam
1332 1024 1557 1078 tradere
1591 1026 1746 1078 nato.

371 1112 532 1178 Quod
552 1127 686 1166 cum
704 1111 849 1165 forte
863 1114 1168 1182 negant,se
1186 1111 1483 1185 signatum
1506 1129 1737 1184 quoque
1754 1117 2015 1176 narrant,

370 1202 452 1258 No
484 1200 765 1272 cuiquam
797 1200 953 1255 credi
988 1204 1251 1256 sanctam
1284 1201 1491 1256 debere
1522 1200 1801 1274 puellam,

369 1294 553 1358 Quam
586 1288 902 1361 sibi,quem
926 1288 1209 1345 Dominus
1231 1289 1423 1345 solum
1458 1291 1591 1346 fecit
1607 1291 1725 1347 fore
1746 1290 2012 1365 dignum,

369 1383 659 1446 Exorans,
683 1377 829 1434 alias
861 1378 1036 1451 erepit
1067 1378 1320 1452 rogitare
1352 1378 1577 1452 puellas

370 1468 519 1525 Mitti
552 1478 688 1524 cum
719 1465 922 1535 Maria,
956 1480 1135 1522 causa
1164 1465 1469 1522 solaminis
1499 1482 1657 1540 ergo,

369 1561 526 1625 Quaa,
555 1553 733 1612 veluti
762 1554 1107 1611 connutritee
1138 1553 1425 1627 socimque
1456 1570 1676 1622 cozevze,

368 1647 531 1704 Illam
561 1643 838 1716 colloquii
871 1642 1089 1699 scirent
1119 1641 1404 1699 solamine
1433 1641 1612 1709 dulci,

364 1738 601 1809 Absque
632 1749 797 1789 mora
828 1730 1116 1788 consolari
1149 1748 1220 1788 ne
1247 1731 1408 1804 virgo
1440 1733 1648 1805 pudori

366 1826 625 1898 Conjugo
656 1838 761 1897 pro
790 1820 985 1877 vetulo
1018 1821 1181 1877 fieret
1213 1822 1476 1893 subjecta
1506 1820 1741 1892 tenella,

366 1915 529 1984 Quod
561 1931 698 1970 mox
727 1911 1033 1985 pontifices
1066 1910 1191 1966 fieri
1214 1911 1448 1981 jussere
1476 1915 1767 1983 parentes,

366 2006 479 2063 Sed
508 2003 704 2060 senior
736 2002 956 2057 frustra
985 2001 1298 2055 sudaverat
1330 2001 1445 2055 ista
1476 2001 1758 2073 rogando,

365 2095 491 2150 Non
523 2092 661 2163 sibi,
695 2091 796 2147 sed
826 2089 1077 2157 Christo,
1114 2090 1303 2145 fuerat
1333 2089 1473 2161 quia
1499 2089 1661 2161 virgo
1689 2088 1900 2144 dicata.

436 2183 749 2254 Postquam
780 2178 1087 2252 pontifices
1118 2177 1371 2250 preculis
1401 2194 1629 2234 cessere
1657 2177 1971 2250 precantis,

368 2270 587 2343 Joseph
614 2269 962 2326 servandam
995 2268 1254 2339 suscepit
1279 2283 1535 2339 namque
1565 2266 1844 2341 puellam,

362 2363 433 2418 Et
462 2358 683 2434 pariter
712 2356 947 2422 missas,
980 2356 1040 2411 ni
1072 2355 1263 2423 fallor,
1293 2354 1557 2427 quinque
1584 2355 1829 2428 puellas,

363 2454 625 2518 Quarum
658 2447 742 2503 sic
774 2462 910 2519 ergo
942 2446 1263 2501 creduntur
1291 2443 1532 2499 nomina
1553 2444 1708 2500 dicta
1741 2452 1753 2499 :

362 2537 762 2613 Sephiphona,
793 2533 988 2602 Zabel,
1021 2534 1313 2601 Susanna,
1348 2534 1629 2602 Rebecca,
1658 2533 1896 2607 Abigea,

362 2629 467 2696 Qui
503 2643 651 2700 opus
682 2626 753 2681 ad
788 2623 991 2696 templi
1023 2622 1360 2695 pertingens
1390 2639 1645 2695 namque
1678 2622 1890 2678 sacrati

361 2717 641 2775 Traditur
669 2718 946 2771 ornatum
980 2712 1243 2768 studiose
1272 2712 1694 2783 perﬁciendum

361 2808 627 2879 Purpura
659 2819 793 2860 cum
826 2802 999 2875 bysso
1032 2800 1221 2856 linum
1253 2817 1388 2855 cum
1418 2799 1627 2855 vellere
1659 2816 1878 2867 serum,

360 2897 627 2968 Purpura
657 2894 758 2949 sed
791 2896 1005 2947 sanctm
1039 2890 1267 2961 fulgens
1300 2890 1595 2961 operanda
1629 2890 1845 2957 Maria),

358 2984 627 3042 Creditur
657 2983 727 3038 ad
760 2980 954 3035 velum
985 2980 1217 3035 Domini
1250 2978 1447 3050 templi
1481 2978 1825 3050 pretiosum.

431 3074 533 3130 His
562 3087 741 3143 super
771 3085 1027 3126 accensae
1059 3072 1376 3140 prmsentes
1408 3068 1621 3139 quippe
1653 3067 1880 3140 puellae,

359 3160 666 3237 Opprobrii
697 3175 877 3215 causa
907 3156 1178 3212 dixerunt
1207 3155 1399 3211 taliter
1425 3171 1561 3227 ergo
1595 3172 1607 3210 :

358 3254 513 3309 Num
542 3254 600 3305 te
629 3248 891 3320 reginam
923 3250 1153 3301 constat
1182 3249 1315 3318 post
1343 3245 1465 3299 haec
1496 3246 1616 3300 fore
1647 3248 1931 3311 nostram,

358 3341 491 3397 Jam
524 3337 771 3395 toxenda
796 3335 924 3402 tibi,
959 3334 1098 3407 quia
1128 3351 1389 3407 purpura
1415 3334 1675 3389 creditur
1704 3333 1805 3389 uni

357 3430 483 3486 Non
517 3444 689 3501 parvo
721 3442 856 3481 cum
888 3425 969 3479 sis
991 3424 1196 3494 junior
1228 3429 1290 3479 tu
1324 3428 1582 3496 tempore
1614 3423 1822 3488 nobis;

358 3522 494 3585 Quin
523 3523 664 3573 tunc
697 3518 763 3570 ut
786 3530 1018 3585 semper
1046 3513 1195 3568 bene
1226 3512 1516 3568 sustinuit
1547 3513 1859 3584 patienter,

357 3605 523 3663 Talia
554 3620 660 3660 nec
686 3603 860 3660 verbo
879 3603 1006 3674 jam
1039 3602 1465 3657 contradixerat
1496 3601 1632 3656 ullo.

428 3697 524 3753 87
559 3697 774 3750 Astans
805 3692 908 3748 sed
941 3692 1117 3747 citius
1148 3695 1350 3745 custos
1382 3707 1614 3763 semper
1644 3690 1755 3745 sibi
1785 3691 1938 3746 {ldus

354 3784 611 3859 Angelus
634 3781 919 3855 astrigera
948 3780 1213 3852 dilapsus
1244 3779 1389 3835 dixit
1418 3780 1490 3835 ab
1523 3779 1681 3847 aula,

354 3876 481 3932 Non
512 3877 586 3941 te,
620 3872 803 3944 virgo,
841 3886 979 3942 rogo
1010 3869 1320 3941 pertubent
1351 3868 1491 3923 talia
1518 3869 1712 3936 verba,

357 3965 484 4021 Istae
515 3965 773 4035 percerte
804 3959 944 4032 quia
971 3962 1170 4013 vatum
1203 3974 1363 4013 more
1394 3956 1623 4026 loeutze,

354 4054 487 4110 Jam
521 4067 677 4106 nunc
702 4064 965 4122 praesaga
993 4048 1267 4103 dicebant
1291 4063 1429 4105 voce
1459 4046 1676 4113 futura,

356 4144 446 4198 Tu
477 4140 617 4214 quia
644 4138 769 4195 sola
798 4141 1063 4209 potenter
1094 4136 1208 4192 eris
1240 4135 1442 4208 regina
1472 4136 1764 4207 perennis,

356 4233 472 4287 Nec
503 4247 619 4286 non
651 4226 928 4299 stelligeri
958 4225 1314 4281 dominatrix
1340 4224 1555 4297 inclyta
1585 4224 1733 4280 cteli.

429 4320 567 4376 Post
598 4318 720 4373 haec
751 4319 972 4371 secreta
1003 4314 1293 4371 residebat
1323 4314 1382 4368 in
1414 4314 1533 4367 aede
1564 4314 1783 4385 quieta,

356 4411 687 4482 Purpureos
718 4404 919 4477 digitis
948 4403 1078 4459 tiles
1107 4404 1354 4474 operahs
1388 4401 1728 4458 benedictis.

353 4496 611 4571 Angelus
642 4498 701 4550 et
729 4508 1001 4549 summus
1030 4490 1260 4547 Gabriel
1292 4491 1704 4562 conspectibus
1733 4493 1882 4562 ejus,

353 4587 556 4644 Astitit
584 4584 870 4657 astrigera
900 4581 1175 4637 ccelornm
1208 4580 1410 4653 lapsus
1442 4580 1513 4634 ab
1546 4579 1679 4636 aula

352 4676 700 4750 Virgincum
731 4673 910 4727 decus
938 4669 1130 4726 verbis
1162 4669 1371 4725 affatur
1396 4668 1622 4736 amicis,

353 4767 532 4825 Juxta
562 4765 907 4821 cunctorum
938 4776 1185 4815 narrans
1215 4758 1450 4815 oracula
1478 4762 1699 4813 vatum.

354 4854 549 4930 Ipsius
576 4870 608 4908 e
629 4853 789 4907 casto
820 4848 983 4904 nasci
1014 4846 1311 4921 dignarier
1341 4846 1469 4902 alvo

352 4941 665 5002 Altithroni
696 4938 919 5012 prolem
944 4934 1166 4994 mundo
1197 4936 1343 4993 satis
1372 4936 1788 5008 antiquiorem,

350 5031 728 5107 Virgineique
757 5029 999 5084 modum
1033 5029 1235 5100 partus
1267 5029 1465 5081 narrat
1494 5028 1962 5083 memorandum.

424 5125 575 5196 Ergo
605 5132 722 5176 non
754 5116 975 5175 nostris
1005 5116 1158 5189 potis
1188 5119 1279 5171 est
1309 5113 1585 5186 exponier
1613 5115 1785 5185 orsis,

353 5204 559 5270 Nobile
589 5207 947 5280 colloquium
973 5205 1146 5280 longe
1177 5219 1446 5261 sermone
1476 5210 1778 5275 peractum

352 5300 635 5375 Virginis,
668 5302 891 5356 eterna:
919 5294 1137 5352 Christi
1167 5293 1372 5350 matris
1402 5293 1715 5353 benedictae

354 5394 563 5449 Partus
592 5392 650 5444 et
677 5387 825 5443 tanti
856 5402 1023 5442 sacra
1051 5383 1345 5440 narrantis
1375 5384 1784 5458 paranymphi,

356 5481 470 5539 Sed
500 5495 605 5535 nec
637 5475 938 5550 dactylicis
969 5493 1116 5548 opus
1146 5478 1236 5532 est
1266 5491 1373 5530 nos
1406 5474 1656 5547 psallere
1684 5474 1919 5531 chordis

358 5572 637 5643 Magnum
670 5582 977 5624 mcerorem
1008 5564 1224 5636 Josepb
1258 5565 1591 5635 durumque
1624 5563 1905 5633 dolorem,

1351 262 1714 326 HISTORIA
1765 260 2130 323 INTACT/E
2172 262 2301 323 DEI
2348 263 2811 326 GENI'I‘RICIS.

2054 396 2107 466 Α
2139 395 2376 453 Frustra
2403 396 2751 454 cordetenus
2781 415 2896 471 quo
2920 396 3047 471 jam
3082 398 3269 457 fuerat
3298 400 3616 476 cruciatus,

3623 271 3778 333 1814

2134 485 2332 543 Talem
2367 487 2506 542 dum
2540 488 2842 559 gravidam
2876 488 3158 545 sensisset
3188 491 3334 547 forte
3356 491 3634 564 puellam,

2133 575 2391 642 Qualiter
2420 581 2476 632 et
2504 577 2693 633 tristis
2724 576 2949 633 solatur
2978 582 3237 652 tempore
3269 581 3478 650 noctis,

2131 664 2391 739 Virginis
2421 665 2652 722 intactae
2674 667 2884 738 jussus
2915 684 3118 722 curam
3150 668 3422 738 retinere,

2129 753 2389 827 Virginis
2419 758 2475 810 et
2506 755 2627 810 nati
2661 755 2829 811 nobis
2862 757 2931 811 de
2962 755 3151 812 sidere
3184 756 3373 814 missi.

2131 843 2262 898 Haec
2293 843 2607 917 evangelici
2641 845 3051 900 demonstrant
3080 850 3291 902 cuncta
3320 846 3527 918 libelli,

2129 932 2371 988 Nostras
2400 938 2457 988 et
2487 933 2723 1006 fragiles
2754 934 3040 989 excedunt
3071 935 3323 1007 denique
3351 937 3524 993 vires.

2128 1020 2230 1076 His
2262 1037 2367 1078 nos
2393 1022 2758 1078 transmissis
2791 1027 3060 1078 constant
3091 1023 3227 1095 quia
3261 1027 3493 1098 cognita
3524 1031 3772 1101 cunctis,

2129 1110 2468 1166 Sermonem
2495 1111 2659 1166 vobis
2691 1115 2917 1167 tantum
2956 1112 3237 1167 faciemus
3271 1114 3342 1169 ab
3377 1114 3513 1183 illis,

2126 1198 2373 1256 Charius
2405 1198 2464 1254 in
2494 1199 2709 1272 templo
2740 1217 2867 1273 quze
2896 1200 3213 1256 creduntur
3244 1202 3387 1258 forte
3417 1204 3591 1260 dicta.

2195 1286 2362 1344 Certe
2391 1303 2527 1344 cum
2560 1287 2827 1345 stabilem
2858 1288 3108 1346 volitans
3137 1290 3359 1347 veniret
3391 1291 3449 1348 in
3484 1295 3684 1351 orbem

2125 1375 2395 1450 Undique
2426 1378 2723 1451 subjectos
2745 1377 2995 1434 describi
3013 1377 3206 1450 jussio
3236 1378 3417 1438 lectos

2123 1466 2365 1523 Caesaris
2392 1467 2640 1541 Augusti
2673 1483 3033 1540 censumque
3063 1467 3175 1525 sibi
3207 1469 3485 1543 profiteri,

2124 1554 2225 1612 88
2255 1555 2473 1629 Joseph
2504 1556 2577 1612 ad
2611 1555 2862 1629 patriam
2890 1555 3156 1613 Bethlem
3188 1563 3518 1630 perrexerat
3541 1562 3768 1630 urbem,

2124 1646 2267 1701 Cum
2300 1646 2656 1720 desponsata
2686 1644 2921 1702 sibimet
2951 1650 3288 1721 praegnante
3320 1647 3537 1717 Maria;

2122 1735 2193 1790 Et
2223 1751 2357 1790 cum
2391 1734 2631 1792 famosis
2657 1740 2855 1791 essent
2885 1750 3064 1808 prope
3095 1735 3389 1793 mtenibus
3424 1738 3608 1807 urbis,

2120 1822 2376 1895 Aspexit,
2404 1840 2519 1880 non
2552 1823 2867 1897 corporeis,
2902 1825 3003 1881 sed
3037 1830 3234 1882 mente
3264 1825 3485 1895 ocellis,

2121 1911 2400 1968 Cominus
2427 1912 2584 1968 alma
2613 1913 2761 1968 duos
2787 1912 3134 1985 virguncula
3161 1919 3314 1971 stare
3345 1916 3624 1989 popellos,

2120 2000 2314 2057 Unum
2344 2002 2651 2067 ridentem,
2683 2017 2789 2057 nee
2821 2018 2935 2055 non
2968 1999 3148 2058 alium
3182 2003 3622 2076 lacrymantem,

2121 2091 2283 2157 Quod
2315 2089 2533 2162 Joscph
2563 2089 2756 2145 vetulo
2788 2107 3055 2159 narrans,
3091 2092 3314 2147 audivit
3345 2094 3416 2148 ab
3449 2093 3547 2149 illo
3583 2112 3595 2148 :

2120 2180 2365 2236 Contine
2394 2180 2658 2251 subjecto
2689 2184 2919 2235 tantum
2952 2183 3006 2235 te
3037 2180 3145 2236 rite
3167 2180 3461 2252 jumento,

2119 2270 2189 2325 Et
2219 2268 2358 2338 noli,
2394 2286 2593 2342 posco,
2624 2286 2861 2325 narrare
2891 2270 3189 2342 superflua
3212 2271 3407 2327 verba.

2190 2358 2445 2423 Dixerat,
2477 2362 2536 2413 et
2557 2359 2835 2430 juvenem
2867 2375 3063 2415 coram
3095 2360 3391 2431 prospexit
3419 2361 3680 2431 herilem,

2119 2447 2227 2513 Qui
2260 2446 2371 2502 sibi
2406 2446 2751 2519 mysterium
2781 2445 3095 2503 declaravit
3127 2448 3477 2520 populorum

2117 2535 2284 2592 Talia
2314 2540 2545 2592 sacrata
2569 2536 2769 2592 dicens
2802 2553 2903 2608 pro
2934 2535 3156 2608 virgine
3182 2537 3356 2593 verba
3391 2555 3401 2593 :

2035 2649 2045 2661 ο
2119 2626 2236 2681 Cur
2259 2625 2406 2681 dicis
2435 2624 2679 2681 Mariam
2712 2642 2825 2681 non
2865 2624 3106 2679 verbula
3131 2640 3265 2681 vera
3292 2625 3548 2683 locutam

2117 2715 2485 2787 Indignatus,
2515 2730 2643 2769 eam
2674 2718 2961 2769 secretum
2994 2726 3226 2769 cernere
3256 2714 3443 2771 solam

2116 2804 2264 2860 Nam
2296 2803 2531 2859 flentem
2563 2800 2846 2875 pepulum
2878 2801 3085 2858 merito
3115 2802 3259 2858 vidit
3288 2802 3632 2871 Judeorum,

2118 2892 2225 2959 Qui
2252 2908 2384 2948 mox
2412 2910 2446 2947 a
2478 2892 2724 2948 Domino
2756 2892 3013 2947 discedet
3043 2893 3215 2946 corde
3247 2892 3527 2966 maligno,

2116 2981 2331 3037 Contra
2358 2981 2635 3053 gentilem
2665 2982 2765 3037 sed
2798 2981 2997 3036 lzetitia
3028 2982 3314 3037 ﬂuitatem

2115 3072 2198 3127 Ad
2227 3071 2359 3125 fidei
2390 3086 2671 3143 magnum
2692 3070 2837 3143 quia
2866 3069 3159 3142 perveniet
3190 3075 3648 3127 sacramentum.

2034 3140 2077 3208 C
2185 3159 2288 3215 His
2318 3140 2517 3227 dictis,
2545 3140 2789 3214 Mariam
2820 3140 3032 3214 blande
3063 3175 3378 3215 conversus
3409 3162 3482 3215 ad
3532 3159 3756 3217 almam

2114 3250 2372 3321 Tempus
2403 3248 2609 3303 adesse
2639 3247 2751 3304 sibi
2782 3247 3081 3304 Christum
3113 3251 3312 3303 narrat
3342 3249 3608 3321 pariendi

2113 3340 2248 3404 Quae
2280 3339 2352 3393 de
2382 3337 2646 3407 subjecto
2680 3337 2984 3392 descendit
3008 3337 3180 3411 jus’sa
3201 3337 3473 3407 jumento

2112 3427 2345 3483 Intrans
2377 3425 2717 3498 speluncam
2750 3426 2861 3481 sub
2891 3429 3044 3481 terra
3075 3424 3180 3481 rite
3213 3425 3461 3481 locatam

2112 3518 2247 3582 Quae
2278 3514 2431 3570 male
2466 3515 2768 3587 przesentis
2800 3516 3032 3587 penitus
3062 3515 3174 3570 fuit
3203 3517 3388 3572 inscia
3418 3515 3566 3571 lucis

2110 3605 2181 3659 Et
2209 3620 2384 3675 quam
2415 3603 2704 3658 continuie
2737 3620 2968 3674 semper
3000 3608 3237 3658 tonuere
3266 3605 3538 3660 tenebrae.

2112 3693 2223 3748 Sed
2256 3708 2408 3756 mox,
2443 3696 2506 3745 ut
2536 3690 2724 3745 lucem
2758 3690 3010 3761 genitrix
3040 3691 3302 3762 paritura
3333 3709 3649 3763 perennem

2111 3781 2270 3837 Hanc
2299 3779 2462 3848 adiit,
2498 3779 2677 3834 radiis
2709 3778 2885 3850 coepit
2916 3777 3137 3851 fulgere
3169 3780 3432 3835 coruscis

2110 3870 2225 3926 Nec
2256 3872 2389 3943 post
2416 3869 2535 3924 haec
2566 3868 2644 3922 ibi
2679 3866 2927 3922 ecclesiis
2960 3866 3058 3922 lux
3088 3868 3267 3923 defuit
3300 3869 3459 3923 omni

2110 3961 2394 4031 Tempore
2425 3974 2537 4030 quo
2570 3956 2823 4029 genitrix
2852 3956 2969 4011 illic
3002 3956 3220 4012 mansit
3251 3957 3393 4012 bene
3426 3958 3580 4015 felix.

2181 4049 2379 4104 Noctis
2412 4045 2737 4118 tranquillae
2769 4046 2960 4101 medio
2990 4045 3299 4101 libramine
3329 4049 3502 4115 certe,

2109 4136 2231 4194 Illic
2262 4137 2381 4193 haec
2410 4136 2611 4193 eadem
2645 4135 2848 4208 genuit
2870 4135 3218 4207 virguncula
3247 4136 3468 4209 prolem

2109 4227 2381 4284 Gaudens
2412 4225 2690 4292 divinam,
2716 4222 2943 4280 cunctis
2975 4224 3189 4281 seculis
3217 4227 3629 4294 venerandam,

2108 4315 2212 4372 Cui
2244 4332 2457 4370 nomen
2483 4315 2681 4380 Jesus,
2712 4312 2805 4368 cui
2836 4313 2913 4368 sit
2942 4312 3091 4381 laus,
3126 4314 3330 4387 gloria,
3365 4316 3571 4383 virtus,

2110 4404 2341 4462 Solvere
2372 4404 2469 4476 qui
2504 4407 2765 4459 veterum
2797 4404 3037 4460 veniens
3077 4402 3311 4459 oracula
3340 4408 3558 4471 vatum,

2034 4512 2078 4576 D
2111 4495 2182 4551 Se
2197 4511 2298 4566 pro
2332 4493 2608 4548 salvando
2636 4496 2948 4547 venturum
2982 4492 3224 4564 prmscia
3256 4493 3476 4547 mundo

2113 4583 2319 4639 Pacem
2351 4582 2627 4657 exelicglis
2662 4581 2797 4637 fecit
2829 4598 2960 4636 cum
2987 4580 3210 4637 civibus
3243 4581 3420 4636 orbis.

2111 4673 2211 4741 89
2244 4676 2426 4738 Quem
2458 4672 2724 4743 genitum
2757 4687 2920 4726 sacro
2955 4674 3125 4724 casta:
3160 4670 3228 4725 de
3258 4670 3502 4742 virginis
3533 4671 3680 4741 alvo,

2112 4762 2395 4818 Protenus
2428 4759 2728 4833 angelieas
2755 4759 3099 4813 circumstat
3131 4759 3381 4830 denique
3413 4762 3596 4815 metus
3632 4778 3644 4815 :

2111 4852 2384 4907 Laudans
2416 4848 2730 4907 submissis
2762 4847 3038 4903 factorem
3070 4848 3310 4903 vocibus
3342 4848 3520 4918 orbis,

2112 4942 2297 4998 Orans
2328 4944 2385 4996 et
2414 4955 2661 5011 puerum
2695 4937 2863 4993 nobis
2895 4937 2964 4992 de
2996 4936 3185 4993 sidere
3217 4938 3493 5006 missum,

2111 5031 2223 5088 Sed
2258 5032 2443 5085 mater
2470 5026 2686 5095 subito,
2714 5027 2942 5081 cunctis
2972 5028 3322 5094 veneranda,
3355 5026 3562 5096 Maria,

2110 5118 2367 5177 Collocat
2396 5119 2646 5188 augusto
2677 5115 2920 5187 przesepi
2952 5117 3216 5171 membra
3245 5115 3459 5172 tenella

2110 5207 2344 5275 Christi,
2379 5203 2713 5278 panniculis
2745 5221 2939 5277 regem
2969 5203 3246 5261 volvendo
3278 5222 3596 5277 perennem

2180 5296 2253 5353 Et
2282 5293 2416 5368 pius
2444 5292 2667 5350 interea
2693 5292 2934 5365 Joseph,
2966 5293 3268 5366 digressus
3298 5294 3369 5350 ab
3400 5292 3525 5364 illa,

2109 5386 2241 5442 Mox
2270 5383 2613 5440 obstetrices
2644 5399 2844 5438 secum
2877 5383 3042 5438 duxit
3071 5382 3372 5452 mulieres,

2108 5479 2241 5542 Qua:
2271 5472 2474 5539 Zelmi,
2504 5469 2735 5527 Salome
2764 5473 2994 5527 fuerant
3021 5473 3092 5527 de
3124 5472 3359 5528 nomine
3387 5474 3575 5541 dictae,

2109 5564 2244 5622 Sola
2273 5564 2373 5620 sed
2407 5561 2732 5635 ingreditur
2760 5560 2984 5629 Zelimi,
3008 5560 3355 5634 Salomeque
3385 5565 3616 5618 veretur
