4084 6190
401 277 556 346 1075

1199 281 1733 345 HROTSUITH/E
1775 277 2149 344 MONIALIS
2194 279 2991 344 CANDERSHEIMENSIS

3639 283 3664 342 i
3673 282 3776 343 076

397 417 660 490 Tangere
689 413 1034 488 speluncam
1067 414 1312 488 pedibus
1345 415 1656 488 splendore
1685 414 1989 487 repletam.
2069 414 2125 481 Α
2155 415 2383 470 Intrant
2409 420 2468 471 et
2497 415 2662 488 pueri
2690 413 2909 486 regalia
2940 416 3094 470 tecta
3120 411 3346 482 tenellf,

398 505 532 562 Mox
561 517 793 578 quoque
821 503 1150 576 virgineum
1181 502 1392 558 Zelemi
1423 507 1684 558 tractans
1705 502 1798 576 pie
1816 506 2048 576 partum

395 593 768 662 Exclamans,
799 591 951 665 signi
985 591 1129 646 dixit
1157 591 1304 648 bene
1337 591 1573 648 credula
1601 591 1748 648 tanti
1783 609 1796 646 :

396 681 544 750 Quid
579 680 692 738 sibi
713 697 829 736 non
863 683 1059 753 nupta:
1093 683 1298 752 partus
1327 678 1453 735 vult
1481 679 1595 736 iste
1628 679 1936 737 novellus?

394 770 601 828 Editus
631 786 761 827 ecce
792 785 940 842 puer
967 769 1146 844 regali
1179 768 1440 843 germine
1473 788 1660 843 nuper

394 859 674 932 Conjugis
703 861 998 932 expertem
1021 858 1169 913 bene
1199 857 1455 912 declarat
1485 857 1605 913 fore
1635 861 1904 914 matrem.

393 949 583 1020 Atque
613 963 826 1020 parens
853 946 1016 1020 virgo
1048 949 1255 1001 natum
1286 947 1466 1002 lactat
1497 946 1588 1018 pie
1618 946 1744 1002 sola

395 1035 686 1093 Uberibus
718 1035 898 1090 castis
929 1035 1000 1090 de
1029 1033 1173 1090 coelo
1195 1035 1330 1103 jure
1360 1035 1618 1107 repletis,

397 1126 525 1182 Non
557 1123 722 1180 dolor
749 1126 840 1179 est
869 1123 1040 1178 matri
1072 1139 1178 1178 nec
1209 1128 1298 1179 est
1326 1123 1639 1179 maculatio
1665 1123 1832 1196 proli,

399 1213 616 1272 Ordine
643 1213 840 1268 divino
874 1212 998 1268 ﬁeri
1031 1215 1132 1269 sed
1164 1213 1304 1270 talia
1335 1214 1526 1270 credo.

472 1303 631 1359 Hanc
653 1301 887 1359 Salome
901 1318 1101 1358 vocem
1115 1317 1423 1374 spernens,
1440 1321 1552 1359 non
1571 1305 1704 1358 ficta
1716 1301 2048 1374 loquentem

399 1391 636 1448 Dixerat
663 1389 883 1446 auditis
913 1408 1042 1448 sese
1067 1409 1182 1446 non
1215 1391 1450 1448 credere
1477 1391 1691 1460 verbis,

399 1481 482 1538 Ne
512 1481 718 1554 probet
749 1479 878 1553 ipsa
907 1485 1136 1536 sacram
1162 1481 1358 1554 palma
1379 1482 1670 1554 tangendo
1701 1479 1966 1536 Mariam.

400 1571 547 1628 Hinc
575 1569 846 1643 ingressa
875 1585 1044 1624 suam
1075 1569 1250 1642 cmpit
1277 1571 1625 1642 protendere
1655 1570 1943 1638 dextram,

399 1661 693 1718 Audacter
721 1660 946 1715 castam
971 1661 1207 1715 tentans
1238 1659 1500 1732 palmare
1530 1650 1800 1728 Mariam,

400 1750 514 1808 Sed
544 1747 681 1805 talis
713 1764 946 1821 pcnnam
974 1747 1196 1804 confert
1225 1747 1470 1804 audacia
1498 1747 1760 1820 dignam,

399 1840 614 1898 Dextra
643 1842 734 1894 est
763 1838 1043 1895 continuo
1073 1837 1350 1894 tentatrix
1380 1837 1702 1906 debilitata,

405 1927 639 2004 Ingenti
676 1930 830 1984 certe
855 1927 1150 1982 cruciatur
1173 1929 1308 2000 jure
1338 1927 1554 1984 dolore.

400 2019 566 2074 Tunc
594 2015 826 2074 Salome
859 2014 1125 2071 clamans
1158 2015 1353 2072 animo
1381 2015 1686 2070 subtristis
1716 2031 1935 2084 amaro,

413 2106 720 2164 Defectum
750 2105 965 2160 dextrae
999 2103 1260 2159 subitum
1293 2103 1524 2159 deﬂevit
1551 2105 1858 2176 ademptae,

403 2194 678 2267 Moreque
706 2191 954 2248 Judaico
987 2191 1291 2264 proprium
1324 2191 1598 2248 meritum
1631 2191 1943 2248 recitando.

401 2285 520 2343 Nec
550 2301 668 2340 non
689 2281 931 2355 justitia
962 2286 1054 2338 sat
1085 2281 1388 2337 confidens
1418 2279 1717 2347 simulata,

403 2373 572 2430 Talia
600 2369 966 2428 Celsithrono
997 2371 1182 2426 fertur
1210 2370 1348 2426 dare
1374 2369 1552 2426 verba
1581 2369 1829 2426 dolendo
1861 2387 1875 2426 :

472 2461 665 2519 Testis
690 2463 1036 2518 cunctorum
1070 2457 1516 2532 consolaturque
1544 2458 1841 2528 laborum,

406 2551 519 2610 90
550 2552 639 2607 Tu
670 2547 788 2606 scis
817 2547 1124 2622 praeceptis
1155 2549 1377 2604 fueram
1411 2547 1567 2620 quod
1600 2546 1808 2602 sedula
1834 2544 2000 2618 legis,

401 2639 691 2712 Quodque
715 2637 800 2692 tui
833 2654 1014 2694 causa
1044 2654 1276 2710 semper
1307 2637 1530 2692 fueram
1562 2637 1708 2692 bene
1739 2635 1922 2707 larga,

402 2726 775 2802 Pauperibus
807 2726 1038 2782 cunctis
1065 2725 1232 2783 lectis
1261 2726 1334 2782 de
1362 2725 1581 2781 finibus
1609 2725 1768 2781 orbis
1801 2741 1814 2780 :

404 2818 514 2888 Qui
545 2831 800 2874 mmrens
829 2813 1012 2887 venit,
1040 2816 1112 2871 de
1141 2831 1236 2871 me
1264 2830 1498 2887 quoque
1528 2813 1713 2870 laetior
1741 2813 1864 2881 ivit,

405 2911 476 2966 Et
505 2923 662 2964 nunc
690 2923 794 2979 pro
825 2904 1053 2961 meritis
1079 2904 1271 2976 patior
1297 2903 1579 2958 damnum
1615 2919 1787 2975 grave
1819 2901 2020 2958 tantis.

471 2997 578 3065 Qui
615 3013 750 3052 mox
779 3011 1068 3068 apparens
1093 2992 1330 3066 juvenis
1355 2991 1735 3066 prmlucidus,
1769 2993 1904 3048 infit
1935 3009 1950 3048 :

400 3085 752 3144 Panniculos
777 3083 942 3157 pueri
973 3082 1344 3139 solummodo
1376 3087 1550 3154 tange
1584 3081 1811 3150 tenelli,
2007 3079 2018 3083 ’

401 3175 696 3232 Accedens
727 3172 872 3228 istas
902 3171 974 3227 ad
1008 3170 1231 3244 regales
1257 3169 1370 3226 cito
1401 3186 1604 3239 cunas,

404 3264 650 3337 Ipseque
678 3260 889 3332 majori
908 3263 966 3315 te
995 3259 1264 3315 restituet
1293 3258 1553 3314 sanitati.

404 3353 536 3410 Haec
566 3349 666 3406 ubi
690 3349 866 3420 jussa
895 3347 1008 3404 sibi
1039 3349 1308 3419 sequitur
1338 3346 1628 3402 solamina
1656 3347 1870 3415 dantis,

403 3438 723 3512 Tangendo
756 3436 1070 3491 minimum
1104 3451 1433 3507 pannorum
1461 3435 1714 3506 denique
1747 3435 1907 3492 [ilum
1946 3453 1959 3490 :

403 3527 604 3588 Sensit
627 3543 690 3584 se
721 3525 917 3581 subito
948 3523 1169 3580 salvam
1201 3524 1324 3579 fore
1355 3539 1594 3596 corpore
1622 3527 1764 3594 toto,

401 3619 475 3676 Et
503 3619 700 3691 grates
729 3613 978 3671 Domino
1009 3613 1289 3670 reddebat
1321 3629 1456 3668 voce
1482 3628 1715 3680 canora,

399 3703 508 3772 Qui
541 3703 652 3760 sibi
685 3701 963 3776 dignatus
991 3699 1167 3757 talem
1202 3700 1462 3757 conferre
1491 3699 1762 3756 salutem.

469 3793 684 3850 Ordine
713 3791 936 3865 digesto
968 3793 1278 3864 postquam
1313 3789 1424 3846 fuit
1453 3806 1589 3863 ergo
1619 3789 1836 3862 repleta

396 3882 560 3940 Visio
590 3885 916 3954 pastorum,
947 3879 1186 3953 signum
1221 3877 1458 3935 sibimet
1487 3895 1722 3951 quoque
1751 3879 1974 3934 dictum

396 3973 479 4030 De
508 3985 686 4045 parvo
714 3984 894 4043 puero
926 3967 1288 4042 prmsepibus
1319 3965 1686 4034 inveniendo,

397 4059 590 4135 Ipsius
621 4059 785 4132 pueri
817 4073 1051 4130 quoque
1081 4055 1453 4112 circumcisio
1483 4055 1722 4122 Christi,

395 4147 666 4206 Nominis
697 4150 871 4218 atque
902 4145 995 4202 sui
1027 4144 1256 4217 fulgens
1288 4144 1506 4217 aptatio
1537 4144 1756 4216 magni.

397 4238 586 4312 Reges
617 4233 917 4307 astrologi,
942 4234 1084 4290 solis
1115 4234 1186 4290 de
1215 4233 1452 4289 cardine
1483 4233 1635 4288 lecti.

395 4327 690 4384 Advenere
718 4323 894 4396 Magi,
927 4321 1229 4378 stellarum
1259 4320 1384 4394 lege
1414 4321 1608 4394 periti,

395 4417 730 4484 Quaerentes
759 4412 965 4468 urbem
997 4411 1282 4467 famosam
1316 4409 1566 4482 denique
1597 4409 1814 4476 Salem,

392 4505 510 4562 Nec
542 4520 658 4560 non
691 4501 998 4568 Herodem,
1035 4499 1326 4556 constanti
1358 4503 1590 4571 pectore
1617 4515 1833 4573 regem,

393 4591 721 4650 Sollicitant
751 4590 906 4663 regis
937 4607 1000 4646 se
1031 4587 1333 4643 nativitate
1365 4587 1633 4653 recentis,

391 4681 467 4738 Se
488 4679 708 4736 vidisse
737 4695 945 4734 novam
978 4678 1168 4732 fantes
1203 4675 1541 4748 nuperrime
1573 4675 1823 4745 stellam,

391 4771 526 4838 Qum
557 4769 773 4842 Regem
807 4770 1011 4822 natum
1043 4767 1475 4821 demanstrarct
1501 4764 1848 4820 Jndeornm.

459 4857 560 4914 liis
592 4873 690 4913 rex
719 4855 992 4912 turbatus
1021 4859 1247 4910 secreta
1277 4857 1472 4910 mente
1503 4853 1809 4926 profanus,

387 4947 604 5004 Accitis
635 4945 812 5003 citius
841 4943 1073 5012 scribis,
1109 4943 1332 5000 audivit
1363 4944 1435 4999 ab
1469 4941 1609 5010 illis,

388 5037 553 5094 Certe
583 5035 838 5093 Bethleis
868 5035 1028 5092 nasci
1061 5035 1216 5106 quod
1237 5033 1508 5089 Christus
1533 5033 1594 5088 in
1623 5033 1744 5090 oris

384 5125 564 5183 Juxta
593 5129 942 5182 cunctorum
975 5123 1149 5179 debet
1177 5122 1445 5178 carmina
1473 5125 1696 5188 vatum,

387 5211 618 5270 Scilicet
647 5217 821 5285 atque
853 5211 1040 5285 Magis
1057 5209 1243 5282 jussit
1275 5227 1410 5265 eum
1442 5209 1646 5265 fraude
1677 5210 1961 5282 remissis,

385 5299 463 5359 Ut
489 5318 740 5376 puerum
771 5305 1037 5376 quierant
1069 5303 1297 5371 natum,
1329 5298 1566 5355 sibimet
1594 5315 1829 5372 quoque
1868 5319 2033 5359 mon-

1831 5395 2035 5457 [strent

385 5479 570 5544 Quem
598 5479 760 5552 cupit
789 5479 1000 5547 occidi,
1029 5477 1319 5534 simulans
1351 5494 1412 5534 se
1442 5475 1587 5533 velle
1615 5479 1848 5550 precari

385 5567 493 5630 Qui
523 5572 894 5625 monstrante
923 5568 1078 5623 viam
1111 5566 1280 5624 stella
1313 5569 1565 5639 pergunt
1594 5567 1708 5623 cito
1739 5575 1978 5642 rectam,

2157 505 2254 561 Ol
2292 505 2458 560 Haud
2488 503 2648 560 vario
2671 506 2825 559 certe
2856 501 3128 575 digestim
3161 501 3318 574 picta
3345 501 3558 571 colore,

2158 593 2380 650 Sideris
2404 591 2688 664 obsequio
2717 590 2882 658 tanti,
2918 591 3020 646 sed
3055 591 3164 646 rite
3195 590 3376 664 polita

2159 681 2329 738 Proni
2359 681 2624 754 vestigiis
2657 681 2902 753 figentes
2926 678 3126 736 oscula
3155 679 3358 752 prolis,

2159 771 2424 842 Orantes,
2459 769 2716 843 preculis
2745 767 2960 824 humili
2989 785 3222 841 quoque
3252 785 3389 824 voce
3420 769 3692 842 profusis,

2159 859 2337 914 Trino
2365 857 2658 914 cmlestem
2689 859 3044 912 venerantur
3073 873 3316 912 munere
3345 857 3584 930 Regem,

2160 948 2324 1003 Hunc
2357 946 2776 1018 hominemque
2807 946 2992 1002 Deum
3026 945 3400 1018 designantes
3431 945 3784 1003 moriturum.

2159 1037 2264 1102 Qui
2301 1053 2457 1105 mox,
2487 1035 2546 1090 in
2581 1035 2806 1090 somnis
2837 1034 3048 1090 moniti
3081 1035 3192 1090 sub
3223 1038 3484 1107 tempore
3516 1036 3714 1103 nectis,

2156 1126 2241 1181 Ad
2275 1125 2523 1198 patriam
2555 1124 2670 1180 irati
2703 1125 2950 1180 redeunt
2982 1141 3083 1194 per
3112 1122 3278 1179 devia
3298 1124 3481 1179 ducti.

2231 1213 2334 1269 His
2363 1214 2444 1269 ita
2473 1213 2740 1286 digestis,
2776 1213 3053 1279 Herodes,
3087 1212 3384 1284 pessimus
3411 1213 3620 1282 hostis,

2156 1301 2404 1376 Augusti
2432 1301 2589 1374 jussi
2623 1301 2866 1358 Romam
2895 1299 3227 1356 deducitur.
3259 1300 3431 1374 Ergo,

2159 1395 2282 1458 Quo
2311 1390 2399 1447 vel
2431 1393 2728 1465 purgaret,
2759 1389 2852 1446 lex
2883 1393 2950 1446 ut
2981 1390 3245 1447 Romana
3271 1389 3526 1462 doceret,

2159 1479 2436 1536 Criminis
2469 1479 2748 1552 imposita
2776 1480 2848 1536 de
2879 1477 3080 1552 magni
3110 1495 3174 1536 se
3205 1478 3318 1536 cito
3351 1477 3546 1550 culpa,

2158 1569 2260 1626 Vel
2290 1569 2500 1643 capitis
2529 1585 2763 1642 poenam
2788 1569 2951 1640 jnste
2981 1572 3282 1641 pateretur
3311 1584 3598 1626 amaram.

2159 1660 2423 1731 Namque
2454 1675 2588 1714 rcus
2620 1657 2950 1730 majestatis
2973 1657 3202 1718 dicetur
3229 1655 3455 1726 herilis,

2159 1749 2230 1804 Et
2257 1747 2464 1804 merito
2496 1747 2674 1804 talem
2707 1748 2932 1821 patitur
2953 1747 3081 1819 jam
3113 1746 3540 1819 suspicionem,

2165 1837 2275 1904 Qui
2307 1837 2470 1910 cupit
2499 1837 2751 1905 insidiis,
2785 1835 3062 1908 volupino
3091 1835 3264 1892 corde
3294 1834 3541 1907 paratis,

2164 1921 2388 1982 Prolcln
2420 1925 2671 1982 caelestis
2703 1925 2958 1981 divinam
2991 1925 3233 1997 perdere
3261 1924 3462 1997 Regis.

2165 2017 2282 2072 Hoc
2313 2033 2448 2072 nam
2483 2015 2678 2071 divino
2709 2019 2856 2070 nutu
2889 2015 3110 2070 factum
3145 2013 3284 2081 fore,
3317 2013 3524 2078 credo,

2163 2107 2326 2172 Quod
2355 2110 2496 2160 tunc
2527 2107 2784 2177 perccrte
2817 2103 3062 2160 Romam
3095 2101 3412 2158 mandatur
3441 2101 3624 2170 adire,

2164 2196 2307 2264 Quo,
2334 2211 2396 2250 se
2427 2194 2749 2260 subtracto,
2783 2191 2929 2266 legis
2950 2191 3332 2247 mandamina
3350 2195 3571 2251 cuncta

2166 2282 2402 2339 Plenius
2433 2283 2492 2338 in
2526 2286 2663 2338 nato
2691 2279 3127 2354 complerentur
3155 2279 3271 2336 cito
3301 2279 3558 2336 Christo.

2235 2372 2522 2444 Namque,
2555 2375 2762 2443 quater
2791 2369 2978 2440 denis,
3013 2385 3188 2426 cursu
3221 2369 3497 2438 ducente,
3530 2370 3764 2442 peractis

2163 2461 2424 2536 Virginei
2455 2464 2660 2534 partus
2687 2459 2962 2534 digestim
2998 2459 3107 2515 rite
3136 2457 3365 2525 diebus,

2166 2550 2270 2607 Hic
2297 2551 2502 2606 Factor
2531 2548 2815 2605 membris
2846 2547 3124 2604 oculorum
3157 2561 3414 2618 namque
3448 2545 3688 2613 tenellis,

2166 2639 2410 2696 Sistitur
2438 2638 2496 2693 in
2531 2637 2784 2711 proprio,
2818 2654 2992 2710 parvo
3018 2653 3150 2692 cum
3185 2651 3452 2703 munere,
3486 2633 3716 2708 templo.

2166 2727 2333 2785 Ulnis
2362 2732 2638 2799 exceptus
2671 2725 2938 2782 tremulis
2960 2725 3110 2797 justi
3141 2721 3459 2791 Simeonis,

2166 2819 2236 2873 Et
2266 2816 2466 2872 mundi
2501 2815 2789 2872 Dominus
2820 2813 3131 2888 condignis
3161 2817 3254 2868 est
3283 2811 3536 2868 benedic

2167 2905 2330 2976 Odis,
2361 2921 2429 2960 ex
2460 2905 2588 2978 ipso
2613 2905 2779 2977 justo
2810 2903 3082 2960 Simeone
3111 2903 3366 2969 vetusto,

2167 2996 2284 3052 Nec
2314 3012 2426 3050 non
2461 2995 2686 3050 famosa
2717 2993 2997 3066 praesagis
3027 2991 3270 3048 vocibus
3295 2991 3489 3047 Anna.

2171 3084 2272 3140 llis
2302 3101 2534 3156 quoque
2563 3081 2870 3155 completis
2892 3082 3064 3154 juxta
3091 3078 3478 3136 mandamina
3506 3077 3668 3151 legis,

2076 3160 2118 3226 C
2155 3173 2240 3229 Ad
2272 3173 2523 3246 patriam
2557 3172 2818 3229 Bethlem
2840 3171 3141 3227 redierunt
3169 3167 3440 3242 protinus
3469 3167 3690 3224 urbem.

2229 3261 2398 3329 Nam,
2433 3265 2565 3334 post
2592 3261 2716 3316 haec
2743 3259 2900 3316 binis
2931 3256 3272 3316 mansurnis
3299 3272 3455 3329 pene
3488 3255 3728 3328 repletis,

2161 3349 2355 3406 llostis
2385 3350 2458 3405 ab
2489 3348 2694 3406 exsilio
2721 3347 2964 3405 veniens
2995 3361 3305 3420 perversus
3334 3362 3563 3412 amaro,

2159 3439 2321 3506 Quod
2352 3439 2544 3495 dixere
2575 3439 2750 3511 Magi,
2783 3437 3050 3494 volvebat
3077 3439 3274 3492 mente
3302 3434 3553 3504 dolenti,

2159 3529 2232 3584 Se
2258 3528 2380 3584 nati
2410 3527 2641 3585 stellam
2675 3527 2852 3600 Regis
2884 3525 3102 3582 vidisse
3130 3525 3452 3588 decoram.,

2157 3617 2258 3674 92
2294 3618 2420 3672 Ilaec
2449 3616 2708 3673 recolens
2739 3632 3004 3688 proceres
3036 3613 3198 3688 regni
3230 3612 3527 3686 rogitabat
3567 3609 3771 3674 heriles,

2155 3708 2242 3762 An
2269 3707 2566 3763 redeundo
2599 3705 2751 3777 Magi
2782 3705 3082 3762 venissent
3112 3705 3306 3759 mente
3331 3701 3494 3757 ﬁdeli
3518 3700 3547 3755 ?

2154 3795 2277 3866 Vel,
2311 3795 2453 3868 quid
2485 3795 2556 3851 de
2587 3799 2722 3850 nato
2753 3793 3184 3850 demandarent
3214 3789 3327 3847 sibi
3357 3787 3632 3846 Christo?

2155 3884 2263 3950 Qui
2295 3901 2429 3940 mox
2459 3883 2754 3956 responsis
2779 3881 3000 3954 pariter
3031 3879 3238 3937 dicunt
3265 3879 3414 3934 bene
3450 3876 3654 3942 ﬁrmis,

2154 3973 2228 4029 Se
2257 3973 2501 4041 nescire,
2534 3971 2686 4046 Magi
2719 3971 2938 4028 fuerint
2966 3969 3016 4028 si
3049 3970 3198 4026 forte
3227 3967 3467 4034 reversi,

2155 4062 2269 4118 Nec
2297 4061 2441 4134 quid
2466 4063 2538 4117 de
2567 4065 2706 4116 nato
2735 4076 2864 4116 sese
2894 4059 3224 4131 perdiscere
3257 4055 3434 4128 Rege.

2151 4151 2258 4206 His
2287 4167 2464 4224 super
2489 4165 2771 4206 accensus
2802 4164 2902 4204 rex
2935 4146 3187 4203 llerodes
3218 4143 3597 4208 furibundus,

2153 4239 2410 4305 Mittens,
2441 4233 2692 4294 infantes
2722 4237 2906 4294 occidi
2939 4235 3212 4308 protinus
3241 4248 3452 4290 omnes

2152 4329 2259 4394 Qui
2290 4332 2432 4384 tunc
2463 4326 2716 4383 Bethleis
2749 4327 2981 4382 fuerant
3008 4323 3287 4396 praecepit
3314 4322 3374 4376 in
3407 4321 3552 4387 oris,

2151 4417 2224 4472 Se
2253 4432 2484 4488 semper
2511 4415 2704 4471 vivum
2736 4431 2982 4486 sperans
3013 4412 3387 4484 exstinguere
3415 4409 3702 4465 Christum

2069 4528 2118 4592 D
2152 4507 2344 4562 Posse.
2377 4507 2485 4561 Sed
2509 4505 2568 4560 in
2599 4505 2825 4560 somnis
2857 4503 3117 4560 monitus
3146 4499 3363 4572 Joseph
3395 4493 3758 4555 venerandus,

2151 4593 2343 4668 Pergit
2372 4595 2431 4648 in
2461 4595 2796 4666 A'Igyptum,
2824 4591 2974 4648 vasti
3006 4607 3108 4664 per
3137 4588 3304 4645 devia
3339 4602 3543 4644 secum

2147 4683 2451 4739 Deducens
2481 4681 2660 4738 eremi
2692 4682 2896 4738 Jesum
2928 4696 3060 4736 cum
3094 4681 3280 4734 matre
3311 4673 3612 4740 tenellam,

2146 4772 2288 4829 Novi
2319 4770 2614 4828 terrestris
2645 4771 2872 4828 Christo
2898 4767 3238 4826 dominante
3267 4764 3519 4821 timoris.

2147 4860 2312 4918 Talia
2341 4861 2444 4916 sed
2470 4859 2640 4916 solito
2670 4859 2808 4916 fecit
2837 4858 3055 4932 pietate
3084 4871 3360 4928 superna,

2146 4950 2376 5024 Egypti
2406 4949 2680 5006 tenebras
2710 4948 2946 5021 propria
2975 4955 3090 5020 quo
3119 4945 3253 5002 luce
3283 4946 3546 5000 vetustas

2148 5040 2280 5096 Mox
2308 5038 2652 5106 illustraret,
2684 5053 2790 5110 per
2817 5053 2882 5093 se
2905 5036 3258 5111 penitusque
3286 5033 3534 5104 fugaret.

2217 5127 2472 5200 Contigit
2506 5142 2642 5198 ergo
2673 5126 2768 5184 die
2795 5125 3075 5198 quadam,
3110 5123 3474 5196 requiescere
3501 5113 3638 5172 velle

2143 5217 2322 5276 Juxta
2351 5215 2714 5288 speluncam,
2747 5219 3012 5271 sanctam
3035 5229 3172 5270 cum
3204 5209 3367 5285 prole
3397 5205 3655 5264 Mariam.

2145 5309 2280 5374 Quae
2312 5309 2404 5362 sat
2431 5305 2590 5361 lassa
2619 5302 2743 5360 solo
2775 5304 2964 5361 fuerat
2993 5319 3129 5360 cum
3161 5301 3305 5358 forte
3333 5298 3541 5361 locata,

2143 5395 2382 5453 Scilicet
2410 5395 2468 5449 in
2499 5393 2723 5466 gremio
2751 5393 2954 5449 Jesum
2986 5391 3148 5448 molli
3183 5382 3529 5449 refovendo;

2144 5485 2312 5542 Multi
2344 5481 2637 5539 terribiles
2664 5483 2988 5554 procedunt
3017 5497 3275 5552 namque
3306 5478 3580 5533 dracones

2141 5575 2222 5634 Ex
2252 5575 2361 5632 hac
2392 5571 2693 5646 spelunca,
2729 5589 2844 5644 prae
2873 5589 2991 5644 qua
3023 5571 3133 5628 fuit
3167 5570 3296 5642 ipsa
3325 5566 3528 5624 locata.
