4084 6190
250 352 401 418 1077

246 491 392 557 Quos
420 487 637 562 Joseph
669 488 833 563 pueri
865 494 1190 560 cernentes,
1220 492 1606 566 obstupefacti

243 578 546 650 Cmperunt
575 583 730 634 certe
762 596 977 652 magno
1007 580 1259 637 clamare
1288 581 1514 637 timore.

244 669 312 722 At
339 683 481 738 puer
510 683 541 722 e
569 667 791 739 gremio
819 669 1024 724 matris
1056 671 1306 726 surrexit
1334 671 1585 727 amando

243 756 428 825 Jesus,
462 755 708 811 sacratis
737 757 931 812 stabat
961 758 1121 815 mitis
1152 776 1384 832 quoque
1417 758 1654 830 plantis,

244 844 450 900 Contra
480 845 813 901 frendentes
845 846 1080 902 turbata
1108 851 1303 903 mente
1331 848 1633 903 dracones.

244 932 344 999 Qui
364 933 561 989 subito
592 933 759 1005 proni
790 934 1127 990 ceciderunt
1159 936 1564 1003 mansuefacti,

244 1022 479 1078 Orantes
501 1022 693 1077 tacitis
724 1022 1020 1078 Factorem
1047 1024 1284 1079 nutibus
1313 1024 1491 1081 orbis.

245 1110 502 1183 Ipseque,
533 1110 867 1182 digrediens
899 1112 1076 1166 eremi
1111 1130 1212 1184 per
1241 1112 1404 1167 devia
1431 1112 1597 1179 vasti,

244 1198 371 1255 Illos
399 1199 714 1271 prwcessit,
749 1200 980 1271 scquicr
1002 1218 1131 1255 sese
1156 1218 1387 1273 quoque
1409 1201 1613 1272 jussit.

307 1291 425 1355 Quo
454 1287 670 1359 Joseph
701 1287 853 1356 visu,
886 1287 1139 1345 Genitris
1169 1289 1497 1362 Christique
1526 1294 1774 1361 sacrata,

242 1376 565 1445 Exanimes,
597 1376 820 1449 fragilis
853 1394 955 1449 pro
989 1379 1415 1434 consuetudine
1445 1379 1659 1446 carnis,

245 1465 416 1534 Facti,
444 1469 536 1522 sat
563 1466 843 1538 pavitant,
873 1483 1120 1538 puerum
1144 1465 1392 1539 laedique
1424 1467 1729 1524 timebant.

241 1555 338 1611 98
365 1555 493 1627 Ipse
514 1554 614 1609 sed
637 1554 934 1627 inspector
955 1555 1370 1623 mentis,testis
1401 1573 1629 1628 quoque
1669 1556 1883 1628 cordis,

242 1642 367 1698 Haec
396 1659 680 1716 responsa
708 1643 869 1700 dedit
894 1642 1121 1699 timidis
1153 1660 1491 1712 conversus,
1522 1650 1579 1701 et
1607 1644 1798 1719 inquit

241 1733 423 1798 Quare
452 1729 735 1789 lactentes
766 1736 997 1788 tantum
1021 1731 1349 1790 tractabitis
1380 1738 1562 1801 artus,

242 1821 304 1878 In
323 1836 414 1876 me
442 1820 721 1877 virtutem
753 1822 962 1894 capitis
995 1838 1100 1877 nec
1133 1827 1327 1878 mente
1354 1840 1666 1896 perennem
1686 1825 1715 1878 ?

239 1909 507 1976 Quamvis
539 1910 816 1966 humanis
847 1911 961 1967 sim
993 1928 1206 1984 parvus
1230 1911 1544 1968 homuncio
1568 1913 1884 1969 membris:

236 1997 337 2054 Vir
355 2002 548 2054 tamen
570 1999 939 2072 omnipotens
956 2017 1189 2055 summo
1211 2016 1342 2056 sum
1360 1999 1601 2056 numine
1624 2000 1889 2073 polecns;

239 2087 522 2143 Condecet
550 2092 727 2160 atque
758 2088 912 2145 feras
934 2088 1090 2144 silva:
1111 2106 1520 2146 mansuescere
1553 2094 1814 2159 cunctas,

240 2176 328 2233 Me
356 2193 573 2247 coram,
600 2175 758 2233 rabie
789 2177 1034 2234 dimissa
1064 2178 1172 2234 rite
1194 2180 1405 2251 priore.

309 2266 442 2322 Post
456 2266 576 2322 hinc
589 2267 997 2339 magnanimes
1010 2284 1144 2323 cum
1163 2268 1363 2339 pardis
1386 2282 1642 2339 namque
1656 2265 1852 2322 leones
1872 2283 1886 2320 :

238 2355 353 2411 Nec
383 2373 499 2411 non
531 2355 887 2429 cunctigena:
919 2361 1203 2413 venerunt
1236 2357 1495 2428 undique
1524 2356 1710 2423 lectae,

239 2444 313 2501 Ut
338 2460 594 2512 sensere,
616 2445 737 2500 fore
767 2444 989 2517 prolem
1022 2444 1281 2501 Factoris
1312 2446 1536 2501 adesse.

243 2532 488 2589 Orantcs
518 2548 767 2604 puerum
800 2533 1105 2589 submissa
1133 2550 1269 2590 voce
1299 2532 1602 2600 tcncllnm,

237 2620 399 2677 Circa
425 2620 764 2694 praaclaram
795 2623 1119 2694 gaudentes
1150 2626 1324 2695 atque
1353 2621 1618 2677 Mariam.

244 2711 449 2777 Quam,
480 2725 657 2781 super
688 2708 923 2765 insolito
955 2710 1313 2782 pavitantem
1343 2709 1596 2780 denique
1625 2710 1814 2780 signo,

241 2797 453 2854 Latius
475 2796 727 2853 intuitus
757 2798 939 2853 fertur
969 2798 1052 2853 sic
1078 2798 1268 2856 dicere
1289 2798 1559 2854 Chsistus
1587 2813 1599 2851 :

236 2886 384 2955 Non,
414 2890 469 2942 te
501 2886 683 2959 virgo,
718 2903 877 2959 rogo,
912 2886 1136 2958 pollens
1157 2888 1407 2960 genitrix
1440 2903 1571 2942 mea
1600 2886 1796 2953 chara,

238 2976 569 3032 Permoveat
592 2975 741 3048 signi
776 2975 998 3031 novitas
1028 2976 1339 3031 carnaliter
1369 2975 1530 3042 almi,

237 3062 523 3144 Obsequii
554 3062 678 3119 sola
704 3062 945 3118 veniunt
974 3064 1099 3120 ista:
1129 3064 1268 3137 quia
1298 3082 1495 3132 causa,

235 3153 388 3220 Non,
428 3153 582 3225 quod
614 3156 670 3206 te
697 3148 932 3219 vellent,
952 3152 1039 3209 vel
1071 3152 1265 3208 saltim
1300 3152 1507 3209 laedere
1538 3158 1796 3225 possent.

235 3242 340 3298 His
372 3257 605 3312 quoque
635 3239 906 3296 discessit
934 3241 1105 3296 dictis
1138 3243 1411 3315 angustia
1440 3241 1647 3299 cordis.

230 3332 307 3386 At
332 3346 464 3386 vero
495 3328 678 3385 beluae
713 3329 1117 3401 praecedebant
1146 3330 1293 3386 bene
1315 3330 1475 3398 laetae,

232 3419 697 3479 Demonstrando
724 3418 878 3473 viam
909 3436 1013 3491 per
1042 3419 1254 3475 deserti
1286 3420 1411 3476 loca
1444 3424 1680 3477 rectam.

228 3507 343 3565 Sed
376 3523 481 3562 nec
512 3505 810 3563 norturnis
841 3507 1191 3565 discesserat
1221 3508 1337 3565 ulla
1369 3510 1491 3565 sub"
1512 3510 1693 3575 horis,

225 3595 343 3652 Sed
370 3594 587 3667 Joscph
611 3595 801 3666 pecori
829 3595 1056 3651 sociata:
1088 3601 1282 3652 mente
1312 3598 1491 3664 ﬁdeli,

224 3683 435 3741 Oblita:
466 3684 629 3739 rabie
660 3683 1031 3756 naturalique
1064 3685 1278 3753 furore,

225 3772 489 3829 Pacificas
520 3772 735 3828 modici
759 3773 1076 3845 gustabunt
1104 3790 1325 3845 pascua
1354 3774 1492 3830 feni.

226 3860 391 3918 Inter
417 3877 567 3933 quas
596 3878 733 3934 ergo
765 3863 955 3917 fuerat
984 3862 1295 3919 concordia
1322 3866 1511 3929 tanta,

224 3951 306 4008 Ut
328 3951 626 4023 quondam
656 3951 848 4007 timidi
872 3952 1119 4023 junxere
1140 3953 1296 4025 lupis
1324 3952 1480 4009 latus
1513 3954 1670 4027 agni,

224 4041 303 4096 Et
329 4039 576 4096 bovibus
605 4040 779 4095 mites
811 4041 957 4097 bene
982 4058 1385 4098 commansere
1415 4042 1632 4100 leones.

224 4129 345 4187 Sed
378 4145 494 4184 non
521 4128 838 4197 immerito,
870 4130 1149 4186 cmlorum
1170 4148 1282 4203 pax
1312 4131 1449 4203 quia
1476 4148 1631 4188 vera.

220 4220 364 4286 Quae
392 4217 547 4292 regis
578 4218 959 4286 immensum,
984 4218 1257 4287 firmavit,
1282 4221 1494 4276 foedere
1526 4221 1755 4289 caelum,

220 4306 473 4363 Illarum
503 4311 732 4363 mentes
762 4308 1009 4362 mutavit
1039 4325 1201 4363 more
1231 4308 1454 4364 ﬁdeles.

299 4396 437 4452 Post
464 4395 904 4468 haec‘pausavit,
939 4396 1119 4452 radiis
1146 4396 1363 4452 lassata
1390 4397 1600 4453 caloris

220 4484 456 4552 Estivi,
481 4483 659 4540 chara
690 4484 897 4556 palma)
930 4484 1114 4540 Maria
1142 4484 1252 4540 sub
1287 4486 1515 4551 umbra,

217 4574 295 4630 Et
325 4591 563 4630 rursum
593 4573 778 4629 versis
809 4573 983 4629 claris
1016 4572 1239 4645 aspexit
1268 4573 1488 4640 ocellis,

214 4665 327 4720 04
361 4663 670 4718 Fructibus
702 4662 853 4718 hanc
884 4662 1141 4734 palmam
1164 4663 1411 4718 maturis
1435 4679 1563 4719 esse
1585 4664 1877 4720 refertam.

214 4751 327 4807 His
355 4750 500 4807 visis
529 4750 735 4823 lingua
758 4751 1028 4807 formavit
1055 4750 1194 4806 talia
1218 4751 1415 4807 verba.

212 4839 406 4897 Istius
432 4839 638 4911 palma:
671 4840 919 4895 nimium
953 4839 1209 4896 delector
1239 4844 1483 4906 onustm,

212 4928 281 4985 Si
318 4929 473 5001 potis
501 4932 591 4984 est
618 4929 768 4996 ﬁeri,
801 4929 873 4985 de
894 4929 1086 4984 fructu
1111 4928 1364 5000 denique
1388 4929 1565 4984 vesci.

288 5017 403 5073 Cui
432 5018 628 5073 senior
646 5016 899 5085 vetulus,
932 5016 1079 5090 legis
1111 5018 1512 5073 moderamine
1524 5018 1748 5090 justus,

209 5106 395 5163 Haud
424 5105 641 5161 blande
669 5106 865 5173 dictis,
888 5105 1129 5177 Joseph,
1163 5122 1297 5161 mox
1326 5106 1523 5162 obviat
1550 5106 1679 5163 istis
1714 5125 1727 5162 :

208 5195 364 5261 Hor,
400 5193 582 5249 miror
610 5196 764 5250 certe
790 5193 1072 5259 nimium,
1099 5197 1156 5249 te
1185 5195 1377 5250 dicere
1404 5194 1571 5263 velle,

205 5283 373 5340 Cum
402 5282 603 5338 videas
632 5299 849 5350 ramos,
883 5298 1097 5355 magno
1130 5282 1201 5338 de
1232 5281 1493 5355 germine
1523 5283 1752 5351 ductos,

200 5370 413 5428 Astris
442 5370 772 5444 contiguos,
806 5369 1017 5427 coelum
1050 5370 1283 5442 pulsare
1313 5371 1691 5442 profundum.

200 5461 325 5516 Ast
353 5476 462 5533 ego
494 5459 848 5533 prascognito
869 5475 1108 5515 summa
1134 5460 1544 5514 tantummodo
1574 5477 1732 5529 cura,

201 5549 274 5605 Si
313 5547 514 5604 saltim
544 5548 770 5604 valeam
802 5565 1010 5621 puram
1034 5548 1449 5621 comprendere
1480 5547 1803 5621 lympham,

202 5636 467 5693 Utribus
498 5637 559 5693 in
590 5636 811 5693 nostris
843 5636 981 5709 quia
1014 5653 1117 5693 nec
1150 5640 1237 5693 est
1268 5636 1501 5708 guttula
1531 5638 1729 5694 fontis.

1228 308 1597 423 HIs'romA
1646 357 2004 421 INTAC’I‘E
2045 309 2174 421 osi
2221 356 2683 424 csm'rmas.

1915 493 1971 560 Α
2001 492 2129 549 Haec
2159 492 2329 550 heros
2362 494 2543 568 igitur
2568 491 2936 550 venerandus
2970 488 3053 548 sic
3074 485 3446 563 loquebatur,

1919 1867 1969 1934 B

3488 350 3645 416 10⁸78

1995 589 2111 645 Ceu
2142 582 2495 654 desperaret,
2530 584 2683 655 quod
2720 598 2977 655 praesens
3005 581 3163 637 omni
3196 582 3395 652 posset

1994 666 2282 737 Christus,
2306 672 2598 743 corporeis
2626 675 2814 727 tectus
2845 671 3033 726 fuerat
3053 669 3193 741 quia
3222 665 3524 724 membris.

1991 760 2065 814 At
2093 775 2256 831 puer,
2289 759 2348 814 in
2376 760 2597 832 gremio
2619 759 2806 815 charte
2828 758 3131 831 genitricis
3161 755 3413 813 amando

1991 849 2379 916 Accumbens,
2414 842 2672 921 palmam
2705 850 2969 921 gaudens
3003 864 3064 904 se
3095 846 3270 903 vertit
3300 846 3373 901 ad
3392 843 3607 917 ipsam,

1996 937 2255 993 Functus
2283 941 2341 993 et
2370 937 2634 1009 imperio.
2658 937 2931 1009 praeclare
2955 937 3190 1008 quippe,
3223 939 3466 1007 paterno

1994 1024 2124 1097 Ipse
2153 1026 2430 1081 continuo
2462 1025 2689 1081 dicebat
2710 1027 2897 1080 fronte
2928 1042 3133 1080 serena
3164 1040 3178 1079 :

1950 1125 1962 1139 ‘
1992 1114 2195 1183 Arbor,
2230 1115 2393 1169 ﬂecte
2424 1120 2556 1169 tuos
2587 1131 2819 1169 summo
2854 1115 2923 1169 de
2952 1114 3165 1168 vertice
3194 1128 3408 1177 ramos,

1994 1203 2070 1258 Ut
2099 1208 2385 1274 quantum
2419 1202 2598 1258 libeat
2626 1203 2695 1257 dc
2730 1207 2782 1257 te
2815 1205 2999 1256 mater
3030 1216 3159 1256 mea
3189 1202 3382 1271 caput.

1995 1290 2248 1361 Dixerat,
2280 1296 2454 1363 atque
2485 1291 2608 1347 suis
2633 1291 2805 1345 arbor
2836 1289 3164 1346 fortissima
3184 1286 3394 1360 jussis,

1992 1381 2139 1435 Ante
2172 1380 2349 1453 pedes
2380 1381 2573 1436 Maria)
2605 1396 2818 1453 parens
2848 1379 3166 1435 inﬂectitur
3195 1376 3384 1434 alma}.

1995 1468 2211 1524 Fructu
2241 1485 2494 1542 eumque
2523 1485 2629 1525 suo
2661 1469 2896 1542 penitus
2929 1469 3117 1523 fuerat
3146 1465 3414 1538 spoliata,

1994 1557 2303 1614 Incurvata
2333 1557 2514 1623 stetit,
2548 1574 2653 1613 nec
2684 1573 2931 1630 surgens
2953 1556 3073 1612 alta
3101 1554 3320 1628 petivit,

1992 1646 2231 1720 Opperit
2257 1646 2572 1720 imperium
2605 1647 2816 1703 Christi
2849 1647 2948 1703 sed
2981 1645 3090 1702 rite
3119 1645 3453 1717 probatum,

1994 1734 2259 1808 Ipseque,
2285 1740 2341 1791 te
2370 1736 2584 1803 subito,
2618 1735 2783 1803 dixlt,
2814 1751 2969 1790 nunc
2998 1734 3155 1806 erige
3175 1731 3391 1805 palma,

1995 1823 2071 1880 Ut
2099 1823 2177 1880 sit
2205 1822 2498 1897 lignorum
2529 1830 2663 1896 post
2691 1824 2813 1879 base
2830 1822 3051 1897 collega
3072 1836 3357 1887 meorum,

1999 1915 2135 1978 Quae
2165 1912 2548 1985 paradisiacis
2579 1916 2852 1969 constant
2878 1912 3142 1984 plantata
3171 1907 3411 1966 locellis.

1997 2001 2079 2056 Ex
2105 2000 2298 2056 radice
2328 2005 2430 2056 tua
2458 2000 2645 2056 deduc
2673 2000 2961 2073 extemplo
2990 2000 3198 2057 secreti

1997 2088 2197 2145 Undas
2224 2088 2515 2157 fonticuli,
2547 2089 2847 2145 ﬂuitantes
2878 2089 3108 2162 gurgite
3137 2087 3314 2144 dulci.

1996 2179 2132 2244 Qua:
2155 2178 2329 2242 citius
2348 2176 2503 2233 dicto
2535 2176 2904 2251 complentur
2922 2176 3172 2249 denique
3202 2179 3433 2231 cuncta.

1994 2268 2069 2322 At
2097 2266 2283 2322 Prolis
2313 2266 2576 2333 comites,
2603 2267 2821 2321 fontem
2854 2265 3159 2323 lustrando
3191 2268 3506 2331 recentem,

1997 2354 2339 2410 Reddebant
2368 2358 2564 2427 grates
2597 2354 2788 2410 lzetato
2821 2360 3055 2426 pectore
3086 2354 3309 2420 dulces,
3352 2397 3373 2421 ,

1994 2443 2185 2515 Atque
2215 2442 2373 2498 sitim
2405 2441 2661 2514 lymphis
2690 2443 2920 2499 tristem
2951 2444 3256 2515 dempsere
3275 2440 3541 2508 novellis,

1996 2531 2096 2588 95
2128 2532 2394 2603 Cumque
2421 2531 2737 2603 profecturi
2768 2532 2983 2587 deserti
3016 2548 3121 2601 per
3150 2530 3277 2586 loca
3305 2531 3455 2586 vasti
3482 2545 3489 2552 ‘

1994 2622 2225 2688 Essent,
2258 2621 2331 2675 ad
2365 2619 2624 2676 dalmam
2647 2622 2821 2677 Jesus
2846 2621 2931 2675 sic
2961 2621 3185 2676 dixerat
3213 2619 3404 2692 ipsam
3438 2636 3451 2673 :

1997 2710 2077 2767 De
2106 2713 2161 2765 te
2191 2710 2426 2782 quippe,
2452 2726 2582 2765 meo
2604 2714 2910 2782 praecepto,
2934 2708 3216 2781 palmula,
3248 2710 3482 2775 mando,

1995 2797 2252 2870 Angelus
2284 2803 2349 2853 ut
2377 2798 2519 2853 coelo
2550 2798 2789 2853 veniens
2819 2798 3085 2869 dilapsus
3116 2798 3189 2853 ab
3221 2797 3360 2864 alto,

1997 2886 2188 2943 Tollat
2210 2886 2318 2941 rite
2347 2891 2446 2941 tuo
2476 2902 2707 2940 ramum
2740 2886 2810 2941 de
2833 2886 3045 2941 vertice
3076 2900 3331 2953 summo,

1996 2975 2113 3031 Nec
2142 2991 2257 3029 non
2287 2974 2443 3028 hunc
2473 2973 2668 3045 ipsum
2692 2972 2912 3045 plantet
2941 2989 3075 3029 mox
3095 2973 3154 3027 in
3177 2972 3537 3045 paradisum,

1997 3063 2068 3119 Et
2096 3062 2200 3117 tibi
2230 3061 2536 3134 gloriolaxn
2568 3077 2745 3133 super
2772 3061 2881 3117 hoc
2903 3063 3029 3133 jam
3060 3062 3323 3117 conferre
3364 3066 3609 3130 tantam,
3688 3076 3691 3081 '

1999 3151 2073 3207 Ut
2102 3154 2234 3223 post
2265 3150 2387 3206 hzsc
2419 3151 2638 3206 summi
2671 3150 2887 3206 dicaris
2919 3151 3116 3223 palma
3144 3149 3450 3222 triumphi,

1917 3232 1961 3298 C
1998 3241 2069 3296 Et
2095 3239 2368 3312 quisquis
2388 3238 2539 3295 bello
2569 3240 2804 3295 famosze
2837 3239 3038 3295 vicerit
3063 3239 3204 3307 ullo,

1993 3329 2073 3385 De
2095 3332 2154 3385 te
2181 3328 2439 3384 vincenti
2472 3328 2703 3384 dicetur
2733 3328 3001 3401 protinus
3032 3328 3148 3396 ille,

1992 3418 2077 3472 Ad
2110 3416 2367 3489 palmam
2400 3416 2599 3489 magni
2631 3416 2841 3472 venisti
2876 3432 3131 3488 namque
3162 3417 3468 3489 triumphi.

2066 3507 2197 3563 Haec
2227 3506 2328 3561 ubi
2361 3504 2519 3561 dicta
2548 3505 2725 3572 dedit,
2761 3505 3027 3576 dilapsus
3057 3505 3245 3561 sidere
3276 3507 3437 3561 venit

1992 3595 2271 3668 Angelus,
2294 3599 2351 3650 et
2381 3593 2591 3649 tollens
2614 3610 2845 3649 ramum
2876 3594 3089 3649 dixerit
3109 3595 3168 3649 in
3192 3595 3397 3650 altum.

1993 3687 2117 3750 Quo
2147 3683 2291 3749 viso,
2325 3681 2519 3738 cuncti
2552 3687 2869 3753 praesentes
2900 3682 3309 3753 obstupefacti,

1994 3772 2058 3829 In
2090 3776 2306 3827 terram
2341 3771 2505 3842 proni
2530 3774 2989 3825 consternuntur
3016 3771 3359 3837 trcmcfacti,

1993 3873 2149 3936 Quos
2177 3870 2351 3926 Jesus
2384 3869 2580 3924 subito
2612 3868 2853 3936 solatur,
2888 3867 3030 3924 talia
3059 3869 3232 3924 fando
3263 3883 3277 3922 :

1991 3960 2119 4016 Non
2145 3975 2295 4032 opus
2325 3963 2415 4014 est
2445 3962 2598 4014 certe
2628 3957 2794 4013 vobis
2825 3956 3157 4013 formidinis
3189 3956 3344 4024 ulla,

1990 4054 2160 4106 Hunc
2191 4049 2331 4122 quia
2353 4048 2621 4104 tranferri
2658 4063 2887 4102 ramum
2920 4063 3022 4119 per
3047 4046 3241 4103 sidera
3255 4046 3433 4119 jussi,

1993 4138 2067 4194 Ut
2096 4155 2232 4195 mox
2262 4136 2484 4193 delicia:
2507 4152 2722 4207 magno
2753 4139 3056 4208 ptantetur
3076 4135 3135 4190 in
3159 4135 3348 4192 horto.

1991 4228 2082 4295 Et,
2116 4226 2274 4283 velut
2302 4226 2395 4282 hic
2425 4226 2484 4281 in
2507 4226 2739 4282 deserto
2768 4224 3085 4295 meajussa
3116 4225 3415 4297 sequendo

1992 4315 2284 4388 Implevit,
2315 4331 2529 4387 magno
2560 4317 2793 4369 nosmet
2816 4314 3013 4369 studio
3045 4313 3337 4381 satiando,

1994 4405 2088 4460 Sic
2121 4404 2240 4459 illic
2272 4403 2493 4459 sanctis
2515 4406 2741 4458 constet
2761 4402 3008 4457 dulcedo
3032 4402 3325 4475 perennis.

2064 4492 2307 4548 Talibus
2337 4508 2403 4547 ac
2436 4491 2615 4546 tantis
2636 4490 2822 4563 signis
2843 4492 2971 4562 jam
3004 4490 3205 4547 sedulo
3236 4490 3397 4557 visis,

1912 4600 1960 4665 Β
1991 4581 2232 4653 Joseph,
2262 4581 2539 4635 virtutem
2572 4579 2755 4636 Prolis
2779 4581 3079 4635 tractando
3115 4595 3450 4651 perennem,

1992 4667 2186 4725 Utitur
2214 4667 2306 4723 his
2338 4668 2553 4734 verbis,
2590 4668 2886 4724 submisso
2919 4683 3222 4722 murmure
3253 4666 3400 4722 fusis
3432 4683 3446 4720 :

1985 4756 2150 4823 Ecce,
2175 4755 2333 4811 calor
2362 4756 2583 4812 nimius
2614 4760 2846 4811 nostros
2874 4754 3026 4810 male
3056 4755 3328 4827 decoquit
3350 4757 3534 4809 artus.

1987 4844 2176 4911 Nunc,
2202 4845 2307 4900 tibi
2338 4845 2387 4899 si
2418 4844 2663 4916 placeat,
2697 4846 2867 4914 cujns
2900 4859 3145 4915 regnum
3169 4844 3313 4915 juge
3353 4846 3605 4912 constat,

1990 4933 2243 5006 Praecipe
2264 4950 2367 5006 per
2396 4934 2587 5006 pelagi
2621 4931 2799 4987 calles
2828 4948 2937 4987 nos
2968 4947 3209 5004 pergere
3235 4931 3409 4999 vasti,

1990 5023 2245 5079 Urbibus
2276 5021 2581 5095 appositis,
2615 5037 2731 5093 quo
2762 5024 2920 5075 certe.
2950 5020 3116 5093 quies
3145 5020 3281 5075 data
3309 5020 3502 5091 nobis,

1991 5112 2109 5168 Nos
2139 5111 2314 5167 citius
2344 5110 2605 5182 spatium
2630 5108 2804 5164 faciat
2824 5124 3162 5181 percurrere
3191 5112 3445 5164 tantum.

1992 5199 2095 5256 Cui
2126 5198 2273 5255 dixit
2299 5198 2497 5264 Jesus,
2528 5196 2724 5252 divino
2750 5197 2992 5252 numine
3021 5196 3215 5254 clarus
3249 5213 3265 5251 :

1992 5286 2259 5358 Namque
2287 5285 2442 5340 viam
2473 5284 2669 5340 subito
2690 5283 2925 5358 longam
2958 5301 3061 5357 per
3082 5301 3174 5340 me
3206 5285 3499 5353 breviabo,

1990 5375 2081 5443 Et,
2114 5374 2272 5446 quod
2302 5378 2390 5429 ter
2410 5372 2577 5429 denis
2598 5371 2788 5444 potuit
2816 5373 2910 5428 vix
2940 5378 3074 5429 ante
3105 5373 3314 5429 diebus

1988 5462 2197 5532 Meriti,
2229 5462 2441 5517 faciam
2471 5460 2586 5515 diei
2621 5460 2811 5532 spatio
2843 5462 3128 5533 repedari.

2059 5551 2160 5606 llis
2190 5550 2366 5605 dictis
2387 5548 2647 5605 Sonitem
2676 5549 2948 5605 viderunt
2978 5550 3142 5606 ocius
3172 5551 3376 5606 urbem

1987 5640 2088 5697 00
2121 5637 2348 5711 [Egypti
2379 5654 2675 5709 magnam,
2709 5638 2949 5695 famosis
2980 5639 3272 5696 mamibus
3304 5638 3503 5696 altam.
