4092 6190
466 371 622 434 1079

468 507 633 567 Hanc
663 505 1005 580 introgressi
1033 508 1329 580 petierunt
1358 505 1566 562 limina
1593 503 1819 578 templi,

469 598 534 654 In
567 613 682 670 quo
714 595 893 652 stulta
913 597 1052 654 deos
1079 596 1378 653 consuevit
1410 611 1624 668 ponere
1647 591 1826 650 falsos

467 686 622 744 Gens
648 701 877 758 pagana
900 701 1059 752 suos,
1093 701 1362 758 perverso
1393 701 1553 740 more
1582 682 1873 740 colendos.

465 776 600 832 Mox
628 775 729 832 sed
758 778 823 830 ut
851 772 1088 830 intravit
1109 779 1312 832 sancta
1336 791 1469 830 cum
1503 773 1668 829 Prole
1699 773 1902 840 Maria,

465 863 676 920 Omnia
704 863 982 920 falsorum
1007 863 1226 936 pariter
1250 863 1570 920 simulacra
1597 863 1840 917 deorum

466 955 530 1010 In
561 957 780 1010 terram
811 953 1006 1010 subito
1038 953 1376 1010 ceciderunt
1403 952 1657 1024 denique
1673 968 1876 1024 prona,

463 1043 593 1100 Jam
625 1046 1042 1115 cognoscentes
1074 1043 1288 1114 ltegem
1316 1040 1545 1096 venisse
1568 1055 1905 1111 perennem,

463 1133 649 1204 Atque
679 1131 860 1203 Deum
893 1147 1092 1186 verum
1117 1147 1334 1204 magna
1361 1129 1574 1184 virtute
1607 1129 1904 1184 decorum.

536 1221 705 1277 Nunc
733 1223 823 1276 est
852 1219 1160 1295 impletum
1195 1220 1385 1274 fuerat
1414 1219 1567 1290 quod
1603 1217 1863 1272 carmine
1895 1215 2116 1272 dictum

467 1309 617 1368 Olim
642 1312 900 1382 perccrte
928 1304 1288 1364 modulantia
1311 1307 1426 1362 tale
1455 1306 1748 1379 propheta:
1783 1323 1796 1360 :

467 1403 630 1470 Ecce,
659 1415 838 1473 super
863 1397 1046 1455 levem
1079 1397 1366 1454 Dominus
1396 1395 1588 1452 veniet
1616 1395 1730 1451 cito
1761 1395 1978 1451 nubem

467 1491 587 1546 Prae
621 1488 794 1561 cujus
827 1491 1031 1544 sancta
1054 1486 1198 1544 facie
1229 1486 1395 1543 decet
1425 1483 1623 1544 omnia
1648 1500 1858 1556 nempe

464 1577 692 1652 Egypti
715 1575 910 1650 subito
943 1575 1322 1648 conquassari
1355 1571 1692 1643 simulacra,

466 1669 596 1725 llaec
625 1667 946 1723 Atl‘rodosio
977 1667 1288 1740 poetquam
1325 1665 1556 1720 fuerant
1587 1661 1847 1730 recitata,

465 1756 640 1814 Urbis
669 1771 926 1828 namque
958 1755 1091 1810 duci
1127 1753 1412 1828 praedictae
1442 1750 1609 1808 valde
1637 1751 1882 1825 potenti.

469 1845 612 1902 Illuc
643 1861 777 1902 cum
810 1845 985 1902 sociis
1017 1844 1254 1900 festinat
1286 1857 1526 1916 pergere
1559 1840 1780 1897 multis.

467 1935 632 2003 Quod
664 1951 797 1991 cum
830 1933 1136 2006 pontifices
1157 1932 1357 2004 templi
1393 1949 1625 1987 sensere
1648 1930 1895 2002 profani,

469 2025 794 2098 Sperabant
824 2021 993 2078 illum
1014 2021 1189 2078 variis
1222 2037 1357 2076 mox
1387 2021 1626 2092 perdere
1657 2018 1844 2090 pomis

469 2113 587 2170 llos
617 2113 719 2184 qui
751 2112 970 2166 damna
997 2110 1111 2166 diis
1132 2111 1394 2165 fecerunt
1414 2107 1555 2163 talia
1581 2106 1798 2162 stultis.

471 2201 602 2275 Ipse
628 2201 752 2272 sed,
783 2199 844 2254 in
876 2203 1031 2256 terra
1061 2214 1304 2254 cernens
1335 2196 1653 2253 simulacra
1683 2195 1888 2252 decora

471 2290 691 2348 Obtutu
723 2304 906 2362 prono
937 2286 1158 2360 passim
1180 2286 1424 2344 volitare
1452 2285 1703 2354 minuta,

471 2377 718 2436 Lumine
747 2376 1002 2434 ccelestis
1033 2375 1244 2449 raptim
1277 2391 1600 2432 succensus
1620 2373 1836 2430 amoris

469 2469 542 2526 Et
563 2466 696 2523 fidei
726 2481 925 2544 sacrae,
959 2467 1186 2520 mutato
1216 2463 1468 2536 denique
1499 2463 1691 2532 corde,

471 2555 766 2624 Substitit,
798 2557 975 2627 atque
1003 2552 1126 2608 suis
1156 2551 1419 2626 gaudens
1441 2551 1670 2608 dicebat
1699 2549 1922 2606 amicis.

469 2647 617 2704 Ecce
647 2645 914 2716 patenter
942 2642 1108 2698 adest
1136 2639 1423 2697 Dominus
1455 2657 1634 2714 super
1655 2639 1854 2696 omnia
1875 2639 2122 2711 pollens,

469 2736 652 2802 Quem
685 2733 932 2789 fortasse
955 2730 1056 2800 dii,
1084 2730 1262 2786 tacito
1293 2747 1427 2786 cum
1459 2745 1784 2797 murmure,
1819 2728 2002 2784 nostri

467 2823 608 2880 Jure
636 2822 822 2879 Deum
851 2836 1053 2877 verum
1077 2822 1484 2876 contestantur
1504 2817 1624 2874 fore
1656 2816 1870 2874 solum.

469 2913 673 2980 Restat
699 2914 766 2966 ut
795 2909 1057 2984 ipsorum
1090 2907 1364 2982 prostrati
1401 2923 1564 2964 more
1596 2907 1864 2976 deorum,

467 3001 685 3058 Devota
714 2999 929 3072 Regem
960 3013 1307 3054 veneremur
1347 3000 1542 3052 mente
1580 3010 1919 3067 perennem,

465 3091 602 3156 Qua:
629 3088 766 3144 fecit
795 3086 917 3161 regi
947 3090 1339 3142 memorantes
1361 3086 1488 3158 jam
1522 3083 1831 3152 Pharaoni,

465 3177 573 3244 Qui
605 3193 714 3233 sua
743 3176 876 3249 plus
898 3177 1062 3250 justo
1093 3173 1309 3247 sprevit
1339 3173 1721 3229 mandamina
1749 3188 1940 3239 sacra,

465 3267 548 3322 Ne
573 3270 805 3321 nosmet
831 3265 1052 3320 foveam
1083 3263 1289 3318 mortis
1319 3263 1593 3318 detrudat
1620 3261 1678 3316 in
1707 3264 1916 3317 atram.

538 3354 791 3422 Dixerat,
827 3357 1002 3424 atque
1033 3351 1156 3408 solo
1186 3355 1514 3423 prostratus
1545 3367 1783 3422 corpore
1811 3353 1954 3416 toto,

465 3443 730 3500 Volvitur
759 3443 892 3498 ante
923 3441 1100 3513 pedes
1132 3443 1346 3495 sanctae
1379 3439 1686 3512 rogitando
1718 3437 1936 3505 Mariae,

467 3533 562 3590 91
593 3529 912 3588 Gratiolam
943 3528 1110 3585 Pueri
1142 3531 1480 3585 constanter
1508 3545 1644 3584 voce
1675 3525 1852 3595 fideli,

467 3623 649 3688 Quem
681 3622 869 3676 mater
897 3616 1119 3692 gremio
1151 3617 1414 3690 gaudens
1438 3615 1688 3690 portavit
1718 3615 1926 3672 amico.

466 3711 511 3768 Ο
542 3708 838 3766 laudanda
865 3711 977 3764 tuae
1010 3706 1245 3764 virtutis
1275 3705 1480 3779 gloria,
1511 3704 1760 3774 Christe,

465 3799 510 3856 Ο
541 3798 811 3855 miranda
837 3813 1015 3854 sacrae
1048 3813 1280 3870 semper
1304 3795 1554 3852 mutatio
1587 3793 1829 3851 dextrae!

465 3887 572 3956 Qui
605 3891 753 3944 nutu
782 3885 958 3944 tacito
986 3885 1138 3961 potis
1169 3903 1232 3942 es
1261 3885 1568 3957 disponere
1599 3887 1827 3939 cuncta.

1277 371 1806 435 nnersurrnnz
1849 367 2227 432 MONIALIS
2277 347 3067 434 GANDEItSIlEIMENSIS

2139 505 2193 572 Α
2223 507 2363 573 Quis
2392 505 2545 562 volet
2573 523 2710 580 ergo
2741 509 2854 578 tua}
2882 506 3115 580 pietatis
3139 523 3390 563 munera
3421 467 3673 580 magna?

3699 337 3818 437 tota

2231 597 2410 654 Unice
2435 600 2569 652 nate
2608 593 2731 664 Dei,
2767 613 3000 652 summo
3031 595 3246 652 similis
3273 597 3554 667 Genitori,

2229 686 2426 743 Mirari
2459 686 2652 759 digne,
2687 686 2896 742 merita
2914 685 3003 741 vel
3035 685 3226 740 dicere
3255 685 3472 742 laude?

2228 776 2334 843 Qui
2367 773 2549 832 nostri
2583 792 2761 831 causa
2792 774 2980 830 fecisti
3012 777 3177 830 tanta
3205 773 3518 846 stupenda,

2229 867 2340 932 Tu,
2367 865 2493 920 sine
2523 863 2810 938 principio
2839 868 3016 918 natus
3037 863 3107 918 de
3138 863 3306 919 Patre
3334 880 3608 935 superno,

2231 955 2338 1010 Per
2365 958 2654 1026 praecepta
2682 953 2870 1008 Patris
2900 951 3205 1025 complesti
3238 952 3463 1008 viscera
3489 954 3700 1022 matris,

2227 1045 2309 1106 Ex
2337 1044 2446 1098 hac
2468 1059 2804 1115 corpoream
2838 1045 3075 1098 sument
3101 1042 3212 1097 sub
3241 1044 3500 1113 tempore
3533 1041 3768 1114 formam.

2229 1133 2454 1204 Quique
2481 1131 2638 1186 vales
2671 1130 2903 1204 propria
2932 1131 3219 1185 mundum
3252 1131 3572 1186 conducere
3594 1131 3780 1202 palma,

2231 1221 2566 1278 I’anniculis
2597 1219 2804 1293 stringi
2839 1237 2952 1276 non
2980 1219 3128 1274 raris
3158 1217 3312 1274 haud
3345 1219 3642 1292 respuisti,

2230 1313 2317 1380 Et,
2351 1307 2449 1384 qui
2482 1308 2712 1366 stellato
2744 1309 2965 1364 resides
2995 1304 3140 1364 solio
3171 1325 3349 1380 super
3377 1295 3576 1377 aethra,

2231 1402 2408 1457 Parvo
2438 1399 2680 1472 praasepi
2713 1393 3068 1466 contractus,
3101 1395 3493 1470 procubuisti,

2229 1491 2319 1558 Et,
2353 1480 2462 1562 qui
2486 1487 2828 1561 multigenis
2860 1477 3118 1560 imponis
3148 1483 3391 1542 nomina
3419 1483 3622 1552 stellis,

2226 1580 2306 1634 Ac
2338 1577 2543 1650 pluvia:
2576 1580 2793 1651 guttas,
2826 1574 3016 1650 pelagi
3048 1591 3282 1648 quoque
3311 1573 3475 1630 solus
3505 1592 3697 1630 arenas

2231 1669 2360 1724 Rite
2389 1671 2554 1740 potes
2585 1683 2828 1722 numero
2861 1682 2964 1739 per
2994 1668 3050 1720 te
3081 1664 3501 1738 comprendere
3527 1667 3690 1733 certe,

2230 1757 2303 1813 Ut
2330 1755 2570 1830 fragiles
2598 1754 2784 1829 pueri,
2818 1755 3106 1828 patienter
3135 1749 3496 1820 centicuisti,

2149 1880 2198 1944 Β
2229 1848 2534 1927 Tempore,
2565 1845 2860 1918 virgineas
2890 1861 3006 1917 quo
3039 1841 3245 1898 suxisti
3281 1841 3376 1914 pie
3411 1857 3704 1897 mammas.

2233 1936 2478 2008 Insuper
2507 1935 2814 2002 llerodem,
2847 1931 3010 1990 nulla
3043 1931 3354 1988 formidine
3384 1945 3599 2002 regem,

2231 2026 2343 2081 Sed
2371 2025 2496 2080 sola
2525 2029 2675 2080 certe
2705 2015 2904 2094 fugisti
2938 2039 3040 2094 pro
3075 2019 3311 2093 pietate,

2223 2116 2352 2180 Quo
2379 2113 2572 2168 carnis
2601 2129 2794 2168 veram
2827 2112 3260 2168 demonstrarcs
3291 2108 3386 2181 pie
3419 2107 3675 2164 formam.

2229 2204 2300 2258 Et
2327 2219 2462 2258 mox
2493 2201 2713 2275 absque
2743 2217 2927 2268 mora,
2961 2198 3180 2255 fecistis
3211 2214 3389 2254 saxea
3418 2197 3590 2253 corda

2230 2292 2355 2348 Non
2386 2307 2749 2365 paganorum
2783 2287 3121 2344 mollescere
3151 2303 3266 2343 non
3297 2285 3668 2354 domitorum,

2230 2381 2302 2436 Et
2330 2379 2548 2436 sentire
2577 2369 2746 2435 tuum
2773 2375 3029 2436 solidum
3059 2393 3164 2448 per
3193 2379 3466 2448 tempora
3493 2369 3740 2446 regnum,

2231 2471 2354 2536 Quo
2383 2473 2440 2526 te
2469 2467 2682 2525 divinis
2713 2465 2921 2523 moniti
2954 2461 3172 2523 scirent
3201 2463 3321 2520 fore
3351 2463 3543 2538 signis
3573 2480 3588 2518 :

2233 2559 2454 2631 Ipsum,
2487 2557 2586 2631 qui
2621 2556 2744 2614 solo
2776 2553 2960 2612 fecisti
2993 2553 3208 2610 saecula
3234 2553 3438 2626 verbo,

2233 2650 2302 2704 Et
2329 2664 2503 2720 quem
2537 2650 2881 2702 cunctorum
2913 2643 3252 2700 cecinerunt
3280 2641 3548 2698 carmina
3575 2645 3766 2696 vatum.

2232 2737 2378 2794 Hinc
2408 2735 2664 2792 Genitori
2696 2739 2798 2790 tuo
2825 2737 3060 2789 maneat
3089 2750 3192 2805 per
3223 2729 3444 2786 saecula
3469 2733 3668 2786 cuneta

2231 2826 2446 2897 Gloria,
2474 2826 2544 2882 de
2573 2823 2800 2881 cunctis
2830 2825 2888 2879 et
2906 2822 3037 2879 laus
3070 2825 3285 2877 interna
3315 2819 3552 2890 creatis,

2233 2917 2339 2984 Qui
2373 2915 2479 2972 tibi
2509 2913 2719 2970 dilecto
2751 2909 2994 2968 nescivit
3023 2925 3262 2984 parcere
3282 2913 3448 2978 nato,

2233 3009 2302 3063 Et
2331 3005 2458 3073 tibi,
2492 3003 2721 3060 Christe
2750 3001 2928 3058 decus
2951 3015 3182 3072 perpcs,
3211 2997 3479 3068 victoria,
3505 2997 3694 3062 virtus,

2233 3093 2531 3167 Sanguine
2561 3091 2658 3164 qui
2693 3089 2981 3146 mundum
3015 3089 3142 3144 fuso
3173 3087 3420 3143 redimis
3451 3085 3764 3160 periturum,

2233 3185 2335 3240 98
2371 3182 2631 3239 Flumine
2655 3196 2790 3236 cum
2823 3195 3008 3248 sacro,
3041 3175 3194 3233 saecli
3226 3193 3329 3249 per
3357 3179 3619 3249 tempora
3643 3176 3832 3240 cuncta,

2156 3248 2199 3314 C
2229 3273 2424 3330 Gratia
2455 3270 2709 3328 cmlestis
2734 3287 2837 3342 per
2867 3283 3040 3341 quem
3073 3248 3420 3322 conceditur
3447 3248 3651 3322 omnis.

2227 3359 2433 3428 Qualia
2463 3359 2784 3416 retribuam
2820 3355 3042 3413 Factori
3075 3371 3322 3410 munera
3354 3371 3514 3410 nunc
3528 3351 3684 3426 jam?

2228 3450 2335 3505 Pro
2365 3448 2592 3504 cunctis
2621 3447 2798 3520 digne
2829 3445 3100 3501 mihimet
3127 3461 3255 3516 qua:
3286 3440 3545 3498 reddidit
3571 3442 3700 3514 ipse,

2227 3539 2334 3606 Qui
2367 3537 2498 3610 pius
2531 3536 2832 3608 indignam
2863 3533 3036 3590 solita
3065 3533 3278 3606 pietate
3311 3531 3606 3588 famellam
3635 3545 3646 3583 :

2229 3629 2339 3696 Me,
2372 3627 2506 3682 licet
2532 3625 2730 3692 exiles,
2765 3623 2902 3680 fecit
2932 3622 3258 3696 persolvere
3288 3626 3508 3698 grates.

2229 3717 2330 3773 llis
2360 3732 2538 3788 super
2557 3713 2830 3787 angelicae
2863 3711 3166 3780 oculorum,
3199 3727 3400 3783 posco,
3429 3715 3656 3767 catervae

2228 3805 2568 3863 Collaudare
2598 3804 2785 3860 Deum
2817 3819 2932 3858 non
2965 3804 3194 3858 cessent
3223 3799 3432 3856 sedulo
3455 3815 3663 3854 verum.

467 4049 3817 4090 ___________________________________________._—

1111 4197 1693 4293 .ARGUMENTUM
1740 4197 1820 4258 IN
1867 4191 2305 4257 HISTORIAM
2349 4191 2856 4254 ASCENSIONIS
2901 4191 3205 4253 DOMINI.

1963 4361 2358 4374 ——.’

527 4498 901 4568 Posteaquam,
934 4503 996 4552 ut
1041 4494 1189 4567 apud
1223 4495 1588 4568 evangelistas
1637 4499 1688 4548 et
1729 4490 1875 4564 apud
1925 4491 2125 4546 Lucam
2172 4491 2234 4544 in
2280 4487 2498 4568 Actibus
2543 4485 2908 4568 apostolorum
2939 4492 3047 4568 est,
3077 4484 3328 4568 salvator
3355 4481 3568 4568 nfundi,
3601 4477 3812 4568 ϐᾒζίξιξξ

457 4569 630 4633 Iesus,
657 4549 843 4624 οηίηία
870 4549 1728 4639 ῥθῖτηέἳθιὶσιιιὶιςίθῖρίιεδὶοῃωῃ,
1832 4569 2063 4639 mortem
2104 4577 2263 4639 suain
2311 4549 2740 4639 amarissimam,
2775 4549 3163 4639 ςονηριθυίδδσρ,
3199 4570 3337 4639 quae.
3472 4570 3532 4610 eo
3551 4549 3819 4639 cecinit-fell

456 4641 604 4696 sacri
615 4625 816 4706 'vales;
849 4625 884 4694 ά
911 4647 1078 4694 morte
1106 4625 1414 4708 resurgens;
1443 4625 1922 4708 plurimis'ltiebus
1951 4635 2102 4708 visus
2132 4639 2212 4708 est
2237 4634 2382 4686 inter
2407 4628 2716 4708 (lisciputos
2753 4625 2968 4708 docens,
3001 4625 3221 4708 tandem
3267 4625 3338 4681 ad
3367 4627 3581 4682 Patrem
3624 4625 3812 4708 υοςαιωι

457 4713 757 4768 convocatis
786 4699 1094 4777 discipulis,
1131 4699 1414 4766 lwtiasime
1443 4699 1522 4762 'z'n
1560 4707 1716 4762 enatos
1757 4707 1937 4777 Patris
1968 4706 2214 4777 _imperio
2261 4700 2527 4777 ascendit,
2545 4699 2862 4777 :comitante
2899 4699 3332 4777 _etun_univcrso
3381 4705 3516 4777 actu
3543 4699 3814 4777 fano-terum

457 4765 765 4840 Patruiniet
785 4765 1103 4854 angelorum
1132 4765 1311 4838 choro.
1346 4780 1492 4836 Inter
1521 4795 1652 4851 quos
1682 4775 1854 4833 David
1883 4765 2156 4833 citharam
2185 4782 2310 4830 ante
2336 4765 2732 4844 ingrediemem
2755 4779 2806 4827 et
2834 4769 3261 4842 triumphantem
3281 4770 3340 4824 in
3370 4769 3518 4824 caelis
3537 4765 3814 4822 Salvator!!!"

455 4854 730 4927 pulsabat.

676 5167 1542 5346 HISTORIA
1655 5157 2828 5304 ASCENSIONIS
2930 5152 3620 5296 DOMINI.

1017 5418 1198 5482 Hanc
1225 5417 1632 5480 narrationem
1661 5415 1918 5478 Joannes
1945 5413 2247 5494 episcopus
2274 5430 2304 5472 e
2337 5407 2540 5473 Graece
2571 5407 2633 5470 in
2660 5406 2942 5469 Latinum
2977 5403 3308 5468 transtulit.

529 5605 843 5678 Postquam
874 5623 1149 5679 corporeo
1179 5605 1448 5662 Christus
1475 5603 1758 5662 velamine
1789 5606 1977 5658 tectus

461 5693 768 5764 Temporis
797 5694 1060 5764 implevit
1098 5694 1354 5764 spatium
1387 5694 1537 5751 sacri
1565 5693 1982 5758 venerandum,

2212 5597 2374 5666 Quod
2401 5610 2534 5653 cum
2568 5595 2874 5667 terrigenis
2907 5593 3126 5650 mansit
3147 5593 3454 5679 dignanter
3482 5580 3748 5646 homullis,

2213 5688 2319 5756 Qui
2351 5686 2513 5744 solus
2544 5683 2792 5742 maculis
2821 5685 3010 5756 potuit
3041 5685 3166 5740 sine
3195 5675 3383 5740 vivere
3407 5675 3638 5741 cunctis,
