4050 6180
232 325 383 388 1081
1304 322 1673 384 HISTORIA
1722 326 1831 385 AS!

2070 326 2232 388 DNIS
2277 327 2584 389 DOMINI.
3513 328 3669 389 1082

230 460 306 518 Ut
335 476 440 533 per
467 471 532 513 se
561 453 740 511 modo
774 452 1215 508 demonstraret
1246 455 1584 513 redimendo
1932 460 1987 526 Α
2019 459 2124 515 Pro
2157 460 2408 533 propriis
2440 460 2702 518 animam
2734 479 2956 536 ponens
2986 460 3191 522 ovibus
3222 460 3315 538 pie
3345 462 3608 519 charam.

231 550 461 608 Gaudia
492 549 817 620 perpetum,
854 540 1163 616 quondam
1198 545 1349 601 male
1382 545 1628 617 perdita,
1662 547 1809 615 vitae,
2024 546 2138 602 Nec
2172 565 2285 602 non
2317 548 2600 620 complevi
2635 550 2890 607 multum
2924 551 3134 624 pietate
3167 551 3342 620 ﬁdeli,

232 641 493 713 Postque
535 632 994 708 triumphalem,
1040 637 1452 707 sanctamque,
1484 637 1640 709 piam
1683 653 1913 710 quoque
2024 636 2253 704 Omnia,
2289 653 2414 709 quae
2443 642 2603 693 vates
2636 640 2707 695 de
2738 656 2832 695 me
2864 641 3059 696 dixere
3091 641 3333 713 priores,

1616 724 1911 799 [mortem,
2022 726 2102 780 Ac
2132 742 2287 781 nunc
2318 726 2591 794 ascendo,
2625 728 2853 783 cinctus
2882 729 3095 785 virtute
3125 733 3388 801 paterna,

232 820 435 888 Quam"
457 815 641 873 nestri
675 830 857 871 causa
887 808 1190 884 patienter
1220 813 1464 885 pertulit
1494 830 1652 886 ergo,
2022 814 2108 869 Ad
2139 814 2366 870 Patrem
2395 814 2583 870 victor
2613 833 2937 886 summum,
2973 834 3151 891 super
3181 819 3363 874 aethra
3393 818 3671 875 locatum.

231 911 391 967 Dum
423 906 604 963 victor
635 918 851 976 magno
885 900 1066 971 fregit
1096 897 1427 957 luctamine
1455 902 1570 958 tela
2025 904 2159 971 Sed,
2194 921 2307 959 non
2346 904 2569 959 turbari
2602 906 2816 973 cordis,
2851 907 3134 979 rogitabo,
3171 908 3357 962 ﬁdelis

232 1000 342 1055 99
375 993 623 1053 Humani
657 990 891 1065 generis
917 987 1258 1045 szevissirna
1290 992 1515 1047 fortiter
1545 992 1752 1060 hostis,
2023 992 2212 1048 Vestri
2245 997 2561 1058 secretum,
2594 995 2735 1066 quia
2763 1013 2879 1050 non
2911 1014 3011 1052 vos
3046 998 3188 1051 forte
3219 997 3567 1069 relinquam,

234 1084 558 1159 Sanguinis
590 1087 645 1138 et
671 1080 923 1155 pretium
960 1077 1187 1151 proprii
1225 1081 1412 1152 gratis
1445 1080 1914 1154 deditamptum,
2025 1081 2138 1136 Ceu
2174 1080 2469 1136 desolatos
2503 1082 2557 1135 in
2594 1084 2813 1138 mundo
2847 1101 3100 1155 namque
3133 1085 3409 1155 pupillos,

237 1178 353 1233 Pro
386 1172 553 1229 nobis
584 1172 841 1226 animam
873 1170 1181 1240 deponens
1221 1169 1283 1223 in
1315 1188 1485 1225 cruce
1517 1170 1778 1238 charam,
2025 1170 2185 1225 Sacri
2216 1168 2527 1242 gratiolam
2556 1170 2720 1226 vobis
2753 1173 2854 1227 sed
2892 1172 3172 1227 Flaminis
3203 1172 3441 1239 almam,

235 1266 362 1323 Nec
392 1281 505 1318 non
536 1256 780 1335 gloriola
810 1255 1109 1331 surgentis
1138 1257 1263 1314 rite
1293 1265 1528 1332 peracta
2023 1260 2302 1315 Emittam
2335 1257 2533 1328 citius,
2567 1277 2694 1332 qua:
2726 1279 2827 1317 vos
2856 1278 3057 1316 verum
3094 1262 3262 1316 docet
3290 1262 3470 1328 intus,

236 1347 437 1426 Atque
469 1348 676 1423 quater
706 1348 871 1404 denis
904 1346 1016 1402 diei
1051 1346 1243 1417 spatii
1274 1348 1593 1421 replicatis,
2028 1349 2271 1420 Insuper
2300 1347 2426 1419 ipse
2457 1348 2582 1403 dies
2611 1349 2913 1405 vobiscum
2948 1349 3170 1405 scilicet
3200 1368 3402 1406 omnes

241 1444 310 1500 In
344 1440 553 1514 quieis,
587 1435 893 1509 discipulis
925 1449 1226 1509 apparens
1260 1438 1461 1495 sedulo
1493 1439 1704 1508 charis,
2026 1438 2343 1493 Finctcnus
2374 1452 2606 1503 maneo,
2638 1438 2843 1493 mundi
2878 1456 2980 1511 per
3010 1443 3274 1510 tempora
3302 1443 3532 1495 cuncta.

242 1532 395 1587 Esse
412 1547 518 1584 sua
537 1527 1301 1596 nostram,monstrat,cum
1322 1533 1507 1584 morte
1528 1534 1912 1602 peremptam,
2097 1527 2226 1582 Ilaec
2259 1524 2361 1581 ubi
2393 1525 2550 1582 dicta
2580 1526 2759 1595 dedit,
2788 1542 3102 1583 conversus
3133 1526 3384 1600 denique
3412 1528 3555 1583 dixit

241 1622 367 1677 Nec
400 1610 605 1674 mortis
634 1606 845 1672 vinclis
876 1632 939 1671 se
971 1630 1143 1687 posse
1178 1615 1433 1672 tenericr
1462 1617 1659 1687 arctis,
2022 1616 2108 1670 Ad
2143 1618 2391 1670 matrem
2424 1614 2720 1688 propriam
2756 1620 3067 1671 mansueta
3096 1632 3256 1682 voce,
3292 1617 3535 1673 Mariam
3573 1634 3584 1671 :

244 1708 361 1776 Qui
396 1707 555 1764 solus
584 1705 770 1778 culpa:
802 1706 994 1761 fuerat
1025 1702 1154 1759 sine
1189 1705 1466 1761 sordibus
1494 1707 1649 1775 Adae,
2024 1704 2141 1759 Nec
2172 1703 2559 1772 contristeris,
2596 1704 2805 1776 rogito,
2838 1704 3185 1778 virguncula
3215 1711 3396 1773 casta,

244 1800 552 1855 Postremo
584 1794 777 1851 charis
809 1794 997 1850 isdem
1031 1797 1405 1851 monstratus
1436 1797 1665 1863 amicis,
1943 1831 2005 1896 Β,
2024 1795 2168 1848 Cum
2199 1809 2291 1848 me
2324 1792 2635 1865 prmcclsos
2663 1792 2864 1849 videas
2894 1794 3210 1849 ascendere
3241 1794 3436 1862 cmlos,

243 1885 471 1942 Montis
500 1883 756 1939 Oliviferi
787 1880 1064 1954 prmcelso
1095 1882 1311 1938 vertice
1343 1884 1570 1955 quidni,
1943 1879 1994 1896 ¹¹
2023 1882 2104 1936 Te
2135 1879 2272 1953 quia
2302 1881 2639 1953 praiclaram
2670 1881 2879 1936 mundi
2912 1898 3027 1937 non
3058 1880 3262 1954 linquo
3296 1882 3614 1953 lucernam,

242 1975 488 2039 Astans,
524 1972 871 2043 astrigeram
906 1986 1041 2025 max
1073 1986 1428 2028 ascensurus
1459 1974 1528 2027 ad
1562 1973 1780 2039 aulam,
2022 1971 2171 2025 101
2207 1970 2392 2041 Atque
2431 1985 2628 2025 meum
2677 1974 2947 2025 sanctum
2999 1971 3261 2043 migrans
3310 1991 3425 2028 non
3477 1974 3680 2030 desero

243 2063 593 2131 Affaturque
624 2076 764 2114 suos
797 2075 932 2113 cum
966 2056 1070 2113 tali
1098 2074 1236 2113 voce
1266 2059 1568 2115 ministros
1604 2078 1616 2114 :
2024 2059 2139 2113 Nec
2165 2059 2560 2130 incorruptam
2582 2059 2710 2113 vitm
2736 2059 2974 2114 dimitto
2996 2076 3294 2126 coronam,
3346 2060 3679 2134 [templum,

249 2152 332 2207 Ut
365 2151 530 2206 Pater
561 2151 618 2204 in
653 2149 945 2204 mundum
979 2166 1075 2203 me
1105 2149 1378 2219 promisit
1409 2150 1520 2204 sibi
1555 2150 1821 2218 charum,
2023 2148 2222 2203 Inveni
2254 2146 2440 2202 solam
2474 2164 2588 2218 pra)
2616 2148 2846 2203 cunctis
2878 2152 2933 2203 te
2964 2146 3103 2219 quia
3132 2154 3378 2217 castam,

247 2240 353 2297 Sic
385 2256 489 2312 ego
521 2238 690 2293 mitto
724 2255 886 2294 meos
917 2237 1160 2293 dilectos
1191 2241 1419 2293 vosmet
1446 2239 1687 2295 amicos.
2022 2237 2525 2308 Condignamque,
2552 2253 2752 2291 meum
2785 2254 2998 2308 corpus
3035 2253 3346 2309 generasse
3378 2242 3676 2295 sacratum

248 2331 333 2385 At
358 2344 481 2394 vos,
514 2325 574 2382 in
602 2330 810 2399 gentes
841 2325 1017 2381 citius
1047 2329 1291 2381 cunctas
1321 2326 1629 2393 abeuntes,
2025 2324 2212 2392 Certe,
2246 2325 2316 2380 de
2348 2325 2567 2380 mundo
2600 2341 2737 2381 cum
2772 2330 2824 2381 te
2855 2325 3153 2381 discedere
3194 2325 3430 2394 mando,

252 2417 398 2475 Illas
427 2420 718 2488 perpetua)
749 2413 881 2469 vita:
910 2414 1190 2469 mandata
1218 2414 1439 2483 docete,
2024 2415 2109 2472 Ad
2139 2419 2195 2470 te
2225 2413 2515 2470 ccelicolas
2547 2430 2664 2468 non
2695 2414 2888 2470 solum
2920 2414 3089 2469 mitto
3116 2419 3395 2484 catervas,

251 2504 572 2561 Credentes
606 2519 774 2557 sacra
804 2505 1126 2574 purgantes
1156 2498 1319 2558 ocius
1351 2504 1529 2571 unda,
2028 2506 2157 2577 Ipse
2189 2504 2289 2558 sed
2323 2504 2637 2558 adveniens
2669 2504 2929 2559 animam
2964 2520 3196 2558 sumam
3229 2504 3615 2575 benedictum,

253 2595 325 2650 In
360 2578 564 2659 Patris,
590 2594 645 2645 et
677 2590 830 2657 Nati,
854 2590 1074 2662 pariter
1095 2606 1326 2662 quoque
1357 2590 1636 2649 Flaminis
1667 2593 1828 2663 almi,
2029 2592 2279 2649 Multum
2313 2592 2433 2646 sole
2464 2591 2703 2664 quidem
2736 2591 3002 2647 rutilanti
3036 2591 3513 2663 splendidiorem,

252 2681 526 2749 Nomine,
553 2696 670 2752 quo
699 2668 911 2735 veteris
942 2680 1235 2750 deponant
1265 2679 1514 2737 crimina
1543 2684 1753 2740 sordis.
2027 2672 2144 2738 Nec
2174 2697 2313 2749 non,
2343 2679 2624 2753 angelicis
2655 2681 2970 2737 deductam
3002 2679 3259 2735 suaviter
3288 2681 3548 2753 hymnis,

259 2772 339 2827 Et
364 2770 579 2825 virtute
610 2784 743 2824 mea
771 2766 965 2823 varios
994 2765 1263 2838 depellite
1294 2770 1551 2839 morbos,
2028 2772 2218 2844 Oc‘yus
2248 2769 2592 2842 astrigeram
2621 2786 2836 2841 ponam
2868 2773 3210 2825 veneranter
3240 2768 3299 2823 in
3331 2769 3550 2837 aulam,

258 2860 383 2915 Nec
413 2875 527 2914 non
560 2856 805 2928 imperio
838 2855 1138 2929 prmdones
1170 2856 1358 2929 cogite
1385 2862 1575 2916 vestro
2029 2862 2100 2916 At
2131 2866 2307 2926 nunc,
2340 2858 2629 2914 Joannem
2660 2860 2854 2913 tecum
2887 2856 3187 2913 remanere
3223 2858 3475 2927 ﬁdelem,

258 2950 478 3014 Szevos,
512 2946 821 3001 obsessum
854 2945 1124 3017 linquant
1155 2950 1220 3000 ut
1250 2947 1500 3017 pectoris
1532 2955 1790 3017 antrum,
2030 2950 2278 3021 Impero,
2314 2948 2411 3019 qui
2445 2947 2696 3019 gemmis
2730 2946 2911 3020 fulget
2942 2947 3086 3002 bene
3116 2946 3487 3018 virginitatis,

267 3037 393 3093 Illis
423 3034 775 3108 praidulcem
809 3039 1107 3091 servantes
1142 3036 1356 3091 mentis
1386 3054 1667 3107 amorem,
2030 3039 2104 3095 Ut
2135 3042 2233 3093 tua
2262 3037 2381 3092 vita
2411 3036 2599 3108 magis
2629 3036 2968 3109 praefulgoat
3000 3035 3234 3109 inclyta,
3268 3038 3445 3093 castis

264 3125 500 3182 Laedere
528 3141 630 3179 vos
661 3123 812 3178 odiis
839 3124 936 3194 qui
971 3125 1199 3178 tentant
1229 3141 1459 3197 semper
1487 3128 1725 3183 amaris.
2032 3126 2257 3199 Saepius
2288 3125 2588 3198 obsequiis
2617 3125 2981 3181 circumdata
3010 3124 3379 3198 virginitatis.

256 3215 345 3269 Ex
375 3213 484 3267 hoc
511 3215 774 3285 percerte
804 3215 1055 3284 possunt
1084 3228 1443 3282 praenoscere
1474 3220 1695 3272 cuncta:
1830 3251 1838 3260 .
1950 3201 1994 3268 C
2102 3215 2284 3270 Illicet
2313 3215 2616 3288 angelicas
2648 3215 2935 3270 dicentem
2969 3214 3126 3282 talia,
3161 3218 3345 3270 coetus

258 3303 498 3369 Gentes,
532 3299 857 3372 discipulos
886 3316 988 3355 vos
1016 3317 1145 3355 esse
1175 3302 1321 3356 satis
1352 3303 1495 3359 mihi
1526 3305 1754 3375 charos,
2028 3306 2225 3377 Ipsum
2259 3304 2582 3360 dulcisonis
2610 3303 3276 3359 Iaudans'circumdedit
3314 3305 3570 3378 hymnis,

259 3391 327 3448 Si
355 3390 549 3446 colitis
577 3394 805 3446 vestros
834 3390 999 3462 puris
1031 3389 1244 3447 animis
1274 3392 1565 3450 inimicos.
2025 3395 2095 3451 Et
2126 3411 2260 3449 mox
2289 3394 2621 3467 contegitur
2652 3394 2848 3449 subito
2879 3392 3014 3448 cum
3046 3393 3200 3448 nube
3228 3411 3453 3450 serena.

339 3479 652 3535 Finetenus
683 3495 972 3534 memores
1003 3480 1299 3551 persistite
1329 3482 1551 3539 scilicet
1580 3503 1805 3553 omnes,
2025 3482 2391 3539 Conveniunt
2420 3482 2537 3538 illic
2569 3487 2829 3537 veterum
2862 3481 3030 3537 cunei
3061 3478 3295 3554 quoque
3324 3486 3544 3551 vatum,

250 3572 396 3637 Quae
423 3568 599 3624 vestri
637 3584 816 3624 causa
847 3585 1059 3640 passus
1089 3569 1301 3627 fuerim
1333 3572 1460 3627 sine
1490 3589 1669 3629 causa
2026 3572 2184 3627 Inter
2212 3587 2360 3642 quos
2391 3571 2623 3627 medius
2656 3571 2858 3637 David,
2894 3587 2991 3625 rex
3026 3570 3272 3642 psallere
3306 3573 3533 3642 doctus,

249 3659 461 3715 Nonne
492 3673 685 3714 meam
718 3656 925 3713 faciem
960 3657 1242 3735 cherubin
1275 3677 1391 3715 non
1423 3678 1658 3719 eernere
1687 3663 1865 3720 talem
2023 3660 2279 3717 Cantans
2312 3660 2369 3714 in
2401 3658 2663 3727 citharis,
2700 3659 2967 3714 hortatur
2996 3660 3213 3714 talibus
3245 3662 3414 3727 orsis,

250 3749 513 3804 Possunt
542 3747 602 3802 in
633 3763 833 3819 regno,
868 3746 1060 3818 qualis
1092 3747 1238 3804 nitet
1268 3766 1425 3823 ergo,
1460 3752 1749 3823 paterno?
1873 3759 1890 3771 '
2023 3749 2238 3806 Natum
2269 3747 2521 3803 caelestis
2553 3745 2766 3802 solium
2796 3746 3037 3816 petiisse
3069 3747 3355 3811 Parentis,

249 3835 445 3894 Judaei
475 3836 707 3909 spurcis
737 3835 890 3891 hanc
920 3836 1022 3892 sed
1053 3853 1323 3909 sprevere
1353 3839 1573 3909 salivis,
2022 3837 2288 3894 Exaltare
2318 3854 2497 3910 super
2526 3835 2724 3904 cmlos,
2757 3835 2925 3891 fortis
2955 3835 3131 3902 Deus,
3166 3835 3338 3903 altos,

253 3924 628 3998 Maxillisque
661 3924 809 3981 meis
839 3924 1038 3997 alapas
1072 3925 1329 3983 tribuere
1360 3928 1671 4003 malignas,
2020 3930 2208 3999 Atque
2238 3943 2415 3998 super
2445 3929 2626 3981 totam
2659 3923 2865 3980 mundi
2898 3927 3002 3980 tua
3030 3924 3216 3997 gloria
3245 3927 3481 3981 terram.

250 4016 447 4086 Atque
476 4026 690 4070 manus
720 4013 899 4070 clavis
930 4013 1088 4087 ligno
1122 4015 1294 4073 ﬁxere
1325 4018 1583 4075 cruentis
2021 4015 2255 4074 Scilicet
2283 4015 2563 4089 angelicis
2593 4015 2847 4071 suadens
2879 4012 2960 4069 ait
2992 4015 3103 4069 ista
3132 4014 3399 4084 catervis,

253 4104 414 4160 100
443 4104 523 4159 De
553 4103 696 4160 limo
731 4102 1044 4176 pulchrum
1078 4105 1244 4177 qiicis
1285 4107 1567 4179 plasmavi
1614 4110 1913 4184 prot0pla—
2019 4106 2279 4163 Exaltate
2312 4106 2496 4162 Deum
2529 4103 2826 4160 modulato
2860 4104 3119 4159 carmine
3152 4108 3439 4171 nostrum,

252 4194 404 4249 Cum
423 4193 637 4266 quibus
660 4197 716 4248 et
734 4193 910 4249 cazlos
932 4196 1160 4251 extendi
1182 4196 1434 4269 denique
1456 4198 1661 4254 celsos.
1705 4200 1909 4274 [stum,
2019 4196 2266 4254 Orantes
2299 4196 2357 4251 in
2390 4198 2585 4250 monte
2615 4211 2721 4249 suo
2752 4193 2957 4248 crebra
2988 4210 3153 4265 prece
3183 4198 3410 4263 sancto,

252 4283 426 4350 Nam,
459 4282 509 4339 si
543 4281 789 4355 respicio
820 4286 1056 4349 terram,
1090 4285 1311 4355 pavitat
1339 4288 1693 4357 tremefacta,
2020 4286 2132 4342 Iste
2163 4285 2318 4340 Deus
2349 4283 2633 4340 Dominus
2665 4287 2882 4350 noster,
2916 4287 3146 4339 constat
3176 4284 3317 4354 quia
3350 4288 3611 4340 sanctus.

254 4370 373 4427 Nec
407 4372 520 4426 mis
549 4358 789 4427 terroris
821 4372 973 4444 potis
1006 4375 1094 4426 est
1123 4372 1335 4430 inferre
1364 4377 1641 4447 potentis.
2090 4376 2159 4430 Et
2189 4372 2455 4428 Christus
2486 4372 2678 4439 Jesus,
2712 4370 2876 4426 vultu
2911 4372 3135 4427 ridente
3167 4387 3456 4437 reversus,

253 4461 328 4517 Et
356 4452 749 4534 prwcedentes
780 4459 993 4515 acriter
1022 4466 1197 4532 caput
1227 4467 1402 4535 atque
1433 4472 1750 4535 moventes,
2019 4462 2333 4535 Discipulis
2365 4461 2576 4517 iterum
2608 4459 2800 4516 verbis
2833 4460 3063 4516 dicebat
3093 4459 3299 4515 amicis
3334 4478 3345 4516 ;

256 4549 349 4607 Me
381 4547 532 4605 male
563 4549 751 4631 Judaai
784 4549 1129 4604 deridebant
1159 4550 1452 4608 scelerosi.
2019 4554 2132 4608 Pax
2162 4550 2346 4619 vobis,
2379 4552 2607 4619 fratres,
2641 4566 2874 4622 semper
2905 4548 3049 4604 mihi
3084 4548 3191 4603 rite
3223 4547 3444 4615 ﬁdeles,

257 4639 389 4695 Haec
418 4655 553 4694 cum
582 4638 939 4714 damnandis
970 4641 1202 4710 paterer
1232 4642 1520 4713 patienter
1549 4644 1621 4698 ab
1658 4644 1797 4714 illis,
2015 4640 2176 4698 Velle
2204 4656 2402 4696 meum
2434 4641 2533 4713 qui
2568 4639 2812 4706 fecistis,
2846 4654 2950 4693 nec
2986 4653 3102 4692 non
3134 4637 3383 4704 facietis,

257 4727 422 4799 Ipsos
451 4727 709 4783 vindicta
737 4726 893 4782 volui
926 4745 1040 4783 non
1072 4730 1313 4800 perdere
1334 4731 1518 4802 justa,
2016 4732 2159 4786 Ecce
2189 4747 2379 4785 meam
2412 4727 2682 4784 stabilem
2715 4726 2879 4782 vobis
2912 4726 2984 4781 do
3019 4725 3270 4797 denique
3300 4741 3525 4797 pacem,

256 4817 393 4885 Sed,
418 4816 608 4873 crucis
638 4816 698 4871 in
728 4815 888 4888 ligno
920 4821 1169 4873 mortem
1195 4819 1376 4891 gratis
1408 4822 1701 4894 patiendo,
2013 4820 2093 4875 Ac
2122 4819 2287 4876 vobis
2313 4818 2501 4890 ipsam
2535 4833 2735 4887 pacem
2766 4815 2997 4870 dimitto
3030 4830 3367 4886 perennem.

255 4905 425 4962 Oravi
457 4905 689 4962 Patrem
720 4904 1068 4963 clementius
1096 4909 1575 4981 omnipotentem,
2016 4910 2147 4966 Haec
2174 4909 2275 4976 ait,
2308 4911 2363 4963 et
2402 4905 2595 4971 citius,
2628 4903 2861 4977 propria
2891 4902 3103 4959 virtute
3134 4903 3378 4969 levatus,

259 4994 381 5051 Illis
410 4995 687 5051 continuo
719 4994 1010 5053 dimittere
1040 4997 1288 5054 crimina
1319 5002 1500 5067 tanta,
2013 4997 2310 5065 Ascendit,
2343 4995 2452 5050 diri
2481 4994 2664 5049 victor
2693 5010 2869 5065 super
2898 4992 3112 5048 mthera
3143 4991 3308 5059 Ietbi,

258 5084 529 5140 Suadens
560 5084 822 5157 exemplo
854 5083 977 5152 tali,
1014 5103 1138 5157 qua
1165 5091 1304 5141 sunt
1335 5087 1617 5157 facienda,
2014 5088 2169 5145 102
2199 5082 2492 5154 Obsequio
2522 5081 2698 5137 nubis
2729 5082 3158 5153 circumseptus
3191 5079 3509 5136 rutilantis.

258 5172 334 5229 Ut
362 5189 490 5228 mea
520 5171 771 5230 cmlestis
802 5173 965 5229 ﬁeret
995 5169 1256 5230 doctrina
1285 5174 1495 5245 fidelis,
2016 5172 2198 5245 Quem
2230 5188 2468 5230 sursum
2501 5170 2629 5226 ﬁxis
2661 5186 2795 5225 cum
2828 5170 3179 5242 respexisset
3209 5168 3411 5225 ocellis

259 5262 329 5318 Et
358 5278 429 5318 ne
459 5261 594 5335 quis
622 5261 776 5318 ﬁctis
813 5262 1052 5318 auderet
1081 5261 1272 5320 dicere
1300 5265 1511 5334 verbis,
2017 5265 2184 5323 Plebs
2216 5261 2439 5319 doctrix
2466 5260 2621 5327 ﬁdei,
2655 5258 2931 5315 claustris
2964 5259 3091 5314 coeli
3123 5257 3448 5331 patefactis,

258 5349 423 5418 Ecce,
450 5349 607 5421 quod
639 5350 765 5422 ipse
794 5349 915 5423 pati
947 5349 1186 5422 respuit,
1222 5367 1327 5408 nos
1356 5352 1503 5409 ferre
1535 5356 1743 5424 suasit,
2016 5356 2353 5426 Pergentem
2386 5365 2647 5416 sursum,
2680 5346 2907 5404 cunctis
2937 5345 3360 5403 famulantibus
3393 5347 3589 5414 astris,

259 5438 350 5505 Et,
382 5438 539 5512 quod
569 5455 686 5495 non
718 5438 873 5506 fecit,
909 5438 1206 5494 faciendos
1238 5458 1344 5496 nos
1374 5442 1495 5498 fore
1524 5443 1671 5499 dixit
1703 5463 1714 5499 :
2015 5445 2147 5501 Mox
2177 5441 2292 5495 duo
2325 5454 2532 5509 nempe
2562 5435 2690 5503 viri,
2726 5434 2956 5492 stcllato
2990 5434 3224 5491 cardine
3253 5433 3426 5507 lapsi,

261 5526 477 5598 Sponte
508 5527 670 5601 prior
698 5527 903 5584 mortis
935 5527 1099 5597 subii
1121 5527 1466 5586 discrimina
1496 5532 1703 5602 tristis,
2012 5529 2330 5588 Astiterant
2361 5524 2496 5592 illis,
2533 5524 2722 5579 induti
2754 5524 3012 5579 vestibus
3045 5523 3213 5591 albis,

260 5614 374 5687 Cep
406 5621 604 5687 pastor
633 5633 824 5685 verus,
860 5616 1051 5673 cordis
1084 5616 1340 5674 bonitate
1371 5619 1580 5690 fidelis,
2015 5622 2122 5692 Qui
2155 5616 2297 5676 satis
2328 5612 2607 5685 angelicis
2640 5612 2911 5670 dixerunt
2940 5610 3079 5670 talia
3106 5612 3299 5673 verbis
3335 5631 3346 5671 :
