4084 6190
334 313 488 378 1083
1117 315 1645 378 HROTSUITH/‘E
1689 315 2065 376 MONIALIS
2113 273 2928 380 GANDERSHEIMENSIS.
3576 316 3732 379 1084

331 452 536 520 Dicite,
569 467 764 524 posco,
784 449 914 520 viri,
937 467 1042 506 cur
1069 450 1368 521 suspicitis
1398 447 1638 513 Galilwi,
1999 449 2054 514 Α
2087 449 2154 503 Et
2182 464 2312 504 mea
2341 450 2412 504 de
2441 449 2584 506 coelo
2615 449 2777 505 solus
2803 451 3103 523 Sapientia
3132 461 3288 508 vera.

329 540 606 597 Vultibus
635 539 905 595 attonitis
928 542 1171 606 stantes,
1201 537 1503 610 oculisque
1531 537 1760 609 supinis
1780 538 1808 592 ‘?
2085 539 2154 591 At
2181 555 2336 593 nunc
2369 538 2428 592 in
2456 539 2660 594 dextra
2688 538 2872 594 victor
2901 539 3198 612 requiesce
3226 543 3470 612 paterna

331 629 432 684 Hic
463 632 616 684 certe
645 629 839 693 Jesus,
865 627 1030 683 vobis
1059 627 1432 691 mirantibus,
1465 643 1618 682 unus
2085 626 2378 694 Gaudens,
2413 644 2601 699 usque
2635 631 2764 683 tuos
2799 645 3010 699 ponam
3043 634 3288 684 cunctos
3318 627 3590 684 inimicos

328 719 702 788 Assumptus,
731 716 905 771 cmlos
936 715 1034 788 qui
1065 713 1425 770 transcendit
1456 731 1632 786 super
1659 715 1828 782 altos,
2083 715 2432 770 Sanctorum
2460 733 2562 788 per
2591 716 2762 771 saecla
2791 717 3005 788 pedum
3037 717 3142 772 tibi
3175 717 3284 774 rite
3312 715 3661 772 scabellum.

329 805 446 860 Hac
474 805 666 860 veniet
693 805 878 860 Judex
910 805 1098 858 forma
1127 819 1244 875 qua
1274 803 1463 875 pergit
1495 803 1567 858 ad
1600 804 1800 857 aethra.
2153 803 2470 876 Postquam
2503 809 2796 872 naturam,
2814 805 2942 876 jam
2975 805 3045 860 de
3070 806 3243 861 busto
3273 806 3612 873 redivivam,

399 892 562 948 Hunc
591 891 772 948 David
803 892 1098 948 Christum
1131 909 1373 946 cernens
1406 909 1582 964 super
1608 891 1790 946 ai'thra
1820 890 1970 946 leva-
2082 893 2431 958 Humanam,
2467 893 2612 948 solio
2645 893 2910 949 Christus
2942 893 3126 950 Patris
3157 893 3356 948 intulit
3384 893 3522 962 alto,

323 980 648 1037 Commovit
675 981 981 1046 citharam,
1007 981 1202 1035 divina
1233 979 1404 1035 laude
1437 979 1736 1051 repletam,
1797 977 1968 1051 [tua],
2081 980 2296 1034 Omnes
2327 979 2600 1052 angelicae
2631 978 2742 1035 sub
2775 981 2958 1036 missa
2985 997 3122 1036 voce
3153 985 3392 1036 caterva:

324 1071 454 1125 Haec
484 1074 541 1124 et
571 1069 774 1124 lietitia
802 1069 1056 1123 cantavit
1085 1085 1340 1140 congrue
1372 1085 1584 1140 magna
1617 1084 1629 1121 :
2082 1069 2426 1123 Laudabant
2457 1068 2670 1140 ipsum,
2703 1069 2825 1142 qui,
2861 1074 3209 1141 regnaturus
3237 1069 3292 1124 in
3326 1087 3534 1135 arvum,

323 1159 601 1213 Ascendit
632 1159 784 1212 Deus
813 1157 872 1211 in
896 1157 1086 1227 jubilo
1118 1174 1368 1228 magnus
1400 1175 1576 1229 super
1605 1162 1780 1222 astra,
2082 1158 2324 1212 Mortem
2356 1157 2567 1212 decivit
2597 1158 2872 1226 moriens,
2899 1160 3307 1232 mundumque
3339 1160 3603 1226 redemit,

325 1247 566 1303 Scandit
592 1246 769 1318 inque
799 1247 949 1301 tuba:
983 1245 1246 1302 Dominis
1277 1245 1546 1318 clangore
1576 1251 1813 1300 sacratze
2079 1245 2152 1300 Ut
2176 1262 2416 1316 regnare
2447 1263 2585 1301 suos
2619 1247 2830 1301 faceret
2859 1263 2960 1318 per
2989 1245 3204 1302 saecula
3231 1263 3447 1301 servos.

398 1335 534 1390 Post
563 1335 684 1390 hinc
716 1333 971 1390 intonuit
1001 1333 1144 1389 solio
1174 1351 1280 1388 vox
1313 1333 1496 1389 Patris
1528 1335 1599 1389 ab
1632 1332 1768 1403 alto,
1951 1405 1954 1408 g
2153 1334 2284 1389 Haec
2312 1334 2648 1406 quicunque
2679 1334 2853 1407 legat,
2880 1335 3180 1391 miseranti
3212 1339 3441 1408 pectore
3470 1336 3628 1391 dicat
3661 1354 3675 1390 :

325 1423 534 1480 Dicens
565 1424 634 1478 ad
669 1423 969 1495 proprium
1003 1421 1198 1478 divino
1232 1422 1448 1478 famine
1478 1423 1690 1478 Natum
1727 1439 1738 1476 :
2079 1424 2199 1478 Rex
2231 1423 2343 1494 pie,
2375 1423 2652 1478 Hrosvit-ze
2685 1441 2929 1496 parcens
2960 1423 3234 1480 miserere
3265 1423 3524 1492 misellae,

323 1514 410 1568 Tu
443 1527 610 1568 meus
641 1528 703 1567 es
735 1511 948 1567 cbarus
981 1514 1238 1583 percerte
1268 1509 1449 1566 Filius
1477 1527 1652 1578 unus,
2077 1513 2148 1567 Et
2175 1511 2263 1566 fac
2293 1510 2508 1568 divinis
2539 1511 2847 1584 persistere
2875 1505 3106 1568 ccclitus
3136 1512 3264 1568 odis

321 1602 563 1673 Semper
581 1601 714 1672 jure
746 1599 892 1654 mihi
921 1598 1020 1671 qui
1054 1598 1306 1654 multum
1341 1597 1768 1670 complacuisti.
2078 1601 2258 1668 Hanc,
2291 1617 2418 1672 qum
2449 1599 2739 1656 laudando
2771 1599 2981 1658 cecinit
3010 1605 3110 1656 tua
3139 1601 3294 1658 facta
3322 1603 3631 1675 stupenda.

321 1691 410 1747 Tu
441 1689 568 1746 sine
597 1687 906 1761 principio,
927 1687 1185 1745 Verbum
1218 1686 1403 1742 Patris
1435 1703 1666 1760 quoque
1705 1705 1929 1756 verum,

1301 2011 1459 2064 103
1505 2005 2066 2068 ARGUMENTUM
2111 2006 2188 2066 IN
2238 2005 2747 2068 GANGOLFUM.

1917 2173 2130 2186 _

387 2301 722 2373 Gangolfus,
743 2317 820 2373 ea:
837 2297 1015 2356 nobili
1037 2297 1510 2373 Burgundiorum
1532 2311 1773 2373 regnum
1791 2298 2018 2370 familia
2039 2299 2392 2373 elsanguine
2414 2305 2607 2366 natus,
2631 2307 2685 2353 et
2703 2297 2766 2373 in
2789 2299 3068 2373 religione
3089 2300 3420 2356 Christiana
3439 2302 3736 2372 initiatus,

316 2391 356 2432 a
382 2369 644 2444 paupere
664 2369 919 2445 quodam
949 2371 1165 2426 rustico
1194 2369 1512 2445 hortulum,
1533 2386 1666 2426 cum
1705 2369 1864 2445 fonte
1903 2369 2317 2445 amafnissimo,
2339 2379 2586 2445 emerat,
2617 2369 2782 2445 cujus
2805 2372 3197 2445 anirrnitate‘m
3231 2375 3545 2430 Hrosvitha
3591 2369 3730 2444 put;

314 2441 606 2503 cherrime
633 2441 923 2518 describit.
961 2447 1026 2499 In
1055 2447 1206 2518 hune
1233 2443 1553 2508 hortulum,
1581 2442 1870 2518 orationis
1883 2451 1938 2518 et
1963 2442 2346 2518 relaxationis
2375 2441 2559 2496 animi
2585 2441 2801 2518 gratia,
2831 2441 2970 2498 dum
3015 2444 3090 2498 ab
3133 2445 3318 2518 armis
3345 2455 3402 2501 et
3429 2441 3731 2518 republica

313 2525 576 2583 vacaret,
605 2515 808 2572 solitus
834 2523 960 2569 emt
983 2513 1314 2587 concedere,
1345 2529 1518 2584 quam
1549 2529 1675 2568 rem
1701 2514 2028 2584 familiares
2068 2515 2162 2570 sui
2179 2517 2550 2587 rvehementer
2575 2513 2840 2587 oderant.
2873 2519 3116 2587 Factum
3159 2516 3346 2586 igitur
3372 2513 3569 2584 esl,’ut
3593 2519 3730 2587 fons

316 2589 666 2656 examisset,
697 2587 1008 2658 quemille,
1039 2585 1240 2641 baculo
1267 2583 1325 2639 in
1356 2583 1580 2640 terram
1605 2583 1744 2658 ﬁmo,
1775 2602 1980 2642 rursus
2032 2586 2366 2657 largissima
2392 2601 2537 2640 vena
2565 2585 2844 2658 restituit,
2875 2586 2958 2640 ita
2987 2594 3052 2658 ut
3079 2583 3236 2642 illius
3281 2589 3440 2643 unda
3465 2583 3730 2647 omnium

314 2662 652 2718 morborum
668 2657 878 2726 pestes,
902 2657 1298 2729 haurientium
1317 2664 1373 2712 et
1397 2657 1712 2729 lavantium
1734 2659 1987 2728 fugaret.
2005 2657 2288 2729 Tandem,
2309 2671 2555 2712 uxorem
2579 2657 2812 2729 ducens,
2831 2673 2958 2729 qua:
2981 2657 3334 2714 incontinem
3357 2669 3412 2716 et
3431 2661 3730 2729 impudica

313 2732 539 2807 fuerat,
561 2732 623 2807 in
651 2745 960 2807 umoreque
984 2728 1300 2807 satellitum
1327 2740 1570 2807 suorum
1597 2728 1824 2807 eﬂ'remt
1846 2728 2084 2807 lioitlime
2105 2729 2490 2807 debaeetiatag
2519 2728 2670 2807 quod
2697 2743 2829 2807 cum
2855 2737 3054 2807 saneto
3081 2729 3234 2807 viro,
3251 2728 3728 2807 Gangolfo,_com-

312 2799 548 2874 bertam
572 2802 800 2874 fuisset,
833 2799 996 2874 illam
1025 2801 1096 2856 de
1125 2799 1538 2874 incontinentia
1562 2800 1868 2874 corripuit,
1901 2799 2006 2874 illa
2034 2815 2140 2874 per
2167 2801 2442 2874 satellites
2467 2799 2704 2874 insidias
2731 2801 3014 2874 Gungolfo
3035 2801 3278 2872 stmxit,
3303 2812 3358 2857 et
3378 2799 3600 2860 abillis
3629 2807 3730 2861 iu-

315 2869 616 2946 terfeetus,
647 2869 870 2946 spultus
898 2871 958 2928 in
983 2875 1125 2946 loco,
1155 2870 1260 2946 qui
1281 2869 1376 2946 Nil
1403 2874 1564 2946 terra
1593 2869 2154 2946 rlicitur,_miraeulis
2182 2871 2426 2928 elarens.
2454 2871 2620 2943 Quod
2637 2885 2770 2926 eum
2797 2869 3044 2946 relatum
3071 2874 3150 2928 ατ
3175 2869 3450 2946 Ganeam,
3477 2891 3729 2933 uxorem

313 2943 501 3016 suam,
531 2945 756 3016 fuisset,
789 2945 956 3014 fidem
985 2943 1286 3017 miraculis
1317 2943 1441 3012 ejus
1473 2943 1742 3017 derogat,
1767 2944 2166 3017 miraculaque
2191 2959 2306 2999 non
2349 2958 2535 3010 secus,
2565 2951 2628 2998 ut
2656 2944 2875 3017 ventris
2925 2945 3022 3000 sui
3065 2945 3372 3016 crepitum,
3401 2947 3728 3017 existimat,

315 3014 704 3092 Quamobrem
734 3017 794 3072 in
819 3031 998 3085 paenae
1025 3015 1330 3084 perﬁdiam
1357 3024 1555 3070 venter
1579 3014 1687 3086 illi,
1718 3015 1908 3086 quoad
1934 3014 2170 3086 viveret,
2197 3021 2476 3085 perpetuo
2503 3016 2793 3083 erepabat.

1461 3249 1884 3310 Pli/EFATIO
1925 3249 2007 3310 IN
2053 3247 2564 3311 GANGOLFUM.

315 3413 360 3468 Ο
391 3409 484 3484 pie
513 3407 836 3475 Lucisator,
869 3405 1073 3462 mundi
1107 3421 1419 3476 rerumque
1452 3405 1708 3473 Paratur,
1989 3409 2038 3474 B
2138 3409 2216 3462 Ut
2245 3407 2427 3462 ﬁxum
2458 3406 2627 3480 digiti
2657 3406 2760 3462 ﬁat
2787 3423 2934 3479 opus
2965 3407 3204 3480 proprii,

387 3497 494 3565 Qui
523 3493 735 3552 coelum
767 3493 962 3567 pingis
992 3493 1284 3550 sideribus
1311 3493 1510 3561 variis,
2071 3496 2161 3551 Tu
2191 3495 2434 3569 dignare
2463 3499 2574 3551 tua:
2605 3496 2954 3568 perfundere
2984 3498 3160 3553 corda
3187 3495 3454 3565 famellm,

317 3585 490 3644 Solus
519 3587 578 3640 et
603 3582 886 3657 astrigera
917 3598 1165 3656 regnans
1199 3581 1521 3638 dominaris
1551 3581 1610 3638 in
1642 3583 1777 3640 aula
2072 3584 2416 3654 Hrosvithze,
2451 3585 2700 3642 rorantis
2732 3585 2824 3657 pie
2858 3585 3138 3660 gratiolze,

389 3673 638 3732 Lumine
668 3675 880 3728 cuncta
907 3674 1134 3738 tenens,
1169 3669 1531 3744 imperioque
1562 3688 1787 3744 regens,
2073 3675 2230 3730 ’104
2257 3673 2524 3731 Carmine
2545 3691 2659 3746 quo
2680 3677 2912 3747 compto
2930 3673 3152 3731 valeam
3177 3675 3272 3748 pia
3291 3692 3544 3750 pangere
3567 3677 3726 3735 facta

315 3767 424 3834 Tu,
457 3761 558 3838 qui
590 3779 692 3836 per
720 3759 1022 3834 proprium
1045 3758 1232 3816 fecisti
1267 3759 1480 3817 saecula
1509 3761 1744 3829 Natum,
2141 3761 2339 3818 Sancti
2369 3762 2653 3835 Gangolﬁ,
2687 3762 2961 3836 martyris
2990 3763 3228 3838 egregii,

383 3855 454 3910 Et
483 3867 678 3910 rerum
709 3850 928 3907 trinam
958 3867 1027 3907 ex
1056 3848 1238 3905 nihilo
1268 3847 1626 3918 machinam,
2071 3851 2144 3908 Et
2171 3850 2411 3906 laudare
2440 3855 2610 3908 tuum
2641 3867 2872 3922 semper
2901 3868 3111 3908 nomen
3143 3852 3540 3922 benedictum,

312 3940 538 4014 Quique
567 3938 947 4014 protoplasto,
981 3939 1054 3996 de
1082 3942 1240 3994 terra
1268 3937 1374 3995 rite
1405 3942 1617 4006 creato,
2144 3939 2253 4007 Qui
2283 3943 2416 4012 post
2444 3939 2598 3996 bella
2626 3939 2744 3996 tuis
2774 3943 2940 4014 grata
2967 3939 3138 3997 dabis
3167 3940 3408 3997 famulis

382 4029 513 4088 Oris
543 4027 724 4086 divini
755 4032 987 4084 nectare
1016 4042 1228 4100 nempe
1258 4027 1343 4083 tui
2075 4028 2336 4098 Przemia,
2369 4028 2688 4101 perspicua:
2721 4028 2882 4085 tenui
2913 4046 3016 4102 pro
3047 4028 3285 4086 vulnere
3311 4031 3464 4099 vitaz,

312 4121 534 4177 Sensus
563 4115 801 4174 vitalem
832 4115 1086 4174 suﬁlasti
1116 4116 1264 4173 forte
1294 4114 1604 4189 liquorem,
2145 4118 2433 4174 Mandans
2463 4117 2526 4174 in
2554 4134 2732 4192 regno
2761 4117 2950 4174 vivere
2981 4117 3240 4176 luciﬂuo.

709 4362 969 4406 ΒΪΛ
1091 4362 1178 4406 (Ἰ
1223 4362 1266 4406 Δ
1316 4362 1733 4406 ἸιῘΙἸΓΙἸΙ
1857 4362 1956 4406 n
2007 4365 2047 4406 Δ
2092 4362 2521 4406 τιτι-πη·
2585 4362 2650 4406 “Ι’
2785 4363 2894 4406 Il
2953 4362 2994 4406 Δ
3041 4362 3714 4406 ΠηἸῖΤΙὶῐίΊ

317 4359 970 4518 PASSIO
1089 4359 1737 4498 SANC'I‘I
1853 4360 2650 4520 GANGOLI
2783 4358 3725 4502 MARTYHIS

311 4607 596 4678 Tempore
623 4619 738 4676 quo
770 4605 930 4678 regni
963 4605 1148 4678 gessit
1179 4604 1460 4676 Pippinus
1495 4603 1592 4659 Eoi
1999 4579 2044 4648 Ο
2075 4607 2367 4664 Germinis
2398 4612 2456 4663 et
2484 4605 2632 4662 tanti
2663 4623 2790 4663 sese
2817 4624 2932 4662 non
2966 4607 3152 4663 credit
3181 4608 3410 4677 honori,

385 4695 743 4752 Francorum
775 4697 1008 4766 sceptra
1037 4693 1198 4767 regia
1227 4710 1330 4765 pro
1361 4692 1601 4766 populo,
2140 4697 2254 4752 Sed
2285 4696 2500 4752 transit
2527 4699 2587 4751 et
2615 4694 2843 4752 meritis
2873 4700 3126 4752 stemma
3158 4697 3250 4752 sui
3280 4697 3532 4769 generis.

309 4784 570 4856 Jamque
599 4782 912 4856 magniﬁco
945 4781 1092 4837 rexit
1123 4780 1460 4855 Burgundia
1491 4798 1688 4855 regna,
2072 4785 2294 4858 Inclyta
2319 4800 2458 4840 nam
2489 4783 2762 4857 genitrix,
2785 4783 2890 4840 tali
2923 4785 3042 4840 tetu
3076 4783 3168 4856 pie
3196 4784 3356 4854 felix,

381 4872 689 4944 Subjectos
721 4871 902 4927 frenis
933 4872 1043 4926 rite
1074 4871 1366 4928 domando
1397 4870 1543 4938 suis,
2142 4875 2206 4929 In
2239 4871 2445 4928 mundi
2477 4871 2669 4928 lucem
2701 4871 2854 4928 fudit
2882 4876 2950 4928 ut
2970 4871 3123 4928 hanc
3152 4873 3440 4940 sobolem,

313 4963 596 5018 Famosus
619 4959 856 5032 juvenis
886 4957 1147 5015 nutritur
1166 4961 1436 5033 partibus
1465 4959 1602 5029 illis,
2069 4961 2246 5018 Ocius
2275 4960 2539 5018 abluitur
2563 4959 2775 5017 vetulis
2801 4961 3156 5032 baptismate
3185 4960 3396 5035 culpis,

379 5049 578 5106 Armis
603 5048 976 5122 prmvalibus,
1011 5065 1250 5120 corpore
1281 5049 1656 5120 conspicuus,
2139 5053 2295 5116 Quas
2326 5048 2718 5122 protoplastes
2749 5049 3054 5106 obtinuere
3086 5053 3306 5124 patres,

310 5140 559 5196 Nomine
589 5137 930 5210 Gangolfus,
965 5151 1198 5193 morum
1228 5137 1516 5222 probitate
1544 5142 1850 5208 venustus,
2069 5138 2416 5196 Chrismatis
2446 5142 2748 5211 unguento
2779 5137 2996 5210 scripto
3029 5137 3140 5195 sibi
3175 5139 3482 5212 fronteque
3525 5141 3720 5220 signo,

381 5227 674 5285 Omnibus
705 5227 802 5283 hic
826 5225 1022 5284 clarus
1050 5225 1277 5283 exstitit
1303 5230 1360 5282 et
1389 5225 1681 5298 placidus.
2138 5227 2374 5284 Aseitur
2402 5227 2560 5283 natis
2588 5226 2858 5283 Ecclesia:
2888 5226 3119 5296 nitidis,

311 5317 484 5372 Illum
514 5333 722 5389 nempe
755 5317 949 5372 ferunt
973 5319 1169 5388 ortum
1201 5314 1272 5370 de
1301 5314 1564 5388 germine
1587 5331 1814 5388 regum,
2071 5315 2336 5374 Pascitur
2363 5319 2420 5372 et
2449 5313 2634 5388 plena:
2665 5315 2800 5372 ﬁdei
2831 5331 2967 5371 mox
2997 5315 3270 5390 dogmate
3296 5317 3485 5386 trime,

381 5404 773 5478 Regalemque
803 5404 930 5478 suis
961 5403 1226 5462 moribus
1257 5401 1532 5477 egregiis.
2142 5405 2293 5462 Dum
2325 5404 2484 5477 vagit
2513 5418 2665 5461 cuna
2696 5419 2936 5477 corpore
2965 5404 3233 5463 lacteolo.

317 5493 506 5566 Ipsius
538 5510 570 5550 e
597 5493 802 5550 matris
830 5480 1054 5566 gremio
1089 5509 1222 5565 spes
1254 5493 1469 5565 pendet
1496 5491 1556 5548 in
1586 5492 1708 5562 illo,
2071 5497 2186 5552 Lac
2211 5493 2481 5567 quotiens
2511 5493 2686 5562 suxit,
2723 5493 2936 5550 totiens
2966 5494 3103 5550 ﬁdei
3135 5511 3305 5552 sacra
3335 5497 3615 5569 sumpsit,

384 5581 492 5649 Qui
525 5581 698 5638 verbo
727 5575 1230 5678 cuncta'cendidit
1261 5597 1329 5640 ex
1361 5579 1567 5650 nihilo,
2142 5585 2480 5656 Suspensus
2507 5581 2713 5639 matris
2741 5583 3024 5639 uberibus
3053 5585 3325 5656 geminis.
