  <div class='ocr_page' id='page_1' title='image "/cluster/home/n/w/nwhite01/storage/ocr_20150623/137/hvd.32044054759972/553.png"; bbox 0 0 4092 6190; ppageno 0'>
   <div class='ocr_carea' id='block_1_1' title="bbox 551 284 2130 362">
    <p class='ocr_par' dir='ltr' id='par_1_1' title="bbox 551 284 2130 358">
     <span class='ocr_line' id='line_1_1' title="bbox 551 284 2130 358; baseline -0.004 -3"><span class='ocrx_word' id='word_1_1' title='bbox 551 290 704 358; x_wconf 71' lang='grc' dir='ltr'><strong>1ῧ8¹1</strong></span> <span class='ocrx_word' id='word_1_2' title='bbox 1379 287 1854 350; x_wconf 70' lang='grc' dir='ltr'><strong>ΗΒΟΤΞΙῙῙΤΛΞ</strong></span> <span class='ocrx_word' id='word_1_3' title='bbox 1899 284 2130 348; x_wconf 70' lang='grc' dir='ltr'><strong>ΜΟΝῙΑ</strong></span> 
     </span>
    </p>
   </div>
   <div class='ocr_carea' id='block_1_2' title="bbox 2297 284 3847 362">
    <p class='ocr_par' dir='ltr' id='par_1_2' title="bbox 2325 289 3847 362">
     <span class='ocr_line' id='line_1_2' title="bbox 2325 289 3847 362; baseline 0.007 -12"><span class='ocrx_word' id='word_1_4' title='bbox 2325 289 3120 354; x_wconf 76' lang='lat' dir='ltr'><strong>GANDEBSHEIMENSIS</strong></span> <span class='ocrx_word' id='word_1_5' title='bbox 3738 298 3847 362; x_wconf 58' lang='grc' dir='ltr'><strong>1οη</strong></span> 
     </span>
    </p>
   </div>
   <div class='ocr_carea' id='block_1_3' title="bbox 549 421 1841 497">
    <p class='ocr_par' dir='ltr' id='par_1_3' title="bbox 549 421 1841 497">
     <span class='ocr_line' id='line_1_3' title="bbox 549 421 1841 497; baseline -0.007 -13"><span class='ocrx_word' id='word_1_6' title='bbox 549 427 709 486; x_wconf 87' lang='lat' dir='ltr'><strong>More</strong></span> <span class='ocrx_word' id='word_1_7' title='bbox 737 443 869 497; x_wconf 88' lang='lat' dir='ltr'><strong>suo,</strong></span> <span class='ocrx_word' id='word_1_8' title='bbox 898 425 1073 482; x_wconf 86' lang='lat' dir='ltr'><strong>ﬂores</strong></span> <span class='ocrx_word' id='word_1_9' title='bbox 1094 425 1244 480; x_wconf 91' lang='lat' dir='ltr'><strong>inter</strong></span> <span class='ocrx_word' id='word_1_10' title='bbox 1273 423 1418 479; x_wconf 97' lang='lat' dir='ltr'><strong>bene</strong></span> <span class='ocrx_word' id='word_1_11' title='bbox 1447 421 1841 476; x_wconf 85' lang='lat' dir='ltr'><strong>multicolorcs</strong></span> 
     </span>
    </p>
   </div>
   <div class='ocr_carea' id='block_1_4' title="bbox 621 507 1976 588">
    <p class='ocr_par' dir='ltr' id='par_1_4' title="bbox 621 507 1976 588">
     <span class='ocr_line' id='line_1_4' title="bbox 621 507 1976 588; baseline -0.006 -16"><span class='ocrx_word' id='word_1_12' title='bbox 621 516 968 588; x_wconf 87' lang='lat' dir='ltr'><strong>Perstrepet,</strong></span> <span class='ocrx_word' id='word_1_13' title='bbox 1003 512 1291 575; x_wconf 80' lang='lat' dir='ltr'><strong>undisono</strong></span> <span class='ocrx_word' id='word_1_14' title='bbox 1325 511 1565 566; x_wconf 78' lang='lat' dir='ltr'><strong>flumine</strong></span> <span class='ocrx_word' id='word_1_15' title='bbox 1599 525 1700 581; x_wconf 90' lang='lat' dir='ltr'><strong>per</strong></span> <span class='ocrx_word' id='word_1_16' title='bbox 1733 507 1976 571; x_wconf 85' lang='lat' dir='ltr'><strong>lubrica,</strong></span> 
     </span>
    </p>
   </div>
   <div class='ocr_carea' id='block_1_5' title="bbox 550 595 2024 678">
    <p class='ocr_par' dir='ltr' id='par_1_5' title="bbox 550 595 2024 678">
     <span class='ocr_line' id='line_1_5' title="bbox 550 595 2024 678; baseline -0.007 -16"><span class='ocrx_word' id='word_1_17' title='bbox 550 606 715 662; x_wconf 88' lang='lat' dir='ltr'><strong>Tunc</strong></span> <span class='ocrx_word' id='word_1_18' title='bbox 745 609 924 678; x_wconf 78' lang='lat' dir='ltr'><strong>patet,</strong></span> <span class='ocrx_word' id='word_1_19' title='bbox 956 603 1053 658; x_wconf 89' lang='lat' dir='ltr'><strong>ille</strong></span> <span class='ocrx_word' id='word_1_20' title='bbox 1079 599 1258 656; x_wconf 88' lang='lat' dir='ltr'><strong>lucris</strong></span> <span class='ocrx_word' id='word_1_21' title='bbox 1289 618 1416 655; x_wconf 81' lang='lat' dir='ltr'><strong>sese</strong></span> <span class='ocrx_word' id='word_1_22' title='bbox 1449 599 1774 654; x_wconf 86' lang='lat' dir='ltr'><strong>subtractat</strong></span> <span class='ocrx_word' id='word_1_23' title='bbox 1804 598 1876 654; x_wconf 91' lang='lat' dir='ltr'><strong>ab</strong></span> <span class='ocrx_word' id='word_1_24' title='bbox 1909 595 2024 651; x_wconf 83' lang='lat' dir='ltr'>illis</span> 
     </span>
    </p>
   </div>
   <div class='ocr_carea' id='block_1_6' title="bbox 621 687 1896 760">
    <p class='ocr_par' dir='ltr' id='par_1_6' title="bbox 621 687 1896 760">
     <span class='ocr_line' id='line_1_6' title="bbox 621 687 1896 760; baseline -0.008 -9"><span class='ocrx_word' id='word_1_25' title='bbox 621 695 922 760; x_wconf 73' lang='lat' dir='ltr'><strong>Rusticus,</strong></span> <span class='ocrx_word' id='word_1_26' title='bbox 957 690 1269 756; x_wconf 88' lang='lat' dir='ltr'><strong>ambobus,</strong></span> <span class='ocrx_word' id='word_1_27' title='bbox 1304 704 1396 744; x_wconf 89' lang='lat' dir='ltr'><strong>me</strong></span> <span class='ocrx_word' id='word_1_28' title='bbox 1429 705 1609 744; x_wconf 89' lang='lat' dir='ltr'><strong>vacuo</strong></span> <span class='ocrx_word' id='word_1_29' title='bbox 1644 687 1896 760; x_wconf 78' lang='lat' dir='ltr'><strong>penitus.</strong></span> 
     </span>
    </p>
   </div>
   <div class='ocr_carea' id='block_1_7' title="bbox 548 776 2198 856">
    <p class='ocr_par' dir='ltr' id='par_1_7' title="bbox 548 776 2198 856">
     <span class='ocr_line' id='line_1_7' title="bbox 548 776 2198 856; baseline -0.005 -17"><span class='ocrx_word' id='word_1_30' title='bbox 548 784 679 840; x_wconf 73' lang='lat' dir='ltr'><strong>Heec</strong></span> <span class='ocrx_word' id='word_1_31' title='bbox 709 786 1021 856; x_wconf 79' lang='lat' dir='ltr'><strong>postquam</strong></span> <span class='ocrx_word' id='word_1_32' title='bbox 1055 781 1362 845; x_wconf 79' lang='lat' dir='ltr'><strong>memorat,</strong></span> <span class='ocrx_word' id='word_1_33' title='bbox 1379 777 1598 833; x_wconf 84' lang='lat' dir='ltr'><strong>cursim</strong></span> <span class='ocrx_word' id='word_1_34' title='bbox 1621 776 1860 849; x_wconf 89' lang='lat' dir='ltr'><strong>quidam</strong></span> <span class='ocrx_word' id='word_1_35' title='bbox 1885 776 2198 844; x_wconf 80' lang='lat' dir='ltr'><strong>remeabat,</strong></span> 
     </span>
    </p>
   </div>
   <div class='ocr_carea' id='block_1_8' title="bbox 618 865 1688 938">
    <p class='ocr_par' dir='ltr' id='par_1_8' title="bbox 618 865 1688 938">
     <span class='ocr_line' id='line_1_8' title="bbox 618 865 1688 938; baseline -0.012 -6"><span class='ocrx_word' id='word_1_36' title='bbox 618 873 817 932; x_wconf 65' lang='lat' dir='ltr'><strong>Tanta</strong></span> <span class='ocrx_word' id='word_1_37' title='bbox 845 869 1112 926; x_wconf 89' lang='lat' dir='ltr'><strong>dimenso</strong></span> <span class='ocrx_word' id='word_1_38' title='bbox 1143 871 1316 938; x_wconf 89' lang='lat' dir='ltr'><strong>atque</strong></span> <span class='ocrx_word' id='word_1_39' title='bbox 1344 866 1446 921; x_wconf 74' lang='lat' dir='ltr'><strong>vim</strong></span> <span class='ocrx_word' id='word_1_40' title='bbox 1477 865 1688 938; x_wconf 86' lang='lat' dir='ltr'><strong>spatio,</strong></span> 
     </span>
    </p>
   </div>
   <div class='ocr_carea' id='block_1_9' title="bbox 545 954 2026 1034">
    <p class='ocr_par' dir='ltr' id='par_1_9' title="bbox 545 954 2026 1034">
     <span class='ocr_line' id='line_1_9' title="bbox 545 954 2026 1034; baseline -0.007 -16"><span class='ocrx_word' id='word_1_41' title='bbox 545 961 772 1034; x_wconf 90' lang='lat' dir='ltr'><strong>Oppido</strong></span> <span class='ocrx_word' id='word_1_42' title='bbox 805 958 1150 1032; x_wconf 68' lang='lat' dir='ltr'><strong>praedictum</strong></span> <span class='ocrx_word' id='word_1_43' title='bbox 1181 955 1376 1012; x_wconf 86' lang='lat' dir='ltr'><strong>lassus</strong></span> <span class='ocrx_word' id='word_1_44' title='bbox 1408 954 1669 1027; x_wconf 86' lang='lat' dir='ltr'><strong>pervenit</strong></span> <span class='ocrx_word' id='word_1_45' title='bbox 1699 954 1767 1009; x_wconf 87' lang='lat' dir='ltr'><strong>ad</strong></span> <span class='ocrx_word' id='word_1_46' title='bbox 1804 969 2026 1020; x_wconf 85' lang='lat' dir='ltr'><strong>arvum,</strong></span> 
     </span>
    </p>
   </div>
   <div class='ocr_carea' id='block_1_10' title="bbox 616 1041 1902 1117">
    <p class='ocr_par' dir='ltr' id='par_1_10' title="bbox 616 1041 1902 1117">
     <span class='ocr_line' id='line_1_10' title="bbox 616 1041 1902 1117; baseline -0.005 -13"><span class='ocrx_word' id='word_1_47' title='bbox 616 1053 740 1117; x_wconf 86' lang='lat' dir='ltr'><strong>Quo</strong></span> <span class='ocrx_word' id='word_1_48' title='bbox 771 1050 961 1104; x_wconf 84' lang='lat' dir='ltr'><strong>fuerat</strong></span> <span class='ocrx_word' id='word_1_49' title='bbox 990 1044 1227 1101; x_wconf 86' lang='lat' dir='ltr'><strong>domino</strong></span> <span class='ocrx_word' id='word_1_50' title='bbox 1257 1043 1492 1099; x_wconf 86' lang='lat' dir='ltr'><strong>vendita</strong></span> <span class='ocrx_word' id='word_1_51' title='bbox 1520 1043 1760 1114; x_wconf 85' lang='lat' dir='ltr'><strong>lympha</strong></span> <span class='ocrx_word' id='word_1_52' title='bbox 1787 1041 1902 1114; x_wconf 87' lang='lat' dir='ltr'><strong>pio.</strong></span> 
     </span>
    </p>
   </div>
   <div class='ocr_carea' id='block_1_11' title="bbox 546 1131 2111 1206">
    <p class='ocr_par' dir='ltr' id='par_1_11' title="bbox 546 1131 2111 1206">
     <span class='ocr_line' id='line_1_11' title="bbox 546 1131 2111 1206; baseline -0.007 -10"><span class='ocrx_word' id='word_1_53' title='bbox 546 1141 674 1197; x_wconf 87' lang='lat' dir='ltr'><strong>Non</strong></span> <span class='ocrx_word' id='word_1_54' title='bbox 696 1142 892 1193; x_wconf 82' lang='lat' dir='ltr'><strong>tamen</strong></span> <span class='ocrx_word' id='word_1_55' title='bbox 921 1133 1214 1206; x_wconf 82' lang='lat' dir='ltr'><strong>extemplo</strong></span> <span class='ocrx_word' id='word_1_56' title='bbox 1245 1133 1512 1204; x_wconf 80' lang='lat' dir='ltr'><strong>pedibus,</strong></span> <span class='ocrx_word' id='word_1_57' title='bbox 1547 1132 1812 1203; x_wconf 79' lang='lat' dir='ltr'><strong>quamvis</strong></span> <span class='ocrx_word' id='word_1_58' title='bbox 1841 1131 2111 1186; x_wconf 83' lang='lat' dir='ltr'><strong>curiosus</strong></span> 
     </span>
    </p>
   </div>
   <div class='ocr_carea' id='block_1_12' title="bbox 618 1220 1585 1299">
    <p class='ocr_par' dir='ltr' id='par_1_12' title="bbox 618 1220 1585 1299">
     <span class='ocr_line' id='line_1_12' title="bbox 618 1220 1585 1299; baseline -0.011 -15"><span class='ocrx_word' id='word_1_59' title='bbox 618 1226 825 1299; x_wconf 85' lang='lat' dir='ltr'><strong>Attigit</strong></span> <span class='ocrx_word' id='word_1_60' title='bbox 854 1223 1043 1280; x_wconf 82' lang='lat' dir='ltr'><strong>atrioli</strong></span> <span class='ocrx_word' id='word_1_61' title='bbox 1076 1220 1282 1276; x_wconf 84' lang='lat' dir='ltr'>limina</span> <span class='ocrx_word' id='word_1_62' title='bbox 1311 1220 1585 1292; x_wconf 78' lang='lat' dir='ltr'><strong>florigcri,</strong></span> 
     </span>
    </p>
   </div>
   <div class='ocr_carea' id='block_1_13' title="bbox 546 1307 1818 1388">
    <p class='ocr_par' dir='ltr' id='par_1_13' title="bbox 546 1307 1818 1388">
     <span class='ocr_line' id='line_1_13' title="bbox 546 1307 1818 1388; baseline -0.009 -16"><span class='ocrx_word' id='word_1_63' title='bbox 546 1315 814 1388; x_wconf 75' lang='lat' dir='ltr'><strong>Applicat</strong></span> <span class='ocrx_word' id='word_1_64' title='bbox 846 1311 1094 1384; x_wconf 82' lang='lat' dir='ltr'><strong>impexis</strong></span> <span class='ocrx_word' id='word_1_65' title='bbox 1114 1311 1287 1382; x_wconf 83' lang='lat' dir='ltr'><strong>juxta</strong></span> <span class='ocrx_word' id='word_1_66' title='bbox 1316 1308 1416 1364; x_wconf 90' lang='lat' dir='ltr'><strong>sed</strong></span> <span class='ocrx_word' id='word_1_67' title='bbox 1451 1309 1522 1362; x_wconf 88' lang='lat' dir='ltr'><strong>de</strong></span> <span class='ocrx_word' id='word_1_68' title='bbox 1553 1307 1818 1380; x_wconf 86' lang='lat' dir='ltr'><strong>paliuris,</strong></span> 
     </span>
    </p>
   </div>
   <div class='ocr_carea' id='block_1_14' title="bbox 618 1395 1826 1468">
    <p class='ocr_par' dir='ltr' id='par_1_14' title="bbox 618 1395 1826 1468">
     <span class='ocr_line' id='line_1_14' title="bbox 618 1395 1826 1468; baseline -0.009 -8"><span class='ocrx_word' id='word_1_69' title='bbox 618 1405 733 1460; x_wconf 89' lang='lat' dir='ltr'><strong>Nec</strong></span> <span class='ocrx_word' id='word_1_70' title='bbox 763 1418 879 1458; x_wconf 85' lang='lat' dir='ltr'><strong>non</strong></span> <span class='ocrx_word' id='word_1_71' title='bbox 907 1398 1156 1457; x_wconf 86' lang='lat' dir='ltr'><strong>hirsutis</strong></span> <span class='ocrx_word' id='word_1_72' title='bbox 1185 1396 1462 1468; x_wconf 87' lang='lat' dir='ltr'><strong>vepribus</strong></span> <span class='ocrx_word' id='word_1_73' title='bbox 1493 1401 1550 1452; x_wconf 93' lang='lat' dir='ltr'><strong>et</strong></span> <span class='ocrx_word' id='word_1_74' title='bbox 1571 1395 1826 1462; x_wconf 82' lang='lat' dir='ltr'><strong>tribulis,</strong></span> 
     </span>
    </p>
   </div>
   <div class='ocr_carea' id='block_1_15' title="bbox 547 1485 2082 1560">
    <p class='ocr_par' dir='ltr' id='par_1_15' title="bbox 547 1485 2082 1560">
     <span class='ocr_line' id='line_1_15' title="bbox 547 1485 2082 1560; baseline -0.008 -11"><span class='ocrx_word' id='word_1_75' title='bbox 547 1492 721 1560; x_wconf 82' lang='lat' dir='ltr'><strong>Queis</strong></span> <span class='ocrx_word' id='word_1_76' title='bbox 750 1489 864 1552; x_wconf 72' lang='lat' dir='ltr'><strong>fuit</strong></span> <span class='ocrx_word' id='word_1_77' title='bbox 892 1487 1183 1545; x_wconf 82' lang='lat' dir='ltr'><strong>incultum</strong></span> <span class='ocrx_word' id='word_1_78' title='bbox 1216 1485 1322 1541; x_wconf 87' lang='lat' dir='ltr'><strong>soli</strong></span> <span class='ocrx_word' id='word_1_79' title='bbox 1355 1489 1518 1542; x_wconf 85' lang='lat' dir='ltr'><strong>torus</strong></span> <span class='ocrx_word' id='word_1_80' title='bbox 1550 1485 1810 1557; x_wconf 89' lang='lat' dir='ltr'><strong>undique</strong></span> <span class='ocrx_word' id='word_1_81' title='bbox 1843 1489 2082 1550; x_wconf 89' lang='lat' dir='ltr'><strong>tectum,</strong></span> 
     </span>
    </p>
   </div>
   <div class='ocr_carea' id='block_1_16' title="bbox 616 1571 1743 1654">
    <p class='ocr_par' dir='ltr' id='par_1_16' title="bbox 616 1571 1743 1654">
     <span class='ocr_line' id='line_1_16' title="bbox 616 1571 1743 1654; baseline -0.011 -15"><span class='ocrx_word' id='word_1_82' title='bbox 616 1582 734 1639; x_wconf 76' lang='lat' dir='ltr'><strong>Nec</strong></span> <span class='ocrx_word' id='word_1_83' title='bbox 763 1579 994 1654; x_wconf 75' lang='lat' dir='ltr'><strong>spineta</strong></span> <span class='ocrx_word' id='word_1_84' title='bbox 1021 1575 1164 1650; x_wconf 84' lang='lat' dir='ltr'><strong>pede</strong></span> <span class='ocrx_word' id='word_1_85' title='bbox 1195 1571 1426 1630; x_wconf 80' lang='lat' dir='ltr'><strong>horruit</strong></span> <span class='ocrx_word' id='word_1_86' title='bbox 1454 1578 1743 1647; x_wconf 84' lang='lat' dir='ltr'><strong>appetere.</strong></span> 
     </span>
    </p>
   </div>
   <div class='ocr_carea' id='block_1_17' title="bbox 544 1660 2044 1743">
    <p class='ocr_par' dir='ltr' id='par_1_17' title="bbox 544 1660 2044 1743">
     <span class='ocr_line' id='line_1_17' title="bbox 544 1660 2044 1743; baseline -0.009 -15"><span class='ocrx_word' id='word_1_87' title='bbox 544 1673 793 1743; x_wconf 73' lang='lat' dir='ltr'><strong>Iungere</strong></span> <span class='ocrx_word' id='word_1_88' title='bbox 822 1663 1178 1741; x_wconf 75' lang='lat' dir='ltr'><strong>prmecriptis</strong></span> <span class='ocrx_word' id='word_1_89' title='bbox 1208 1660 1422 1718; x_wconf 79' lang='lat' dir='ltr'><strong>ardens</strong></span> <span class='ocrx_word' id='word_1_90' title='bbox 1453 1677 1559 1718; x_wconf 88' lang='lat' dir='ltr'><strong>sua</strong></span> <span class='ocrx_word' id='word_1_91' title='bbox 1587 1661 1815 1717; x_wconf 89' lang='lat' dir='ltr'><strong>lumina</strong></span> <span class='ocrx_word' id='word_1_92' title='bbox 1843 1661 2044 1732; x_wconf 88' lang='lat' dir='ltr'><strong>septis,</strong></span> 
     </span>
    </p>
   </div>
   <div class='ocr_carea' id='block_1_18' title="bbox 615 1749 1836 1826">
    <p class='ocr_par' dir='ltr' id='par_1_18' title="bbox 615 1749 1836 1826">
     <span class='ocr_line' id='line_1_18' title="bbox 615 1749 1836 1826; baseline -0.01 -10"><span class='ocrx_word' id='word_1_93' title='bbox 615 1759 692 1816; x_wconf 91' lang='lat' dir='ltr'><strong>Ut</strong></span> <span class='ocrx_word' id='word_1_94' title='bbox 719 1757 999 1814; x_wconf 75' lang='lat' dir='ltr'><strong>lustraret</strong></span> <span class='ocrx_word' id='word_1_95' title='bbox 1027 1770 1191 1826; x_wconf 75' lang='lat' dir='ltr'><strong>aqum</strong></span> <span class='ocrx_word' id='word_1_96' title='bbox 1225 1749 1587 1806; x_wconf 86' lang='lat' dir='ltr'><strong>amniculum</strong></span> <span class='ocrx_word' id='word_1_97' title='bbox 1619 1751 1836 1805; x_wconf 78' lang='lat' dir='ltr'><strong>vitrem.</strong></span> 
     </span>
    </p>
   </div>
   <div class='ocr_carea' id='block_1_19' title="bbox 546 1839 2000 1912">
    <p class='ocr_par' dir='ltr' id='par_1_19' title="bbox 546 1839 2000 1912">
     <span class='ocr_line' id='line_1_19' title="bbox 546 1839 2000 1912; baseline -0.008 -6"><span class='ocrx_word' id='word_1_98' title='bbox 546 1849 657 1906; x_wconf 88' lang='lat' dir='ltr'><strong>Sed</strong></span> <span class='ocrx_word' id='word_1_99' title='bbox 687 1851 885 1903; x_wconf 72' lang='lat' dir='ltr'><strong>tensa</strong></span> <span class='ocrx_word' id='word_1_100' title='bbox 917 1842 1173 1902; x_wconf 87' lang='lat' dir='ltr'><strong>admotis</strong></span> <span class='ocrx_word' id='word_1_101' title='bbox 1201 1841 1419 1895; x_wconf 82' lang='lat' dir='ltr'><strong>frustra</strong></span> <span class='ocrx_word' id='word_1_102' title='bbox 1451 1839 1750 1912; x_wconf 82' lang='lat' dir='ltr'><strong>prospexit</strong></span> <span class='ocrx_word' id='word_1_103' title='bbox 1779 1839 2000 1906; x_wconf 81' lang='lat' dir='ltr'><strong>ocellis,</strong></span> 
     </span>
    </p>
   </div>
   <div class='ocr_carea' id='block_1_20' title="bbox 617 1927 1993 2007">
    <p class='ocr_par' dir='ltr' id='par_1_20' title="bbox 617 1927 1993 2007">
     <span class='ocr_line' id='line_1_20' title="bbox 617 1927 1993 2007; baseline -0.009 -12"><span class='ocrx_word' id='word_1_104' title='bbox 617 1939 770 1995; x_wconf 79' lang='lat' dir='ltr'><strong>Fons</strong></span> <span class='ocrx_word' id='word_1_105' title='bbox 801 1933 938 2007; x_wconf 83' lang='lat' dir='ltr'><strong>quia</strong></span> <span class='ocrx_word' id='word_1_106' title='bbox 967 1929 1218 1987; x_wconf 86' lang='lat' dir='ltr'><strong>desierat</strong></span> <span class='ocrx_word' id='word_1_107' title='bbox 1247 1945 1489 2001; x_wconf 85' lang='lat' dir='ltr'><strong>prorsus</strong></span> <span class='ocrx_word' id='word_1_108' title='bbox 1519 1932 1575 1983; x_wconf 91' lang='lat' dir='ltr'><strong>et</strong></span> <span class='ocrx_word' id='word_1_109' title='bbox 1605 1927 1742 1982; x_wconf 88' lang='lat' dir='ltr'><strong>hinc</strong></span> <span class='ocrx_word' id='word_1_110' title='bbox 1773 1928 1993 1984; x_wconf 85' lang='lat' dir='ltr'><strong>aberat.</strong></span> 
     </span>
    </p>
   </div>
   <div class='ocr_carea' id='block_1_21' title="bbox 545 2017 1975 2094">
    <p class='ocr_par' dir='ltr' id='par_1_21' title="bbox 545 2017 1975 2094">
     <span class='ocr_line' id='line_1_21' title="bbox 545 2017 1975 2094; baseline -0.009 -11"><span class='ocrx_word' id='word_1_111' title='bbox 545 2029 711 2084; x_wconf 91' lang='lat' dir='ltr'><strong>Tunc</strong></span> <span class='ocrx_word' id='word_1_112' title='bbox 740 2039 802 2080; x_wconf 88' lang='lat' dir='ltr'><strong>se</strong></span> <span class='ocrx_word' id='word_1_113' title='bbox 826 2025 1139 2094; x_wconf 87' lang='lat' dir='ltr'><strong>juncturas</strong></span> <span class='ocrx_word' id='word_1_114' title='bbox 1169 2017 1434 2073; x_wconf 82' lang='lat' dir='ltr'><strong>volvebat</strong></span> <span class='ocrx_word' id='word_1_115' title='bbox 1463 2020 1656 2071; x_wconf 88' lang='lat' dir='ltr'><strong>mente</strong></span> <span class='ocrx_word' id='word_1_116' title='bbox 1689 2032 1792 2088; x_wconf 91' lang='lat' dir='ltr'><strong>per</strong></span> <span class='ocrx_word' id='word_1_117' title='bbox 1815 2018 1975 2071; x_wconf 89' lang='lat' dir='ltr'><strong>arcta</strong></span> 
     </span>
    </p>
   </div>
   <div class='ocr_carea' id='block_1_22' title="bbox 615 2104 1714 2182">
    <p class='ocr_par' dir='ltr' id='par_1_22' title="bbox 615 2104 1714 2182">
     <span class='ocr_line' id='line_1_22' title="bbox 615 2104 1714 2182; baseline -0.011 -13"><span class='ocrx_word' id='word_1_118' title='bbox 615 2112 780 2170; x_wconf 89' lang='lat' dir='ltr'><strong>Clare</strong></span> <span class='ocrx_word' id='word_1_119' title='bbox 811 2126 927 2167; x_wconf 88' lang='lat' dir='ltr'><strong>non</strong></span> <span class='ocrx_word' id='word_1_120' title='bbox 959 2121 1130 2182; x_wconf 86' lang='lat' dir='ltr'><strong>posse</strong></span> <span class='ocrx_word' id='word_1_121' title='bbox 1158 2122 1391 2162; x_wconf 89' lang='lat' dir='ltr'><strong>eernere</strong></span> <span class='ocrx_word' id='word_1_122' title='bbox 1423 2104 1714 2177; x_wconf 72' lang='lat' dir='ltr'><strong>sepiculm,</strong></span> 
     </span>
    </p>
   </div>
   <div class='ocr_carea' id='block_1_23' title="bbox 545 2194 1960 2272">
    <p class='ocr_par' dir='ltr' id='par_1_23' title="bbox 545 2194 1960 2272">
     <span class='ocr_line' id='line_1_23' title="bbox 545 2194 1960 2272; baseline -0.008 -11"><span class='ocrx_word' id='word_1_123' title='bbox 545 2206 626 2262; x_wconf 86' lang='lat' dir='ltr'><strong>Ac</strong></span> <span class='ocrx_word' id='word_1_124' title='bbox 657 2201 890 2258; x_wconf 86' lang='lat' dir='ltr'><strong>tractim</strong></span> <span class='ocrx_word' id='word_1_125' title='bbox 921 2197 1134 2272; x_wconf 85' lang='lat' dir='ltr'><strong>rigida,</strong></span> <span class='ocrx_word' id='word_1_126' title='bbox 1164 2212 1270 2252; x_wconf 89' lang='lat' dir='ltr'><strong>nec</strong></span> <span class='ocrx_word' id='word_1_127' title='bbox 1301 2211 1416 2250; x_wconf 92' lang='lat' dir='ltr'><strong>non</strong></span> <span class='ocrx_word' id='word_1_128' title='bbox 1442 2194 1658 2250; x_wconf 91' lang='lat' dir='ltr'><strong>cervice</strong></span> <span class='ocrx_word' id='word_1_129' title='bbox 1688 2195 1960 2268; x_wconf 89' lang='lat' dir='ltr'><strong>superba,</strong></span> 
     </span>
    </p>
   </div>
   <div class='ocr_carea' id='block_1_24' title="bbox 615 2282 1800 2362">
    <p class='ocr_par' dir='ltr' id='par_1_24' title="bbox 615 2282 1800 2362">
     <span class='ocr_line' id='line_1_24' title="bbox 615 2282 1800 2362; baseline -0.009 -14"><span class='ocrx_word' id='word_1_130' title='bbox 615 2291 918 2357; x_wconf 73' lang='lat' dir='ltr'><strong>Incensus,</strong></span> <span class='ocrx_word' id='word_1_131' title='bbox 947 2303 1190 2362; x_wconf 76' lang='lat' dir='ltr'><strong>gressus</strong></span> <span class='ocrx_word' id='word_1_132' title='bbox 1215 2284 1388 2341; x_wconf 82' lang='lat' dir='ltr'><strong>vertit</strong></span> <span class='ocrx_word' id='word_1_133' title='bbox 1413 2284 1475 2339; x_wconf 83' lang='lat' dir='ltr'><strong>in</strong></span> <span class='ocrx_word' id='word_1_134' title='bbox 1505 2282 1800 2350; x_wconf 83' lang='lat' dir='ltr'><strong>atriolum,</strong></span> 
     </span>
    </p>
   </div>
   <div class='ocr_carea' id='block_1_25' title="bbox 543 2371 1981 2455">
    <p class='ocr_par' dir='ltr' id='par_1_25' title="bbox 543 2371 1981 2455">
     <span class='ocr_line' id='line_1_25' title="bbox 543 2371 1981 2455; baseline -0.008 -17"><span class='ocrx_word' id='word_1_135' title='bbox 543 2383 800 2455; x_wconf 76' lang='lat' dir='ltr'><strong>Sparsas</strong></span> <span class='ocrx_word' id='word_1_136' title='bbox 827 2377 940 2434; x_wconf 74' lang='lat' dir='ltr'><strong>mh</strong></span> <span class='ocrx_word' id='word_1_137' title='bbox 969 2374 1126 2432; x_wconf 79' lang='lat' dir='ltr'><strong>foliis</strong></span> <span class='ocrx_word' id='word_1_138' title='bbox 1151 2373 1310 2447; x_wconf 75' lang='lat' dir='ltr'><strong>quod</strong></span> <span class='ocrx_word' id='word_1_139' title='bbox 1333 2373 1479 2429; x_wconf 75' lang='lat' dir='ltr'><strong>forte</strong></span> <span class='ocrx_word' id='word_1_140' title='bbox 1505 2371 1708 2428; x_wconf 83' lang='lat' dir='ltr'><strong>lateret</strong></span> <span class='ocrx_word' id='word_1_141' title='bbox 1735 2371 1981 2428; x_wconf 83' lang='lat' dir='ltr'><strong>amoenis</strong></span> 
     </span>
    </p>
   </div>
   <div class='ocr_carea' id='block_1_26' title="bbox 615 2459 1924 2527">
    <p class='ocr_par' dir='ltr' id='par_1_26' title="bbox 615 2459 1924 2527">
     <span class='ocr_line' id='line_1_26' title="bbox 615 2459 1924 2527; baseline -0.009 -1"><span class='ocrx_word' id='word_1_142' title='bbox 615 2467 852 2527; x_wconf 83' lang='lat' dir='ltr'><strong>Florum</strong></span> <span class='ocrx_word' id='word_1_143' title='bbox 884 2461 1253 2522; x_wconf 83' lang='lat' dir='ltr'><strong>multimodis</strong></span> <span class='ocrx_word' id='word_1_144' title='bbox 1283 2460 1508 2517; x_wconf 89' lang='lat' dir='ltr'><strong>undula</strong></span> <span class='ocrx_word' id='word_1_145' title='bbox 1537 2464 1691 2517; x_wconf 81' lang='lat' dir='ltr'><strong>tecta</strong></span> <span class='ocrx_word' id='word_1_146' title='bbox 1719 2459 1924 2516; x_wconf 89' lang='lat' dir='ltr'><strong>comis.</strong></span> 
     </span>
    </p>
   </div>
   <div class='ocr_carea' id='block_1_27' title="bbox 545 2548 2198 2630">
    <p class='ocr_par' dir='ltr' id='par_1_27' title="bbox 545 2548 2198 2630">
     <span class='ocr_line' id='line_1_27' title="bbox 545 2548 2198 2630; baseline -0.007 -15"><span class='ocrx_word' id='word_1_147' title='bbox 545 2560 809 2630; x_wconf 82' lang='lat' dir='ltr'><strong>Cumque</strong></span> <span class='ocrx_word' id='word_1_148' title='bbox 836 2553 1032 2612; x_wconf 68' lang='lat' dir='ltr'><strong>locum</strong></span> <span class='ocrx_word' id='word_1_149' title='bbox 1057 2555 1297 2624; x_wconf 82' lang='lat' dir='ltr'><strong>peteret,</strong></span> <span class='ocrx_word' id='word_1_150' title='bbox 1329 2549 1697 2623; x_wconf 80' lang='lat' dir='ltr'><strong>fundumque</strong></span> <span class='ocrx_word' id='word_1_151' title='bbox 1725 2548 1822 2605; x_wconf 86' lang='lat' dir='ltr'><strong>siti</strong></span> <span class='ocrx_word' id='word_1_152' title='bbox 1861 2549 2198 2622; x_wconf 87' lang='lat' dir='ltr'><strong>reprobarct</strong></span> 
     </span>
    </p>
   </div>
   <div class='ocr_carea' id='block_1_28' title="bbox 611 2635 1856 2717">
    <p class='ocr_par' dir='ltr' id='par_1_28' title="bbox 611 2635 1856 2717">
     <span class='ocr_line' id='line_1_28' title="bbox 611 2635 1856 2717; baseline -0.009 -14"><span class='ocrx_word' id='word_1_153' title='bbox 611 2645 722 2715; x_wconf 76' lang='lat' dir='ltr'><strong>Qui</strong></span> <span class='ocrx_word' id='word_1_154' title='bbox 753 2641 1058 2717; x_wconf 80' lang='lat' dir='ltr'><strong>quondam</strong></span> <span class='ocrx_word' id='word_1_155' title='bbox 1081 2637 1292 2698; x_wconf 79' lang='lat' dir='ltr'><strong>validis</strong></span> <span class='ocrx_word' id='word_1_156' title='bbox 1319 2636 1636 2694; x_wconf 79' lang='lat' dir='ltr'><strong>luxuriavit</strong></span> <span class='ocrx_word' id='word_1_157' title='bbox 1665 2635 1856 2710; x_wconf 84' lang='lat' dir='ltr'><strong>aquis,</strong></span> 
     </span>
    </p>
   </div>
   <div class='ocr_carea' id='block_1_29' title="bbox 543 2726 2125 2810">
    <p class='ocr_par' dir='ltr' id='par_1_29' title="bbox 543 2726 2125 2810">
     <span class='ocr_line' id='line_1_29' title="bbox 543 2726 2125 2810; baseline -0.008 -17"><span class='ocrx_word' id='word_1_158' title='bbox 543 2737 740 2810; x_wconf 87' lang='lat' dir='ltr'><strong>Usque</strong></span> <span class='ocrx_word' id='word_1_159' title='bbox 770 2732 962 2790; x_wconf 83' lang='lat' dir='ltr'><strong>solum</strong></span> <span class='ocrx_word' id='word_1_160' title='bbox 991 2732 1234 2796; x_wconf 81' lang='lat' dir='ltr'><strong>stratus,</strong></span> <span class='ocrx_word' id='word_1_161' title='bbox 1263 2743 1447 2783; x_wconf 81' lang='lat' dir='ltr'><strong>vacua</strong></span> <span class='ocrx_word' id='word_1_162' title='bbox 1475 2741 1578 2800; x_wconf 87' lang='lat' dir='ltr'><strong>spe</strong></span> <span class='ocrx_word' id='word_1_163' title='bbox 1609 2742 1724 2783; x_wconf 89' lang='lat' dir='ltr'><strong>non</strong></span> <span class='ocrx_word' id='word_1_164' title='bbox 1759 2726 1904 2782; x_wconf 88' lang='lat' dir='ltr'><strong>bene</strong></span> <span class='ocrx_word' id='word_1_165' title='bbox 1935 2726 2125 2794; x_wconf 90' lang='lat' dir='ltr'><strong>lusus,</strong></span> 
     </span>
    </p>
   </div>
   <div class='ocr_carea' id='block_1_30' title="bbox 615 2813 1741 2896">
    <p class='ocr_par' dir='ltr' id='par_1_30' title="bbox 615 2813 1741 2896">
     <span class='ocr_line' id='line_1_30' title="bbox 615 2813 1741 2896; baseline -0.011 -15"><span class='ocrx_word' id='word_1_166' title='bbox 615 2821 803 2896; x_wconf 72' lang='lat' dir='ltr'><strong>Cmpit</strong></span> <span class='ocrx_word' id='word_1_167' title='bbox 832 2832 1077 2877; x_wconf 71' lang='lat' dir='ltr'><strong>arenosa</strong></span> <span class='ocrx_word' id='word_1_168' title='bbox 1104 2817 1324 2888; x_wconf 83' lang='lat' dir='ltr'><strong>lingere</strong></span> <span class='ocrx_word' id='word_1_169' title='bbox 1355 2830 1564 2887; x_wconf 88' lang='lat' dir='ltr'><strong>nempe</strong></span> <span class='ocrx_word' id='word_1_170' title='bbox 1596 2813 1741 2882; x_wconf 88' lang='lat' dir='ltr'><strong>loca,</strong></span> 
     </span>
    </p>
   </div>
   <div class='ocr_carea' id='block_1_31' title="bbox 545 2903 1980 2982">
    <p class='ocr_par' dir='ltr' id='par_1_31' title="bbox 545 2903 1980 2982">
     <span class='ocr_line' id='line_1_31' title="bbox 545 2903 1980 2982; baseline -0.01 -11"><span class='ocrx_word' id='word_1_171' title='bbox 545 2915 807 2972; x_wconf 87' lang='lat' dir='ltr'><strong>Tentans</strong></span> <span class='ocrx_word' id='word_1_172' title='bbox 835 2909 1106 2982; x_wconf 80' lang='lat' dir='ltr'><strong>exiguam</strong></span> <span class='ocrx_word' id='word_1_173' title='bbox 1139 2908 1336 2978; x_wconf 88' lang='lat' dir='ltr'><strong>posset</strong></span> <span class='ocrx_word' id='word_1_174' title='bbox 1365 2903 1412 2960; x_wconf 89' lang='lat' dir='ltr'><strong>si</strong></span> <span class='ocrx_word' id='word_1_175' title='bbox 1444 2903 1702 2959; x_wconf 83' lang='lat' dir='ltr'><strong>lambere</strong></span> <span class='ocrx_word' id='word_1_176' title='bbox 1731 2905 1980 2976; x_wconf 81' lang='lat' dir='ltr'><strong>guttam,</strong></span> 
     </span>
    </p>
   </div>
   <div class='ocr_carea' id='block_1_32' title="bbox 617 2990 1973 3070">
    <p class='ocr_par' dir='ltr' id='par_1_32' title="bbox 617 2990 1973 3070">
     <span class='ocr_line' id='line_1_32' title="bbox 617 2990 1973 3070; baseline -0.011 -11"><span class='ocrx_word' id='word_1_177' title='bbox 617 3001 730 3059; x_wconf 88' lang='lat' dir='ltr'><strong>Sed</strong></span> <span class='ocrx_word' id='word_1_178' title='bbox 762 3015 868 3056; x_wconf 89' lang='lat' dir='ltr'><strong>nec</strong></span> <span class='ocrx_word' id='word_1_179' title='bbox 896 2995 1231 3070; x_wconf 67' lang='lat' dir='ltr'><strong>praesicoam</strong></span> <span class='ocrx_word' id='word_1_180' title='bbox 1263 2993 1514 3049; x_wconf 81' lang='lat' dir='ltr'><strong>tinxerat</strong></span> <span class='ocrx_word' id='word_1_181' title='bbox 1541 2991 1679 3050; x_wconf 81' lang='lat' dir='ltr'><strong>hinc</strong></span> <span class='ocrx_word' id='word_1_182' title='bbox 1709 2990 1973 3064; x_wconf 82' lang='lat' dir='ltr'><strong>ligulam.</strong></span> 
     </span>
    </p>
   </div>
   <div class='ocr_carea' id='block_1_33' title="bbox 552 3079 2108 3155">
    <p class='ocr_par' dir='ltr' id='par_1_33' title="bbox 552 3079 2108 3155">
     <span class='ocr_line' id='line_1_33' title="bbox 552 3079 2108 3155; baseline -0.01 -6"><span class='ocrx_word' id='word_1_183' title='bbox 552 3093 706 3149; x_wconf 73' lang='lat'><strong>109</strong></span> <span class='ocrx_word' id='word_1_184' title='bbox 738 3088 996 3146; x_wconf 89' lang='lat' dir='ltr'><strong>Tandem</strong></span> <span class='ocrx_word' id='word_1_185' title='bbox 1030 3081 1354 3155; x_wconf 84' lang='lat' dir='ltr'><strong>Gangolphi</strong></span> <span class='ocrx_word' id='word_1_186' title='bbox 1390 3080 1574 3138; x_wconf 86' lang='lat' dir='ltr'><strong>sensit</strong></span> <span class='ocrx_word' id='word_1_187' title='bbox 1605 3081 1701 3153; x_wconf 86' lang='lat' dir='ltr'><strong>pia</strong></span> <span class='ocrx_word' id='word_1_188' title='bbox 1731 3081 1884 3136; x_wconf 87' lang='lat' dir='ltr'><strong>facta</strong></span> <span class='ocrx_word' id='word_1_189' title='bbox 1913 3079 2108 3135; x_wconf 87' lang='lat' dir='ltr'><strong>sacelli</strong></span> 
     </span>
    </p>
   </div>
   <div class='ocr_carea' id='block_1_34' title="bbox 617 3169 1856 3242">
    <p class='ocr_par' dir='ltr' id='par_1_34' title="bbox 617 3169 1856 3242">
     <span class='ocr_line' id='line_1_34' title="bbox 617 3169 1856 3242; baseline -0.01 -6"><span class='ocrx_word' id='word_1_190' title='bbox 617 3179 730 3236; x_wconf 89' lang='lat' dir='ltr'><strong>Sed</strong></span> <span class='ocrx_word' id='word_1_191' title='bbox 753 3176 910 3233; x_wconf 87' lang='lat' dir='ltr'><strong>dolet</strong></span> <span class='ocrx_word' id='word_1_192' title='bbox 937 3178 996 3230; x_wconf 89' lang='lat' dir='ltr'><strong>et</strong></span> <span class='ocrx_word' id='word_1_193' title='bbox 1022 3171 1248 3228; x_wconf 89' lang='lat' dir='ltr'><strong>meritis</strong></span> <span class='ocrx_word' id='word_1_194' title='bbox 1277 3170 1509 3226; x_wconf 89' lang='lat' dir='ltr'><strong>credere</strong></span> <span class='ocrx_word' id='word_1_195' title='bbox 1541 3169 1693 3225; x_wconf 89' lang='lat' dir='ltr'><strong>nolle</strong></span> <span class='ocrx_word' id='word_1_196' title='bbox 1723 3169 1856 3242; x_wconf 90' lang='lat' dir='ltr'><strong>piis.</strong></span> 
     </span>
    </p>
   </div>
   <div class='ocr_carea' id='block_1_35' title="bbox 549 3258 2088 3339">
    <p class='ocr_par' dir='ltr' id='par_1_35' title="bbox 549 3258 2088 3339">
     <span class='ocr_line' id='line_1_35' title="bbox 549 3258 2088 3339; baseline -0.008 -14"><span class='ocrx_word' id='word_1_197' title='bbox 549 3269 693 3326; x_wconf 87' lang='lat' dir='ltr'><strong>lliuc</strong></span> <span class='ocrx_word' id='word_1_198' title='bbox 722 3269 1033 3339; x_wconf 87' lang='lat' dir='ltr'><strong>postquam</strong></span> <span class='ocrx_word' id='word_1_199' title='bbox 1066 3261 1256 3330; x_wconf 89' lang='lat' dir='ltr'><strong>rediit,</strong></span> <span class='ocrx_word' id='word_1_200' title='bbox 1289 3259 1480 3315; x_wconf 90' lang='lat' dir='ltr'><strong>socios</strong></span> <span class='ocrx_word' id='word_1_201' title='bbox 1509 3259 1839 3330; x_wconf 89' lang='lat' dir='ltr'><strong>iterumque</strong></span> <span class='ocrx_word' id='word_1_202' title='bbox 1871 3258 2088 3324; x_wconf 89' lang='lat' dir='ltr'><strong>revisit,</strong></span> 
     </span>
    </p>
   </div>
   <div class='ocr_carea' id='block_1_36' title="bbox 615 3349 1724 3430">
    <p class='ocr_par' dir='ltr' id='par_1_36' title="bbox 615 3349 1724 3430">
     <span class='ocr_line' id='line_1_36' title="bbox 615 3349 1724 3430; baseline -0.012 -16"><span class='ocrx_word' id='word_1_203' title='bbox 615 3355 856 3430; x_wconf 78' lang='lat' dir='ltr'><strong>Aspexit</strong></span> <span class='ocrx_word' id='word_1_204' title='bbox 883 3353 1124 3420; x_wconf 90' lang='lat' dir='ltr'><strong>nubem,</strong></span> <span class='ocrx_word' id='word_1_205' title='bbox 1158 3365 1290 3405; x_wconf 90' lang='lat' dir='ltr'><strong>aere</strong></span> <span class='ocrx_word' id='word_1_206' title='bbox 1320 3349 1724 3420; x_wconf 88' lang='lat' dir='ltr'><strong>conspicuam,</strong></span> 
     </span>
    </p>
   </div>
   <div class='ocr_carea' id='block_1_37' title="bbox 548 3436 1905 3512">
    <p class='ocr_par' dir='ltr' id='par_1_37' title="bbox 548 3436 1905 3512">
     <span class='ocr_line' id='line_1_37' title="bbox 548 3436 1905 3512; baseline -0.01 -8"><span class='ocrx_word' id='word_1_207' title='bbox 548 3449 724 3505; x_wconf 81' lang='lat' dir='ltr'><strong>Juxta</strong></span> <span class='ocrx_word' id='word_1_208' title='bbox 752 3442 922 3500; x_wconf 83' lang='lat' dir='ltr'><strong>dulce</strong></span> <span class='ocrx_word' id='word_1_209' title='bbox 949 3444 1126 3512; x_wconf 88' lang='lat' dir='ltr'><strong>caput</strong></span> <span class='ocrx_word' id='word_1_210' title='bbox 1154 3436 1369 3492; x_wconf 87' lang='lat' dir='ltr'><strong>Christi</strong></span> <span class='ocrx_word' id='word_1_211' title='bbox 1396 3436 1635 3492; x_wconf 80' lang='lat' dir='ltr'><strong>volitare</strong></span> <span class='ocrx_word' id='word_1_212' title='bbox 1665 3436 1905 3504; x_wconf 87' lang='lat' dir='ltr'><strong>famelli,</strong></span> 
     </span>
    </p>
   </div>
   <div class='ocr_carea' id='block_1_38' title="bbox 620 3524 1694 3598">
    <p class='ocr_par' dir='ltr' id='par_1_38' title="bbox 620 3524 1694 3598">
     <span class='ocr_line' id='line_1_38' title="bbox 620 3524 1694 3598; baseline -0.008 -7"><span class='ocrx_word' id='word_1_213' title='bbox 620 3535 814 3591; x_wconf 70' lang='lat' dir='ltr'><strong>Instat</strong></span> <span class='ocrx_word' id='word_1_214' title='bbox 842 3527 1139 3586; x_wconf 83' lang='lat' dir='ltr'><strong>candiduli</strong></span> <span class='ocrx_word' id='word_1_215' title='bbox 1173 3527 1425 3598; x_wconf 82' lang='lat' dir='ltr'><strong>denique</strong></span> <span class='ocrx_word' id='word_1_216' title='bbox 1455 3524 1694 3598; x_wconf 89' lang='lat' dir='ltr'><strong>pallioli.</strong></span> 
     </span>
    </p>
   </div>
   <div class='ocr_carea' id='block_1_39' title="bbox 549 3615 2026 3693">
    <p class='ocr_par' dir='ltr' id='par_1_39' title="bbox 549 3615 2026 3693">
     <span class='ocr_line' id='line_1_39' title="bbox 549 3615 2026 3693; baseline -0.009 -11"><span class='ocrx_word' id='word_1_217' title='bbox 549 3626 709 3682; x_wconf 90' lang='lat' dir='ltr'><strong>llanc</strong></span> <span class='ocrx_word' id='word_1_218' title='bbox 737 3619 972 3693; x_wconf 79' lang='lat' dir='ltr'><strong>capiens</strong></span> <span class='ocrx_word' id='word_1_219' title='bbox 1003 3616 1210 3683; x_wconf 81' lang='lat' dir='ltr'><strong>oculis,</strong></span> <span class='ocrx_word' id='word_1_220' title='bbox 1243 3615 1417 3688; x_wconf 74' lang='lat' dir='ltr'><strong>erepit</strong></span> <span class='ocrx_word' id='word_1_221' title='bbox 1446 3615 1783 3686; x_wconf 89' lang='lat' dir='ltr'><strong>depromere</strong></span> <span class='ocrx_word' id='word_1_222' title='bbox 1808 3615 2026 3670; x_wconf 87' lang='lat' dir='ltr'><strong>verbis.</strong></span> 
     </span>
    </p>
   </div>
   <div class='ocr_carea' id='block_1_40' title="bbox 621 3703 1949 3778">
    <p class='ocr_par' dir='ltr' id='par_1_40' title="bbox 621 3703 1949 3778">
     <span class='ocr_line' id='line_1_40' title="bbox 621 3703 1949 3778; baseline -0.008 -8"><span class='ocrx_word' id='word_1_223' title='bbox 621 3711 824 3770; x_wconf 87' lang='lat' dir='ltr'><strong>Fontis</strong></span> <span class='ocrx_word' id='word_1_224' title='bbox 852 3707 1168 3772; x_wconf 87' lang='lat' dir='ltr'><strong>defectum,</strong></span> <span class='ocrx_word' id='word_1_225' title='bbox 1202 3721 1375 3778; x_wconf 89' lang='lat' dir='ltr'><strong>quem</strong></span> <span class='ocrx_word' id='word_1_226' title='bbox 1407 3703 1633 3771; x_wconf 89' lang='lat' dir='ltr'><strong>didicit,</strong></span> <span class='ocrx_word' id='word_1_227' title='bbox 1666 3704 1949 3772; x_wconf 89' lang='lat' dir='ltr'><strong>subitum,</strong></span> 
     </span>
    </p>
   </div>
   <div class='ocr_carea' id='block_1_41' title="bbox 549 3793 1986 3865">
    <p class='ocr_par' dir='ltr' id='par_1_41' title="bbox 549 3793 1986 3865">
     <span class='ocr_line' id='line_1_41' title="bbox 549 3793 1986 3865; baseline -0.008 -5"><span class='ocrx_word' id='word_1_228' title='bbox 549 3803 826 3861; x_wconf 86' lang='lat' dir='ltr'><strong>Suaserat</strong></span> <span class='ocrx_word' id='word_1_229' title='bbox 853 3801 913 3854; x_wconf 88' lang='lat' dir='ltr'><strong>et</strong></span> <span class='ocrx_word' id='word_1_230' title='bbox 940 3795 1139 3861; x_wconf 89' lang='lat' dir='ltr'><strong>sociis,</strong></span> <span class='ocrx_word' id='word_1_231' title='bbox 1172 3793 1420 3850; x_wconf 88' lang='lat' dir='ltr'><strong>dubium</strong></span> <span class='ocrx_word' id='word_1_232' title='bbox 1452 3793 1740 3865; x_wconf 86' lang='lat' dir='ltr'><strong>deponere</strong></span> <span class='ocrx_word' id='word_1_233' title='bbox 1769 3793 1986 3859; x_wconf 90' lang='lat' dir='ltr'><strong>cordis,</strong></span> 
     </span>
    </p>
   </div>
   <div class='ocr_carea' id='block_1_42' title="bbox 619 3873 1792 3956">
    <p class='ocr_par' dir='ltr' id='par_1_42' title="bbox 619 3873 1792 3956">
     <span class='ocr_line' id='line_1_42' title="bbox 619 3873 1792 3956; baseline -0.011 -8"><span class='ocrx_word' id='word_1_234' title='bbox 619 3892 692 3948; x_wconf 88' lang='lat' dir='ltr'><strong>Et</strong></span> <span class='ocrx_word' id='word_1_235' title='bbox 721 3886 948 3945; x_wconf 82' lang='lat' dir='ltr'><strong>meritis</strong></span> <span class='ocrx_word' id='word_1_236' title='bbox 977 3873 1167 3942; x_wconf 83' lang='lat' dir='ltr'><strong>sancti</strong></span> <span class='ocrx_word' id='word_1_237' title='bbox 1189 3883 1318 3956; x_wconf 89' lang='lat' dir='ltr'><strong>jam</strong></span> <span class='ocrx_word' id='word_1_238' title='bbox 1349 3880 1620 3945; x_wconf 86' lang='lat' dir='ltr'><strong>credulos</strong></span> <span class='ocrx_word' id='word_1_239' title='bbox 1647 3881 1792 3935; x_wconf 81' lang='lat' dir='ltr'><strong>ﬁeri.</strong></span> 
     </span>
    </p>
   </div>
   <div class='ocr_carea' id='block_1_43' title="bbox 549 3969 2038 4048">
    <p class='ocr_par' dir='ltr' id='par_1_43' title="bbox 549 3969 2038 4048">
     <span class='ocr_line' id='line_1_43' title="bbox 549 3969 2038 4048; baseline -0.007 -10"><span class='ocrx_word' id='word_1_240' title='bbox 549 3979 717 4039; x_wconf 87' lang='lat' dir='ltr'><strong>Talia</strong></span> <span class='ocrx_word' id='word_1_241' title='bbox 745 3974 1054 4048; x_wconf 88' lang='lat' dir='ltr'><strong>colloquiis</strong></span> <span class='ocrx_word' id='word_1_242' title='bbox 1083 3973 1224 4030; x_wconf 89' lang='lat' dir='ltr'><strong>dum</strong></span> <span class='ocrx_word' id='word_1_243' title='bbox 1253 3971 1431 4027; x_wconf 88' lang='lat' dir='ltr'><strong>verba</strong></span> <span class='ocrx_word' id='word_1_244' title='bbox 1459 3969 1784 4044; x_wconf 90' lang='lat' dir='ltr'><strong>loquuntur</strong></span> <span class='ocrx_word' id='word_1_245' title='bbox 1811 3969 2038 4036; x_wconf 86' lang='lat' dir='ltr'><strong>amicis,</strong></span> 
     </span>
    </p>
   </div>
   <div class='ocr_carea' id='block_1_44' title="bbox 621 4057 1738 4141">
    <p class='ocr_par' dir='ltr' id='par_1_44' title="bbox 621 4057 1738 4141">
     <span class='ocr_line' id='line_1_44' title="bbox 621 4057 1738 4141; baseline -0.013 -16"><span class='ocrx_word' id='word_1_246' title='bbox 621 4065 966 4141; x_wconf 84' lang='lat' dir='ltr'><strong>Appliouere</strong></span> <span class='ocrx_word' id='word_1_247' title='bbox 995 4062 1086 4118; x_wconf 91' lang='lat' dir='ltr'><strong>sui</strong></span> <span class='ocrx_word' id='word_1_248' title='bbox 1118 4061 1179 4116; x_wconf 89' lang='lat' dir='ltr'><strong>in</strong></span> <span class='ocrx_word' id='word_1_249' title='bbox 1209 4059 1462 4134; x_wconf 88' lang='lat' dir='ltr'><strong>propriis</strong></span> <span class='ocrx_word' id='word_1_250' title='bbox 1495 4057 1738 4126; x_wconf 90' lang='lat' dir='ltr'><strong>domini,</strong></span> 
     </span>
    </p>
   </div>
   <div class='ocr_carea' id='block_1_45' title="bbox 553 4147 1968 4225">
    <p class='ocr_par' dir='ltr' id='par_1_45' title="bbox 553 4147 1968 4225">
     <span class='ocr_line' id='line_1_45' title="bbox 553 4147 1968 4225; baseline -0.007 -11"><span class='ocrx_word' id='word_1_251' title='bbox 553 4155 769 4215; x_wconf 78' lang='lat' dir='ltr'><strong>ania</strong></span> <span class='ocrx_word' id='word_1_252' title='bbox 796 4153 1065 4225; x_wconf 80' lang='lat' dir='ltr'><strong>ﬁorigero</strong></span> <span class='ocrx_word' id='word_1_253' title='bbox 1097 4151 1330 4206; x_wconf 83' lang='lat' dir='ltr'><strong>fuerant</strong></span> <span class='ocrx_word' id='word_1_254' title='bbox 1361 4147 1462 4204; x_wconf 93' lang='lat' dir='ltr'><strong>ubi</strong></span> <span class='ocrx_word' id='word_1_255' title='bbox 1493 4151 1717 4204; x_wconf 90' lang='lat' dir='ltr'><strong>structa</strong></span> <span class='ocrx_word' id='word_1_256' title='bbox 1746 4147 1968 4214; x_wconf 91' lang='lat' dir='ltr'><strong>locello,</strong></span> 
     </span>
    </p>
   </div>
   <div class='ocr_carea' id='block_1_46' title="bbox 624 4235 1686 4302">
    <p class='ocr_par' dir='ltr' id='par_1_46' title="bbox 624 4235 1686 4302">
     <span class='ocr_line' id='line_1_46' title="bbox 624 4235 1686 4302; baseline -0.008 0"><span class='ocrx_word' id='word_1_257' title='bbox 624 4242 857 4302; x_wconf 86' lang='lat' dir='ltr'><strong>Circum</strong></span> <span class='ocrx_word' id='word_1_258' title='bbox 889 4239 1120 4297; x_wconf 68' lang='lat' dir='ltr'><strong>diffusis</strong></span> <span class='ocrx_word' id='word_1_259' title='bbox 1151 4238 1459 4294; x_wconf 87' lang='lat' dir='ltr'><strong>arboribus</strong></span> <span class='ocrx_word' id='word_1_260' title='bbox 1488 4235 1686 4293; x_wconf 87' lang='lat' dir='ltr'><strong>variis.</strong></span> 
     </span>
    </p>
   </div>
   <div class='ocr_carea' id='block_1_47' title="bbox 556 4325 1953 4401">
    <p class='ocr_par' dir='ltr' id='par_1_47' title="bbox 556 4325 1953 4401">
     <span class='ocr_line' id='line_1_47' title="bbox 556 4325 1953 4401; baseline -0.007 -8"><span class='ocrx_word' id='word_1_261' title='bbox 556 4336 658 4393; x_wconf 86' lang='lat' dir='ltr'><strong>Hic</strong></span> <span class='ocrx_word' id='word_1_262' title='bbox 687 4331 904 4392; x_wconf 86' lang='lat' dir='ltr'><strong>Christi</strong></span> <span class='ocrx_word' id='word_1_263' title='bbox 933 4329 1146 4388; x_wconf 83' lang='lat' dir='ltr'><strong>cbarus</strong></span> <span class='ocrx_word' id='word_1_264' title='bbox 1175 4343 1444 4401; x_wconf 78' lang='lat' dir='ltr'><strong>gressum</strong></span> <span class='ocrx_word' id='word_1_265' title='bbox 1475 4325 1683 4382; x_wconf 82' lang='lat' dir='ltr'><strong>direxit</strong></span> <span class='ocrx_word' id='word_1_266' title='bbox 1708 4325 1953 4396; x_wconf 88' lang='lat' dir='ltr'><strong>amicus,</strong></span> 
     </span>
    </p>
   </div>
   <div class='ocr_carea' id='block_1_48' title="bbox 627 4417 1819 4489">
    <p class='ocr_par' dir='ltr' id='par_1_48' title="bbox 627 4417 1819 4489">
     <span class='ocr_line' id='line_1_48' title="bbox 627 4417 1819 4489; baseline -0.008 -7"><span class='ocrx_word' id='word_1_267' title='bbox 627 4425 819 4482; x_wconf 84' lang='lat' dir='ltr'><strong>Mente</strong></span> <span class='ocrx_word' id='word_1_268' title='bbox 848 4419 1042 4476; x_wconf 85' lang='lat' dir='ltr'><strong>libens</strong></span> <span class='ocrx_word' id='word_1_269' title='bbox 1067 4417 1216 4474; x_wconf 86' lang='lat' dir='ltr'><strong>atrio</strong></span> <span class='ocrx_word' id='word_1_270' title='bbox 1245 4431 1476 4471; x_wconf 87' lang='lat' dir='ltr'><strong>currere</strong></span> <span class='ocrx_word' id='word_1_271' title='bbox 1506 4432 1819 4489; x_wconf 89' lang='lat' dir='ltr'><strong>purpureo,</strong></span> 
     </span>
    </p>
   </div>
   <div class='ocr_carea' id='block_1_49' title="bbox 555 4504 2130 4579">
    <p class='ocr_par' dir='ltr' id='par_1_49' title="bbox 555 4504 2130 4579">
     <span class='ocr_line' id='line_1_49' title="bbox 555 4504 2130 4579; baseline -0.007 -6"><span class='ocrx_word' id='word_1_272' title='bbox 555 4517 627 4573; x_wconf 88' lang='lat' dir='ltr'><strong>Et</strong></span> <span class='ocrx_word' id='word_1_273' title='bbox 655 4509 954 4579; x_wconf 87' lang='lat' dir='ltr'><strong>baculum,</strong></span> <span class='ocrx_word' id='word_1_274' title='bbox 987 4506 1190 4565; x_wconf 89' lang='lat' dir='ltr'><strong>tractis</strong></span> <span class='ocrx_word' id='word_1_275' title='bbox 1221 4505 1403 4579; x_wconf 80' lang='lat' dir='ltr'><strong>gessit</strong></span> <span class='ocrx_word' id='word_1_276' title='bbox 1433 4520 1606 4576; x_wconf 88' lang='lat' dir='ltr'><strong>quem</strong></span> <span class='ocrx_word' id='word_1_277' title='bbox 1638 4504 1891 4577; x_wconf 88' lang='lat' dir='ltr'><strong>denique</strong></span> <span class='ocrx_word' id='word_1_278' title='bbox 1922 4507 2130 4575; x_wconf 86' lang='lat' dir='ltr'><strong>nervis,</strong></span> 
     </span>
    </p>
   </div>
   <div class='ocr_carea' id='block_1_50' title="bbox 628 4593 1865 4666">
    <p class='ocr_par' dir='ltr' id='par_1_50' title="bbox 628 4593 1865 4666">
     <span class='ocr_line' id='line_1_50' title="bbox 628 4593 1865 4666; baseline -0.011 -5"><span class='ocrx_word' id='word_1_279' title='bbox 628 4604 693 4661; x_wconf 91' lang='lat' dir='ltr'><strong>In</strong></span> <span class='ocrx_word' id='word_1_280' title='bbox 722 4605 940 4659; x_wconf 81' lang='lat' dir='ltr'><strong>terram</strong></span> <span class='ocrx_word' id='word_1_281' title='bbox 970 4597 1098 4653; x_wconf 79' lang='lat' dir='ltr'><strong>fixit</strong></span> <span class='ocrx_word' id='word_1_282' title='bbox 1126 4610 1375 4666; x_wconf 82' lang='lat' dir='ltr'><strong>moxque</strong></span> <span class='ocrx_word' id='word_1_283' title='bbox 1407 4593 1647 4648; x_wconf 90' lang='lat' dir='ltr'><strong>domum</strong></span> <span class='ocrx_word' id='word_1_284' title='bbox 1683 4593 1865 4666; x_wconf 82' lang='lat' dir='ltr'><strong>petiit.</strong></span> 
     </span>
    </p>
   </div>
   <div class='ocr_carea' id='block_1_51' title="bbox 461 4681 1786 4752">
    <p class='ocr_par' dir='ltr' id='par_1_51' title="bbox 461 4681 1786 4752">
     <span class='ocr_line' id='line_1_51' title="bbox 461 4681 1786 4752; baseline -0.011 -1"><span class='ocrx_word' id='word_1_285' title='bbox 461 4691 470 4698; x_wconf 86' lang='grc'><strong>’</strong></span> <span class='ocrx_word' id='word_1_286' title='bbox 559 4693 682 4752; x_wconf 91' lang='lat' dir='ltr'><strong>lllic</strong></span> <span class='ocrx_word' id='word_1_287' title='bbox 711 4687 1006 4748; x_wconf 87' lang='lat' dir='ltr'><strong>innumeri</strong></span> <span class='ocrx_word' id='word_1_288' title='bbox 1037 4685 1340 4743; x_wconf 84' lang='lat' dir='ltr'><strong>certabant</strong></span> <span class='ocrx_word' id='word_1_289' title='bbox 1368 4683 1478 4738; x_wconf 86' lang='lat' dir='ltr'><strong>rite</strong></span> <span class='ocrx_word' id='word_1_290' title='bbox 1508 4681 1786 4751; x_wconf 88' lang='lat' dir='ltr'><strong>ministri,</strong></span> 
     </span>
    </p>
   </div>
   <div class='ocr_carea' id='block_1_52' title="bbox 629 4771 1642 4842">
    <p class='ocr_par' dir='ltr' id='par_1_52' title="bbox 629 4771 1642 4842">
     <span class='ocr_line' id='line_1_52' title="bbox 629 4771 1642 4842; baseline -0.012 -2"><span class='ocrx_word' id='word_1_291' title='bbox 629 4781 925 4842; x_wconf 77' lang='lat' dir='ltr'><strong>laetantes</strong></span> <span class='ocrx_word' id='word_1_292' title='bbox 950 4774 1126 4832; x_wconf 86' lang='lat' dir='ltr'><strong>variis</strong></span> <span class='ocrx_word' id='word_1_293' title='bbox 1156 4774 1384 4831; x_wconf 74' lang='lat' dir='ltr'><strong>fortiter</strong></span> <span class='ocrx_word' id='word_1_294' title='bbox 1411 4771 1642 4840; x_wconf 85' lang='lat' dir='ltr'><strong>ofﬁciis,</strong></span> 
     </span>
    </p>
   </div>
   <div class='ocr_carea' id='block_1_53' title="bbox 558 4863 1935 4946">
    <p class='ocr_par' dir='ltr' id='par_1_53' title="bbox 558 4863 1935 4946">
     <span class='ocr_line' id='line_1_53' title="bbox 558 4863 1935 4946; baseline -0.007 -17"><span class='ocrx_word' id='word_1_295' title='bbox 558 4869 678 4946; x_wconf 89' lang='lat' dir='ltr'><strong>Ipsi</strong></span> <span class='ocrx_word' id='word_1_296' title='bbox 708 4867 810 4944; x_wconf 88' lang='lat' dir='ltr'><strong>qui</strong></span> <span class='ocrx_word' id='word_1_297' title='bbox 839 4882 1074 4924; x_wconf 82' lang='lat' dir='ltr'><strong>mensas</strong></span> <span class='ocrx_word' id='word_1_298' title='bbox 1103 4863 1356 4938; x_wconf 88' lang='lat' dir='ltr'><strong>dapibus</strong></span> <span class='ocrx_word' id='word_1_299' title='bbox 1388 4865 1617 4934; x_wconf 90' lang='lat' dir='ltr'><strong>ponunt</strong></span> <span class='ocrx_word' id='word_1_300' title='bbox 1643 4865 1935 4932; x_wconf 87' lang='lat' dir='ltr'><strong>oneratas,</strong></span> 
     </span>
    </p>
   </div>
   <div class='ocr_carea' id='block_1_54' title="bbox 630 4952 1884 5018">
    <p class='ocr_par' dir='ltr' id='par_1_54' title="bbox 630 4952 1884 5018">
     <span class='ocr_line' id='line_1_54' title="bbox 630 4952 1884 5018; baseline -0.008 0"><span class='ocrx_word' id='word_1_301' title='bbox 630 4960 940 5018; x_wconf 75' lang='lat' dir='ltr'><strong>Pascentes</strong></span> <span class='ocrx_word' id='word_1_302' title='bbox 967 4955 1205 5012; x_wconf 84' lang='lat' dir='ltr'><strong>tandem</strong></span> <span class='ocrx_word' id='word_1_303' title='bbox 1239 4952 1458 5010; x_wconf 90' lang='lat' dir='ltr'><strong>solvere</strong></span> <span class='ocrx_word' id='word_1_304' title='bbox 1489 4967 1617 5008; x_wconf 90' lang='lat' dir='ltr'><strong>sero</strong></span> <span class='ocrx_word' id='word_1_305' title='bbox 1649 4952 1884 5008; x_wconf 84' lang='lat' dir='ltr'><strong>famem.</strong></span> 
     </span>
    </p>
   </div>
   <div class='ocr_carea' id='block_1_55' title="bbox 561 5041 2050 5122">
    <p class='ocr_par' dir='ltr' id='par_1_55' title="bbox 561 5041 2050 5122">
     <span class='ocr_line' id='line_1_55' title="bbox 561 5041 2050 5122; baseline -0.007 -14"><span class='ocrx_word' id='word_1_306' title='bbox 561 5049 672 5108; x_wconf 88' lang='lat' dir='ltr'><strong>Sed</strong></span> <span class='ocrx_word' id='word_1_307' title='bbox 697 5047 866 5122; x_wconf 85' lang='lat' dir='ltr'><strong>&#39;prius</strong></span> <span class='ocrx_word' id='word_1_308' title='bbox 895 5045 1213 5108; x_wconf 77' lang='lat' dir='ltr'><strong>invalidam</strong></span> <span class='ocrx_word' id='word_1_309' title='bbox 1236 5042 1420 5116; x_wconf 83' lang='lat' dir='ltr'><strong>jussit</strong></span> <span class='ocrx_word' id='word_1_310' title='bbox 1451 5041 1764 5114; x_wconf 88' lang='lat' dir='ltr'><strong>procedere</strong></span> <span class='ocrx_word' id='word_1_311' title='bbox 1792 5042 2050 5116; x_wconf 81' lang='lat' dir='ltr'><strong>turbam,</strong></span> 
     </span>
    </p>
   </div>
   <div class='ocr_carea' id='block_1_56' title="bbox 631 5135 1866 5208">
    <p class='ocr_par' dir='ltr' id='par_1_56' title="bbox 631 5135 1866 5208">
     <span class='ocr_line' id='line_1_56' title="bbox 631 5135 1866 5208; baseline -0.007 -11"><span class='ocrx_word' id='word_1_312' title='bbox 631 5142 818 5208; x_wconf 81' lang='lat' dir='ltr'><strong>Quam</strong></span> <span class='ocrx_word' id='word_1_313' title='bbox 839 5135 1030 5194; x_wconf 86' lang='lat' dir='ltr'><strong>suevit</strong></span> <span class='ocrx_word' id='word_1_314' title='bbox 1057 5149 1262 5191; x_wconf 78' lang='lat' dir='ltr'><strong>mensa</strong></span> <span class='ocrx_word' id='word_1_315' title='bbox 1290 5147 1527 5205; x_wconf 83' lang='lat' dir='ltr'><strong>pascere</strong></span> <span class='ocrx_word' id='word_1_316' title='bbox 1557 5147 1709 5204; x_wconf 77' lang='lat' dir='ltr'><strong>saepe</strong></span> <span class='ocrx_word' id='word_1_317' title='bbox 1738 5147 1866 5201; x_wconf 84' lang='lat' dir='ltr'><strong>sua,</strong></span> 
     </span>
    </p>
   </div>
   <div class='ocr_carea' id='block_1_57' title="bbox 559 5219 1921 5303">
    <p class='ocr_par' dir='ltr' id='par_1_57' title="bbox 559 5219 1921 5303">
     <span class='ocr_line' id='line_1_57' title="bbox 559 5219 1921 5303; baseline -0.007 -17"><span class='ocrx_word' id='word_1_318' title='bbox 559 5231 660 5298; x_wconf 87' lang='lat' dir='ltr'><strong>Ac,</strong></span> <span class='ocrx_word' id='word_1_319' title='bbox 691 5225 945 5303; x_wconf 84' lang='lat' dir='ltr'><strong>propriis</strong></span> <span class='ocrx_word' id='word_1_320' title='bbox 973 5224 1105 5299; x_wconf 81' lang='lat' dir='ltr'><strong>ipsa</strong></span> <span class='ocrx_word' id='word_1_321' title='bbox 1133 5221 1409 5282; x_wconf 84' lang='lat' dir='ltr'><strong>manibus</strong></span> <span class='ocrx_word' id='word_1_322' title='bbox 1440 5219 1606 5294; x_wconf 88' lang='lat' dir='ltr'><strong>plene</strong></span> <span class='ocrx_word' id='word_1_323' title='bbox 1638 5224 1921 5290; x_wconf 85' lang='lat' dir='ltr'><strong>saturata,</strong></span> 
     </span>
    </p>
   </div>
   <div class='ocr_carea' id='block_1_58' title="bbox 631 5308 1808 5384">
    <p class='ocr_par' dir='ltr' id='par_1_58' title="bbox 631 5308 1808 5384">
     <span class='ocr_line' id='line_1_58' title="bbox 631 5308 1808 5384; baseline -0.01 -8"><span class='ocrx_word' id='word_1_324' title='bbox 631 5319 708 5376; x_wconf 83' lang='lat' dir='ltr'><strong>Se</strong></span> <span class='ocrx_word' id='word_1_325' title='bbox 731 5315 971 5374; x_wconf 79' lang='lat' dir='ltr'><strong>tandem</strong></span> <span class='ocrx_word' id='word_1_326' title='bbox 1001 5328 1208 5371; x_wconf 86' lang='lat' dir='ltr'><strong>mensa</strong></span> <span class='ocrx_word' id='word_1_327' title='bbox 1235 5309 1492 5384; x_wconf 82' lang='lat' dir='ltr'><strong>applicat</strong></span> <span class='ocrx_word' id='word_1_328' title='bbox 1521 5308 1808 5384; x_wconf 88' lang='lat' dir='ltr'><strong>apposita.</strong></span> 
     </span>
    </p>
   </div>
   <div class='ocr_carea' id='block_1_59' title="bbox 561 5399 1942 5478">
    <p class='ocr_par' dir='ltr' id='par_1_59' title="bbox 561 5399 1942 5478">
     <span class='ocr_line' id='line_1_59' title="bbox 561 5399 1942 5478; baseline -0.007 -12"><span class='ocrx_word' id='word_1_329' title='bbox 561 5406 930 5466; x_wconf 82' lang='lat' dir='ltr'><strong>Accumbunt</strong></span> <span class='ocrx_word' id='word_1_330' title='bbox 952 5403 1170 5478; x_wconf 80' lang='lat' dir='ltr'><strong>pariter</strong></span> <span class='ocrx_word' id='word_1_331' title='bbox 1199 5399 1404 5459; x_wconf 79' lang='lat' dir='ltr'><strong>Franci</strong></span> <span class='ocrx_word' id='word_1_332' title='bbox 1433 5416 1536 5473; x_wconf 84' lang='lat' dir='ltr'><strong>per</strong></span> <span class='ocrx_word' id='word_1_333' title='bbox 1563 5399 1779 5456; x_wconf 71' lang='lat' dir='ltr'><strong>moenia</strong></span> <span class='ocrx_word' id='word_1_334' title='bbox 1806 5400 1942 5469; x_wconf 86' lang='lat' dir='ltr'><strong>fusi,</strong></span> 
     </span>
    </p>
   </div>
   <div class='ocr_carea' id='block_1_60' title="bbox 633 5487 1771 5555">
    <p class='ocr_par' dir='ltr' id='par_1_60' title="bbox 633 5487 1771 5555">
     <span class='ocr_line' id='line_1_60' title="bbox 633 5487 1771 5555; baseline -0.011 0"><span class='ocrx_word' id='word_1_335' title='bbox 633 5497 949 5555; x_wconf 84' lang='lat' dir='ltr'><strong>Gustantes</strong></span> <span class='ocrx_word' id='word_1_336' title='bbox 973 5491 1249 5550; x_wconf 90' lang='lat' dir='ltr'><strong>bacchica</strong></span> <span class='ocrx_word' id='word_1_337' title='bbox 1278 5506 1523 5546; x_wconf 86' lang='lat' dir='ltr'><strong>munera</strong></span> <span class='ocrx_word' id='word_1_338' title='bbox 1549 5487 1771 5544; x_wconf 69' lang='lat' dir='ltr'><strong>laetitia.</strong></span> 
     </span>
    </p>
   </div>
   <div class='ocr_carea' id='block_1_61' title="bbox 565 5578 1834 5658">
    <p class='ocr_par' dir='ltr' id='par_1_61' title="bbox 565 5578 1834 5658">
     <span class='ocr_line' id='line_1_61' title="bbox 565 5578 1834 5658; baseline -0.005 -18"><span class='ocrx_word' id='word_1_339' title='bbox 565 5587 789 5658; x_wconf 59' lang='lat' dir='ltr'><strong>interea</strong></span> <span class='ocrx_word' id='word_1_340' title='bbox 819 5599 1093 5640; x_wconf 88' lang='lat' dir='ltr'><strong>somnum</strong></span> <span class='ocrx_word' id='word_1_341' title='bbox 1121 5581 1286 5647; x_wconf 87' lang='lat' dir='ltr'><strong>sidus</strong></span> <span class='ocrx_word' id='word_1_342' title='bbox 1319 5578 1602 5636; x_wconf 85' lang='lat' dir='ltr'><strong>suadebat</strong></span> <span class='ocrx_word' id='word_1_343' title='bbox 1630 5578 1834 5650; x_wconf 85' lang='lat' dir='ltr'><strong>Eoum,</strong></span> 
     </span>
    </p>
   </div>
   <div class='ocr_carea' id='block_1_62' title="bbox 2224 1805 2272 1869">
    <p class='ocr_par' dir='ltr' id='par_1_62' title="bbox 2224 1805 2272 1869">
     <span class='ocr_line' id='line_1_62' title="bbox 2224 1805 2272 1869; baseline 0 0"><span class='ocrx_word' id='word_1_344' title='bbox 2224 1805 2272 1869; x_wconf 89' lang='lat' dir='ltr'><strong>B</strong></span> 
     </span>
    </p>
   </div>
   <div class='ocr_carea' id='block_1_63' title="bbox 2221 421 3595 500">
    <p class='ocr_par' dir='ltr' id='par_1_63' title="bbox 2221 421 3595 500">
     <span class='ocr_line' id='line_1_63' title="bbox 2221 421 3595 500; baseline 0.004 -23"><span class='ocrx_word' id='word_1_345' title='bbox 2221 421 2279 496; x_wconf 78' lang='grc' dir='ltr'><strong>Α</strong></span> <span class='ocrx_word' id='word_1_346' title='bbox 2378 422 2499 480; x_wconf 82' lang='lat' dir='ltr'><strong>Nox</strong></span> <span class='ocrx_word' id='word_1_347' title='bbox 2528 424 2718 482; x_wconf 88' lang='lat' dir='ltr'><strong>vicina</strong></span> <span class='ocrx_word' id='word_1_348' title='bbox 2747 427 2946 500; x_wconf 81' lang='lat' dir='ltr'><strong>nigras</strong></span> <span class='ocrx_word' id='word_1_349' title='bbox 2975 431 3034 482; x_wconf 91' lang='lat' dir='ltr'><strong>et</strong></span> <span class='ocrx_word' id='word_1_350' title='bbox 3062 424 3295 482; x_wconf 88' lang='lat' dir='ltr'><strong>minitat</strong></span> <span class='ocrx_word' id='word_1_351' title='bbox 3322 423 3595 495; x_wconf 87' lang='lat' dir='ltr'><strong>tenebras,</strong></span> 
     </span>
    </p>
   </div>
   <div class='ocr_carea' id='block_1_64' title="bbox 2308 513 3724 588">
    <p class='ocr_par' dir='ltr' id='par_1_64' title="bbox 2308 513 3724 588">
     <span class='ocr_line' id='line_1_64' title="bbox 2308 513 3724 588; baseline 0.004 -22"><span class='ocrx_word' id='word_1_352' title='bbox 2308 513 2496 585; x_wconf 82' lang='lat' dir='ltr'><strong>Atque</strong></span> <span class='ocrx_word' id='word_1_353' title='bbox 2525 515 2692 586; x_wconf 90' lang='lat' dir='ltr'><strong>quies</strong></span> <span class='ocrx_word' id='word_1_354' title='bbox 2721 515 2925 588; x_wconf 88' lang='lat' dir='ltr'><strong>epulas</strong></span> <span class='ocrx_word' id='word_1_355' title='bbox 2957 516 3152 572; x_wconf 91' lang='lat' dir='ltr'><strong>subito</strong></span> <span class='ocrx_word' id='word_1_356' title='bbox 3185 515 3526 588; x_wconf 87' lang='lat' dir='ltr'><strong>sequebatur</strong></span> <span class='ocrx_word' id='word_1_357' title='bbox 3553 517 3724 584; x_wconf 82' lang='lat' dir='ltr'><strong>amica,</strong></span> 
     </span>
    </p>
   </div>
   <div class='ocr_carea' id='block_1_65' title="bbox 2381 602 3566 677">
    <p class='ocr_par' dir='ltr' id='par_1_65' title="bbox 2381 602 3566 677">
     <span class='ocr_line' id='line_1_65' title="bbox 2381 602 3566 677; baseline 0.003 -21"><span class='ocrx_word' id='word_1_358' title='bbox 2381 602 2634 676; x_wconf 87' lang='lat' dir='ltr'><strong>Serpens</strong></span> <span class='ocrx_word' id='word_1_359' title='bbox 2665 622 2767 677; x_wconf 89' lang='lat' dir='ltr'><strong>per</strong></span> <span class='ocrx_word' id='word_1_360' title='bbox 2798 606 3085 672; x_wconf 86' lang='lat' dir='ltr'><strong>membra,</strong></span> <span class='ocrx_word' id='word_1_361' title='bbox 3117 605 3391 660; x_wconf 87' lang='lat' dir='ltr'><strong>ebrietate</strong></span> <span class='ocrx_word' id='word_1_362' title='bbox 3422 605 3566 660; x_wconf 89' lang='lat' dir='ltr'><strong>data.</strong></span> 
     </span>
    </p>
   </div>
   <div class='ocr_carea' id='block_1_66' title="bbox 2309 688 3778 766">
    <p class='ocr_par' dir='ltr' id='par_1_66' title="bbox 2309 688 3778 766">
     <span class='ocr_line' id='line_1_66' title="bbox 2309 688 3778 766; baseline 0.004 -21"><span class='ocrx_word' id='word_1_363' title='bbox 2309 688 2435 746; x_wconf 86' lang='lat' dir='ltr'><strong>Dux</strong></span> <span class='ocrx_word' id='word_1_364' title='bbox 2465 692 2598 764; x_wconf 90' lang='lat' dir='ltr'><strong>pius</strong></span> <span class='ocrx_word' id='word_1_365' title='bbox 2630 693 2960 750; x_wconf 87' lang='lat' dir='ltr'><strong>insomnem</strong></span> <span class='ocrx_word' id='word_1_366' title='bbox 2992 693 3166 766; x_wconf 75' lang='lat' dir='ltr'><strong>cmpit</strong></span> <span class='ocrx_word' id='word_1_367' title='bbox 3192 693 3552 749; x_wconf 86' lang='lat' dir='ltr'><strong>transducere</strong></span> <span class='ocrx_word' id='word_1_368' title='bbox 3579 698 3778 762; x_wconf 77' lang='lat' dir='ltr'><strong>noctem,</strong></span> 
     </span>
    </p>
   </div>
   <div class='ocr_carea' id='block_1_67' title="bbox 2381 780 3645 854">
    <p class='ocr_par' dir='ltr' id='par_1_67' title="bbox 2381 780 3645 854">
     <span class='ocr_line' id='line_1_67' title="bbox 2381 780 3645 854; baseline 0.002 -19"><span class='ocrx_word' id='word_1_369' title='bbox 2381 780 2607 838; x_wconf 80' lang='lat' dir='ltr'><strong>Intenta</strong></span> <span class='ocrx_word' id='word_1_370' title='bbox 2638 781 2953 840; x_wconf 88' lang='lat' dir='ltr'><strong>Dominum</strong></span> <span class='ocrx_word' id='word_1_371' title='bbox 2983 800 3123 838; x_wconf 81' lang='lat' dir='ltr'><strong>voce</strong></span> <span class='ocrx_word' id='word_1_372' title='bbox 3154 783 3438 854; x_wconf 86' lang='lat' dir='ltr'><strong>precando</strong></span> <span class='ocrx_word' id='word_1_373' title='bbox 3467 799 3645 837; x_wconf 90' lang='lat' dir='ltr'><strong>suum.</strong></span> 
     </span>
    </p>
   </div>
   <div class='ocr_carea' id='block_1_68' title="bbox 2309 868 3728 942">
    <p class='ocr_par' dir='ltr' id='par_1_68' title="bbox 2309 868 3728 942">
     <span class='ocr_line' id='line_1_68' title="bbox 2309 868 3728 942; baseline 0.002 -19"><span class='ocrx_word' id='word_1_374' title='bbox 2309 868 2621 942; x_wconf 86' lang='lat' dir='ltr'><strong>Postquam</strong></span> <span class='ocrx_word' id='word_1_375' title='bbox 2651 889 2763 927; x_wconf 79' lang='lat' dir='ltr'><strong>nox</strong></span> <span class='ocrx_word' id='word_1_376' title='bbox 2794 872 2998 927; x_wconf 86' lang='lat' dir='ltr'><strong>scissis</strong></span> <span class='ocrx_word' id='word_1_377' title='bbox 3029 870 3298 926; x_wconf 88' lang='lat' dir='ltr'><strong>discessit</strong></span> <span class='ocrx_word' id='word_1_378' title='bbox 3320 869 3467 924; x_wconf 91' lang='lat' dir='ltr'><strong>victa</strong></span> <span class='ocrx_word' id='word_1_379' title='bbox 3493 870 3728 938; x_wconf 87' lang='lat' dir='ltr'><strong>tenebris,</strong></span> 
     </span>
    </p>
   </div>
   <div class='ocr_carea' id='block_1_69' title="bbox 2381 957 3554 1034">
    <p class='ocr_par' dir='ltr' id='par_1_69' title="bbox 2381 957 3554 1034">
     <span class='ocr_line' id='line_1_69' title="bbox 2381 957 3554 1034; baseline 0.001 -23"><span class='ocrx_word' id='word_1_380' title='bbox 2381 957 2502 1014; x_wconf 83' lang='lat' dir='ltr'><strong>Lux</strong></span> <span class='ocrx_word' id='word_1_381' title='bbox 2531 965 2659 1016; x_wconf 88' lang='lat' dir='ltr'><strong>orta</strong></span> <span class='ocrx_word' id='word_1_382' title='bbox 2685 960 2917 1034; x_wconf 84' lang='lat' dir='ltr'><strong>plagam</strong></span> <span class='ocrx_word' id='word_1_383' title='bbox 2946 961 3208 1015; x_wconf 83' lang='lat' dir='ltr'><strong>cinxerat</strong></span> <span class='ocrx_word' id='word_1_384' title='bbox 3237 957 3554 1024; x_wconf 77' lang='lat' dir='ltr'><strong>estheream,</strong></span> 
     </span>
    </p>
   </div>
   <div class='ocr_carea' id='block_1_70' title="bbox 2309 1048 3672 1122">
    <p class='ocr_par' dir='ltr' id='par_1_70' title="bbox 2309 1048 3672 1122">
     <span class='ocr_line' id='line_1_70' title="bbox 2309 1048 3672 1122; baseline 0.001 -22"><span class='ocrx_word' id='word_1_385' title='bbox 2309 1049 2462 1103; x_wconf 83' lang='lat' dir='ltr'><strong>ne</strong></span> <span class='ocrx_word' id='word_1_386' title='bbox 2491 1049 2790 1106; x_wconf 89' lang='lat' dir='ltr'><strong>Venerunt</strong></span> <span class='ocrx_word' id='word_1_387' title='bbox 2819 1049 3004 1122; x_wconf 88' lang='lat' dir='ltr'><strong>pueri,</strong></span> <span class='ocrx_word' id='word_1_388' title='bbox 3039 1049 3294 1104; x_wconf 90' lang='lat' dir='ltr'><strong>tironum</strong></span> <span class='ocrx_word' id='word_1_389' title='bbox 3328 1052 3476 1103; x_wconf 87' lang='lat' dir='ltr'><strong>sorte</strong></span> <span class='ocrx_word' id='word_1_390' title='bbox 3505 1048 3672 1119; x_wconf 80' lang='lat' dir='ltr'><strong>potiti,</strong></span> 
     </span>
    </p>
   </div>
   <div class='ocr_carea' id='block_1_71' title="bbox 2381 1136 3460 1202">
    <p class='ocr_par' dir='ltr' id='par_1_71' title="bbox 2381 1136 3460 1202">
     <span class='ocr_line' id='line_1_71' title="bbox 2381 1136 3460 1202; baseline 0 -11"><span class='ocrx_word' id='word_1_391' title='bbox 2381 1137 2683 1194; x_wconf 83' lang='lat' dir='ltr'><strong>Portantes</strong></span> <span class='ocrx_word' id='word_1_392' title='bbox 2714 1139 2874 1194; x_wconf 87' lang='lat' dir='ltr'><strong>chari</strong></span> <span class='ocrx_word' id='word_1_393' title='bbox 2907 1137 3190 1194; x_wconf 88' lang='lat' dir='ltr'><strong>calceolos</strong></span> <span class='ocrx_word' id='word_1_394' title='bbox 3221 1136 3460 1202; x_wconf 90' lang='lat' dir='ltr'><strong>domini,</strong></span> 
     </span>
    </p>
   </div>
   <div class='ocr_carea' id='block_1_72' title="bbox 2308 1223 3746 1299">
    <p class='ocr_par' dir='ltr' id='par_1_72' title="bbox 2308 1223 3746 1299">
     <span class='ocr_line' id='line_1_72' title="bbox 2308 1223 3746 1299; baseline 0.001 -20"><span class='ocrx_word' id='word_1_395' title='bbox 2308 1226 2377 1280; x_wconf 89' lang='lat' dir='ltr'><strong>Et</strong></span> <span class='ocrx_word' id='word_1_396' title='bbox 2405 1226 2645 1297; x_wconf 89' lang='lat' dir='ltr'><strong>pulsant</strong></span> <span class='ocrx_word' id='word_1_397' title='bbox 2675 1228 2896 1292; x_wconf 85' lang='lat' dir='ltr'><strong>aulam,</strong></span> <span class='ocrx_word' id='word_1_398' title='bbox 2927 1227 3116 1283; x_wconf 89' lang='lat' dir='ltr'><strong>noctis</strong></span> <span class='ocrx_word' id='word_1_399' title='bbox 3146 1243 3248 1299; x_wconf 87' lang='lat' dir='ltr'><strong>pro</strong></span> <span class='ocrx_word' id='word_1_400' title='bbox 3285 1229 3477 1297; x_wconf 87' lang='lat' dir='ltr'><strong>tepore</strong></span> <span class='ocrx_word' id='word_1_401' title='bbox 3505 1223 3746 1292; x_wconf 87' lang='lat' dir='ltr'><strong>clausam,</strong></span> 
     </span>
    </p>
   </div>
   <div class='ocr_carea' id='block_1_73' title="bbox 2381 1313 3520 1389">
    <p class='ocr_par' dir='ltr' id='par_1_73' title="bbox 2381 1313 3520 1389">
     <span class='ocr_line' id='line_1_73' title="bbox 2381 1313 3520 1389; baseline -0.001 -20"><span class='ocrx_word' id='word_1_402' title='bbox 2381 1315 2649 1384; x_wconf 88' lang='lat' dir='ltr'><strong>Orantes,</strong></span> <span class='ocrx_word' id='word_1_403' title='bbox 2681 1317 2904 1373; x_wconf 88' lang='lat' dir='ltr'><strong>aditum</strong></span> <span class='ocrx_word' id='word_1_404' title='bbox 2930 1318 3060 1389; x_wconf 86' lang='lat' dir='ltr'><strong>jam</strong></span> <span class='ocrx_word' id='word_1_405' title='bbox 3091 1315 3213 1371; x_wconf 83' lang='lat' dir='ltr'><strong>ﬁeri</strong></span> <span class='ocrx_word' id='word_1_406' title='bbox 3243 1313 3520 1388; x_wconf 88' lang='lat' dir='ltr'><strong>patulum,</strong></span> 
     </span>
    </p>
   </div>
   <div class='ocr_carea' id='block_1_74' title="bbox 2307 1403 3854 1479">
    <p class='ocr_par' dir='ltr' id='par_1_74' title="bbox 2307 1403 3854 1479">
     <span class='ocr_line' id='line_1_74' title="bbox 2307 1403 3854 1479; baseline 0 -21"><span class='ocrx_word' id='word_1_407' title='bbox 2307 1403 2419 1458; x_wconf 85' lang='lat' dir='ltr'><strong>Sed</strong></span> <span class='ocrx_word' id='word_1_408' title='bbox 2470 1405 2588 1460; x_wconf 87' lang='lat' dir='ltr'><strong>dux</strong></span> <span class='ocrx_word' id='word_1_409' title='bbox 2637 1406 2937 1479; x_wconf 89' lang='lat' dir='ltr'><strong>paulisper</strong></span> <span class='ocrx_word' id='word_1_410' title='bbox 2987 1405 3170 1472; x_wconf 89' lang='lat' dir='ltr'><strong>siluit,</strong></span> <span class='ocrx_word' id='word_1_411' title='bbox 3203 1419 3470 1460; x_wconf 88' lang='lat' dir='ltr'><strong>somnum</strong></span> <span class='ocrx_word' id='word_1_412' title='bbox 3497 1418 3699 1475; x_wconf 88' lang='lat' dir='ltr'><strong>quoque</strong></span> <span class='ocrx_word' id='word_1_413' title='bbox 3723 1404 3854 1470; x_wconf 76' lang='lat' dir='ltr'><strong>ﬁnxit,</strong></span> 
     </span>
    </p>
   </div>
   <div class='ocr_carea' id='block_1_75' title="bbox 2380 1491 3608 1567">
    <p class='ocr_par' dir='ltr' id='par_1_75' title="bbox 2380 1491 3608 1567">
     <span class='ocr_line' id='line_1_75' title="bbox 2380 1491 3608 1567; baseline 0.001 -20"><span class='ocrx_word' id='word_1_414' title='bbox 2380 1493 2534 1562; x_wconf 85' lang='lat' dir='ltr'><strong>Post,</strong></span> <span class='ocrx_word' id='word_1_415' title='bbox 2567 1495 2725 1550; x_wconf 87' lang='lat' dir='ltr'><strong>velut</strong></span> <span class='ocrx_word' id='word_1_416' title='bbox 2753 1513 2783 1551; x_wconf 91' lang='lat' dir='ltr'><strong>e</strong></span> <span class='ocrx_word' id='word_1_417' title='bbox 2814 1509 3021 1551; x_wconf 90' lang='lat' dir='ltr'><strong>somno</strong></span> <span class='ocrx_word' id='word_1_418' title='bbox 3051 1491 3336 1567; x_wconf 82' lang='lat' dir='ltr'><strong>evigilans</strong></span> <span class='ocrx_word' id='word_1_419' title='bbox 3369 1491 3608 1564; x_wconf 85' lang='lat' dir='ltr'><strong>gravido,</strong></span> 
     </span>
    </p>
   </div>
   <div class='ocr_carea' id='block_1_76' title="bbox 2309 1579 3555 1654">
    <p class='ocr_par' dir='ltr' id='par_1_76' title="bbox 2309 1579 3555 1654">
     <span class='ocr_line' id='line_1_76' title="bbox 2309 1579 3555 1654; baseline -0.003 -16"><span class='ocrx_word' id='word_1_420' title='bbox 2309 1581 2536 1639; x_wconf 83' lang='lat' dir='ltr'><strong>Solvere</strong></span> <span class='ocrx_word' id='word_1_421' title='bbox 2568 1584 2796 1639; x_wconf 89' lang='lat' dir='ltr'><strong>custodi</strong></span> <span class='ocrx_word' id='word_1_422' title='bbox 2828 1587 3019 1639; x_wconf 83' lang='lat' dir='ltr'><strong>vectes</strong></span> <span class='ocrx_word' id='word_1_423' title='bbox 3041 1583 3214 1654; x_wconf 89' lang='lat' dir='ltr'><strong>jubet</strong></span> <span class='ocrx_word' id='word_1_424' title='bbox 3243 1579 3555 1646; x_wconf 88' lang='lat' dir='ltr'><strong>interiores,</strong></span> 
     </span>
    </p>
   </div>
   <div class='ocr_carea' id='block_1_77' title="bbox 2379 1670 3632 1741">
    <p class='ocr_par' dir='ltr' id='par_1_77' title="bbox 2379 1670 3632 1741">
     <span class='ocr_line' id='line_1_77' title="bbox 2379 1670 3632 1741; baseline -0.003 -15"><span class='ocrx_word' id='word_1_425' title='bbox 2379 1672 2637 1728; x_wconf 89' lang='lat' dir='ltr'><strong>Pandere</strong></span> <span class='ocrx_word' id='word_1_426' title='bbox 2667 1671 2988 1727; x_wconf 89' lang='lat' dir='ltr'><strong>triclinium</strong></span> <span class='ocrx_word' id='word_1_427' title='bbox 3021 1670 3426 1741; x_wconf 88' lang='lat' dir='ltr'><strong>militibusque</strong></span> <span class='ocrx_word' id='word_1_428' title='bbox 3454 1685 3632 1724; x_wconf 89' lang='lat' dir='ltr'><strong>suum.</strong></span> 
     </span>
    </p>
   </div>
   <div class='ocr_carea' id='block_1_78' title="bbox 2309 1757 3771 1833">
    <p class='ocr_par' dir='ltr' id='par_1_78' title="bbox 2309 1757 3771 1833">
     <span class='ocr_line' id='line_1_78' title="bbox 2309 1757 3771 1833; baseline -0.003 -17"><span class='ocrx_word' id='word_1_429' title='bbox 2309 1761 2408 1816; x_wconf 89' lang='lat' dir='ltr'><strong>llis</strong></span> <span class='ocrx_word' id='word_1_430' title='bbox 2439 1761 2808 1828; x_wconf 81' lang='lat' dir='ltr'><strong>introductis,</strong></span> <span class='ocrx_word' id='word_1_431' title='bbox 2840 1761 3141 1833; x_wconf 70' lang='lat' dir='ltr'><strong>lympham</strong></span> <span class='ocrx_word' id='word_1_432' title='bbox 3175 1759 3451 1814; x_wconf 88' lang='lat' dir='ltr'><strong>manibus</strong></span> <span class='ocrx_word' id='word_1_433' title='bbox 3479 1757 3612 1830; x_wconf 91' lang='lat' dir='ltr'><strong>pelit</strong></span> <span class='ocrx_word' id='word_1_434' title='bbox 3634 1757 3771 1827; x_wconf 85' lang='lat' dir='ltr'><strong>albis,</strong></span> 
     </span>
    </p>
   </div>
   <div class='ocr_carea' id='block_1_79' title="bbox 2373 1845 3522 1906">
    <p class='ocr_par' dir='ltr' id='par_1_79' title="bbox 2373 1845 3522 1906">
     <span class='ocr_line' id='line_1_79' title="bbox 2373 1845 3522 1906; baseline -0.005 0"><span class='ocrx_word' id='word_1_435' title='bbox 2373 1849 2485 1905; x_wconf 88' lang='lat' dir='ltr'><strong>Sed</strong></span> <span class='ocrx_word' id='word_1_436' title='bbox 2517 1853 2662 1906; x_wconf 89' lang='lat' dir='ltr'><strong>nutu</strong></span> <span class='ocrx_word' id='word_1_437' title='bbox 2695 1849 2926 1906; x_wconf 89' lang='lat' dir='ltr'><strong>Domini</strong></span> <span class='ocrx_word' id='word_1_438' title='bbox 2957 1849 3146 1904; x_wconf 85' lang='lat' dir='ltr'><strong>defuit</strong></span> <span class='ocrx_word' id='word_1_439' title='bbox 3177 1845 3522 1902; x_wconf 53' lang='lat' dir='ltr'><strong>altithroni;</strong></span> 
     </span>
    </p>
   </div>
   <div class='ocr_carea' id='block_1_80' title="bbox 2301 1935 3609 2010">
    <p class='ocr_par' dir='ltr' id='par_1_80' title="bbox 2301 1935 3609 2010">
     <span class='ocr_line' id='line_1_80' title="bbox 2301 1935 3609 2010; baseline -0.003 -16"><span class='ocrx_word' id='word_1_440' title='bbox 2301 1941 2466 1996; x_wconf 89' lang='lat' dir='ltr'><strong>Tunc</strong></span> <span class='ocrx_word' id='word_1_441' title='bbox 2494 1941 2582 1996; x_wconf 91' lang='lat' dir='ltr'><strong>vir</strong></span> <span class='ocrx_word' id='word_1_442' title='bbox 2611 1957 2876 2008; x_wconf 87' lang='lat' dir='ltr'><strong>securus,</strong></span> <span class='ocrx_word' id='word_1_443' title='bbox 2908 1937 3120 1995; x_wconf 87' lang='lat' dir='ltr'><strong>Christi</strong></span> <span class='ocrx_word' id='word_1_444' title='bbox 3155 1937 3372 2010; x_wconf 89' lang='lat' dir='ltr'><strong>pietate</strong></span> <span class='ocrx_word' id='word_1_445' title='bbox 3400 1935 3609 2001; x_wconf 85' lang='lat' dir='ltr'><strong>beatus,</strong></span> 
     </span>
    </p>
   </div>
   <div class='ocr_carea' id='block_1_81' title="bbox 2373 2025 3386 2102">
    <p class='ocr_par' dir='ltr' id='par_1_81' title="bbox 2373 2025 3386 2102">
     <span class='ocr_line' id='line_1_81' title="bbox 2373 2025 3386 2102; baseline -0.005 -18"><span class='ocrx_word' id='word_1_446' title='bbox 2373 2029 2566 2085; x_wconf 88' lang='lat' dir='ltr'><strong>Unum</strong></span> <span class='ocrx_word' id='word_1_447' title='bbox 2599 2030 2668 2085; x_wconf 91' lang='lat' dir='ltr'><strong>de</strong></span> <span class='ocrx_word' id='word_1_448' title='bbox 2696 2027 2892 2102; x_wconf 89' lang='lat' dir='ltr'><strong>pueris</strong></span> <span class='ocrx_word' id='word_1_449' title='bbox 2921 2027 3083 2084; x_wconf 88' lang='lat' dir='ltr'><strong>ocius</strong></span> <span class='ocrx_word' id='word_1_450' title='bbox 3113 2025 3386 2100; x_wconf 77' lang='lat' dir='ltr'><strong>egregiis,</strong></span> 
     </span>
    </p>
   </div>
   <div class='ocr_carea' id='block_1_82' title="bbox 2305 2114 3686 2189">
    <p class='ocr_par' dir='ltr' id='par_1_82' title="bbox 2305 2114 3686 2189">
     <span class='ocr_line' id='line_1_82' title="bbox 2305 2114 3686 2189; baseline -0.004 -16"><span class='ocrx_word' id='word_1_451' title='bbox 2305 2117 2377 2173; x_wconf 88' lang='lat' dir='ltr'><strong>Ut</strong></span> <span class='ocrx_word' id='word_1_452' title='bbox 2405 2118 2516 2172; x_wconf 87' lang='lat' dir='ltr'><strong>sibi</strong></span> <span class='ocrx_word' id='word_1_453' title='bbox 2547 2118 2794 2174; x_wconf 85' lang='lat' dir='ltr'><strong>deferret</strong></span> <span class='ocrx_word' id='word_1_454' title='bbox 2821 2117 3065 2189; x_wconf 79' lang='lat' dir='ltr'><strong>virgam,</strong></span> <span class='ocrx_word' id='word_1_455' title='bbox 3103 2114 3285 2182; x_wconf 89' lang='lat' dir='ltr'><strong>misit,</strong></span> <span class='ocrx_word' id='word_1_456' title='bbox 3319 2117 3686 2178; x_wconf 87' lang='lat' dir='ltr'><strong>memoratam,</strong></span> 
     </span>
    </p>
   </div>
   <div class='ocr_carea' id='block_1_83' title="bbox 2374 2202 3608 2279">
    <p class='ocr_par' dir='ltr' id='par_1_83' title="bbox 2374 2202 3608 2279">
     <span class='ocr_line' id='line_1_83' title="bbox 2374 2202 3608 2279; baseline -0.006 -16"><span class='ocrx_word' id='word_1_457' title='bbox 2374 2209 2559 2272; x_wconf 89' lang='lat' dir='ltr'><strong>Quam</strong></span> <span class='ocrx_word' id='word_1_458' title='bbox 2590 2223 2718 2264; x_wconf 85' lang='lat' dir='ltr'><strong>sero</strong></span> <span class='ocrx_word' id='word_1_459' title='bbox 2750 2206 3051 2279; x_wconf 89' lang='lat' dir='ltr'><strong>proprium</strong></span> <span class='ocrx_word' id='word_1_460' title='bbox 3082 2205 3209 2259; x_wconf 78' lang='lat' dir='ltr'><strong>fixit</strong></span> <span class='ocrx_word' id='word_1_461' title='bbox 3237 2202 3608 2259; x_wconf 85' lang='lat' dir='ltr'><strong>in&#39;atriolum.</strong></span> 
     </span>
    </p>
   </div>
   <div class='ocr_carea' id='block_1_84' title="bbox 2303 2291 3730 2368">
    <p class='ocr_par' dir='ltr' id='par_1_84' title="bbox 2303 2291 3730 2368">
     <span class='ocr_line' id='line_1_84' title="bbox 2303 2291 3730 2368; baseline -0.006 -17"><span class='ocrx_word' id='word_1_462' title='bbox 2303 2295 2432 2363; x_wconf 88' lang='lat' dir='ltr'><strong>Qui,</strong></span> <span class='ocrx_word' id='word_1_463' title='bbox 2467 2313 2643 2351; x_wconf 90' lang='lat' dir='ltr'><strong>cursu</strong></span> <span class='ocrx_word' id='word_1_464' title='bbox 2675 2295 2897 2368; x_wconf 91' lang='lat' dir='ltr'><strong>rapido,</strong></span> <span class='ocrx_word' id='word_1_465' title='bbox 2931 2292 3194 2350; x_wconf 86' lang='lat' dir='ltr'><strong>saliendo</strong></span> <span class='ocrx_word' id='word_1_466' title='bbox 3225 2309 3332 2364; x_wconf 88' lang='lat' dir='ltr'><strong>per</strong></span> <span class='ocrx_word' id='word_1_467' title='bbox 3359 2291 3591 2347; x_wconf 87' lang='lat' dir='ltr'><strong>herbida</strong></span> <span class='ocrx_word' id='word_1_468' title='bbox 3618 2306 3730 2344; x_wconf 83' lang='lat' dir='ltr'><strong>rura</strong></span> 
     </span>
    </p>
   </div>
   <div class='ocr_carea' id='block_1_85' title="bbox 2373 2378 3630 2455">
    <p class='ocr_par' dir='ltr' id='par_1_85' title="bbox 2373 2378 3630 2455">
     <span class='ocr_line' id='line_1_85' title="bbox 2373 2378 3630 2455; baseline -0.004 -15"><span class='ocrx_word' id='word_1_469' title='bbox 2373 2385 2722 2442; x_wconf 89' lang='lat' dir='ltr'><strong>Circumfert</strong></span> <span class='ocrx_word' id='word_1_470' title='bbox 2743 2383 3004 2440; x_wconf 89' lang='lat' dir='ltr'><strong>lubricos</strong></span> <span class='ocrx_word' id='word_1_471' title='bbox 3033 2387 3209 2454; x_wconf 88' lang='lat' dir='ltr'><strong>atque</strong></span> <span class='ocrx_word' id='word_1_472' title='bbox 3238 2397 3417 2455; x_wconf 87' lang='lat' dir='ltr'><strong>vagos</strong></span> <span class='ocrx_word' id='word_1_473' title='bbox 3446 2378 3630 2436; x_wconf 87' lang='lat' dir='ltr'><strong>oculos</strong></span> 
     </span>
    </p>
   </div>
   <div class='ocr_carea' id='block_1_86' title="bbox 2304 2467 3720 2547">
    <p class='ocr_par' dir='ltr' id='par_1_86' title="bbox 2304 2467 3720 2547">
     <span class='ocr_line' id='line_1_86' title="bbox 2304 2467 3720 2547; baseline -0.007 -16"><span class='ocrx_word' id='word_1_474' title='bbox 2304 2475 2613 2547; x_wconf 90' lang='lat' dir='ltr'><strong>Inquirens</strong></span> <span class='ocrx_word' id='word_1_475' title='bbox 2647 2472 2922 2530; x_wconf 88' lang='lat' dir='ltr'><strong>baculum</strong></span> <span class='ocrx_word' id='word_1_476' title='bbox 2954 2476 3122 2527; x_wconf 76' lang='lat' dir='ltr'><strong>terrm</strong></span> <span class='ocrx_word' id='word_1_477' title='bbox 3149 2475 3414 2542; x_wconf 82' lang='lat' dir='ltr'><strong>tempore</strong></span> <span class='ocrx_word' id='word_1_478' title='bbox 3441 2467 3720 2540; x_wconf 88' lang='lat' dir='ltr'><strong>sepultum,</strong></span> 
     </span>
    </p>
   </div>
   <div class='ocr_carea' id='block_1_87' title="bbox 2375 2559 3481 2634">
    <p class='ocr_par' dir='ltr' id='par_1_87' title="bbox 2375 2559 3481 2634">
     <span class='ocr_line' id='line_1_87' title="bbox 2375 2559 3481 2634; baseline -0.005 -14"><span class='ocrx_word' id='word_1_479' title='bbox 2375 2565 2715 2620; x_wconf 60' lang='lat' dir='ltr'><strong>Et&#39;nactum</strong></span> <span class='ocrx_word' id='word_1_480' title='bbox 2746 2561 2952 2618; x_wconf 86' lang='lat' dir='ltr'><strong>tractis</strong></span> <span class='ocrx_word' id='word_1_481' title='bbox 2983 2559 3230 2634; x_wconf 90' lang='lat' dir='ltr'><strong>arripuit</strong></span> <span class='ocrx_word' id='word_1_482' title='bbox 3260 2559 3481 2633; x_wconf 83' lang='lat' dir='ltr'><strong>digitis,</strong></span> 
     </span>
    </p>
   </div>
   <div class='ocr_carea' id='block_1_88' title="bbox 2304 2650 3695 2724">
    <p class='ocr_par' dir='ltr' id='par_1_88' title="bbox 2304 2650 3695 2724">
     <span class='ocr_line' id='line_1_88' title="bbox 2304 2650 3695 2724; baseline -0.007 -15"><span class='ocrx_word' id='word_1_483' title='bbox 2304 2652 2681 2724; x_wconf 80' lang='lat' dir='ltr'><strong>Extraxitque</strong></span> <span class='ocrx_word' id='word_1_484' title='bbox 2711 2650 2854 2716; x_wconf 90' lang='lat' dir='ltr'><strong>solo,</strong></span> <span class='ocrx_word' id='word_1_485' title='bbox 2888 2665 3066 2723; x_wconf 87' lang='lat' dir='ltr'><strong>parva</strong></span> <span class='ocrx_word' id='word_1_486' title='bbox 3095 2652 3436 2704; x_wconf 89' lang='lat' dir='ltr'><strong>remanente</strong></span> <span class='ocrx_word' id='word_1_487' title='bbox 3460 2662 3695 2711; x_wconf 86' lang='lat' dir='ltr'><strong>caverna,</strong></span> 
     </span>
    </p>
   </div>
   <div class='ocr_carea' id='block_1_89' title="bbox 2378 2733 3668 2812">
    <p class='ocr_par' dir='ltr' id='par_1_89' title="bbox 2378 2733 3668 2812">
     <span class='ocr_line' id='line_1_89' title="bbox 2378 2733 3668 2812; baseline -0.007 -14"><span class='ocrx_word' id='word_1_488' title='bbox 2378 2743 2514 2798; x_wconf 91' lang='lat' dir='ltr'><strong>Post</strong></span> <span class='ocrx_word' id='word_1_489' title='bbox 2541 2741 2663 2798; x_wconf 67' lang='lat' dir='ltr'><strong>bsic</strong></span> <span class='ocrx_word' id='word_1_490' title='bbox 2682 2740 3066 2812; x_wconf 86' lang='lat' dir='ltr'><strong>conspicuum</strong></span> <span class='ocrx_word' id='word_1_491' title='bbox 3098 2741 3164 2792; x_wconf 92' lang='lat' dir='ltr'><strong>ut</strong></span> <span class='ocrx_word' id='word_1_492' title='bbox 3189 2737 3405 2793; x_wconf 88' lang='lat' dir='ltr'><strong>faceret</strong></span> <span class='ocrx_word' id='word_1_493' title='bbox 3433 2733 3668 2801; x_wconf 88' lang='lat' dir='ltr'><strong>titulum,</strong></span> 
     </span>
    </p>
   </div>
   <div class='ocr_carea' id='block_1_90' title="bbox 2306 2825 3584 2903">
    <p class='ocr_par' dir='ltr' id='par_1_90' title="bbox 2306 2825 3584 2903">
     <span class='ocr_line' id='line_1_90' title="bbox 2306 2825 3584 2903; baseline -0.005 -16"><span class='ocrx_word' id='word_1_494' title='bbox 2306 2831 2472 2888; x_wconf 91' lang='lat' dir='ltr'><strong>Certo</strong></span> <span class='ocrx_word' id='word_1_495' title='bbox 2505 2846 2620 2903; x_wconf 91' lang='lat' dir='ltr'><strong>quo</strong></span> <span class='ocrx_word' id='word_1_496' title='bbox 2652 2829 2801 2886; x_wconf 84' lang='lat' dir='ltr'><strong>facto</strong></span> <span class='ocrx_word' id='word_1_497' title='bbox 2833 2827 3046 2884; x_wconf 88' lang='lat' dir='ltr'><strong>cecidit</strong></span> <span class='ocrx_word' id='word_1_498' title='bbox 3077 2825 3371 2882; x_wconf 87' lang='lat' dir='ltr'><strong>nubecula</strong></span> <span class='ocrx_word' id='word_1_499' title='bbox 3401 2841 3584 2898; x_wconf 84' lang='lat' dir='ltr'><strong>parva,</strong></span> 
     </span>
    </p>
   </div>
   <div class='ocr_carea' id='block_1_91' title="bbox 2377 2914 3523 2996">
    <p class='ocr_par' dir='ltr' id='par_1_91' title="bbox 2377 2914 3490 2988">
     <span class='ocr_line' id='line_1_91' title="bbox 2377 2914 3490 2988; baseline -0.007 -12"><span class='ocrx_word' id='word_1_500' title='bbox 2377 2923 2512 2988; x_wconf 65' lang='lat' dir='ltr'><strong>Quae</strong></span> <span class='ocrx_word' id='word_1_501' title='bbox 2533 2919 2782 2975; x_wconf 87' lang='lat' dir='ltr'><strong>volitans</strong></span> <span class='ocrx_word' id='word_1_502' title='bbox 2813 2935 2958 2973; x_wconf 89' lang='lat' dir='ltr'><strong>aura</strong></span> <span class='ocrx_word' id='word_1_503' title='bbox 2987 2921 3121 2972; x_wconf 90' lang='lat' dir='ltr'><strong>ante</strong></span> <span class='ocrx_word' id='word_1_504' title='bbox 3151 2914 3260 2971; x_wconf 85' lang='lat' dir='ltr'><strong>fuit</strong></span> <span class='ocrx_word' id='word_1_505' title='bbox 3289 2931 3490 2980; x_wconf 88' lang='lat' dir='ltr'><strong>vacua,</strong></span> 
     </span>
    </p>
   </div>
   <div class='ocr_carea' id='block_1_92' title="bbox 2308 2999 3603 3077">
    <p class='ocr_par' dir='ltr' id='par_1_92' title="bbox 2308 2999 3603 3077">
     <span class='ocr_line' id='line_1_92' title="bbox 2308 2999 3603 3077; baseline -0.01 -11"><span class='ocrx_word' id='word_1_506' title='bbox 2308 3007 2533 3066; x_wconf 87' lang='lat' dir='ltr'><strong>Evomit</strong></span> <span class='ocrx_word' id='word_1_507' title='bbox 2561 3013 2617 3064; x_wconf 89' lang='lat' dir='ltr'><strong>et</strong></span> <span class='ocrx_word' id='word_1_508' title='bbox 2643 3005 2904 3062; x_wconf 86' lang='lat' dir='ltr'><strong>tumidas</strong></span> <span class='ocrx_word' id='word_1_509' title='bbox 2935 3005 3064 3077; x_wconf 91' lang='lat' dir='ltr'><strong>ipso</strong></span> <span class='ocrx_word' id='word_1_510' title='bbox 3096 3005 3369 3076; x_wconf 87' lang='lat' dir='ltr'><strong>disrupta</strong></span> <span class='ocrx_word' id='word_1_511' title='bbox 3397 2999 3603 3065; x_wconf 89' lang='lat' dir='ltr'><strong>locello,</strong></span> 
     </span>
    </p>
   </div>
   <div class='ocr_carea' id='block_1_93' title="bbox 2378 3089 3526 3168">
    <p class='ocr_par' dir='ltr' id='par_1_93' title="bbox 2378 3089 3526 3168">
     <span class='ocr_line' id='line_1_93' title="bbox 2378 3089 3526 3168; baseline -0.009 -14"><span class='ocrx_word' id='word_1_512' title='bbox 2378 3097 2577 3154; x_wconf 89' lang='lat' dir='ltr'><strong>Undas</strong></span> <span class='ocrx_word' id='word_1_513' title='bbox 2606 3093 2930 3168; x_wconf 73' lang='lat' dir='ltr'><strong>praescripti</strong></span> <span class='ocrx_word' id='word_1_514' title='bbox 2963 3093 3214 3164; x_wconf 87' lang='lat' dir='ltr'><strong>denique</strong></span> <span class='ocrx_word' id='word_1_515' title='bbox 3247 3089 3526 3157; x_wconf 87' lang='lat' dir='ltr'><strong>fonticuli,</strong></span> 
     </span>
    </p>
   </div>
   <div class='ocr_carea' id='block_1_94' title="bbox 2225 3172 3774 3254">
    <p class='ocr_par' dir='ltr' id='par_1_94' title="bbox 2225 3172 3774 3254">
     <span class='ocr_line' id='line_1_94' title="bbox 2225 3172 3774 3254; baseline -0.006 -16"><span class='ocrx_word' id='word_1_516' title='bbox 2225 3172 2270 3238; x_wconf 84' lang='lat' dir='ltr'><strong>C</strong></span> <span class='ocrx_word' id='word_1_517' title='bbox 2310 3189 2616 3244; x_wconf 89' lang='lat' dir='ltr'><strong>Mansuras</strong></span> <span class='ocrx_word' id='word_1_518' title='bbox 2647 3185 2922 3240; x_wconf 82' lang='lat' dir='ltr'><strong>scatebras</strong></span> <span class='ocrx_word' id='word_1_519' title='bbox 2953 3199 3131 3238; x_wconf 90' lang='lat' dir='ltr'><strong>venas</strong></span> <span class='ocrx_word' id='word_1_520' title='bbox 3162 3196 3400 3254; x_wconf 89' lang='lat' dir='ltr'><strong>quoque</strong></span> <span class='ocrx_word' id='word_1_521' title='bbox 3427 3179 3544 3234; x_wconf 82' lang='lat' dir='ltr'><strong>ﬁxit</strong></span> <span class='ocrx_word' id='word_1_522' title='bbox 3570 3193 3774 3249; x_wconf 70' lang='lat' dir='ltr'><strong>aquosae,</strong></span> 
     </span>
    </p>
   </div>
   <div class='ocr_carea' id='block_1_95' title="bbox 2377 3270 3428 3348">
    <p class='ocr_par' dir='ltr' id='par_1_95' title="bbox 2377 3270 3428 3348">
     <span class='ocr_line' id='line_1_95' title="bbox 2377 3270 3428 3348; baseline -0.004 -20"><span class='ocrx_word' id='word_1_523' title='bbox 2377 3273 2620 3348; x_wconf 84' lang='lat' dir='ltr'><strong>Virgula</strong></span> <span class='ocrx_word' id='word_1_524' title='bbox 2646 3273 2880 3346; x_wconf 75' lang='lat' dir='ltr'><strong>prmﬁxa</strong></span> <span class='ocrx_word' id='word_1_525' title='bbox 2909 3288 3024 3344; x_wconf 92' lang='lat' dir='ltr'><strong>quo</strong></span> <span class='ocrx_word' id='word_1_526' title='bbox 3059 3271 3169 3326; x_wconf 90' lang='lat' dir='ltr'><strong>fuit</strong></span> <span class='ocrx_word' id='word_1_527' title='bbox 3195 3270 3428 3342; x_wconf 83' lang='lat' dir='ltr'><strong>exigua.</strong></span> 
     </span>
    </p>
   </div>
   <div class='ocr_carea' id='block_1_96' title="bbox 2306 3350 3774 3436">
    <p class='ocr_par' dir='ltr' id='par_1_96' title="bbox 2306 3350 3774 3436">
     <span class='ocr_line' id='line_1_96' title="bbox 2306 3350 3774 3436; baseline -0.01 -16"><span class='ocrx_word' id='word_1_528' title='bbox 2306 3366 2380 3420; x_wconf 89' lang='lat' dir='ltr'><strong>At</strong></span> <span class='ocrx_word' id='word_1_529' title='bbox 2407 3381 2553 3436; x_wconf 90' lang='lat' dir='ltr'><strong>puer</strong></span> <span class='ocrx_word' id='word_1_530' title='bbox 2582 3360 2906 3434; x_wconf 90' lang='lat' dir='ltr'><strong>obstupuit,</strong></span> <span class='ocrx_word' id='word_1_531' title='bbox 2938 3375 3256 3430; x_wconf 90' lang='lat' dir='ltr'><strong>vocemque</strong></span> <span class='ocrx_word' id='word_1_532' title='bbox 3291 3375 3397 3430; x_wconf 89' lang='lat' dir='ltr'><strong>per</strong></span> <span class='ocrx_word' id='word_1_533' title='bbox 3425 3373 3551 3412; x_wconf 88' lang='lat' dir='ltr'><strong>aera</strong></span> <span class='ocrx_word' id='word_1_534' title='bbox 3577 3350 3774 3426; x_wconf 85' lang='lat' dir='ltr'><strong>spargit.</strong></span> 
     </span>
    </p>
   </div>
   <div class='ocr_carea' id='block_1_97' title="bbox 2379 3445 3589 3518">
    <p class='ocr_par' dir='ltr' id='par_1_97' title="bbox 2379 3445 3589 3518">
     <span class='ocr_line' id='line_1_97' title="bbox 2379 3445 3589 3518; baseline -0.009 -9"><span class='ocrx_word' id='word_1_535' title='bbox 2379 3451 2644 3509; x_wconf 90' lang='lat' dir='ltr'><strong>Suadens</strong></span> <span class='ocrx_word' id='word_1_536' title='bbox 2675 3448 2965 3504; x_wconf 88' lang='lat' dir='ltr'><strong>militibus</strong></span> <span class='ocrx_word' id='word_1_537' title='bbox 2996 3464 3228 3502; x_wconf 90' lang='lat' dir='ltr'><strong>currere</strong></span> <span class='ocrx_word' id='word_1_538' title='bbox 3245 3448 3376 3518; x_wconf 86' lang='lat' dir='ltr'><strong>jam</strong></span> <span class='ocrx_word' id='word_1_539' title='bbox 3409 3445 3589 3508; x_wconf 88' lang='lat' dir='ltr'><strong>citius,</strong></span> 
     </span>
    </p>
   </div>
   <div class='ocr_carea' id='block_1_98' title="bbox 2309 3535 3532 3613">
    <p class='ocr_par' dir='ltr' id='par_1_98' title="bbox 2309 3535 3532 3613">
     <span class='ocr_line' id='line_1_98' title="bbox 2309 3535 3532 3613; baseline -0.009 -14"><span class='ocrx_word' id='word_1_540' title='bbox 2309 3543 2432 3599; x_wconf 89' lang='lat' dir='ltr'><strong>Illis</strong></span> <span class='ocrx_word' id='word_1_541' title='bbox 2462 3545 2636 3613; x_wconf 86' lang='lat' dir='ltr'><strong>atque</strong></span> <span class='ocrx_word' id='word_1_542' title='bbox 2665 3537 2796 3594; x_wconf 89' lang='lat' dir='ltr'><strong>novi</strong></span> <span class='ocrx_word' id='word_1_543' title='bbox 2827 3536 3085 3592; x_wconf 87' lang='lat' dir='ltr'><strong>narravit</strong></span> <span class='ocrx_word' id='word_1_544' title='bbox 3114 3535 3334 3607; x_wconf 82' lang='lat' dir='ltr'><strong>gaudia</strong></span> <span class='ocrx_word' id='word_1_545' title='bbox 3363 3535 3532 3607; x_wconf 84' lang='lat' dir='ltr'><strong>signi,</strong></span> 
     </span>
    </p>
   </div>
   <div class='ocr_carea' id='block_1_99' title="bbox 2380 3623 3464 3698">
    <p class='ocr_par' dir='ltr' id='par_1_99' title="bbox 2380 3623 3464 3698">
     <span class='ocr_line' id='line_1_99' title="bbox 2380 3623 3464 3698; baseline -0.006 -12"><span class='ocrx_word' id='word_1_546' title='bbox 2380 3634 2514 3698; x_wconf 66' lang='lat' dir='ltr'><strong>Quae</strong></span> <span class='ocrx_word' id='word_1_547' title='bbox 2546 3646 2645 3684; x_wconf 90' lang='lat' dir='ltr'><strong>rex</strong></span> <span class='ocrx_word' id='word_1_548' title='bbox 2674 3625 2897 3682; x_wconf 61' lang='lat' dir='ltr'><strong>militia:</strong></span> <span class='ocrx_word' id='word_1_549' title='bbox 2930 3624 3138 3681; x_wconf 88' lang='lat' dir='ltr'><strong>annuit</strong></span> <span class='ocrx_word' id='word_1_550' title='bbox 3166 3623 3464 3696; x_wconf 63' lang='lat' dir='ltr'><strong>angelicae,</strong></span> 
     </span>
    </p>
   </div>
   <div class='ocr_carea' id='block_1_100' title="bbox 2311 3705 3683 3786">
    <p class='ocr_par' dir='ltr' id='par_1_100' title="bbox 2311 3705 3683 3786">
     <span class='ocr_line' id='line_1_100' title="bbox 2311 3705 3683 3786; baseline -0.014 -8"><span class='ocrx_word' id='word_1_551' title='bbox 2311 3723 2464 3778; x_wconf 91' lang='lat' dir='ltr'><strong>Dum</strong></span> <span class='ocrx_word' id='word_1_552' title='bbox 2495 3716 2690 3775; x_wconf 91' lang='lat' dir='ltr'><strong>subito</strong></span> <span class='ocrx_word' id='word_1_553' title='bbox 2722 3713 2939 3781; x_wconf 89' lang='lat' dir='ltr'><strong>cuncti,</strong></span> <span class='ocrx_word' id='word_1_554' title='bbox 2973 3717 3132 3768; x_wconf 90' lang='lat' dir='ltr'><strong>tanto</strong></span> <span class='ocrx_word' id='word_1_555' title='bbox 3165 3713 3339 3786; x_wconf 84' lang='lat' dir='ltr'><strong>signo</strong></span> <span class='ocrx_word' id='word_1_556' title='bbox 3373 3705 3683 3770; x_wconf 86' lang='lat' dir='ltr'><strong>tremefacti,</strong></span> 
     </span>
    </p>
   </div>
   <div class='ocr_carea' id='block_1_101' title="bbox 2383 3800 3537 3873">
    <p class='ocr_par' dir='ltr' id='par_1_101' title="bbox 2383 3800 3537 3873">
     <span class='ocr_line' id='line_1_101' title="bbox 2383 3800 3537 3873; baseline -0.008 -9"><span class='ocrx_word' id='word_1_557' title='bbox 2383 3807 2623 3865; x_wconf 91' lang='lat' dir='ltr'><strong>Tollunt</strong></span> <span class='ocrx_word' id='word_1_558' title='bbox 2648 3805 2931 3860; x_wconf 86' lang='lat' dir='ltr'><strong>mirantes</strong></span> <span class='ocrx_word' id='word_1_559' title='bbox 2962 3803 3036 3858; x_wconf 88' lang='lat' dir='ltr'><strong>ad</strong></span> <span class='ocrx_word' id='word_1_560' title='bbox 3063 3818 3312 3873; x_wconf 89' lang='lat' dir='ltr'><strong>superos</strong></span> <span class='ocrx_word' id='word_1_561' title='bbox 3347 3800 3537 3863; x_wconf 84' lang='lat' dir='ltr'><strong>facies,</strong></span> 
     </span>
    </p>
   </div>
   <div class='ocr_carea' id='block_1_102' title="bbox 2313 3886 3654 3970">
    <p class='ocr_par' dir='ltr' id='par_1_102' title="bbox 2313 3886 3654 3970">
     <span class='ocr_line' id='line_1_102' title="bbox 2313 3886 3654 3970; baseline -0.006 -16"><span class='ocrx_word' id='word_1_562' title='bbox 2313 3896 2704 3970; x_wconf 85' lang='lat' dir='ltr'><strong>Expassisque</strong></span> <span class='ocrx_word' id='word_1_563' title='bbox 2732 3891 2856 3949; x_wconf 90' lang='lat' dir='ltr'><strong>suis</strong></span> <span class='ocrx_word' id='word_1_564' title='bbox 2878 3909 3080 3947; x_wconf 88' lang='lat' dir='ltr'><strong>omnes</strong></span> <span class='ocrx_word' id='word_1_565' title='bbox 3113 3891 3184 3946; x_wconf 86' lang='lat' dir='ltr'><strong>ad</strong></span> <span class='ocrx_word' id='word_1_566' title='bbox 3218 3891 3414 3947; x_wconf 70' lang='lat' dir='ltr'><strong>sidera</strong></span> <span class='ocrx_word' id='word_1_567' title='bbox 3443 3886 3654 3962; x_wconf 80' lang='lat' dir='ltr'><strong>palmis.</strong></span> 
     </span>
    </p>
   </div>
   <div class='ocr_carea' id='block_1_103' title="bbox 2385 3979 3548 4043">
    <p class='ocr_par' dir='ltr' id='par_1_103' title="bbox 2385 3979 3548 4043">
     <span class='ocr_line' id='line_1_103' title="bbox 2385 3979 3548 4043; baseline -0.009 -1"><span class='ocrx_word' id='word_1_568' title='bbox 2385 3985 2651 4042; x_wconf 89' lang='lat' dir='ltr'><strong>Laudum</strong></span> <span class='ocrx_word' id='word_1_569' title='bbox 2681 3980 3011 4038; x_wconf 89' lang='lat' dir='ltr'><strong>carminula</strong></span> <span class='ocrx_word' id='word_1_570' title='bbox 3039 3979 3394 4035; x_wconf 89' lang='lat' dir='ltr'><strong>concinuere</strong></span> <span class='ocrx_word' id='word_1_571' title='bbox 3422 3979 3548 4043; x_wconf 90' lang='lat' dir='ltr'><strong>Deo,</strong></span> 
     </span>
    </p>
   </div>
   <div class='ocr_carea' id='block_1_104' title="bbox 2313 4065 3706 4146">
    <p class='ocr_par' dir='ltr' id='par_1_104' title="bbox 2313 4065 3706 4146">
     <span class='ocr_line' id='line_1_104' title="bbox 2313 4065 3706 4146; baseline -0.013 -14"><span class='ocrx_word' id='word_1_572' title='bbox 2313 4077 2478 4140; x_wconf 91' lang='lat' dir='ltr'><strong>Ecce,</strong></span> <span class='ocrx_word' id='word_1_573' title='bbox 2511 4069 2808 4146; x_wconf 86' lang='lat' dir='ltr'><strong>palatinus</strong></span> <span class='ocrx_word' id='word_1_574' title='bbox 2839 4069 3064 4142; x_wconf 89' lang='lat' dir='ltr'><strong>pelvem</strong></span> <span class='ocrx_word' id='word_1_575' title='bbox 3097 4068 3375 4124; x_wconf 87' lang='lat' dir='ltr'><strong>manibus</strong></span> <span class='ocrx_word' id='word_1_576' title='bbox 3406 4065 3533 4122; x_wconf 91' lang='lat' dir='ltr'><strong>tulit</strong></span> <span class='ocrx_word' id='word_1_577' title='bbox 3559 4077 3706 4125; x_wconf 80' lang='lat' dir='ltr'><strong>unus,</strong></span> 
     </span>
    </p>
   </div>
   <div class='ocr_carea' id='block_1_105' title="bbox 2386 4149 3616 4235">
    <p class='ocr_par' dir='ltr' id='par_1_105' title="bbox 2386 4149 3616 4235">
     <span class='ocr_line' id='line_1_105' title="bbox 2386 4149 3616 4235; baseline -0.009 -15"><span class='ocrx_word' id='word_1_578' title='bbox 2386 4160 2652 4235; x_wconf 88' lang='lat' dir='ltr'><strong>Implevit</strong></span> <span class='ocrx_word' id='word_1_579' title='bbox 2679 4149 2920 4233; x_wconf 64' lang='lat' dir='ltr'><strong>l§mpha</strong></span> <span class='ocrx_word' id='word_1_580' title='bbox 2947 4173 3122 4230; x_wconf 89' lang='lat' dir='ltr'><strong>quem</strong></span> <span class='ocrx_word' id='word_1_581' title='bbox 3153 4157 3267 4213; x_wconf 89' lang='lat' dir='ltr'><strong>cito</strong></span> <span class='ocrx_word' id='word_1_582' title='bbox 3295 4155 3616 4228; x_wconf 87' lang='lat' dir='ltr'><strong>conspicua,</strong></span> 
     </span>
    </p>
   </div>
   <div class='ocr_carea' id='block_1_106' title="bbox 2316 4233 3856 4321">
    <p class='ocr_par' dir='ltr' id='par_1_106' title="bbox 2316 4233 3856 4321">
     <span class='ocr_line' id='line_1_106' title="bbox 2316 4233 3856 4321; baseline -0.014 -11"><span class='ocrx_word' id='word_1_583' title='bbox 2316 4256 2358 4310; x_wconf 82' lang='grc' dir='ltr'><strong>ι</strong></span> <span class='ocrx_word' id='word_1_584' title='bbox 2369 4255 2409 4309; x_wconf 87' lang='lat' dir='ltr'><strong>l</strong></span> <span class='ocrx_word' id='word_1_585' title='bbox 2420 4255 2462 4308; x_wconf 81' lang='lat' dir='ltr'><strong>I</strong></span> <span class='ocrx_word' id='word_1_586' title='bbox 2478 4233 2635 4307; x_wconf 67' lang='lat' dir='ltr'><strong>Leito</strong></span> <span class='ocrx_word' id='word_1_587' title='bbox 2648 4247 2996 4321; x_wconf 78' lang='lat' dir='ltr'><strong>Gangolfum</strong></span> <span class='ocrx_word' id='word_1_588' title='bbox 3008 4244 3172 4303; x_wconf 89' lang='lat' dir='ltr'><strong>vultu</strong></span> <span class='ocrx_word' id='word_1_589' title='bbox 3185 4261 3419 4318; x_wconf 91' lang='lat' dir='ltr'><strong>quoque</strong></span> <span class='ocrx_word' id='word_1_590' title='bbox 3432 4237 3674 4318; x_wconf 76' lang='lat' dir='ltr'><strong>pergitad</strong></span> <span class='ocrx_word' id='word_1_591' title='bbox 3685 4233 3856 4290; x_wconf 76' lang='lat' dir='ltr'><strong>almum.</strong></span> 
     </span>
    </p>
   </div>
   <div class='ocr_carea' id='block_1_107' title="bbox 2387 4332 3586 4409">
    <p class='ocr_par' dir='ltr' id='par_1_107' title="bbox 2387 4332 3586 4409">
     <span class='ocr_line' id='line_1_107' title="bbox 2387 4332 3586 4409; baseline -0.013 -11"><span class='ocrx_word' id='word_1_592' title='bbox 2387 4342 2462 4399; x_wconf 91' lang='lat' dir='ltr'><strong>Ut</strong></span> <span class='ocrx_word' id='word_1_593' title='bbox 2491 4339 2726 4396; x_wconf 90' lang='lat' dir='ltr'><strong>sibimet</strong></span> <span class='ocrx_word' id='word_1_594' title='bbox 2754 4336 2990 4409; x_wconf 84' lang='lat' dir='ltr'><strong>signum</strong></span> <span class='ocrx_word' id='word_1_595' title='bbox 3019 4335 3238 4390; x_wconf 87' lang='lat' dir='ltr'><strong>diceret</strong></span> <span class='ocrx_word' id='word_1_596' title='bbox 3269 4332 3586 4390; x_wconf 88' lang='lat' dir='ltr'><strong>insolitum.</strong></span> 
     </span>
    </p>
   </div>
   <div class='ocr_carea' id='block_1_108' title="bbox 2315 4423 3623 4500">
    <p class='ocr_par' dir='ltr' id='par_1_108' title="bbox 2315 4423 3623 4500">
     <span class='ocr_line' id='line_1_108' title="bbox 2315 4423 3623 4500; baseline -0.013 -11"><span class='ocrx_word' id='word_1_597' title='bbox 2315 4433 2404 4500; x_wconf 91' lang='lat' dir='ltr'><strong>Et,</strong></span> <span class='ocrx_word' id='word_1_598' title='bbox 2437 4444 2636 4486; x_wconf 88' lang='lat' dir='ltr'><strong>coram</strong></span> <span class='ocrx_word' id='word_1_599' title='bbox 2667 4430 2827 4482; x_wconf 89' lang='lat' dir='ltr'><strong>tanto</strong></span> <span class='ocrx_word' id='word_1_600' title='bbox 2854 4423 3185 4480; x_wconf 88' lang='lat' dir='ltr'><strong>subsistens</strong></span> <span class='ocrx_word' id='word_1_601' title='bbox 3217 4423 3406 4479; x_wconf 90' lang='lat' dir='ltr'><strong>fronte</strong></span> <span class='ocrx_word' id='word_1_602' title='bbox 3436 4433 3623 4478; x_wconf 87' lang='lat' dir='ltr'><strong>serena</strong></span> 
     </span>
    </p>
   </div>
   <div class='ocr_carea' id='block_1_109' title="bbox 2386 4509 3620 4584">
    <p class='ocr_par' dir='ltr' id='par_1_109' title="bbox 2386 4509 3620 4584">
     <span class='ocr_line' id='line_1_109' title="bbox 2386 4509 3620 4584; baseline -0.015 -7"><span class='ocrx_word' id='word_1_603' title='bbox 2386 4515 2656 4584; x_wconf 89' lang='lat' dir='ltr'><strong>Consule,</strong></span> <span class='ocrx_word' id='word_1_604' title='bbox 2691 4514 2764 4570; x_wconf 89' lang='lat' dir='ltr'><strong>de</strong></span> <span class='ocrx_word' id='word_1_605' title='bbox 2794 4516 2982 4570; x_wconf 89' lang='lat' dir='ltr'><strong>rostro</strong></span> <span class='ocrx_word' id='word_1_606' title='bbox 3013 4512 3136 4568; x_wconf 65' lang='lat' dir='ltr'><strong>hinc</strong></span> <span class='ocrx_word' id='word_1_607' title='bbox 3167 4511 3329 4568; x_wconf 88' lang='lat' dir='ltr'><strong>dedit</strong></span> <span class='ocrx_word' id='word_1_608' title='bbox 3359 4509 3580 4584; x_wconf 80' lang='lat' dir='ltr'><strong>egregio</strong></span> <span class='ocrx_word' id='word_1_609' title='bbox 3609 4523 3620 4559; x_wconf 94' lang='lat'>:</span> 
     </span>
    </p>
   </div>
   <div class='ocr_carea' id='block_1_110' title="bbox 2318 4598 3652 4675">
    <p class='ocr_par' dir='ltr' id='par_1_110' title="bbox 2318 4598 3652 4675">
     <span class='ocr_line' id='line_1_110' title="bbox 2318 4598 3652 4675; baseline -0.013 -9"><span class='ocrx_word' id='word_1_610' title='bbox 2318 4612 2528 4675; x_wconf 72' lang='lat' dir='ltr'><strong>Lmtus,</strong></span> <span class='ocrx_word' id='word_1_611' title='bbox 2562 4605 2665 4674; x_wconf 90' lang='lat' dir='ltr'><strong>ait,</strong></span> <span class='ocrx_word' id='word_1_612' title='bbox 2698 4602 2906 4658; x_wconf 90' lang='lat' dir='ltr'><strong>merito</strong></span> <span class='ocrx_word' id='word_1_613' title='bbox 2935 4618 3139 4656; x_wconf 88' lang='lat' dir='ltr'><strong>sumas</strong></span> <span class='ocrx_word' id='word_1_614' title='bbox 3169 4599 3470 4656; x_wconf 90' lang='lat' dir='ltr'><strong>rarissima</strong></span> <span class='ocrx_word' id='word_1_615' title='bbox 3498 4598 3652 4659; x_wconf 88' lang='lat' dir='ltr'><strong>dona,</strong></span> 
     </span>
    </p>
   </div>
   <div class='ocr_carea' id='block_1_111' title="bbox 2387 4689 3518 4765">
    <p class='ocr_par' dir='ltr' id='par_1_111' title="bbox 2387 4689 3518 4765">
     <span class='ocr_line' id='line_1_111' title="bbox 2387 4689 3518 4765; baseline -0.008 -13"><span class='ocrx_word' id='word_1_616' title='bbox 2387 4701 2522 4765; x_wconf 73' lang='lat' dir='ltr'><strong>Qua:</strong></span> <span class='ocrx_word' id='word_1_617' title='bbox 2549 4692 2656 4750; x_wconf 88' lang='lat' dir='ltr'><strong>tibi</strong></span> <span class='ocrx_word' id='word_1_618' title='bbox 2689 4709 2804 4748; x_wconf 90' lang='lat' dir='ltr'><strong>non</strong></span> <span class='ocrx_word' id='word_1_619' title='bbox 2835 4695 2990 4746; x_wconf 87' lang='lat' dir='ltr'><strong>terra</strong></span> <span class='ocrx_word' id='word_1_620' title='bbox 3015 4689 3266 4746; x_wconf 88' lang='lat' dir='ltr'><strong>contulit</strong></span> <span class='ocrx_word' id='word_1_621' title='bbox 3295 4690 3518 4764; x_wconf 82' lang='lat' dir='ltr'><strong>exigue,</strong></span> 
     </span>
    </p>
   </div>
   <div class='ocr_carea' id='block_1_112' title="bbox 2315 4765 3664 4856">
    <p class='ocr_par' dir='ltr' id='par_1_112' title="bbox 2315 4765 3664 4856">
     <span class='ocr_line' id='line_1_112' title="bbox 2315 4765 3664 4856; baseline -0.016 -10"><span class='ocrx_word' id='word_1_622' title='bbox 2315 4788 2428 4846; x_wconf 90' lang='lat' dir='ltr'><strong>Sed</strong></span> <span class='ocrx_word' id='word_1_623' title='bbox 2462 4786 2582 4842; x_wconf 81' lang='lat' dir='ltr'><strong>Rex</strong></span> <span class='ocrx_word' id='word_1_624' title='bbox 2611 4783 2738 4856; x_wconf 84' lang='lat' dir='ltr'><strong>ipse</strong></span> <span class='ocrx_word' id='word_1_625' title='bbox 2763 4779 2904 4854; x_wconf 88' lang='lat' dir='ltr'><strong>poli,</strong></span> <span class='ocrx_word' id='word_1_626' title='bbox 2936 4796 3172 4835; x_wconf 90' lang='lat' dir='ltr'><strong>summo</strong></span> <span class='ocrx_word' id='word_1_627' title='bbox 3203 4781 3275 4836; x_wconf 90' lang='lat' dir='ltr'><strong>de</strong></span> <span class='ocrx_word' id='word_1_628' title='bbox 3304 4765 3511 4836; x_wconf 85' lang='lat' dir='ltr'><strong>vertice</strong></span> <span class='ocrx_word' id='word_1_629' title='bbox 3538 4770 3664 4836; x_wconf 75' lang='lat' dir='ltr'><strong>cmli,</strong></span> 
     </span>
    </p>
   </div>
   <div class='ocr_carea' id='block_1_113' title="bbox 2388 4868 3515 4936">
    <p class='ocr_par' dir='ltr' id='par_1_113' title="bbox 2388 4868 3515 4936">
     <span class='ocr_line' id='line_1_113' title="bbox 2388 4868 3515 4936; baseline -0.012 -3"><span class='ocrx_word' id='word_1_630' title='bbox 2388 4876 2495 4933; x_wconf 88' lang='lat' dir='ltr'><strong>Per</strong></span> <span class='ocrx_word' id='word_1_631' title='bbox 2519 4871 2694 4929; x_wconf 90' lang='lat' dir='ltr'><strong>nubis</strong></span> <span class='ocrx_word' id='word_1_632' title='bbox 2723 4869 2941 4926; x_wconf 88' lang='lat' dir='ltr'><strong>mirum</strong></span> <span class='ocrx_word' id='word_1_633' title='bbox 2969 4868 3210 4936; x_wconf 83' lang='lat' dir='ltr'><strong>miserat</strong></span> <span class='ocrx_word' id='word_1_634' title='bbox 3238 4868 3515 4924; x_wconf 85' lang='lat' dir='ltr'><strong>ofﬁcium.</strong></span> 
     </span>
    </p>
   </div>
   <div class='ocr_carea' id='block_1_114' title="bbox 2318 4946 3856 5028">
    <p class='ocr_par' dir='ltr' id='par_1_114' title="bbox 2318 4946 3856 5028">
     <span class='ocr_line' id='line_1_114' title="bbox 2318 4946 3856 5028; baseline -0.017 -4"><span class='ocrx_word' id='word_1_635' title='bbox 2318 4966 2462 5024; x_wconf 72' lang='lat' dir='ltr'><strong>[line</strong></span> <span class='ocrx_word' id='word_1_636' title='bbox 2493 4978 2600 5020; x_wconf 90' lang='lat' dir='ltr'><strong>nos</strong></span> <span class='ocrx_word' id='word_1_637' title='bbox 2629 4958 2894 5016; x_wconf 83' lang='lat' dir='ltr'><strong>laetitiam</strong></span> <span class='ocrx_word' id='word_1_638' title='bbox 2927 4961 3159 5014; x_wconf 81' lang='lat' dir='ltr'><strong>constat</strong></span> <span class='ocrx_word' id='word_1_639' title='bbox 3186 4973 3343 5014; x_wconf 90' lang='lat' dir='ltr'><strong>nunc</strong></span> <span class='ocrx_word' id='word_1_640' title='bbox 3372 4968 3596 5028; x_wconf 85' lang='lat' dir='ltr'><strong>carpere</strong></span> <span class='ocrx_word' id='word_1_641' title='bbox 3645 4946 3856 5012; x_wconf 62' lang='lat' dir='ltr'><strong>magnam:</strong></span> 
     </span>
    </p>
   </div>
   <div class='ocr_carea' id='block_1_115' title="bbox 2389 5045 3502 5120">
    <p class='ocr_par' dir='ltr' id='par_1_115' title="bbox 2389 5045 3502 5120">
     <span class='ocr_line' id='line_1_115' title="bbox 2389 5045 3502 5120; baseline -0.011 -10"><span class='ocrx_word' id='word_1_642' title='bbox 2389 5051 2642 5111; x_wconf 90' lang='lat' dir='ltr'><strong>Sortitus</strong></span> <span class='ocrx_word' id='word_1_643' title='bbox 2661 5050 2888 5106; x_wconf 87' lang='lat' dir='ltr'><strong>tantam</strong></span> <span class='ocrx_word' id='word_1_644' title='bbox 2917 5063 2980 5102; x_wconf 89' lang='lat' dir='ltr'><strong>es</strong></span> <span class='ocrx_word' id='word_1_645' title='bbox 3010 5047 3150 5119; x_wconf 86' lang='lat' dir='ltr'><strong>quia</strong></span> <span class='ocrx_word' id='word_1_646' title='bbox 3177 5045 3502 5120; x_wconf 83' lang='lat' dir='ltr'><strong>gloriolam.</strong></span> 
     </span>
    </p>
   </div>
   <div class='ocr_carea' id='block_1_116' title="bbox 2319 5125 3476 5201">
    <p class='ocr_par' dir='ltr' id='par_1_116' title="bbox 2319 5125 3476 5201">
     <span class='ocr_line' id='line_1_116' title="bbox 2319 5125 3476 5201; baseline -0.009 -1"><span class='ocrx_word' id='word_1_647' title='bbox 2319 5142 2503 5201; x_wconf 89' lang='lat' dir='ltr'><strong>Illicet</strong></span> <span class='ocrx_word' id='word_1_648' title='bbox 2527 5157 2560 5196; x_wconf 87' lang='lat' dir='ltr'><strong>e</strong></span> <span class='ocrx_word' id='word_1_649' title='bbox 2587 5141 2792 5196; x_wconf 87' lang='lat' dir='ltr'><strong>contra</strong></span> <span class='ocrx_word' id='word_1_650' title='bbox 2819 5135 2976 5191; x_wconf 87' lang='lat' dir='ltr'><strong>fatur</strong></span> <span class='ocrx_word' id='word_1_651' title='bbox 3003 5135 3122 5191; x_wconf 84' lang='lat' dir='ltr'><strong>dux</strong></span> <span class='ocrx_word' id='word_1_652' title='bbox 3149 5152 3249 5192; x_wconf 86' lang='lat' dir='ltr'><strong>ore</strong></span> <span class='ocrx_word' id='word_1_653' title='bbox 3274 5125 3476 5192; x_wconf 85' lang='lat' dir='ltr'><strong>sereno</strong></span> 
     </span>
    </p>
   </div>
   <div class='ocr_carea' id='block_1_117' title="bbox 2392 5223 3821 5298">
    <p class='ocr_par' dir='ltr' id='par_1_117' title="bbox 2392 5223 3821 5298">
     <span class='ocr_line' id='line_1_117' title="bbox 2392 5223 3821 5298; baseline -0.011 -8"><span class='ocrx_word' id='word_1_654' title='bbox 2392 5229 2662 5289; x_wconf 81' lang='lat' dir='ltr'><strong>Reddens</strong></span> <span class='ocrx_word' id='word_1_655' title='bbox 2691 5241 2972 5298; x_wconf 89' lang='lat' dir='ltr'><strong>responsa</strong></span> <span class='ocrx_word' id='word_1_656' title='bbox 2999 5223 3143 5281; x_wconf 87' lang='lat' dir='ltr'><strong>talia</strong></span> <span class='ocrx_word' id='word_1_657' title='bbox 3167 5241 3306 5283; x_wconf 89' lang='lat' dir='ltr'><strong>voce</strong></span> <span class='ocrx_word' id='word_1_658' title='bbox 3335 5223 3430 5296; x_wconf 90' lang='lat' dir='ltr'><strong>pia</strong></span> <span class='ocrx_word' id='word_1_659' title='bbox 3462 5237 3474 5278; x_wconf 91' lang='lat'>:</span> <span class='ocrx_word' id='word_1_660' title='bbox 3776 5290 3786 5298; x_wconf 82' lang='lat'><strong>_</strong></span> <span class='ocrx_word' id='word_1_661' title='bbox 3812 5281 3821 5292; x_wconf 42' lang='grc' dir='ltr'><strong>ο</strong></span> 
     </span>
    </p>
   </div>
   <div class='ocr_carea' id='block_1_118' title="bbox 2319 5290 3856 5386">
    <p class='ocr_par' dir='ltr' id='par_1_118' title="bbox 2319 5290 3856 5386">
     <span class='ocr_line' id='line_1_118' title="bbox 2319 5290 3856 5386; baseline -0.023 -7"><span class='ocrx_word' id='word_1_662' title='bbox 2319 5322 2443 5379; x_wconf 87' lang='lat' dir='ltr'><strong>Non</strong></span> <span class='ocrx_word' id='word_1_663' title='bbox 2473 5318 2640 5374; x_wconf 88' lang='lat' dir='ltr'><strong>decet</strong></span> <span class='ocrx_word' id='word_1_664' title='bbox 2669 5314 2764 5372; x_wconf 90' lang='lat' dir='ltr'><strong>his</strong></span> <span class='ocrx_word' id='word_1_665' title='bbox 2786 5290 3043 5386; x_wconf 69' lang='lat' dir='ltr'><strong>meritis,</strong></span> <span class='ocrx_word' id='word_1_666' title='bbox 3076 5313 3291 5386; x_wconf 82' lang='lat' dir='ltr'><strong>inquit,</strong></span> <span class='ocrx_word' id='word_1_667' title='bbox 3321 5290 3412 5369; x_wconf 74' lang='lat' dir='ltr'><strong>sat</strong></span> <span class='ocrx_word' id='word_1_668' title='bbox 3456 5305 3666 5366; x_wconf 79' lang='lat' dir='ltr'><strong>credens</strong></span> <span class='ocrx_word' id='word_1_669' title='bbox 3691 5290 3856 5351; x_wconf 55' lang='lat' dir='ltr'><strong>uastos:</strong></span> 
     </span>
    </p>
   </div>
   <div class='ocr_carea' id='block_1_119' title="bbox 2392 5395 3556 5480">
    <p class='ocr_par' dir='ltr' id='par_1_119' title="bbox 2392 5395 3556 5480">
     <span class='ocr_line' id='line_1_119' title="bbox 2392 5395 3556 5480; baseline -0.01 -14"><span class='ocrx_word' id='word_1_670' title='bbox 2392 5409 2664 5480; x_wconf 88' lang='lat' dir='ltr'><strong>Unquam</strong></span> <span class='ocrx_word' id='word_1_671' title='bbox 2693 5401 2912 5460; x_wconf 88' lang='lat' dir='ltr'><strong>tantilli</strong></span> <span class='ocrx_word' id='word_1_672' title='bbox 2941 5401 3024 5458; x_wconf 90' lang='lat' dir='ltr'><strong>nil</strong></span> <span class='ocrx_word' id='word_1_673' title='bbox 3053 5403 3195 5474; x_wconf 92' lang='lat' dir='ltr'><strong>quia</strong></span> <span class='ocrx_word' id='word_1_674' title='bbox 3222 5395 3556 5464; x_wconf 86' lang='lat' dir='ltr'><strong>commerui,</strong></span> 
     </span>
    </p>
   </div>
   <div class='ocr_carea' id='block_1_120' title="bbox 2324 5475 3764 5564">
    <p class='ocr_par' dir='ltr' id='par_1_120' title="bbox 2324 5475 3764 5564">
     <span class='ocr_line' id='line_1_120' title="bbox 2324 5475 3764 5564; baseline -0.017 -9"><span class='ocrx_word' id='word_1_675' title='bbox 2324 5475 2528 5555; x_wconf 74' lang='lat' dir='ltr'><strong>Restat</strong></span> <span class='ocrx_word' id='word_1_676' title='bbox 2551 5489 2906 5564; x_wconf 89' lang='lat' dir='ltr'><strong>multiplices</strong></span> <span class='ocrx_word' id='word_1_677' title='bbox 2935 5489 3168 5548; x_wconf 88' lang='lat' dir='ltr'><strong>Christo</strong></span> <span class='ocrx_word' id='word_1_678' title='bbox 3199 5490 3300 5546; x_wconf 90' lang='lat' dir='ltr'><strong>sed</strong></span> <span class='ocrx_word' id='word_1_679' title='bbox 3327 5499 3568 5562; x_wconf 82' lang='lat' dir='ltr'><strong>pangere</strong></span> <span class='ocrx_word' id='word_1_680' title='bbox 3591 5475 3764 5564; x_wconf 63' lang='lat' dir='ltr'><strong>grates,</strong></span> 
     </span>
    </p>
   </div>
   <div class='ocr_carea' id='block_1_121' title="bbox 2396 5560 3750 5656">
    <p class='ocr_par' dir='ltr' id='par_1_121' title="bbox 2396 5560 3750 5656">
     <span class='ocr_line' id='line_1_121' title="bbox 2396 5560 3750 5656; baseline -0.013 -14"><span class='ocrx_word' id='word_1_681' title='bbox 2396 5585 2503 5656; x_wconf 85' lang='lat' dir='ltr'><strong>Qui</strong></span> <span class='ocrx_word' id='word_1_682' title='bbox 2533 5560 2785 5656; x_wconf 67' lang='lat' dir='ltr'><strong>praesens</strong></span> <span class='ocrx_word' id='word_1_683' title='bbox 2816 5579 3054 5636; x_wconf 77' lang='lat' dir='ltr'><strong>famulis</strong></span> <span class='ocrx_word' id='word_1_684' title='bbox 3081 5597 3312 5652; x_wconf 89' lang='lat' dir='ltr'><strong>semper</strong></span> <span class='ocrx_word' id='word_1_685' title='bbox 3329 5560 3500 5634; x_wconf 79' lang='lat' dir='ltr'><strong>adest</strong></span> <span class='ocrx_word' id='word_1_686' title='bbox 3528 5560 3750 5644; x_wconf 63' lang='lat' dir='ltr'><strong>propriis-</strong></span> 
     </span>
    </p>
   </div>
  </div>
