4084 6190
287 355 463 426 .1089

301 489 554 556 Dixerat,
589 492 646 543 et
675 488 850 545 solito
871 490 1042 544 tinxit
1072 507 1134 545 sc
1165 493 1322 548 fonte
1354 491 1577 547 novello

375 578 576 644 Lotus,
609 581 667 632 et
695 576 1012 634 altithrono
1045 579 1166 636 hcce
1198 579 1408 636 cecinit
1435 579 1679 636 Domino
1707 598 1720 634 :

301 666 348 721 Ο
377 682 611 738 semper
640 666 825 738 pietas
856 672 1067 723 nostrae
1101 687 1235 741 spes
1269 669 1439 724 unica
1468 669 1616 736 vitro,

373 755 418 808 Ο
448 753 539 808 vix
567 753 776 809 divina:
809 757 1066 811 maxima
1095 757 1387 828 gratiolasl

303 842 444 898 Odis
474 843 609 915 quis
639 843 796 914 potis
829 851 918 899 est
947 845 1141 918 dignis
1169 864 1316 916 opus
1349 846 1767 918 omnipotentis

374 931 631 986 Artiﬁcis
665 933 872 988 mundi
897 935 1254 1006 zuquiparare
1285 935 1385 989 Dei

306 1019 414 1086 Qui
449 1037 596 1075 nova
627 1022 937 1092 prietcritis
970 1023 1158 1076 reddit
1193 1041 1305 1077 non
1332 1025 1572 1078 dissona
1603 1023 1811 1096 signis,

380 1108 488 1176 Qui
521 1126 656 1164 nam
691 1127 796 1180 per
823 1110 1086 1181 genitum
1119 1111 1288 1166 saecla
1321 1129 1526 1182 regens
1561 1111 1883 1183 proprium.

308 1199 436 1253 Ilzec
469 1203 610 1253 sunt
639 1198 874 1253 virtutis
907 1200 1152 1271 propria:
1185 1200 1488 1268 miracula,
1519 1201 1767 1268 Christe,

380 1286 486 1353 Qui
517 1287 815 1358 quondam
849 1287 1064 1361 populo
1100 1293 1302 1360 utpote
1331 1288 1575 1345 Judaico

313 1376 536 1431 Petram
562 1375 799 1446 jussisti
831 1373 1010 1432 lactes
1040 1377 1338 1434 effundere
1369 1377 1590 1446 dulces,

381 1465 451 1520 Et
480 1462 567 1520 sal
595 1463 764 1521 triste
794 1463 904 1520 laci
937 1465 1105 1521 dulce
1137 1467 1281 1523 satis
1312 1467 1457 1522 fieri.

313 1554 473 1619 Inde,
505 1553 814 1626 potestatis
848 1572 961 1610 non
993 1555 1305 1611 immemor
1336 1555 1486 1612 alme
1518 1556 1800 1613 Tonantis

383 1644 507 1709 Qua
535 1659 730 1698 rerum
765 1643 979 1698 trinam
1003 1645 1140 1714 jure
1171 1645 1321 1717 regis
1353 1646 1708 1715 machinam,

316 1731 434 1788 Hoc
467 1747 622 1786 nunc
654 1736 714 1786 et
738 1731 958 1788 nostris
985 1731 1224 1789 voluisti
1258 1735 1488 1790 credere
1521 1734 1712 1802 terris,

383 1819 681 1876 Judicium
710 1837 937 1892 magna:
969 1821 1163 1877 nobile
1193 1821 1474 1894 gloriola},

315 1911 436 1976 Quo
466 1909 980 1976 discantleretcm
1001 1910 1276 1982 degentes
1303 1928 1453 1983 δωυο
1486 1929 1587 1983 per
1615 1913 1838 1984 orbem,

387 1999 466 2054 Te
495 2013 726 2070 semper
753 1997 946 2054 solum
979 2015 1125 2066 esse,
1161 2000 1362 2067 fuisse,
1397 2000 1602 2056 Deum.

317 2086 434 2142 Hoc
464 2103 697 2159 quoque
729 2103 882 2142 nunc
915 2087 1052 2143 Jesu
1086 2088 1332 2143 Domino
1364 2090 1614 2150 concede
1644 2097 1906 2163 precatu,

296 2201 307 2210 ε
383 2174 595 2231 Abluat
626 2181 692 2232 ut
725 2177 960 2232 morbos
991 2177 1101 2231 iste
1134 2176 1329 2248 liquor
1356 2178 1566 2246 varios,

316 2265 470 2322 112
498 2266 620 2330 Quo
650 2269 705 2320 te
736 2265 1058 2323 dulcisonis
1089 2265 1380 2323 collaudet
1409 2269 1648 2326 vocibus
1676 2271 1888 2338 omnis,

388 2353 495 2420 Qui
527 2371 590 2410 se
620 2352 912 2410 salvatum
943 2355 1156 2411 sentiat
1183 2361 1241 2412 ct
1268 2355 1529 2414 validum

324 2443 454 2498 Ilaec
483 2442 584 2511 ait,
618 2448 676 2498 et
695 2459 893 2500 vocem
924 2444 1196 2516 sequitur
1225 2445 1387 2501 salus
1417 2445 1574 2502 alma
1602 2447 1962 2519 loquentem,

391 2531 596 2604 Fitquc
615 2531 870 2588 salubris
901 2550 1074 2604 aqua,
1108 2533 1239 2590 laus
1269 2534 1374 2590 tibi
1405 2535 1483 2589 sit
1511 2536 1759 2592 Domino

327 2621 463 2676 Post
492 2620 632 2689 hanc,
667 2621 918 2694 pervasti
947 2622 1197 2680 volitans
1225 2623 1337 2679 cito
1368 2624 1642 2681 machina
1675 2627 1904 2696 mundi,

393 2709 679 2766 I’roditrix
707 2709 882 2783 signi,
916 2711 1092 2778 fama,
1127 2711 1270 2767 satis
1302 2711 1521 2784 placiti,

325 2799 450 2854 Non
481 2797 673 2855 solum
705 2800 925 2872 patrios
956 2799 1224 2856 hortatur
1254 2818 1464 2874 nempe
1493 2802 1750 2871 colonos,

389 2887 562 2954 Queis
592 2888 755 2960 fungi
782 2889 934 2946 dono
964 2889 1209 2962 contigit
1239 2890 1537 2962 aurivago,

320 2976 431 3032 Sed
467 2993 700 3048 quoque
729 2975 1103 3048 languidulos
1133 2960 1205 3034 de
1235 2960 1555 3052 longinquo
1606 2960 1965 3054 peregrinos,

391 3065 660 3138 Undique
687 3064 986 3131 collectos,
1019 3066 1342 3124 accelerare
1372 3069 1538 3137 citos,

317 3153 390 3208 Et
418 3152 579 3209 nullo
609 3153 796 3226 pretio
826 3155 1127 3211 medicina":
1160 3173 1395 3212 sumere
1427 3157 1580 3213 dona

391 3242 696 3299 Gustando
728 3248 956 3300 tantum
980 3245 1243 3300 fonticuli
1278 3246 1599 3302 modicum.

321 3331 596 3388 Crebrius
627 3330 908 3388 incultam
941 3333 1138 3390 videas
1169 3335 1552 3407 procumbere
1583 3337 1814 3393 turbam

393 3419 732 3478 Volventcm
763 3423 1028 3478 membra
1057 3421 1248 3480 littore
1279 3423 1646 3498 languidula,

323 3509 398 3566 Ut
427 3510 622 3582 possis
651 3510 828 3573 variis
858 3512 1132 3569 obsessos
1163 3515 1396 3570 credere
1426 3516 1647 3572 morbis

387 3599 600 3656 Adfore
623 3601 853 3658 Judaici
885 3601 1264 3675 languidulos
1291 3603 1514 3675 populi,

319 3688 428 3756 Qui
461 3691 760 3761 quondam
789 3691 1002 3763 quivis,
1037 3691 1096 3746 in
1128 3693 1454 3764 porticibus
1482 3693 1815 3751 Salomonis

391 3777 552 3848 Fusi,
581 3778 817 3852 piscina:
839 3779 1004 3836 obice
1034 3779 1377 3851 Bethsaidze,

318 3867 653 3936 Certabant,
687 3869 913 3926 medico
941 3868 1242 3942 lympham
1277 3871 1552 3927 turbante
1583 3889 1856 3944 superno,

392 3955 648 4012 Primule
677 3957 811 4030 quis
842 3959 1079 4016 morbos
1105 3958 1367 4016 ablueret
1397 3959 1608 4028 varios,

321 4045 470 4118 Lege
502 4045 741 4118 quidem
770 4046 871 4102 tali
901 4047 1052 4104 mira
1081 4047 1192 4104 sub
1225 4053 1384 4106 sorte
1413 4049 1607 4122 potiti,

387 4133 462 4190 Ut
485 4151 620 4202 mox
647 4133 897 4208 illapsus
925 4141 1160 4195 exueret
1185 4138 1462 4207 dedecus,

323 4222 686 4284 Pluribusin
719 4223 910 4284 lucem
941 4227 1248 4297 suspensis
1275 4243 1424 4300 aagre
1455 4233 1819 4300 sequentem,

390 4313 500 4380 Qui
531 4331 636 4387 pro
665 4330 770 4388 spe
798 4315 930 4372 vita:
961 4315 1287 4388 efflagitant
1317 4315 1518 4384 avidae,

316 4400 392 4457 Ut
421 4401 638 4474 raptim
670 4403 956 4472 medicus,
984 4420 1199 4475 supero
1227 4403 1300 4460 de
1329 4403 1565 4461 cardine
1596 4403 1818 4479 lapsus,

383 4491 676 4548 Turbaret
703 4491 994 4549 modicam
1032 4491 1120 4548 vel
1150 4493 1296 4565 pede
1326 4492 1698 4566 piscinulam.

315 4577 482 4634 Haud
512 4578 660 4635 alias
689 4580 784 4637 isti
817 4581 1071 4653 cupiere,
1105 4579 1314 4637 salutis
1345 4583 1524 4652 avari,

383 4668 646 4741 Tangere
675 4668 762 4726 vel
794 4674 1025 4742 guttam
1047 4668 1314 4726 fonticuli
1343 4670 1675 4738 minimam,

309 4757 402 4826 Et,
435 4761 613 4830 gustu
645 4758 836 4829 primo
867 4759 1047 4816 veteri
1075 4759 1324 4816 sanitate
1356 4766 1606 4832 recepta,

385 4846 704 4904 Pulsabaut
734 4848 864 4904 odis
893 4849 1090 4906 sidera
1118 4847 1462 4919 dulcisonis,

308 4935 515 4992 Grates
547 4953 648 5008 pro
681 4941 846 4994 tanto
879 4939 1186 4994 reddentcs
1216 4956 1456 4995 munere
1485 4939 1734 5008 Christo,

385 5024 494 5092 Qui
528 5025 716 5082 sancti
747 5027 977 5084 meritis
1004 5032 1172 5099 grata
1202 5027 1365 5083 dedit
1395 5027 1649 5084 miseris.

309 5113 611 5171 Laudibus
641 5133 803 5187 reque
822 5116 1012 5173 virum
1041 5114 1667 5187 tolluntsupermthera
1688 5118 1954 5190 dignum,

381 5203 573 5259 Tanta
602 5205 696 5260 sui
726 5221 906 5262 causa
935 5206 1092 5277 quod
1127 5209 1364 5262 tenuere
1391 5205 1563 5260 bona.

308 5290 370 5347 Si
400 5295 586 5361 vacet,
616 5293 869 5366 aequales
892 5294 1116 5351 meritis
1147 5295 1492 5366 protendere
1523 5293 1750 5364 laudes,

379 5380 450 5436 Et
473 5397 667 5439 mores
699 5383 848 5441 tanti
869 5383 1134 5456 egregios
1165 5382 1386 5440 duculli

308 5470 462 5525 118
483 5471 632 5536 Ante
661 5471 787 5529 dies
818 5473 1010 5530 noctis
1041 5471 1209 5546 peplo
1239 5471 1465 5529 velatur
1493 5470 1747 5546 olympo,

277 5554 294 5568 ⁸
377 5559 564 5625 Quam
594 5565 818 5622 metam
833 5565 1044 5618 nostra
1071 5561 1334 5618 obtineat
1363 5560 1532 5618 ratio.

307 5646 437 5708 Haec
469 5648 570 5706 sed
601 5648 936 5726 linquentes
968 5651 1155 5712 doctis
1188 5649 1496 5710 tractanda
1524 5650 1733 5726 poetis,

1583 359 1676 418 PA
1689 356 1858 419 SSlQ
1904 358 1970 419 S.
2017 353 2432 420 GANGOLFI.

1973 489 2037 560 Α
2138 489 2455 563 Pingamus
2488 497 2676 565 empta
2707 509 2812 548 nos
2840 493 3030 567 fragili
3065 493 3310 549 calamo.

3543 363 3702 428 1000

2063 577 2227 633 Certe
2259 579 2612 637 Francorum
2643 581 2896 653 populus
2926 582 3066 637 dum
3090 581 3220 638 risit
3249 584 3402 638 Eous

2135 667 2388 724 Illustris
2418 671 2643 725 meritis
2673 677 2730 726 et
2759 671 3021 726 bonitate
3051 671 3240 739 ducis,

2067 756 2373 812 Blanditur
2401 759 2630 831 magnis
2662 777 2966 830 procerum
3002 759 3272 830 precibus
3303 759 3623 827 seniorum,

2137 845 2238 899 llic
2267 846 2480 902 Christi
2515 849 2747 914 ebarus,
2782 848 2972 919 gentis
3003 854 3060 902 et
3089 866 3260 903 omne
3291 848 3490 914 decus,

2067 935 2188 998 Quo
2221 935 2331 989 sibi
2365 935 2718 1006 condignam
2750 935 2922 991 vellet
2953 937 3172 992 sociare
3204 937 3458 1008 puellam

2139 1024 2370 1080 Fa‘derc
2402 1024 2593 1096 legali,
2628 1025 2888 1095 conjugii
2921 1025 3102 1096 soliti,

2071 1111 2151 1166 Ne
2181 1113 2356 1167 finem
2391 1120 2642 1184 caperet,
2678 1115 2969 1168 subducta
2999 1114 3352 1186 posteritate,

2142 1200 2362 1273 Inclyta
2392 1201 2601 1272 regalis
2631 1201 2928 1274 prosapies
2950 1202 3201 1274 generis.

2069 1288 2170 1344 llis
2201 1291 2434 1346 tandem
2468 1291 2707 1346 monitis
2740 1291 3081 1363 Gangolfus,
3116 1292 3233 1345 dux
3260 1291 3646 1358 venerandus,

2141 1379 2252 1434 Sed
2277 1385 2487 1447 tactus,
2522 1379 2754 1435 blandis
2785 1385 2958 1452 atque
2991 1385 3224 1452 patrum
3258 1381 3516 1449 monitis,
3584 1400 3594 1408 ·

2071 1468 2197 1540 lgni
2229 1468 2604 1540 conspicuam
2638 1470 2869 1542 proprio
2890 1469 3180 1542 jungebat
3207 1468 3480 1537 amicam,

2144 1557 2416 1630 [legalem
2447 1574 2656 1630 genere
2687 1563 2744 1613 et
2775 1557 3023 1612 nitidam
3048 1558 3212 1613 facie.

2071 1647 2231 1702 Hanc
2255 1645 2436 1717 jussit
2463 1645 2748 1718 liquidam
2781 1663 3015 1718 semper
3043 1647 3329 1702 deducere
3359 1647 3562 1711 vitam,

2143 1735 2538 1808 Compositam
2569 1735 2748 1791 castis
2779 1733 3043 1791 moribus
3065 1739 3122 1791 et
3151 1735 3383 1792 studiis.

1993 1862 2040 1926 Β
2073 1825 2136 1880 Ei
2170 1824 2336 1889 mihi,
2371 1825 2471 1881 sed
2504 1823 2744 1879 coluber
2774 1823 3045 1895 cupidus,
3074 1827 3368 1892 versutus,
3403 1833 3660 1892 amarus,

2145 1913 2448 1984 Ingenium
2483 1918 2677 1984 nupta:
2705 1911 2886 1967 illicet
2915 1911 3183 1968 indocile.

2073 2000 2307 2057 Scilicet
2336 2001 2536 2057 infelix
2564 2001 2828 2073 Gangolfi
2862 2001 3108 2056 clericus
3138 2001 3329 2057 audax

2141 2090 2396 2145 Ardebat
2426 2090 2721 2162 propriam
2751 2089 2883 2160 plus
2917 2089 3075 2144 licito
3107 2089 3430 2144 dominam.

2075 2179 2222 2234 Proh
2247 2179 2438 2234 dolor!
2472 2179 2613 2245 tunc,
2649 2178 2800 2234 male
2829 2178 2980 2233 victa
3002 2177 3132 2233 dolo
3164 2179 3454 2250 serpentis
3484 2195 3683 2236 amaro

2147 2268 2348 2324 Infelix
2375 2268 2548 2323 citius
2580 2272 2787 2322 trstuat
2816 2267 2876 2322 in
2909 2268 3158 2334 facinus,
3191 2325 3232 2357 ο

2075 2357 2367 2413 Inluerens
2399 2372 2584 2424 servo,
2617 2355 2928 2427 cordisque
2958 2355 3148 2412 calore
3179 2355 3402 2413 secreto

2148 2445 2417 2518 Legalem
2447 2444 2755 2500 dominum
2787 2445 3013 2516 respuit
3042 2445 3116 2499 ob
3150 2445 3463 2514 famulum,

2073 2533 2335 2591 Crimina
2364 2539 2504 2588 tunc
2536 2532 2725 2588 hostis
2759 2531 3002 2604 scalpsit
3033 2533 3255 2588 nudare
3287 2535 3503 2602 feralis,

2149 2626 2282 2689 Qua:
2305 2621 2483 2678 caluit
2509 2621 2741 2693 prOprio
2773 2623 2997 2675 structa
3025 2619 3206 2676 fuisse
3237 2621 3391 2687 dolo,

2081 2710 2514 2782 Impatiensque
2543 2727 2739 2776 morai,
2775 2725 2988 2764 vacuas
3009 2708 3314 2779 jaculabat
3343 2709 3402 2764 in
3433 2727 3628 2778 auras,

2151 2799 2515 2872 Divulgando
2544 2815 2714 2855 suam
2743 2797 2997 2869 denique
3028 2796 3309 2853 laetitiam.

2077 2891 2221 2946 Cum
2252 2890 2442 2944 fuerat
2471 2888 2643 2961 vulgo
2673 2905 2765 2942 res
2797 2887 3100 2942 diffamata
3128 2885 3399 2954 dolenda,

2150 2979 2506 3034 Francorum
2536 2976 2727 3050 gentis
2759 2975 3036 3032 omnibus
3067 2975 3380 3049 indigenis,

2081 3068 2258 3123 Pulsu
2292 3066 2628 3138 linguarum
2663 3071 2868 3120 tenues
2899 3065 3188 3120 conflatur
3215 3061 3289 3120 ad
3321 3081 3492 3122 aures

2151 3156 2348 3213 Sancti
2381 3154 2668 3227 Gangolfi,
2701 3151 2960 3210 consulis
2991 3152 3252 3224 almifici,
3327 3173 3336 3184 ο

1997 3231 2041 3296 C
2079 3245 2151 3302 Ut
2179 3245 2372 3318 capiat
2400 3243 2673 3312 latebras,
2698 3259 2968 3315 poscens,
3000 3241 3210 3314 illapsa
3238 3255 3342 3315 per
3372 3247 3564 3299 arctas

2146 3334 2420 3403 Vcrbula,
2454 3351 2569 3390 non
2600 3331 2856 3388 minima:
2888 3331 3096 3387 nuntia
3126 3331 3437 3387 nimstitiaa.

2076 3427 2233 3482 114
2264 3422 2556 3498 Ingemuit
2584 3427 2704 3478 tam
2730 3421 2897 3477 triste
2929 3420 3092 3476 nefas
3117 3419 3508 3492 dignissimus
3527 3420 3724 3492 heros,

2146 3514 2397 3587 Angoris
2427 3528 2642 3585 magno
2670 3501 2934 3583 tangitur
2963 3516 3021 3566 et
3040 3509 3260 3582 jaculo,

2078 3603 2242 3660 Intus
2273 3602 2333 3657 in
2365 3605 2617 3674 augusto
2649 3598 2826 3654 volvit
2856 3615 3088 3670 quoque
3109 3598 3364 3670 pectoris
3389 3599 3543 3668 aula,

2148 3693 2262 3748 Res
2292 3689 2407 3746 sibi
2437 3689 2718 3754 diversas,
2750 3687 2917 3742 triste
2947 3687 3216 3754 dolendo,
3251 3687 3437 3755 duas;

2077 3779 2351 3846 Primulo,
2381 3775 2701 3833 vindictam
2731 3773 2944 3847 pcenali
2973 3773 3100 3846 lege
3129 3773 3472 3846 parandam,

2149 3868 2256 3923 Pro
2289 3863 2524 3923 sceleris
2554 3861 2702 3920 ιωιὶ
2735 3860 2980 3917 crimine
3009 3860 3293 3930 terribili;

2078 3958 2212 4014 Post
2239 3973 2394 4024 vero,
2427 3953 2656 4010 veniam
2689 3950 2872 4007 solita:
2905 3949 3140 4022 pietatis
3171 3950 3506 4019 amandum,

2146 4048 2216 4103 Et
2245 4044 2402 4101 dolet
2425 4044 2500 4100 ad
2532 4048 2768 4114 tempus
2796 4039 2935 4096 hinc
2967 4039 3217 4096 nimium
3248 4040 3486 4097 dubius.

2074 4137 2241 4194 Certe
2271 4135 2372 4192 sed
2403 4133 2672 4198 meritam
2694 4129 2866 4187 solvit
2897 4129 3132 4192 tandem
3163 4129 3257 4202 pio
3285 4147 3540 4202 pomum,

2145 4226 2459 4282 Difl‘amare
2489 4219 2680 4278 scelus
2711 4237 2816 4275 nec
2845 4217 3036 4292 placet
3064 4217 3336 4288 ulterius,

2075 4314 2373 4374 Sollicitus
2404 4316 2636 4368 tantum
2669 4307 2894 4366 misera:
2922 4307 3145 4365 crimen
3176 4307 3504 4381 prohibere,

2146 4405 2262 4462 Nec
2293 4405 2426 4476 post
2454 4399 2575 4456 Ιιωο
2603 4404 2821 4454 temere
2849 4397 3064 4454 viveret
3090 4397 3152 4452 in
3179 4397 3415 4453 scelere.

2075 4495 2340 4564 Cumque
2371 4490 2530 4562 piam
2562 4487 2721 4544 curis
2753 4491 3010 4543 mentem
3041 4486 3260 4542 luxerat
3289 4485 3348 4538 in
3383 4480 3518 4551 illis,

1995 4603 2043 4668 Ι)
2143 4580 2400 4654 Contigit
2427 4577 2894 4668 atriolocurrere
2924 4593 2986 4668 se
3017 4573 3270 4668 proprio,

2074 4675 2286 4730 Contra
2307 4667 2572 4727 fonticuli
2605 4667 2844 4722 sibimet
2872 4665 3034 4738 prius
3060 4663 3210 4719 ostia
3240 4663 3429 4730 missi,

2144 4761 2330 4819 Nubis
2362 4776 2464 4832 per
2493 4757 2711 4812 mirum
2744 4754 2974 4810 cwlitus
3005 4752 3286 4807 officium.

2075 4852 2177 4908 llic
2209 4850 2310 4906 ubi
2341 4846 2665 4920 Gangolfus
2696 4843 3045 4899 subsisteret
3075 4841 3168 4913 ipe
3199 4841 3429 4907 beatus,

2143 4939 2367 5010 Conjux
2393 4935 2610 4992 lasciva
2638 4933 2910 4988 adfuerat
2939 4930 3154 4986 subito.

2071 5033 2256 5097 Quam
2289 5043 2422 5082 mox
2453 5022 2714 5096 pacificis
2741 5020 2954 5075 affatur
2983 5019 3238 5092 denique
3267 5019 3478 5084 verbis,

2140 5116 2306 5176 Talia
2333 5112 2607 5170 dictando
2637 5127 2734 5166 ore
2764 5109 2910 5165 satis
2939 5109 3176 5181 gravido
3207 5125 3222 5164 :

2069 5209 2238 5264 Parte
2266 5210 2431 5260 tuam
2463 5201 2682 5256 famam
2713 5198 2890 5254 didici
2923 5215 3181 5270 persaepe
3208 5196 3534 5262 sinistram,

2138 5294 2300 5363 Quod
2328 5297 2603 5362 corrupta
2632 5293 2758 5344 toro
2793 5287 2876 5343 sis
2907 5286 3060 5342 maie
3089 5287 3138 5341 si
3172 5286 3425 5359 pr0prio.

2066 5387 2278 5443 Differo
2307 5381 2409 5438 sed
2442 5379 2614 5451 vulgo
2645 5381 2918 5446 tractare,
2951 5376 3037 5430 tui
3072 5376 3426 5443 miserando,

2135 5475 2330 5531 Donec
2353 5472 2500 5528 forte
2528 5467 2734 5524 sciam.
2767 5468 2825 5521 te
2856 5482 2928 5520 ne
2959 5465 3140 5520 fuisse
3173 5481 3353 5521 ream.

2062 5564 2177 5621 Nec
2208 5559 2444 5626 mando,
2478 5554 2725 5614 multum
2755 5553 2952 5611 subito
2982 5571 3326 5637 concurrere
3354 5555 3611 5626 turbam,

2131 5651 2396 5711 Accitam
2417 5645 2612 5708 ﬂendo
2640 5643 2900 5720 undique
2932 5642 3199 5722 concilio,
