4050 6180
469 354 640 460 ῖίορλ
726 356 734 363 ’
1284 367 1813 431 HROTSUITH/E
1857 366 2252 430 MONIALES
2299 360 3085 428 GANDEltSliEIMENSIS
3712 364 3829 428 1092

486 506 562 562 Ut
585 505 774 562 volvat
801 522 1021 578 gnarus
1051 503 1252 559 subtili
1286 485 1440 558 sorte
1471 505 1736 569 senatus,
2319 501 2436 556 Nec
2468 497 2693 572 patitur
2720 494 2898 550 vitam
2929 499 3113 552 morte
3143 495 3334 568 perire
3363 511 3545 551 ream.

557 591 828 662 Causam,
861 587 1140 669 terribilis
1172 595 1230 669 et
1263 589 1536 646 meritum
1573 589 1831 645 sceleris.
2249 589 2350 645 llis
2381 589 2613 661 ingrata
2639 583 2829 656 magis
2859 583 3016 639 socio
3045 585 3347 640 consensit
3375 583 3600 657 iniquo,

486 683 599 740 Sed
631 682 888 757 suadebo
920 667 1163 736 manum
1191 667 1462 734 :dextrum
1495 681 1550 733 te
1579 679 1804 750 tingere
1835 681 2088 747 tantum,
2316 675 2640 747 Servilique
2668 673 2807 744 lupa
2834 672 3027 728 uritur
3047 671 3329 746 igniculo.

548 765 864 838 Praisentis’
895 765 1431 838 lymphafontieuli
1466 765 1695 837 gelida;
2245 768 2510 837 Cumque
2529 763 2730 836 polum
2763 759 3623 834 tegerettenebrisnoxconscia
3637 761 3828 836 fraudis,

483 859 572 926 Et,
606 858 652 912 si
690 855 803 911 non
836 837 1037 912 subito
1063 855 1261 909 damni
1297 853 1436 926 quid
1465 853 1732 924 contigit,
1764 869 1901 925 ergo
2314 853 2512 910 Sensit
2544 852 2879 906 damnanda
2907 855 3137 922 tempus
3167 849 3364 906 inesse
3396 850 3560 923 lupa,

553 929 960 1016 Ultra'judicio
992 961 1104 998 non
1138 961 1287 1015 opus
1317 947 1406 998 est
1435 941 1570 997 alio.
2243 947 2365 1010 Quo
2397 942 2550 998 male
2572 941 2920 1012 Gangolfum
2946 945 3194 1010 possunt
3209 939 3580 1011 exstinguere
3595 944 3829 1011 sanctum,

479 1039 663 1102 Quem
699 1038 858 1101 tunc,
895 1033 1028 1111 plus
1049 1033 1246 1104 justo,
1269 1032 1570 1086 conlidens
1601 1033 1773 1086 corde
1805 1031 2076 1102 superbo,
2316 1035 2442 1087 llzee
2473 1036 2530 1086 et
2561 1046 2833 1103 perverso
2866 1028 3100 1084 nuntiat
3129 1029 3442 1100 armigero.

467 1143 478 1152 ο
551 1123 928 1178 Confortante
959 1138 1128 1176 suam
1161 1111 1426 1175 daimone
1459 1118 1756 1187 duritiam,
2241 1121 2372 1189 Qui,
2401 1137 2670 1176 resecans
2699 1135 2900 1174 coxam
2932 1119 3135 1173 stricto
3167 1133 3451 1174 mucrone
3499 1123 3778 1184 sacratam,

395 1206 402 1214 ’
480 1211 684 1288 Fundo
719 1210 1001 1264 nudatam
1026 1209 1357 1288 committit
1387 1207 1640 1278 denique
1670 1206 1948 1279 palmam,
2312 1209 2510 1266 Sancti
2536 1206 2824 1280 Gangolﬁ,
2857 1207 3132 1278 martyris
3161 1206 3385 1275 eximii,

419 1335 426 1337 -
529 1285 641 1354 ~Nil
675 1315 921 1369 sperans
951 1285 1150 1351 damni
1185 1312 1354 1366 posse
1387 1294 1498 1348 sibi
1531 1295 1674 1350 fieri.
2239 1297 2510 1354 Deseruit
2539 1297 2816 1369 patriam,
2848 1294 3078 1367 fugiens
3108 1311 3239 1350 cum
3269 1295 3543 1366 conjuge,
3575 1294 3782 1360 claram,

477 1388 630 1444 1ιῦ
656 1388 822 1442 inter
850 1386 1134 1457 frigoreas
1164 1385 1377 1439 ardens
1408 1385 1510 1440 sed
1543 1383 1828 1455 comperit
1860 1385 2070 1452 undas,
2313 1389 2540 1460 Raptus
2573 1401 2772 1441 amore
2801 1400 2921 1440 sua:
2953 1383 3240 1440 indomito
3271 1382 3547 1438 dominae.

547 1469 1139 1548 Quidipo‘SSet-ubstri
1167 1475 1402 1528 dextera
1422 1471 1578 1528 celsa
1608 1471 1732 1528 Dei.

2244 1477 2357 1533 Sed
2393 1493 2510 1531 non
2544 1473 2752 1548 legalis
2778 1473 2956 1529 ﬁnem
2987 1476 3052 1528 ut
3081 1471 3327 1528 nescivit
3357 1470 3595 1538 amoris,

478 1564 714 1622 Scilicet
737 1564 800 1644 in
835 1563 1092 1644 madidis
1123 1562 1315 1618 audax
1344 1561 1585 1617 ardebat
1615 1561 1830 1628 arenis,
2309 1567 2406 1622 Sic
2433 1563 2696 1620 vindicta
2724 1579 2897 1618 suam
2928 1561 3116 1617 nescit
3145 1561 3364 1617 habere
3387 1575 3632 1626 moram,

503 1645 511 1652 ⁷
547 1639 1121 1730 υτὶιωίξοιῖίξαωὲῃὶε
1153 1651 1364 1706 acriter
1393 1649 1700 1722 mquoreis,
2236 1655 2476 1710 Viscera
2507 1653 2610 1710 sed
2637 1651 2834 1708 subito
2864 1649 3123 1724 profudit
3151 1649 3405 1718 emlitus,
3439 1653 3570 1706 acta

475 1745 566 1813 Et,
597 1727 1018 1814 quai'paei'ﬁeis
1049 1739 1275 1798 fastidit
1303 1739 1506 1794 cedere
1527 1737 1741 1806 verbis,
2311 1742 2542 1800 Pridem
2575 1740 2774 1796 laetitia
2803 1757 2930 1812 quae
2962 1740 3195 1794 fuerant
3222 1737 3482 1806 tumida,

510 1861 516 1878 ι
545 1815 1278 1915 ϐὅξξῇῐυποεὶήᾷῐνιῐω“ίὸθείονθ
1303 1827 1572 1899 ,ἱαεῐίῐίίῐεσ
2159 1876 2208 1942 Β
2237 1834 2451 1905 Sicque
2483 1831 2682 1898 miser,
2715 1827 2872 1885 celsa
2900 1831 3228 1900 prostratus
3257 1826 3496 1882 vindice
3525 1829 3709 1884 dextra

510 1922 527 1942 \
586 1936 816 1942 ---μ-η..
848 1915 1252 1942 ---ι-νε·ρ;,.ει;..
1283 1915 1531 1942 ...ηιηιεη
1559 1915 1768 1942 [πὶ-..ἔκιε
2307 1921 2432 1942 tua-
2475 1923 2785 1942 μ.-..--ι,......
2823 1915 3152 1942 ...ι-,ΣΞᾹΑ-..ι
3185 1916 3444 1942 Πραιηειν...

484 1921 549 1990 O,
583 1936 817 1998 semper
847 1915 1255 1998 nostriifaeilis
1283 1915 1532 1972 mutatio
1559 1915 1794 1984 Christi,
2160 1915 2208 1942 ”
2307 1921 2442 1978 Vita
2475 1923 2790 1976 mercatum
2823 1915 3155 1990 perdiderat
3185 1916 3473 1973 Ganeam.

485 2040 490 2045 τ
543 2010 610 2078 0,
652 1993 1264 2079 virtusijusti-judicis
1295 2023 1460 2076 inqua
1491 2004 1629 2060 Deil

2239 2013 2386 2068 Nam
2420 2015 2644 2081 martyr
2667 2011 2928 2075 sanctus,
2965 2005 3174 2061 furtivo
3201 2004 3446 2061 vulnere
3477 2002 3662 2072 lassus,

371 2131 387 2144 ο
484 2101 631 2157 Nam
661 2083 1103 2174 qum'jacéan'do’
1129 2093 1294 2150 fluxit
1323 2111 1385 2150 se
1409 2092 1576 2149 triste
1607 2092 1877 2161 dolendo,
2311 2101 2464 2156 Dum
2498 2097 2705 2154 mortis
2734 2100 2978 2168 gustum
3004 2094 3259 2151 ebiberet
3289 2094 3590 2166 rapidum,

545 2175 821 2243 Exoritur
841 2171 1018 2240 ἳὶῐῑὲῐί
1040 2171 1328 2256 ‘ﬁellioulo
1359 2181 1602 2238 brachii.
2238 2189 2353 2245 Nec
2385 2205 2500 2244 non
2532 2183 2826 2258 supremis
2857 2183 3112 2238 moriens
3143 2182 3398 2254 spiraret
3429 2181 3492 2238 in
3521 2179 3690 2248 horis,

473 2277 588 2332 Nec
621 2289 986 2354 mora,ch
1005 2271 1266 2344 palmam
1301 2271 1520 2338 retulit,
1535 2271 1689 2342 quod
1712 2271 1856 2328 forte
1878 2273 2124 2344 negavit,
2307 2277 2552 2335 Astabat
2579 2279 2762 2330 cmtus
2794 2273 3064 2328 cominus
3096 2271 3423 2342 angelicas,

549 2353 1076 2441 Portavitbrudclﬁ
1108 2359 1372 2416 criminis
1402 2359 1708 2416 indicium.
2236 2367 2388 2423 Voce
2419 2365 2578 2422 ciens
2607 2361 2879 2420 stabilem
2911 2377 3122 2433 corpus
3153 2361 3452 2433 deponere
3481 2365 3698 2428 testem,

479 2453 581 2510 His
612 2437 993 2534 ita-digestis,
1031 2450 1254 2523 pavitat
1279 2467 1446 2506 mens
1477 2449 1708 2506 conscia
1738 2450 1982 2518 fraudis,
2307 2455 2656 2512 contextum
2685 2451 2848 2508 venis
2881 2450 3057 2506 fictile
3087 2447 3479 2521 languidulis,
3528 2459 3538 2470 '

551 2527 716 2600 Ultro.
743 2527 998 2596 ίώοηνὶῐεθ
1023 2557 1158 2612 Spos
1192 2541 1382 2595 fuerat
1412 2539 1609 2594 νθηὶωο
2236 2547 2385 2602 In
2421 2544 2538 2600 Nec
2554 2540 2980 2614 non,angelicis
3001 2538 3331 2596 blanditum
3351 2537 3609 2594 suaviter
3621 2536 3821 2611 hymnis.

491 2621 745 2688 Tantum
780 2633 940 2685 certa
969 2629 1138 2696 mori,
1171 2629 1680 2701 corruptelamtu
1708 2627 1876 2700 piari,
2307 2635 2439 2690 Mox
2469 2630 2598 2688 cceli
2629 2629 2809 2686 calles
2835 2644 3074 2701 carpere
3104 2627 3388 2683 sidereas.

541 2713 775 2776 'Lothali
808 2734 980 2791 poma
1010 2717 1173 2773 ocius
1204 2719 1490 2790 opposito.
2234 2722 2410 2780 Ocius
2439 2719 2742 2793 eXSpirans
2767 2717 3048 2786 animam,
3082 2710 3336 2788 martyr;
3356 2717 3510 2773 bene
3532 2715 3690 2772 lotam

475 2809 588 2866 Sed
619 2807 806 2864 tristis
834 2807 1104 2892 meritam
1137 2807 1350 2863 mentis
1379 2807 1747 2878 mitigaverat
1775 2807 1944 2874 iram,
2301 2810 2451 2884 Agni
2476 2807 2696 2865 lucenti
2728 2805 3013 2880 sanguine
3044 2805 3344 2878 purpurei,

550 2899 828 2970 Princeps
846 2883 1198 2975 'Gangolfus,
1231 2895 1450 2950 arbiter
1479 2895 1772 2968 egregius,
2241 2883 2490 2956 Tollitur
2515 2915 2586 2954 ex
2614 2913 2778 2965 aura,
2810 2895 3160 2967 vehiturque
3189 2910 3294 2966 per
3323 2899 3488 2950 astra
3517 2910 3719 2961 serena,

484 2989 800 3056 Mandans;
831 2984 1163 3074 ut‘propria
1191 2985 1566 3040 damnandus
1594 2983 1843 3040 clericus
1871 2999 2008 3054 ergo
2305 2991 2371 3045 In
2402 2986 2531 3044 oculi
2565 2990 2736 3060 porta
2760 2983 2994 3041 sistitur
3021 2989 3080 3039 et
3107 2983 3380 3038 Domino.

543 3071 845 3148 Expulsus
865 3063 1061 3153 subito
1093 3078 1359 3145 pergeret
1387 3090 1418 3129 e
1451 3073 1661 3146 patria,
2235 3079 2336 3136 llic
2366 3078 2477 3134 sibi
2509 3078 2580 3132 de
2609 3075 2839 3131 Christo
2871 3075 3056 3130 fertur
3084 3089 3218 3128 mox
3248 3071 3454 3129 laurea
3481 3090 3624 3140 rara,

478 3169 602 3232 Quo
633 3181 744 3221 sua
772 3159 1083 3219 {instemus
1114 3163 1270 3218 mala
1297 3163 1536 3218 dederet
1565 3163 1906 3218 scelerosus.
2301 3169 2374 3223 Et
2403 3165 2680 3222 manibus
2710 3163 2892 3220 bravii
2924 3160 3188 3234 palmula
3217 3161 3508 3234 perpetui,

546 3247 658 3309 Sd’d
686 3239 1124 3332 'pulsfS'patria
1148 3255 1236 3305 est
1265 3254 1324 3305 et
1351 3242 1530 3306 datus
1555 3250 1779 3317 exsilio,

2151 3246 2196 3312 C
2235 3254 2592 3326 Lucentique
2621 3252 2774 3308 stola
2801 3251 3007 3308 cuneis
3036 3248 3427 3322 conjungitur
3453 3250 3599 3306 albis

473 3343 544 3398 Et
573 3343 757 3420 dgnat
789 3340 1066 3420 miseram
1097 3339 1299 3406 veniae,
1335 3339 1670 3406 miseratus,
1704 3339 1942 3405 honore,
2303 3345 2412 3400 Per
2439 3341 2652 3399 vulnus
2671 3339 2788 3396 laeti
2817 3355 2968 3411 quos
2999 3341 3158 3394 tenet
3185 3337 3323 3394 aula
3351 3337 3496 3410 poli.

448 3457 459 3474 .
544 3413 728 3506 Uitr'a‘
741 3429 844 3484 sed
864 3413 1112 3500 proprio
1144 3443 1260 3482 non
1291 3426 1444 3482 locat
1474 3427 1534 3482 in
1568 3427 1852 3484 thalamo.
2234 3431 2480 3488 Funeris
2505 3431 2730 3487 interea
2749 3428 2948 3502 magni
2979 3429 3048 3483 fit
3070 3442 3285 3500 pompa
3315 3427 3528 3499 parati,

476 3519 612 3574 Post
638 3518 792 3598 huic,“
815 3515 1080 3596 Gan‘golﬁ
1113 3517 1272 3572 fama
1304 3521 1598 3572 crescente
1627 3516 1806 3587 beati,
2302 3521 2527 3578 Omant
2554 3517 2843 3590 exsequiae
2873 3532 3088 3588 corpus
3115 3519 3173 3570 et
3201 3514 3494 3570 exanime.

394 3601 398 3604 ’
548 3606 864 3684 Laudatrix
891 3603 1022 3690 vitae
1053 3621 1183 3676 quas
1211 3604 1322 3660 fuit
1349 3605 1638 3674 almiﬁcze,
2236 3609 2598 3683 Plangebant
2627 3606 2822 3662 cuncti
2853 3622 3057 3663 casum
3082 3603 3350 3676 tantique
3374 3603 3620 3675 patroni,

475 3696 647 3770 Vafer
677 3693 953 3768 deceptor
984 3693 1289 3750 hominum
1323 3699 1642 3767 captorque
1672 3711 1926 3763 reorum,
2309 3699 2501 3772 Ipsius
2532 3695 2772 3754 famulis
2802 3695 3056 3750 maxime
3086 3694 3186 3749 sed
3219 3691 3448 3760 miseri,

547 3782 840 3860 Evolv'en's-
861 3783 1039 3840 bilem
1070 3782 1300 3839 invidia:
1331 3787 1608 3849 veterem,

2236 3787 2604 3861 Eligiturque
2631 3785 2795 3842 locus
2826 3781 3054 3840 tumulo
3082 3781 3344 3855 locuples
3373 3779 3698 3844 venerando,

486 3874 818 3932 Fraudibus
848 3871 1180 3946 omnigenis
1210 3872 1464 3945 antiqua:
1493 3871 1836 3928 calliditatis
2307 3880 2491 3946 Quom
2521 3876 2766 3932 tradunt
2794 3877 3016 3930 veteres
3042 3871 3134 3927 Nil
3163 3871 3421 3927 vocitare
3449 3874 3651 3944 patres.

549 3962 840 4031 Tentavit,
873 3962 1094 4018 famam
1124 3977 1406 4018 ovaouaro
1435 3961 1672 4030 bonum.
2239 3967 2326 4024 Illi
2359 3964 2622 4039 Gangolti
2653 3962 2985 4020 condebant
3013 3959 3283 4016 membra
3311 3959 3491 4028 beati,

481 4053 564 4109 Ne
593 4067 762 4126 gens,
791 4049 1054 4122 exemplo
1084 4050 1185 4106 tali
1217 4055 1498 4122 tantoque
1529 4067 1725 4119 suasa,
2305 4057 2516 4112 sacros
2545 4056 2888 4126 spargentes
2919 4065 3054 4106 cum
3085 4047 3360 4122 lacrymis
3390 4049 3623 4114 cineres,

546 4143 696 4196 Ante
725 4139 982 4212 superba
1011 4155 1118 4194 sua
1147 4138 1296 4195 colla
1324 4140 1488 4196 daret
1517 4139 1776 4196 domino.
2241 4145 2378 4201 Post
2399 4143 2523 4199 hinc
2553 4158 2669 4198 non
2701 4155 2830 4196 raro
2860 4137 3177 4195 visitabant
3201 4153 3340 4194 ossa
3367 4140 3608 4202 sacrata,

486 4230 776 4300 Tempore
796 4232 938 4283 tunc
967 4225 1138 4300 longo
1169 4228 1404 4284 sudavit
1429 4228 1633 4284 fraude
1662 4227 1940 4302 maligna,
2311 4234 2644 4300 Quaerentes
2674 4235 2901 4286 certum
2931 4225 3188 4300 denique
3210 4225 3575 4299 prmaidium.

553 4315 786 4396 Liedere
815 4316 1110 4372 famosum
1145 4333 1248 4372 nec
1278 4316 1462 4372 valuit
1492 4317 1798 4386 duculum,
2240 4323 2600 4380 Strenuntur
2629 4334 2794 4376 sacro
2823 4331 3132 4390 procerum
3153 4329 3388 4387 quoque
3419 4329 3646 4386 corpora
3668 4311 3811 4370 busto,

488 4406 554 4462 In
586 4404 911 4492 sqlegquia
942 4403 1128 4460 multo
1159 4405 1348 4478 magis
1375 4405 1463 4462 vis
1493 4408 1672 4464 crevit
1703 4407 1920 4464 amoris
2315 4409 2422 4466 Pro
2451 4408 2582 4465 vitae
2614 4407 2810 4464 causis
2838 4403 3138 4462 instabilis
3168 4403 3368 4460 variis.

551 4483 952 4574 Illi-usvmagni
985 4493 1263 4549 cordibus
1291 4493 1351 4548 in
1383 4494 1606 4566 populi,
2239 4501 2346 4556 Ast
2374 4498 2476 4571 qui
2507 4499 2738 4568 sceptra
2765 4495 2937 4568 gerit,
2952 4497 3285 4567 prostratus
3317 4505 3618 4559 marmore,
3637 4483 3808 4547 lambit,

478 4587 574 4640 11
588 4582 637 4640 (ι
670 4584 968 4682 Postremo
982 4582 1208 4682 fraudis
1224 4582 1506 4682 miserum
1520 4584 1909 4640 circumdedit
1925 4585 2126 4653 armis,
2160 4617 2208 4682 Β
2314 4589 2384 4644 Et
2409 4586 2557 4642 libat
2579 4584 2807 4640 tumulo
2841 4581 3042 4638 oscula
3063 4597 3415 4638 marmoreo.

553 4675 766 4740 Quem,
793 4671 1032 4728 sceleris
1063 4689 1263 4740 causa,
1288 4669 1544 4743 reppulit
1572 4690 1602 4728 e
1634 4673 1842 4744 patria,
2160 4656 2208 4682 υ
2240 4678 2500 4744 Munere,
2533 4689 2659 4746 spe,
2689 4673 2864 4728 dictis
2893 4671 3242 4742 recogitans,
3272 4686 3388 4742 quo
3422 4667 3674 4740 martyris
3710 4656 3810 4717 ulmi

485 4759 806 4840 Sanguinis
838 4760 1115 4832 huncque
1146 4759 1446 4830 sitijussit
1478 4761 1694 4816 fervere
1725 4761 1984 4834 superbi,
2309 4767 2417 4822 Ριιο
2448 4762 2676 4820 meritis
2699 4761 2970 4816 Christus
3000 4759 3080 4816 sit
3109 4759 3221 4814 sibi
3254 4759 3560 4831 propitius,

552 4851 666 4905 Nec
700 4849 871 4905 scivit
905 4849 1135 4922 proprio
1167 4866 1402 4921 parcere
1424 4849 1550 4920 jam
1581 4849 1838 4904 domino.
2237 4855 2388 4922 Quid
2421 4852 2667 4909 referam
2699 4849 2932 4906 turbam
2967 4848 3170 4919 templi
3204 4865 3308 4920 pro
3339 4847 3540 4902 limine
3557 4846 3756 4915 jactam,

486 4939 613 4995 Tali
645 4939 910 4994 suffusus
942 4939 1138 4992 subito
1173 4955 1309 4992 cum
1341 4937 1471 4994 felle
1502 4938 1788 5007 misellus,
2309 4942 2527 5010 Quidve
2556 4939 2764 5012 loquor
2791 4943 2924 4994 vota
2952 4937 3112 4993 illius
3141 4935 3453 4992 innumera
3472 4935 3500 4992 ?

425 5097 432 5103 ,
555 5028 618 5083 In
650 5029 899 5082 mortem
923 5027 1072 5098 justi
1106 5031 1316 5082 atsluol
1343 5031 1518 5098 atque
1549 5027 1654 5098 pii,
2241 5035 2368 5089 llaec
2399 5034 2554 5088 certe
2585 5027 2786 5084 nullus
2817 5027 2970 5100 potis
3000 5033 3090 5082 est
3114 5025 3529 5098 comprendere
3553 5034 3744 5080 sensus.

479 5117 590 5187 Ac;
615 5116 787 5190 parili
820 5121 1087 5188 repetens
1118 5116 1376 5172 Ganeam
1409 5116 1634 5172 feritate
1660 5115 2002 5189 malignam,
2310 5122 2426 5177 Nec
2455 5104 2706 5193 possunt
2736 5116 2868 5172 ulla;
2897 5115 3090 5172 dicere
3118 5113 3414 5170 litterulae.

555 5206 644 5262 ΙΙΙὶ
676 5206 918 5262 nudavit
945 5205 1147 5261 omnia
1176 5221 1304 5276 qua:
1335 5205 1584 5260 studuit.
2241 5211 2311 5266 At
2339 5214 2544 5266 contra
2571 5223 2708 5263 vero
2735 5203 2904 5261 testis
2933 5201 3339 5277 prosperimus
3366 5201 3508 5275 ipsis

483 5295 658 5352 Ocius
691 5294 834 5364 haec,
865 5295 994 5365 ejus
1026 5293 1242 5365 pravis,
1279 5292 1390 5348 heu
1416 5291 1428 5344 l
1464 5293 1701 5349 subdita
1727 5295 1896 5362 votis,
2315 5296 2589 5370 Largitur
2617 5295 2754 5351 talis
2784 5309 3034 5350 munera
3061 5291 3412 5359 dulcedinis,

554 5385 806 5456 Optavit,
839 5382 1017 5438 citius
1037 5383 1163 5453 jam
1201 5381 1323 5437 fieri
1359 5381 1611 5450 facinus,
2240 5369 2454 5444 omnis
2477 5390 2543 5441 ut
2573 5385 2794 5456 absque
2815 5399 2981 5438 mora
3011 5382 3212 5452 sentit,
3227 5381 3349 5436 fore
3364 5369 3802 5452 prosperacuncta,

483 5471 694 5530 Tendit
725 5475 781 5526 et
811 5471 1058 5526 insidias
1080 5471 1247 5542 justo
1271 5469 1424 5525 clam
1456 5486 1665 5542 nempe
1697 5471 1998 5542 nefandas,
2310 5474 2653 5548 Efﬂagitant
2682 5475 2889 5529 testem
2922 5487 3026 5544 pro
3057 5468 3276 5542 quibus
3303 5466 3608 5542 egregium,

556 5563 872 5618 Immemor
902 5559 1178 5632 antiqua},
1208 5559 1319 5615 vah
1345 5557 1358 5612 l
1393 5559 1628 5632 penitus
1651 5560 1858 5632 venias,
2239 5565 2344 5622 llic
2366 5567 2521 5620 certe
2550 5561 2682 5619 laeto
2713 5560 2880 5617 etscis
2906 5560 3038 5616 visu
3069 5563 3358 5630 reparato,

487 5635 704 5724 Quaise
735 5649 806 5706 de
835 5664 1008 5727 poma
1035 5647 1205 5706 solvit
1227 5649 1358 5728 jam
1373 5649 1488 5706 rite
1517 5648 1800 5729 paranda,
2313 5652 2520 5716 Haurit
2548 5667 2684 5720 mox
2713 5648 2896 5713 oculis
2928 5647 3178 5711 fulmina
3203 5646 3362 5710 clara
3388 5643 3528 5726 suis,
