4092 6190
314 352 470 414 1093

1633 355 1904 418 PASSIO
1949 352 2018 418 S.
2061 355 2398 424 PELAGII.

3557 374 3716 438 1091

315 486 468 544 118
496 488 686 560 Atque
712 486 811 543 diu
843 485 1052 543 clausae
1085 493 1419 544 reserantur
1447 487 1686 546 vocibus
1715 505 1905 558 aures,
1988 489 2048 560 Α
2075 490 2341 547 Suadens
2363 497 2428 548 ut
2459 509 2691 550 sacrum
2723 510 2949 567 quaeras
2981 499 3255 556 merendo
3285 502 3632 574 sepulcram,

383 577 456 632 Et
483 593 724 650 gressus
756 575 975 649 plantis
1005 577 1269 632 redditur
1298 577 1590 649 invalidis,

317 663 417 720 Ilic
450 681 684 737 quoque
715 666 788 720 do
819 665 996 720 variis
1027 665 1268 721 morbus
1300 665 1612 737 depellitur
1637 667 1827 740 zegris,

386 753 686 809 Mundatis
718 753 1001 809 membris
1022 754 1274 826 denique
1297 754 1676 826 languidulis.

315 843 476 897 Orsis
508 859 622 897 non
655 841 814 898 valeo
846 843 1016 915 digne
1049 843 1325 914 praeclara
1353 861 1590 898 monere

387 931 650 999 Munera,
684 949 809 1004 qua:
843 931 1094 1004 populus
1125 931 1217 986 hic
1251 932 1420 987 metit
1449 931 1740 1003 egregius.

313 1021 429 1076 Nec
455 1019 646 1076 solum
680 1019 840 1076 chari
877 1023 1202 1076 refoventur
1238 1037 1433 1076 amore
1467 1020 1712 1092 petroni,

385 1109 559 1176 Queis
591 1111 746 1166 cives
774 1110 920 1164 tanti
952 1110 1196 1182 conligit
1225 1126 1352 1165 esse
1383 1111 1511 1178 viri,

315 1200 424 1255 Sed
457 1198 676 1272 pariter
705 1199 877 1254 terris
903 1191 1245 1254 habitantes
1275 1201 1420 1254 forle
1453 1199 1713 1266 remotis,

384 1287 724 1344 Sentiscunt
752 1291 1091 1360 proruptum
1121 1287 1396 1361 martyris
1427 1288 1709 1344 auxlium.

315 1376 458 1432 Ilinc
489 1393 552 1432 se
583 1375 810 1432 felicem
835 1377 1024 1448 jactat
1050 1377 1140 1431 Nil
1173 1381 1328 1432 terra
1360 1393 1462 1449 per
1489 1377 1713 1442 orbem,

384 1467 520 1532 Qua:
546 1465 708 1520 molli
742 1464 962 1538 gremio
993 1465 1260 1521 confovet
1289 1483 1424 1522 ossa
1453 1482 1642 1534 sacra,

313 1554 577 1627 Denique
605 1554 974 1622 summatim,
997 1554 1144 1628 ccepi
1167 1555 1308 1628 quia
1337 1557 1570 1627 tangere
1600 1555 1786 1612 sancti

383 1641 650 1717 Gangolfi
678 1643 851 1712 facta,
884 1643 1181 1716 martyris,
1207 1644 1462 1716 egregia,

319 1733 541 1804 Restat,
573 1737 641 1788 ut
669 1737 728 1788 et
757 1733 919 1789 tenui
950 1737 1212 1805 repetam
1243 1749 1514 1789 sermone
1541 1732 1856 1800 misellam,

381 1821 549 1877 Illius
579 1821 884 1894 indignam
915 1822 1208 1896 conjugio,
1243 1823 1520 1890 Ganeam,

313 1913 554 1982 Quoquo
582 1910 744 1967 dedit
772 1909 1030 1984 signum,
1059 1911 1266 1967 merito
1298 1911 1634 1967 damnanda
1663 1910 1959 1977 barathro,

385 1999 588 2068 Invita,
622 1999 876 2073 propriis
905 2000 1258 2057 conveniens
1286 1999 1536 2056 meritis.

314 2089 498 2156 Certe,
530 2087 766 2144 victoris
793 2105 928 2144 cum
951 2089 1078 2161 jam
1110 2088 1414 2146 laetissima
1442 2089 1608 2144 testis

387 2175 652 2233 Pulsaret
681 2177 820 2234 celsi
853 2177 1046 2233 sidera
1077 2177 1232 2233 fama
1253 2177 1392 2250 poli,

315 2267 491 2322 Totos
519 2270 579 2322 et
610 2264 842 2322 stabilis
871 2266 1018 2322 fines
1048 2269 1414 2339 percurreret
1443 2265 1624 2334 orbis,

383 2353 704 2428 Divulgans
732 2359 905 2410 tantze
936 2355 1153 2428 gaudia
1181 2353 1457 2429 gloriolze,

315 2444 606 2513 Gaudens,
642 2445 902 2513 devotus,
935 2444 1176 2516 quidam
1208 2443 1478 2500 currebat
1505 2441 1826 2510 homullus,

382 2532 425 2587 E
457 2532 630 2588 busto
659 2531 848 2604 signis
875 2529 1202 2602 composito
1230 2529 1427 2602 variis,

313 2619 531 2676 Obvius
559 2624 735 2692 atque
764 2619 920 2691 lupa}
944 2619 1158 2690 factus,
1190 2635 1371 2690 supra
1399 2622 1753 2686 memorata},

387 2707 682 2778 Substitit,
712 2708 977 2764 attonitis
1008 2706 1300 2780 aspiciens
1325 2707 1531 2764 oculis.

316 2797 476 2852 Hanc
501 2813 875 2870 quoque,pro
905 2796 1151 2865 meritis,
1167 2796 1342 2852 dictis
1371 2796 1586 2853 affatur
1613 2797 1850 2862 amaris,

383 2885 771 2942 Conformans
799 2885 985 2958 ligula
1006 2885 1148 2942 talia
1173 2887 1350 2942 verba
1380 2903 1489 2942 sua
1521 2903 1536 2942 :

313 2975 517 3031 Omnis
545 2974 747 3030 infelix
777 2974 1034 3031 ﬂammis
1059 2975 1349 3031 credenda
1377 2975 1652 3030 meretrix

388 3065 598 3121 Jamne
627 3064 788 3137 piget
817 3063 1062 3132 fraudis,
1096 3065 1338 3134 pcenitet
1363 3068 1467 3119 aut
1497 3063 1754 3132 sceleris,

317 3155 378 3210 In
413 3158 683 3210 sanctum
717 3153 948 3210 Domini
981 3169 1096 3210 non
1119 3154 1283 3224 justa
1313 3155 1507 3208 mente
1537 3153 1745 3224 parati,

386 3243 518 3300 Solo
549 3241 749 3299 lascivi
779 3241 1024 3298 consilio
1053 3241 1236 3298 socii?

318 3332 484 3402 Nam,
518 3332 851 3388 miserando
882 3331 991 3400 tui,
1024 3331 1216 3404 pando
1249 3331 1639 3387 medicamina
1670 3331 1798 3387 sani

387 3423 624 3495 Optima
653 3419 906 3493 consilii,
941 3437 1074 3476 mox
1105 3419 1390 3493 capienda
1421 3419 1547 3489 tibi,

2145 580 2458 656 Abstergas
2490 582 2636 638 fusis
2667 589 2725 640 et
2755 585 3017 642 maculas
3049 585 3342 660 lacrymis,

2074 671 2228 724 119
2261 669 2382 725 Illic
2413 671 2700 728 examinis
2729 678 2927 730 sancte
2958 675 3096 748 quia
3125 679 3360 735 condita
3389 681 3559 738 testis

2148 758 2496 831 Praefulgent
2525 760 2710 833 signis
2741 762 3030 835 fragmina
3057 783 3170 820 non
3203 767 3487 824 minimis.

2074 847 2163 911 Et,
2193 846 2326 901 licet
2359 848 2682 920 indignam,
2707 867 2876 922 spero
2907 856 2963 907 te
2992 871 3162 925 posse
3194 856 3507 925 misellam,

2145 933 2204 988 Si
2237 933 2413 989 deﬂes
2443 935 2696 1007 culpam,
2725 939 3074 1010 consoquior
3100 941 3350 998 veniam.

2075 1020 2368 1109 I’cstjferis
2399 1024 2497 1078 sed
2533 1041 2698 1081 mens
2719 1026 2874 1082 vitiis
2905 1028 3056 1082 male
3087 1031 3284 1086 dedita
3306 1034 3465 1100 totis,

2145 1111 2226 1164 Ad
2263 1111 2388 1165 vitae
2423 1116 2638 1168 rectam
2672 1115 2907 1170 rennuit
2935 1115 3019 1171 ire
3048 1118 3222 1186 viam,

2075 1199 2323 1272 Solaque
2354 1219 2511 1256 nunc
2542 1201 2683 1257 laetae
2713 1205 3105 1276 complectens
3137 1206 3364 1264 lubrica
3396 1209 3546 1278 vitae,

2145 1289 2267 1344 Non
2297 1295 2465 1345 curat
2496 1291 2694 1362 patriae
2723 1293 2940 1364 gaudia
2967 1299 3256 1366 perpetua:

2075 1377 2167 1433 Sic
2198 1377 2322 1434 haec
2352 1379 2571 1448 infelix,
2605 1381 2904 1438 commissi
2937 1382 3202 1440 criminis
3232 1387 3478 1455 auctrix,

2146 1467 2392 1523 Fastidit
2418 1467 2609 1524 verbis
2639 1470 2840 1525 cedere
2869 1470 3150 1543 paciﬁcis,

2073 1557 2145 1612 Se
2177 1555 2316 1629 quia
2343 1557 2615 1614 credebat
2644 1557 2841 1615 causis
2869 1563 3054 1616 totam
3086 1561 3384 1633 perituris,

2143 1645 2256 1701 Nec
2289 1662 2450 1718 spem
2485 1646 2782 1704 mansuris
2807 1649 2983 1722 gestit
3009 1648 3224 1706 habere
3251 1651 3441 1708 bonis.

2073 1732 2326 1802 Scilicet,
2359 1733 2574 1790 auditis
2604 1735 2796 1792 verbis
2828 1753 2942 1792 non
2973 1737 3123 1794 falsa
3148 1737 3464 1811 loquentis,

2144 1823 2492 1896 Intorquens
2523 1823 2722 1880 oculos
2751 1825 3000 1882 subdola
3031 1827 3408 1902 sanguineos,

2072 1911 2337 1984 Exagitat
2366 1916 2544 1984 caput
2563 1911 2920 1971 indomitum
2949 1915 3325 1988 impatienter
3351 1919 3411 1975 in
3441 1919 3610 1977 illum

2142 2001 2214 2054 Et
2241 1999 2418 2055 latrat
2449 2003 2638 2056 rostro
2669 1999 2811 2057 talia
2839 2003 3113 2076 pestifero
3149 2021 3162 2058 :

2071 2088 2189 2144 Cur
2215 2087 2494 2160 loqueris,
2526 2088 2745 2144 frustra
2775 2089 3064 2146 simulans
3092 2093 3380 2150 miracula
3401 2099 3564 2153 tanta

2142 2176 2357 2233 Sedulo
2388 2176 2655 2250 Gaugolfi
2687 2195 2790 2251 pro
2822 2179 3046 2236 meritis
3079 2181 3203 2236 fieri

2073 2267 2202 2322 llaec
2234 2283 2360 2338 qua:
2391 2265 2671 2322 dicuntur
2699 2271 2854 2323 certe
2885 2285 3002 2324 non
3032 2286 3164 2326 vera
3197 2272 3540 2344 probantur,

2142 2355 2267 2409 Non
2299 2353 2494 2410 desint
2522 2355 2692 2426 signa
2723 2355 2884 2414 illius
2916 2361 2981 2413 ut
3011 2358 3262 2428 tumulo,

2071 2443 2238 2498 Ilaud
2270 2441 2416 2498 alias
2447 2460 2624 2516 quam
2654 2443 2803 2499 mira
2831 2445 2944 2501 mei
2975 2447 3258 2504 miracula
3288 2448 3445 2506 dorsi

2145 2533 2403 2588 Proferat
2429 2537 2690 2588 extrema
2721 2533 2972 2606 denique
3004 2535 3307 2606 particula.

2073 2621 2323 2690 Dixerat,
2349 2625 2408 2676 et
2436 2621 2676 2676 verbum
2709 2621 2980 2694 sequitur
3007 2623 3276 2680 mirabile
3304 2627 3561 2700 signum,

2145 2710 2232 2765 Illi
2257 2709 2556 2782 particulae
2588 2710 2938 2766 conveniens
2969 2711 3236 2784 proprias.

2073 2799 2220 2871 Ergo
2251 2797 2410 2853 dedit
2438 2797 2720 2870 sonitum,
2746 2799 2904 2872 turpi
2937 2799 3336 2862 modulamine
3366 2803 3608 2872 factum,

2145 2887 2363 2942 Profari
2393 2891 2662 2943 nostrum
2683 2888 2856 2960 quale
2885 2889 3066 2961 pudet
3091 2889 3358 2963 ligulam.

2071 2977 2142 3031 Et
2171 2979 2302 3048 post
2330 2975 2450 3031 haac
2480 2976 2723 3032 verbum
2755 2977 2984 3048 quoties
3013 2978 3368 3036 formaverat
3397 2978 3607 3048 ullum,

2145 3065 2416 3122 Reddidit
2444 3064 2730 3120 incultum
2762 3065 2921 3122 hunc
2950 3066 3124 3124 toties
3151 3067 3432 3124 sonitum.

2073 3154 2145 3210 Ut
2175 3171 2300 3226 qua:
2330 3153 2575 3226 legalem
2603 3155 2828 3226 respuit
2857 3155 3105 3212 retinere
3135 3157 3440 3229 pudorem.

1993 3221 2036 3287 ο
2145 3243 2232 3298 Sit
2263 3243 2418 3298 risus
2449 3259 2629 3299 causa
2659 3243 2933 3302 omnibus
2956 3244 3291 3314 immodica,

2078 3333 2496 3404 Finitenusquc
2516 3349 2635 3388 suae
2668 3337 2859 3404 portet
2886 3350 2990 3406 per
3019 3337 3282 3406 tempora
3309 3334 3434 3390 vita:

2149 3420 2437 3477 Indicium
2470 3421 2690 3495 proprii
2721 3421 2943 3479 scilicet
2971 3423 3289 3496 epprobrii.

1253 3747 1673 3864 PASSIO
1746 3748 2176 3866 SANCTI
2245 3749 2767 3897 PELAGII,

1488 3959 2069 4022 PRE’I‘IOSISSIMI
2115 3960 2544 4034 MARTYRIS,

1041 4111 1160 4185 Qui
1180 4111 1401 4172 nostris
1433 4109 1793 4192 temporibus
1822 4109 1886 4170 in
1919 4108 2203 4174 Corduba
2229 4111 2526 4194 martyrio
2554 4119 2640 4172 est
2666 4120 3001 4171 coronatus.

1458 4415 1671 4485 uo
1726 4408 1868 4494 AB
1890 4407 2600 4498 GUMENTUM.

390 4557 782 4632 Abdrahemen,
802 4555 1162 4632 timur-itania:
1192 4563 1482 4632 tyrannus,
1523 4567 1721 4615 sectam
1768 4552 2166 4632 Saracenorum
2209 4575 2458 4632 sequens,
2511 4562 2571 4614 in
2617 4559 2943 4632 Hispaniam
2985 4559 3196 4632 trajecit
3240 4573 3530 4632 omnesque
3567 4557 3722 4632 Chri-

315 4631 525 4686 stianos
571 4629 860 4702 suppliciis
888 4628 1092 4702 affecit,
1129 4635 1228 4682 aut
1255 4629 1541 4702 insertam
1583 4647 1743 4686 suam
1789 4631 1987 4702 coegit.
2031 4631 2165 4686 Cum
2214 4628 2538 4697 Cordubam,
2586 4628 2857 4701 uisionem
2899 4628 3176 4700 llispanim
3220 4628 3450 4702 urbem;
3479 4631 3720 4700 cepisset,

314 4703 550 4773 majores
575 4700 730 4774 urbis
758 4701 988 4767 necavit,
1019 4705 1116 4754 aut
1142 4701 1432 4770 pecuniam
1459 4717 1558 4773 pro
1588 4701 1674 4758 his
1704 4700 1924 4774 accepit.
1959 4701 2200 4774 Cumque
2227 4703 2405 4758 nobili
2426 4705 2534 4757 civi
2553 4700 2763 4757 tantum
2785 4717 3057 4774 summam
3081 4701 3332 4772 pecunim
3359 4701 3721 4774 imposuisset,

317 4772 484 4846 quam
508 4772 742 4846 pendere
771 4779 1005 4846 tyranno
1032 4785 1143 4846 non
1158 4779 1361 4846 posset,
1393 4772 1533 4846 etin
1561 4772 1839 4828 carcerem
1877 4772 2006 4846 duci
2049 4772 2280 4841 deberet,
2329 4776 2500 4846 ﬁlius,
2549 4775 2746 4846 pietate
2791 4773 3210 4846 patris_motus,
3250 4787 3349 4842 pro
3395 4787 3457 4827 eo
3499 4773 3726 4846 uincula

314 4841 618 4916 subiitipe
643 4843 798 4913 cujus
826 4841 1234 4916 pulchritudine
1263 4842 1395 4897 dum
1425 4844 1494 4916 ad
1525 4853 1824 4916 tyrannum
1856 4845 2089 4900 relatum
2116 4854 2268 4910 esset,
2301 4841 2338 4900 e'
2358 4841 2574 4900 carcere
2603 4841 2927 4916 adolescens,
2961 4841 3177 4898 ducitur
3212 4841 3450 4913 tyranno
3477 4843 3722 4916 offertur,

313 4923 378 4969 ut
407 4913 632 4969 libidini
659 4929 780 4987 sua:
805 4921 1038 4987 pareret.
1074 4913 1314 4987 Cumque
1339 4915 1512 4987 [tellus
1542 4913 1828 4987 tyrannms
1853 4915 2045 4971 multis
2071 4917 2320 4987 precibus
2351 4919 2574 4982 instare,
2593 4915 2899 4970 adolescens
2924 4931 3108 4984 pugno
3133 4921 3394 4985 petentem
3423 4914 3726 4987 osculasua

315 4983 817 5058 tyrannumcetlit.’
842 4985 1127 5058 Tyrannus
1158 4985 1318 5058 illius
1341 4983 1667 5042 abnuentem
1695 4987 1980 5058 amplexus
2008 4983 2181 5058 funda
2209 4996 2261 5044 et
2289 4988 2484 5042 balista
2511 4995 2662 5042 trans
2693 4983 3274 5058 murumiin’fluv’ium,
3299 4987 3396 5056 qui
3425 4983 3728 5041 Cordubam

314 5056 506 5138 all-uit,
535 5057 764 5138 trajecit,
795 5057 952 5138 cujus
986 5056 1344 5138 corpusfipis
1371 5058 1554 5138 sancis
1582 5056 1854 5127 collisum,
1885 5075 1920 5114 a
1941 5056 2304 5130 piscatoribus
2334 5059 2611 5128 colligitur
2637 5063 2689 5112 et
2714 5075 2747 5111 a
2775 5057 3101 5112 satellitibus
3148 5058 3375 5128 tyranni
3420 5063 3723 5123 truncatur,

318 5127 539 5184 laudem
566 5126 982 5199 religiosissime
1007 5143 1040 5182 a
1067 5126 1276 5181 civibus
1302 5129 1584 5199 sepelitur.

1225 5390 1668 5464 PR/EFATIO
1720 5391 2166 5465 IIROSVIT/F
2219 5391 2305 5464 IN
2363 5391 2825 5464 PELAGIUM.

316 5564 537 5638 Inclyta
567 5565 784 5638 Pelagi,
820 5569 1042 5639 martyr
1071 5563 1384 5622 fortissime
1411 5564 1651 5638 Christi,

316 5655 393 5716 Et
417 5655 566 5716 bone
595 5655 897 5736 regnantis
925 5653 1096 5715 miles
1125 5670 1230 5735 per
1258 5654 1473 5715 saecula
1500 5654 1695 5734 Regis,

1997 5569 2046 5633 D
2078 5565 2320 5638 Respice
2349 5565 2692 5623 Hrosvitham
2722 5564 2849 5620 miti
2871 5566 3088 5638 pietate
3108 5563 3416 5621 misellam.

2077 5647 2188 5721 Me,
2220 5645 2327 5704 tibi
2357 5646 2687 5723 subjectum
2715 5644 2920 5705 devota
2950 5649 3147 5705 meute
3177 5642 3496 5718 famellam,
