4092 6190
527 292 688 382 μὶθῖ)
1343 293 1872 352 llRO'l‘SUl'l‘ll/l‘l
1919 291 2287 381 MONtlALlS
2336 290 3124 350 GANDERSIIEIMENSIS
3723 296 3828 389 ιᾳιθ

531 431 666 496 Qua:
696 433 752 482 te
784 431 976 482 mente
1003 425 1147 491 colo,
1168 441 1400 480 carmen
1435 441 1664 496 quoque
1698 429 1927 496 pectore
1950 442 2172 498 promo,
2207 425 2262 490 Α
2293 423 2724 494 Famosumque
2755 428 2923 478 tuum
2955 422 3176 478 calamo
3208 423 3438 496 signare
3465 423 3780 500 triumphum,

530 519 600 573 Et
632 517 740 582 fac,
773 513 964 585 exigui
997 529 1205 583 supero
1235 511 1306 565 de
1335 527 1462 565 rore
1498 509 1670 581 rigari

532 603 786 662 Pectoris
817 604 1133 658 obscurum
1158 599 1286 668 jam
1318 598 1431 652 mis
1461 598 1808 655 clementius
1839 603 2096 668 antrum,

532 700 654 762 Quo
685 692 907 765 possim
938 689 1179 744 laudum
1211 687 1499 758 condigne
1531 688 1676 742 mire
1709 694 1964 755 tuarum,

2287 511 2357 566 Et
2385 527 2560 584 quem
2589 510 2860 566 nobiliter
2888 511 3175 566 mundum
3219 528 3356 567 cum
3403 515 3574 568 morte
3605 520 3828 572 cruentum

2288 599 2514 668 Vicisti,
2549 601 2796 656 nitidam
2826 605 3120 656 mercatus
3149 601 3431 674 sanguine
3461 599 3699 674 palmam.

2027 849 2422 863 Ἃ

1242 957 2194 1141 SEQUITUR
2311 959 3242 1144 HISTORIA

602 1197 868 1254 Partibus
900 1197 1159 1253 occiduis
1192 1196 1356 1251 fulsit
1385 1183 1608 1250 clarum
1643 1197 1821 1252 decus
1850 1197 2009 1252 orbis

467 1359 474 1364 _
528 1289 676 1346 Urbs
704 1290 967 1360 Augusta
996 1288 1170 1352 Nova,
1198 1284 1398 1340 Martis
1430 1285 1656 1341 feritate
1689 1286 1960 1358 superba.

527 1380 712 1444 Quam
745 1377 891 1434 satis
921 1376 1161 1450 Ilispani
1193 1374 1412 1430 cultam
1443 1379 1684 1431 tenuere
1716 1375 1925 1444 coloni,

525 1468 673 1524 I21
709 1466 998 1532 Corduba,
1033 1466 1259 1522 famosa
1288 1462 1546 1535 locuples
1577 1464 1647 1520 de
1677 1463 1914 1520 nomine
1945 1464 2122 1530 dicta,

525 1555 745 1629 Inclyta
775 1553 1018 1623 deliciis,
1056 1554 1232 1610 rebus
1262 1570 1494 1624 quoque
1526 1551 1836 1624 splendida
1863 1553 2110 1618 cunctis,

523 1644 773 1700 Maxime
803 1643 1062 1716 septenis
1093 1641 1311 1714 sephize
1345 1641 1566 1713 repleta
1596 1641 1853 1710 ﬁuentis,

523 1733 637 1790 Nec
669 1750 784 1789 non
815 1730 1110 1804 perpetuis
1131 1747 1359 1802 semper
1389 1729 1667 1802 praeclara
1686 1729 2024 1803 triumphis,

523 1821 674 1877 Olim
707 1839 833 1895 quae
864 1820 1094 1877 Christo
1127 1821 1317 1876 fuerat
1345 1836 1485 1875 vene
1508 1819 1744 1875 subdita
1767 1821 1929 1892 justo

524 1912 698 1967 Fudit
725 1916 784 1965 et
815 1910 1041 1965 albatos
1074 1908 1320 1964 Domino
1353 1907 1704 1980 baptismate
1735 1913 1924 1964 natos.

523 1998 740 2054 Bellica
767 1999 869 2053 sed
901 1998 1096 2052 subito
1127 1998 1331 2064 virtus,
1367 1996 1513 2050 bene
1536 1997 1770 2052 condita
1792 1998 1929 2067 jura

526 2087 774 2142 Mutavit
803 2103 980 2141 sacrm
1012 2086 1166 2152 ﬁdei,
1202 2085 1530 2156 spargendo
1562 2084 1797 2140 nefandi

524 2174 826 2246 Dogmatis
858 2189 1134 2241 errorem,
1173 2171 1446 2244 populum
1480 2171 1747 2244 lmsitque
1778 2173 2030 2229 fidelem.

596 2261 820 2318 Perﬁda
848 2278 986 2317 nam
1017 2262 1438 2316 Saracenorum
1469 2276 1612 2334 gens
1645 2261 2066 2317 indomitorum

528 2351 700 2406 Urbis
731 2356 917 2406 marte
945 2349 1094 2422 petit
1119 2351 1298 2404 duros
1331 2350 1578 2420 hujusce
1601 2350 1836 2406 colonos

523 2439 753 2511 Eripuit
782 2455 957 2511 regne
991 2443 1206 2494 sortem
1241 2439 1352 2493 sibi
1385 2438 1499 2492 vim
1531 2456 1764 2510 quoque
1795 2438 1956 2507 clari,

527 2527 933 2599 Exstinxitque
963 2529 1182 2582 bonum
1205 2543 1423 2598 regem,
1457 2527 1807 2598 baptismate
1840 2528 2044 2596 lotum,

522 2616 630 2682 Qui
665 2615 891 2689 pridem
923 2616 1130 2671 merito
1161 2615 1346 2688 gessit
1377 2615 1593 2688 regalia
1623 2622 1876 2689 sceptra,

523 2707 592 2761 Et
620 2705 774 2761 cives
795 2704 977 2776 justis
1007 2703 1236 2758 domuit
1266 2709 1409 2775 quot
1439 2708 1705 2776 tempora
1734 2705 1934 2761 frenis.

523 2793 730 2850 Hostili
761 2795 912 2848 ferro
941 2797 1096 2848 certe
1126 2809 1242 2864 quo
1265 2794 1391 2864 jam
1423 2797 1718 2864 superato,

519 2885 598 2939 Ae
631 2882 852 2954 reliquo
882 2882 1030 2938 vieto
1063 2886 1227 2936 tanta
1255 2882 1326 2936 de
1357 2882 1510 2938 caede
1533 2883 1781 2954 popello,

521 2973 738 3027 Ductor
766 2970 1082 3026 barbarica:
1112 2969 1586 3042 gentis,structor
1615 2988 1849 3044 quoque
1881 2987 2087 3042 pugnm

518 3060 621 3115 Vir
648 3065 739 3116 sat
769 3077 1095 3132 pervorsus,
1128 3059 1245 3113 vita
1271 3059 1504 3130 rituque
1536 3059 1838 3132 profanus,

519 3149 791 3204 Vindicat
821 3148 1050 3221 imperii
1083 3152 1301 3203 sortem
1331 3147 1443 3203 sibi
1475 3149 1727 3221 denique
1757 3150 1924 3218 tanti,

519 3237 778 3293 Collocat
805 3240 863 3292 et
889 3237 1078 3291 socios
1110 3235 1357 3308 populos
1389 3253 1524 3292 rure
1553 3238 1858 3306 nefandos,

521 3325 776 3398 lmplens
807 3329 1146 3380 mmrentem
1179 3342 1294 3379 non
1327 3325 1532 3396 paucis
1561 3324 1832 3382 hostibus
1864 3329 2092 3392 urbem,

523 3413 736 3471 Polluit
765 3419 824 3470 et
851 3419 1105 3469 veterem
1130 3430 1286 3484 pura:
1320 3412 1452 3468 ﬁdei
1484 3413 1824 3485 genitricem

524 3502 833 3558 Barbarico
865 3502 1002 3570 ritu,
1031 3501 1186 3574 quod
1219 3519 1358 3556 nam
1390 3501 1724 3558 miserabile
1753 3503 1934 3571 dictu,

523 3591 786 3665 Paganos
809 3590 994 3663 justis
1015 3589 1469 3646 intermiscendo
1501 3591 1742 3660 colonis,

522 3683 648 3746 Quo
677 3679 788 3736 sibi
820 3679 1135 3734 suaderent
1165 3681 1383 3750 patrios
1415 3679 1729 3738 dissolvere
1759 3699 1950 3738 mores

522 3771 718 3842 Deque
749 3769 1052 3841 profanato
1085 3785 1284 3824 secum
1315 3769 1550 3842 sordere
1581 3770 1816 3826 sacello.
1865 3786 1876 3796 ’

591 3859 816 3932 Agmen
845 3857 946 3914 sed
989 3861 1279 3924 tenerum,
1313 3857 1543 3912 Christo
1591 3863 1822 3929 pastore
1853 3859 2172 3931 regendum

522 3948 766 4004 Jussum
799 3945 1052 4019 perversi
1080 3945 1311 4017 respuit
1339 3962 1473 4000 mox
1501 3945 1664 4002 trisie
1693 3948 1947 4020 tyranni,

511 4037 733 4092 'Dicens
764 4033 938 4091 malle
958 4034 1127 4102 mori,
1161 4033 1349 4108 legem
1380 4050 1614 4106 quoque
1643 4041 1830 4110 morte
1857 4037 2030 4105 tueri,

523 4123 727 4178 Vivere
749 4139 926 4195 quam
957 4123 1137 4178 stulte
1166 4123 1350 4178 sacris
1381 4121 1720 4178 famulando
1753 4123 2015 4181 novellis.

525 4214 647 4278 Quo
677 4227 776 4266 rex
805 4215 1122 4282 comperto,
1158 4227 1272 4266 non
1305 4211 1530 4282 absque
1555 4211 1646 4266 sui
1679 4211 1802 4267 fore
1833 4213 2050 4270 damno

525 4298 741 4370 Sensit,
772 4299 823 4354 si
855 4299 1087 4354 cunctis
1108 4299 1325 4371 pariter
1354 4299 1671 4371 praedivitis
1703 4301 1892 4372 urbis,

523 4391 709 4455 Quam
740 4388 942 4444 crebro
972 4387 1176 4442 valida:
1207 4386 1359 4458 cepit
1387 4386 1705 4446 luctamine
1735 4407 1944 4462 pugna:

522 4477 780 4542 Civibus,
805 4476 1094 4532 excidium
1126 4475 1333 4530 mortis
1363 4476 1652 4532 conferret
1679 4495 1966 4536 amarum.

523 4564 608 4620 Ob
639 4565 793 4637 quod
821 4564 1119 4620 decretum
1152 4563 1317 4636 prius
1348 4563 1716 4621 immutando
1747 4571 2056 4636 statutum,

523 4655 678 4712 I22
709 4653 913 4710 Sanxit
943 4671 1076 4709 mox
1108 4651 1320 4726 legem,
1350 4653 1586 4725 vulgato
1617 4655 1889 4729 dogmate
1921 4657 2116 4725 talem,

524 4742 597 4798 Ut
623 4741 893 4816 quisquis
917 4742 1053 4814 Regi
1089 4741 1288 4797 mallet
1309 4743 1524 4797 servire
1555 4744 1814 4816 perenni,

523 4833 592 4888 Et
621 4837 855 4904 patrum
890 4849 1081 4886 mores
1113 4830 1252 4885 olim
1289 4848 1516 4886 servare
1547 4832 1773 4902 ﬁdeles,

521 4921 638 4976 Iloc
673 4921 884 4976 faceret
915 4919 1094 4983 licito,
1130 4919 1290 4974 nulla
1317 4925 1449 4992 post
1479 4920 1706 4976 vindice
1739 4938 1927 4993 pcena,

523 5010 638 5065 llac
670 5009 860 5064 solum
891 5013 1058 5063 caute
1089 5013 1316 5064 servata
1345 5007 1695 5078 conditione,

521 5097 602 5153 Ne
633 5097 768 5169 quis
797 5097 1048 5168 praefata:
1078 5095 1220 5150 civis
1251 5102 1628 5168 prcesumeret
1659 5097 1821 5153 urbis

522 5185 682 5240 Ultra
712 5184 1120 5256 blasphemare
1153 5183 1268 5240 diis
1295 5201 1436 5239 auro
1469 5185 1792 5255 fabricatis,

521 5275 675 5340 Quos
692 5273 964 5346 princeps
982 5273 1194 5328 coleret
1222 5278 1518 5354 sceptrum
1542 5274 1902 5348 quicumque
1925 5281 2164 5348 teneret,

522 5362 635 5417 Seu
665 5367 842 5435 caput
871 5366 1071 5418 exacto
1101 5361 1276 5417 citius
1307 5362 1668 5435 subjungere
1699 5363 1870 5432 ferro,

522 5451 592 5508 Et
619 5450 1031 5508 sententiolam
1063 5449 1162 5506 leti
1193 5450 1418 5523 perfero
1447 5466 1810 5524 supremam.

585 5539 698 5626 .His
727 5538 812 5600 ita
840 5539 1105 5618 digestis,
1140 5537 1419 5600 simulata
1447 5555 1608 5620 pace,
1642 5538 1882 5622 quievit,

2286 1198 2509 1254 Obruta
2538 1197 2700 1254 mille
2731 1198 2904 1254 malis
2935 1197 3108 1254 toties
3138 1198 3280 1254 urbs
3311 1215 3511 1271 nempe
3539 1199 3716 1256 ﬁdelis.

2286 1287 2422 1356 Sed,
2454 1287 2504 1342 si
2536 1303 2685 1359 quos
2714 1287 2870 1360 ignis
2899 1286 3115 1342 Christi
3147 1286 3448 1342 succendit
3474 1288 3665 1343 amoris
3742 1307 3748 1312 ·

2287 1375 2682 1448 Martyriique,
2717 1375 2863 1431 satis
2893 1375 3084 1431 suasit
3113 1391 3480 1446 corrumpere
3507 1375 3660 1448 dictis

2286 1447 2733 1536 Marmora,quze
2754 1463 3325 1536 princeps,eomptus
3337 1447 3838 1539 diadematekupplex

2285 1552 2534 1624 Corpore
2564 1557 2854 1625 prostrato
2884 1557 3196 1608 veneratur
3226 1552 3398 1608 thure
3425 1552 3629 1622 Sabaeo,

2285 1640 2402 1696 llos
2431 1640 2640 1712 capitis
2671 1641 2867 1697 subito
2895 1641 3198 1696 damnavit
3228 1641 3481 1713 denique
3507 1657 3673 1714 pmna.

2203 1733 2250 1798 B
2279 1729 2390 1786 Sed
2423 1745 2668 1802 superos
2699 1729 2908 1786 animae
2940 1729 3240 1802 petierunt
3269 1729 3698 1803 sanguine-lota}.

2359 1818 2606 1874 Casibus
2637 1817 2730 1874 his
2762 1819 2962 1891 plures
2992 1818 3260 1875 volvebat
3287 1819 3546 1875 Corduba
3571 1818 3716 1888 soles,

2287 1907 2533 1964 Subdita
2563 1924 2664 1979 per
2693 1907 2934 1980 longum
2966 1907 3216 1980 paganis
3246 1907 3479 1980 regibus
3507 1924 3688 1980 aevum,

2287 1996 2479 2052 Donec
2510 1996 2620 2051 sub
2654 1997 2872 2052 nostris
2899 1997 3143 2068 quidam
3176 1997 3251 2052 de
3279 1996 3534 2070 germine
3561 1997 3691 2069 regis

2286 2084 2694 2157 Temporibus,
2729 2101 2974 2157 regnum
3007 2086 3272 2158 suscepit
3301 2086 3446 2142 forte
3473 2091 3753 2158 parentum,

2356 2171 2616 2228 Deterior
2647 2173 2932 2246 patribus,
2965 2173 3107 2229 luxu
3137 2175 3336 2230 carnis
3367 2173 3686 2242 maculatus,

2283 2261 2689 2318 Abdrahemen
2717 2261 2929 2330 dictus,
2965 2263 3126 2334 regni
3157 2262 3465 2334 splendore
3492 2262 3754 2335 superbus,

2283 2349 2392 2416 Qui
2422 2367 2560 2405 nam
2590 2349 2954 2407 Christicolis
2986 2351 3259 2420 faciebat,
3295 2368 3452 2408 more
3481 2351 3723 2424 parentis,

2286 2438 2534 2494 Librans
2563 2438 2872 2494 arbitrium
2905 2439 3065 2506 ﬁdei,
3096 2457 3283 2512 supra
3312 2446 3688 2509 memoratum,

2283 2527 2400 2582 Nec
2429 2527 2574 2583 satis
2604 2527 2915 2598 iujustum,
2946 2527 3120 2584 solvit
3147 2529 3365 2600 pietate
3393 2531 3684 2595 decretum,

2280 2617 2498 2672 Auctor
2527 2618 2682 2688 quod
2710 2617 2966 2686 sceleris,
3001 2618 3316 2690 populator
3347 2620 3587 2692 perﬁdus
3611 2617 3744 2674 urbis

2287 2704 2515 2772 Sanxit,
2545 2707 2687 2761 dum
2718 2723 2914 2778 regem
2948 2713 3260 2778 superaret
3287 2709 3468 2764 Marte
3495 2706 3714 2773 ﬁdelem,

2285 2794 2397 2849 Sed
2427 2793 2664 2850 volvens
2693 2794 3156 2866 animo,servans
3175 2813 3412 2870 quoque
3426 2797 3584 2852 corde
3602 2793 3834 2869 profundo.

2282 2882 2506 2954 Smpius
2539 2883 2790 2939 innocuo
2821 2885 3136 2940 madefecit
3163 2886 3452 2958 sanguine
3479 2903 3618 2952 rura,

2281 2971 2534 3042 Corpora
2555 2973 2855 3042 justorum
2883 2990 3246 3030 consumens
3277 2980 3478 3030 sancta
3504 2974 3740 3040 virorum,

2281 3060 2388 3125 Qui
2420 3059 2651 3116 Christo
2681 3060 2888 3116 laudes
2905 3061 3190 3117 ardebant
3214 3079 3464 3137 pangere
3492 3061 3685 3126 dulces,

2279 3147 2472 3220 lpsius
2501 3153 2558 3204 et
2586 3148 2802 3205 stultos
2829 3149 3023 3206 verbis
3053 3151 3475 3222 reprehendere
3502 3150 3662 3208 divos.

2281 3235 2526 3308 Insuper
2554 3241 2611 3292 et
2639 3241 2804 3294 tanto
2830 3238 2985 3294 fastu
3015 3256 3080 3295 se
3099 3239 3294 3310 jactat
3322 3240 3380 3298 in
3411 3240 3538 3296 aula

2281 3322 2634 3396 Sacrilegus,
2668 3325 2908 3382 meritas
2937 3325 3255 3383 cumulans
3285 3327 3398 3386 sibi
3423 3327 3836 3400 deniquepmnns,

2280 3413 2436 3470 123
2466 3413 2540 3470 Ut
2566 3430 2763 3487 regem
2795 3431 2999 3488 regum
3030 3421 3222 3472 semet
3242 3417 3364 3475 fore
3387 3417 3628 3474 crederet
3651 3415 3813 3486 ipsum,

2281 3501 2423 3572 Ejus
2453 3507 2512 3558 et
2539 3501 2787 3576 imperio
2815 3507 3022 3576 gentes
3053 3521 3265 3562 omnes
3293 3506 3430 3562 dare
3457 3503 3611 3576 colla,

2283 3590 2478 3646 Ullum
2510 3607 2616 3648 nec
2644 3595 2810 3648 tanta
2837 3591 3123 3666 populum
3149 3594 3382 3651 feritate
3411 3595 3676 3660 refertum,

2282 3678 2392 3746 Qui
2421 3683 2648 3736 tentare
2677 3699 2818 3738 suas
2849 3682 3090 3738 auderet
3118 3683 3309 3740 Marte
3339 3688 3600 3740 catervas.

2353 3768 2507 3825 Dum
2538 3769 2759 3826 tumuit
2787 3770 2942 3826 fastu
2973 3770 3132 3828 licito
3154 3773 3484 3844 jactantius
3511 3773 3632 3838 isto,

2281 3856 2482 3912 Audiit
2511 3857 2646 3914 inde
2675 3854 2820 3914 locis
2848 3864 3080 3930 gentem
3112 3860 3326 3934 degere
3354 3860 3598 3928 remotis,

2260 3943 2528 4004 .Gallicia
2555 3947 2788 4020 regione
2811 3947 2983 4005 sitam
3016 3949 3288 4022 belloque
3319 3951 3632 4026 superbam,

2283 4033 2500 4090 Christi
2532 4034 2836 4093 cultricem
2856 4036 3432 4113 simulacrorumque
3459 4036 3715 4106 rebellem,

2283 4124 2420 4189 Quae
2449 4140 2558 4180 sua
2586 4123 2862 4182 continuo
2892 4130 3055 4182 tenta
3083 4131 3143 4184 et
3171 4143 3449 4200 spernere
3470 4129 3614 4200 jura,

2269 4210 2442 4276 _V.Blle
2471 4227 2695 4284 negans
2719 4213 2979 4270 dominis
3008 4213 3150 4270 olim
3181 4217 3306 4272 fore
3337 4216 3564 4273 subdita
3587 4210 3758 4287 pravis.

2283 4301 2407 4366 Quo
2437 4316 2538 4356 rex
2566 4305 2884 4374 comperto,
2917 4302 3176 4359 fervebat
3205 4303 3492 4360 daemonia
3517 4303 3613 4370 ira,

2283 4388 2468 4444 Corde
2495 4404 2706 4462 gerens
2735 4394 2986 4446 veterem
3011 4391 3304 4464 serpentis
3335 4393 3576 4464 denique
3598 4386 3759 4449 bilem,

2204 4467 2252 4532 D
2282 4473 2677 4549 Volvebatque
2706 4477 2804 4533 diu
2840 4477 3141 4535 flammato
3171 4480 3428 4538 dedecus
3457 4485 3596 4547 astu,

2282 4565 2431 4632 Quid
2464 4567 2678 4622 faceret
2705 4567 2906 4636 tantis,
2941 4567 3136 4624 animo
3169 4573 3455 4641 tractans,
3483 4565 3719 4624 inimicis.

2282 4655 2566 4726 Tandem,
2599 4671 2809 4728 nempe
2837 4655 2970 4712 dolo
2999 4657 3229 4713 cunctis
3250 4659 3378 4730 jam
3407 4658 3548 4714 forte
3573 4656 3762 4714 retecto,

2283 4742 2514 4799 Atfatur
2537 4761 2804 4816 proceres
2837 4745 3152 4818 prmdivitis
3183 4746 3350 4803 urbis
3378 4746 3598 4814 heriles,

2283 4831 2447 4888 Talia
2475 4833 2749 4904 pestifero
2782 4832 3049 4890 latrande
3079 4834 3322 4890 verbula
3354 4841 3533 4892 rostro
3564 4850 3575 4888 :

2280 4921 2404 4976 Non
2438 4921 2597 4989 latet,
2631 4921 2878 4994 imperio
2909 4937 3075 4994 reges
3104 4925 3479 4979 succombere
3509 4925 3697 4984 nostro,

2212 5052 2220 5060 .
2278 5009 2478 5066 Vivere
2509 5014 2844 5066 nostrarum
2875 5027 2979 5066 nec
3011 5028 3126 5066 non
3157 5011 3550 5068 moderamine
3575 5005 3750 5080 legum.

2277 5098 2492 5155 Omnes
2523 5098 2787 5154 Oceanus
2817 5102 3018 5172 gentes
3049 5116 3198 5172 quas
3227 5099 3436 5156 circuit
3462 5098 3617 5154 altus.

2277 5185 2389 5242 Sed
2419 5202 2545 5257 qua:
2577 5171 2851 5242 Gallicios
2885 5171 3096 5242 retinet
3125 5171 3343 5242 ﬁducia
3373 5190 3561 5260 captos

2276 5274 2503 5341 Nescio,
2536 5273 2794 5345 gratiolze
2826 5279 3104 5346 respuant
3132 5280 3200 5330 ut
3226 5275 3443 5331 fmdera
3471 5275 3672 5329 nostrae.

2275 5364 2346 5420 Et
2371 5363 2604 5419 tandem
2635 5362 2846 5418 veteris
2875 5363 2996 5418 sint
3026 5363 3238 5437 ingrati
3271 5363 3523 5436 pietatis.

2277 5453 2480 5509 Restat
2507 5455 2574 5507 ut
2601 5449 2844 5507 armatis
2873 5455 3208 5524 repetamus
3226 5452 3443 5526 quippe
3471 5445 3677 5506 lacertis

2277 5541 2568 5616 Gallicios,
2601 5539 2805 5610 hostes.
2829 5540 3104 5620 agitando
3134 5542 3282 5601 forte
3309 5539 3567 5600 rebelles.
