4092 6190
314 338 469 401 1091

311 471 523 540 Donec,
554 488 624 527 ex
654 472 870 528 nostris
900 472 1089 541 strati,
1125 491 1228 547 per
1256 475 1454 531 secula
1484 474 1638 544 telis,

312 560 481 615 Inviti
515 560 734 616 nostris
761 560 1118 618 submittant
1147 562 1299 619 colla
1327 564 1573 620 catenis.

382 649 513 705 Haec
530 652 843 721 postquam
848 650 1055 721 jactat,
1074 668 1434 725 causamque
1452 653 1569 708 doli
1584 653 1968 723 memorabat,

308 737 499 795 Jussit
529 737 787 794 collectis
816 739 1028 811 vulgus
1057 757 1404 797 concurrere
1436 742 1676 811 turmis,

308 829 618 882 Armorum
650 826 825 883 variis
856 828 1213 884 instructum
1248 830 1499 902 denique
1526 829 1738 901 signis,

310 917 578 988 Pergeret
608 920 673 975 ut
703 920 936 988 gentem
969 934 1174 973 secum
1208 918 1402 973 delere
1436 919 1689 986 ﬁdelem,

310 1005 691 1076 Ostentatque
721 1022 896 1059 suum
918 1010 1213 1077 gemmato
1245 1008 1474 1063 casside
1501 1007 1751 1075 vultum,

312 1094 519 1149 Ferrea
546 1092 781 1149 lascivis
811 1093 1122 1165 imponens
1155 1096 1418 1167 tegmina
1448 1095 1753 1163 membris,

307 1181 671 1254 Talicunque
700 1181 894 1238 locum
915 1187 1137 1254 peteret
1166 1201 1381 1257 pompa
1414 1188 1828 1251 memoratum,

309 1272 380 1326 Et
407 1274 641 1343 gentem
673 1270 861 1344 primo
893 1276 1143 1329 tentaret
1172 1274 1425 1347 denique
1463 1273 1646 1343 bello,

309 1359 613 1433 Extemplo
642 1363 876 1416 tantum
907 1360 1151 1418 sortitur
1181 1379 1436 1435 namque
1468 1362 1857 1435 triumphum.

308 1449 466 1505 124
496 1448 570 1507 Ut
588 1449 717 1521 jam
747 1448 840 1505 bis
881 1465 1076 1519 senos,
1109 1468 1228 1507 una
1257 1468 1392 1507 cum
1423 1450 1687 1525 principe
1739 1455 1965 1524 captos,

310 1536 595 1609 Illaqueat
624 1535 890 1608 comites,
916 1539 1095 1596 arctis
1125 1541 1479 1613 stringitque
1508 1540 1752 1597 catenis.

379 1626 483 1683 His
512 1643 820 1699 procerum
851 1628 1086 1685 damnis
1116 1646 1331 1703 magna
1360 1629 1587 1686 feritate
1618 1629 1857 1703 paratis,

308 1714 498 1772 Cessit
525 1716 678 1772 victa
706 1716 832 1773 suis
859 1717 1151 1774 ﬁdissima
1179 1735 1323 1792 gens
1359 1718 1644 1791 inimicis,

311 1803 598 1860 Subditur
624 1808 801 1876 atque
819 1804 967 1879 jugo
994 1808 1249 1878 perversi
1281 1806 1434 1881 regis
1465 1806 1686 1880 iniquo.

311 1894 500 1963 Tunc,
534 1897 858 1965 restaurato
890 1912 1095 1952 rursus
1124 1912 1358 1969 quoque
1386 1896 1597 1953 ﬁndere
1634 1896 1851 1969 primo,

313 1982 480 2039 Loris
510 1983 836 2056 procedunt
862 1983 1040 2039 vincti
1071 1985 1315 2041 comites
1346 1985 1622 2056 duodeni,

310 2071 461 2127 Cum
494 2071 832 2144 concaptivo
860 2071 999 2128 victi
1032 2077 1253 2130 rectore
1273 2073 1511 2147 pepelli.

311 2158 423 2226 Qui
453 2160 627 2216 citius
645 2159 856 2217 vinclis
885 2161 1289 2218 dissolvuntur
1318 2162 1637 2230 resolutis,-

311 2249 577 2321 Exempti
608 2248 860 2322 proprim
889 2250 1078 2323 pretio
1107 2268 1260 2323 gazae
1291 2268 1627 2309 numeroso.
1736 2254 1739 2257 λ

311 2337 427 2393 Sed
458 2337 626 2393 ducis
655 2342 746 2394 est
768 2338 1023 2411 pretium
1046 2340 1223 2411 jussu
1257 2341 1413 2413 regis
1442 2341 1831 2413 duplicatum,

315 2425 598 2500 Ultraque
628 2444 808 2500 quam
828 2429 1082 2501 propriis
1108 2431 1296 2502 possit
1325 2431 1650 2504 persolvere
1680 2432 1860 2504 gazis.

311 2515 578 2589 Cumque
610 2517 702 2573 sui
733 2535 913 2573 causa
940 2519 1062 2591 regi
1089 2520 1341 2577 deferret
1370 2538 1565 2590 avaro,

313 2607 450 2672 Qua:
482 2605 720 2678 quidem
749 2606 965 2663 habere
994 2608 1155 2663 domi
1189 2608 1427 2665 sibimet
1457 2609 1667 2677 suevit,
1697 2607 1935 2682 pretiosi

314 2693 508 2750 Causa
534 2695 788 2751 condicti
818 2712 1063 2768 parvum
1094 2696 1236 2769 quid
1269 2697 1456 2753 defuit
1482 2699 1632 2755 auri.

318 2783 483 2848 Quod
517 2801 616 2839 rex
644 2784 1264 2867 sentiscens,fraudem
1296 2804 1530 2860 quoque
1562 2792 1756 2843 mente
1788 2785 1969 2843 revol-

318 2870 475 2926 Dixit
505 2872 656 2928 nolle
687 2873 896 2928 ducem
927 2874 1143 2946 populo
1174 2875 1468 2932 dimittere
1489 2876 1741 2949 dulcem,
1783 2876 1967 2950 [vens,

321 2959 393 3015 Ni
425 2960 590 3033 prius
619 2960 907 3019 indictum
936 2962 1105 3036 plene
1136 2963 1321 3021 solvat
1350 2964 1463 3021 sibi
1488 2982 1754 3037 censum,

320 3048 447 3105 Non
477 3050 683 3107 sitiens
703 3055 930 3107 tantum
958 3052 1130 3125 pretii
1152 3054 1307 3126 quod
1339 3054 1525 3109 defuit
1556 3072 1789 3123 aurum,

319 3140 616 3203 Quantum
647 3144 930 3197 rectorem
964 3141 1162 3214 populi
1195 3142 1370 3215 gestit
1398 3144 1536 3198 dare
1566 3144 1762 3199 morti.

392 3227 501 3295 Qui
533 3230 723 3286 fuerat
744 3234 921 3286 natus
952 3229 1212 3303 praeclari
1243 3231 1528 3304 germinis
1560 3250 1734 3300 unus,

320 3316 493 3373 Omni
526 3317 834 3390 praenitida
857 3320 1178 3392 compostis
1205 3337 1446 3393 corpore
1476 3322 1684 3389 forma,

320 3406 545 3462 Nomen
578 3406 867 3479 Pelagius,
901 3408 1101 3464 formae
1132 3409 1443 3481 splendore
1472 3411 1739 3479 decorus,

318 3493 573 3551 Consilio
604 3496 885 3568 prudens,
918 3500 1042 3553 tota
1070 3497 1329 3555 bonitate
1361 3498 1686 3571 refulgens;

320 3583 451 3650 Qui,
484 3584 580 3639 vix
607 3584 924 3641 transactis
945 3586 1074 3656 jam
1110 3590 1250 3642 tunc
1280 3587 1607 3659 puerilibus
1639 3588 1831 3656 annis,

318 3672 529 3745 Attigit
557 3673 744 3729 aetatis
773 3674 1000 3746 primos
1030 3675 1201 3732 ﬂores
1218 3676 1519 3746 juvenilis.

319 3762 583 3835 Cumque
612 3767 705 3818 sat
734 3763 1027 3819 immitem
1059 3764 1209 3837 patri
1239 3764 1414 3821 sciret
1444 3765 1564 3821 fore
1594 3781 1809 3837 regem,

319 3849 446 3905 Tali
478 3856 821 3908 mmrentem
852 3851 1156 3909 blanditur
1174 3870 1310 3910 voce
1334 3859 1637 3927 parentem
1671 3871 1685 3909 :

393 3938 437 3995 Ο
460 3939 541 3995 mi
566 3940 740 3997 cbare
771 3945 955 4015 pater,
984 3958 1117 3998 mea
1146 3942 1381 4015 suscipe
1400 3943 1575 3999 verba
1596 3942 1864 4011 libenter,

321 4026 411 4098 Et,
444 4043 572 4103 quae
603 4044 967 4101 commoneo,
996 4046 1174 4087 sensu
1207 4029 1353 4086 bene
1383 4030 1614 4103 percipe
1645 4037 1935 4104 prompto.

322 4113 512 4171 Culleo
544 4132 800 4189 namque
819 4120 983 4173 tuam
1017 4118 1180 4173 senio
1212 4118 1549 4175 decrescere
1578 4118 1780 4191 vitam,

319 4201 559 4260 Viribus
588 4207 647 4260 et
675 4206 927 4278 propriis
962 4223 1170 4263 nervos
1196 4207 1434 4280 penitus
1462 4212 1759 4279 vacuatos,

322 4291 436 4349 Nec
466 4296 521 4349 te
550 4310 721 4366 posse
753 4294 991 4366 quidem
1023 4295 1166 4352 levis
1198 4295 1337 4367 quid
1370 4296 1517 4352 ferre
1547 4296 1785 4354 laboris.

319 4382 425 4437 Ast
453 4398 560 4456 ego
589 4383 691 4439 sed
721 4382 931 4439 validis
954 4384 1302 4440 dominabor
1331 4384 1547 4457 quippe
1578 4384 1831 4459 lacertis,
1864 4374 1869 4379 ’

318 4470 405 4525 Ad
440 4475 790 4544 tempusque
818 4476 1029 4546 potens
1056 4471 1313 4528 dominis
1346 4474 1725 4529 succumbere
1755 4475 1940 4546 duris,

322 4559 687 4632 Quapropter
715 4578 945 4633 moneo,
967 4560 1242 4633 precibus
1267 4560 1618 4635 blandisque
1649 4564 1863 4636 rogabo

320 4647 474 4704 I25
507 4647 581 4705 Ut
611 4648 732 4722 regi
765 4654 972 4706 natum
1003 4667 1096 4707 me
1127 4651 1387 4724 deponas
1416 4651 1521 4706 tibi
1545 4652 1811 4724 charum,

323 4734 514 4792 Donec
546 4737 811 4795 sufﬁcias
833 4739 1086 4811 pretium
1117 4739 1446 4813 persolvere
1475 4744 1685 4812 totum,

321 4824 403 4881 Ne
432 4829 536 4882 tua
564 4827 810 4883 canities
840 4828 1049 4884 vinclis
1078 4829 1390 4886 intercidat
1421 4830 1620 4886 arctis.

395 4914 465 4969 Et
495 4915 693 4972 senior
721 4920 924 4973 contra
953 4918 1185 4974 dicebat
1211 4936 1347 4975 voce
1375 4937 1575 4975 severa
1608 4936 1621 4975 :

320 5000 531 5059 Desine
563 5008 727 5061 tanta
756 5004 940 5078 loqui,
974 5006 1338 5080 dulcissime,
1372 5008 1593 5079 desine,
1628 5008 1733 5080 ﬁli,

320 5090 403 5146 Ne
434 5108 682 5149 mmrore
714 5111 876 5151 meos
906 5095 1090 5152 ducas
1122 5097 1182 5151 in
1215 5101 1436 5153 tartara
1464 5114 1659 5153 canos.

320 5178 523 5237 Nonne
546 5180 735 5237 salute
770 5186 873 5239 tua
893 5185 1110 5257 pendet
1136 5188 1369 5241 tantum
1401 5202 1532 5241 mea
1559 5185 1695 5240 vita.

320 5267 391 5322 Et
424 5267 553 5324 sine
584 5274 640 5325 te
665 5273 928 5344 spatium
959 5272 1124 5330 valeo
1154 5274 1247 5347 pie
1280 5274 1468 5330 vivere
1500 5272 1779 5329 nullum?

320 5356 401 5411 Te
425 5357 604 5415 decus
636 5376 810 5416 omne
841 5379 1063 5435 meum,
1087 5367 1153 5419 tu
1180 5363 1369 5437 gloria
1397 5380 1614 5436 magna
1644 5368 1982 5436 parentum,

321 5443 396 5499 ΕΒ
421 5461 653 5523 quoque
684 5449 936 5523 subjecti
966 5452 1139 5508 nobis
1166 5470 1301 5525 spes
1335 5452 1460 5509 sola
1488 5451 1722 5524 pepelli.

320 5533 692 5611 QuaprOpter
716 5540 970 5611 patriam
995 5545 1235 5612 praestat
1263 5558 1356 5598 me
1387 5542 1652 5614 linquere
1683 5540 1945 5614 cbaram,

324 5619 444 5680 Nec
474 5640 591 5683 non
630 5626 976 5703 Hispaniam
1006 5630 1268 5689 vinctum
1298 5634 1608 5706 penetrare
1640 5631 1981 5706 superbam,

640 5763 912 5829 Pareat.
963 5766 1320 5832 CXXXVII.

1632 342 1903 403 PASSIO
1947 341 2017 407 Β.
2057 341 2393 407 PELAGII.

1999 1842 2047 1908 B

3558 347 3717 413 1098

1991 472 2052 551 Α
2078 476 2262 541 Quam
2288 480 2344 532 te
2372 478 2691 549 grandaevae
2724 477 2930 535 vinclis
2960 494 3125 551 spem
3157 479 3386 536 tradere
3414 479 3562 538 vitae.

2150 563 2275 619 Non
2308 564 2443 620 tulit
2471 583 2607 639 ergo
2633 571 2859 639 patrem
2892 566 3163 640 Pelagius
3199 566 3318 623 ista
3362 571 3731 640 sequentem,

2080 652 2192 707 Sed
2216 652 2434 709 mulcet
2465 653 2642 710 dictis
2668 659 2925 711 mentem
2956 655 3118 711 chari
3148 654 3455 728 genitoris,

2080 740 2150 794 Et
2175 741 2329 813 cogit
2348 740 2602 814 blandis,
2635 745 2793 814 quod
2825 742 3014 799 suasit
3040 743 3208 815 velle,
3240 742 3511 816 loquelis.

2079 828 2387 885 Consensit
2418 832 2692 903 precibus
2726 833 2961 887 tandem
2995 832 3225 905 genitor
3251 833 3644 903 venerandus,

2079 917 2345 973 Tradidit
2374 925 2430 974 et
2460 925 2684 985 natum,
2722 924 2909 975 semet
2940 920 3301 991 redimendo,
3335 920 3653 978 misellum.

2079 1006 2244 1061 Tunc
2276 1025 2374 1062 rex
2402 1008 2701 1081 Pelagium
2726 1009 2909 1079 jussit
2940 1009 3257 1080 perducere
3288 1025 3509 1077 secum,

2077 1094 2148 1148 Et
2177 1094 2344 1149 laetus
2376 1096 2547 1151 rediit
2577 1096 2826 1168 patriam
2856 1096 3156 1167 victorque
3184 1096 3403 1151 revisit.

2149 1182 2360 1239 Nullus
2387 1200 2489 1256 pro
2517 1184 2743 1240 meritis
2772 1186 2973 1239 credat
3003 1186 3221 1239 factum
3250 1185 3372 1240 fore
3401 1184 3555 1257 regis

2077 1272 2217 1343 Hoc,
2246 1273 2401 1343 quod
2430 1276 2549 1328 tam
2580 1272 2827 1346 pulchra
2854 1273 3124 1329 vincebat
3143 1272 3395 1345 denique
3424 1289 3660 1346 pompa,

2077 1360 2190 1415 Sed
2222 1377 2391 1433 mage
2408 1361 2635 1434 judicio
2666 1366 2887 1418 secreto
2913 1361 3139 1419 Judicis
3159 1362 3335 1434 atqui,

2081 1448 2151 1504 Ut
2180 1449 2456 1521 populus,
2490 1454 2653 1507 tanto
2683 1454 2987 1523 correptus
3018 1450 3128 1508 rite
3160 1450 3410 1524 ﬂagello,

2078 1536 2267 1594 Floret
2294 1537 2476 1595 totius
2505 1539 2725 1613 proprii
2757 1540 3077 1597 commissa
3106 1543 3323 1610 reatus,

2075 1625 2198 1696 Vel,
2230 1628 2386 1699 quod
2409 1628 2921 1701 Pelagius,Cbristi
2954 1646 3057 1701 pro
3086 1627 3213 1697 lege
3243 1628 3370 1702 lege
3400 1628 3719 1689 necandus.

2076 1714 2244 1771 Forte
2274 1715 2467 1773 locum
2497 1722 2718 1789 peteret
2749 1734 2864 1791 quo
2896 1734 2958 1774 se
2989 1717 3163 1774 morti
3191 1717 3332 1774 dare
3361 1721 3583 1791 posset,

2076 1803 2189 1859 Nec
2220 1822 2335 1861 non
2367 1806 2758 1879 sanguineum
2788 1823 2893 1879 pro
2923 1805 3155 1864 Christo
3186 1806 3432 1864 fundere
3457 1805 3670 1876 rivum,

2080 1893 2429 1966 Impendens
2460 1895 2720 1952 animam
2752 1896 2999 1953 Domino
3031 1895 3180 1953 bene
3209 1899 3397 1952 morte
3423 1895 3667 1969 piatam.

2150 1982 2466 2054 Postquam
2499 2002 2597 2039 rex
2622 1985 2827 2040 urbem
2857 1985 3051 2058 tetigit
3080 2003 3267 2042 saevus
3295 1985 3668 2058 locupletem,

2079 2071 2321 2127 Portans
2351 2071 2694 2143 praeclarum
2718 2072 2871 2128 victa
2902 2074 2972 2129 de
3001 2076 3173 2146 gente
3200 2074 3594 2147 triumphum,

2078 2159 2239 2216 Ilicet
2267 2161 2566 2234 egregium
2594 2161 2807 2218 Christi
2837 2161 3110 2235 praecepit
3138 2162 3395 2219 amicum

2077 2249 2338 2305 Carceris
2367 2249 2428 2305 in
2462 2251 2733 2307 tenebras
2785 2252 3047 2308 vinctum
3096 2251 3475 2326 submergere
3504 2252 3727 2327 nigras,

2078 2337 2430 2410 Deliciisque
2454 2340 2584 2395 cibo
2617 2340 2907 2395 nutritum
2938 2357 3175 2412 pascere
3200 2357 3397 2412 parvo.

2150 2426 2893 2499 Cordubanamqnelocum
2908 2430 3221 2485 servatsub
3249 2429 3468 2486 fornice
3490 2432 3730 2501 tetrum,

2078 2516 2337 2572 Oblitum
2368 2516 2518 2571 lucis
2549 2517 3074 2590 consignatumque
3104 2518 3381 2590 tenebris,

2079 2606 2234 2663 126
2268 2604 2521 2660 Maxima
2544 2606 2643 2677 qui
2671 2605 2905 2661 miseris
2935 2606 3120 2661 fertur
3139 2607 3258 2662 fore
3278 2622 3460 2662 causa
3487 2606 3728 2662 doloris.

2080 2694 2203 2750 Illic
2234 2692 2523 2766 Pelagius,
2558 2693 2905 2766 praepollens
2932 2694 3095 2767 pacis
3124 2694 3424 2766 alumnus,

2079 2783 2405 2853 Clauditur,
2434 2782 2677 2855 imperio
2710 2782 2863 2855 regis
2893 2787 3132 2855 cogente
3157 2783 3427 2840 nefando.

2080 2872 2202 2928 Illic
2230 2889 2366 2945 ergo
2386 2871 2493 2926 viri
2525 2876 2807 2927 venerunt
2837 2871 3039 2928 sedulo
3066 2873 3264 2945 primi,

2080 2960 2386 3017 Mulcendo
2420 2965 2677 3015 mentem
2700 2960 2959 3032 juvenis,
2991 2978 3170 3018 causa
3198 2961 3453 3033 pietatis.

2079 3051 2210 3122 Qui,
2242 3067 2376 3106 cum
2406 3050 2693 3106 vidissent
2718 3049 2945 3105 vultum
2973 3051 3125 3123 capti
3157 3051 3511 3123 speciosum,

2080 3141 2196 3196 Nec
2217 3157 2332 3195 non
2364 3139 2671 3212 przedulcis
2700 3143 3039 3212 gustassent
3071 3139 3259 3212 ipsius
3289 3140 3408 3195 oris

1998 3208 2045 3274 (ἶ
2082 3229 2336 3285 Verbula
2364 3208 2665 3284 rhetoricae
2694 3208 3026 3283 circumlita
3053 3208 3225 3285 melle
3252 3228 3515 3301 loquela,

2085 3320 2379 3391 Optabant
2407 3318 2660 3390 speciem
2685 3317 2892 3373 vinclis
2921 3318 3218 3374 absolvere
3244 3318 3443 3375 talem.

2086 3409 2216 3463 Haec
2246 3411 2303 3463 et
2331 3410 2648 3463 suaserunt
2675 3406 2797 3479 regi
2818 3407 2946 3477 jam
2979 3411 3209 3478 sceptra
3236 3407 3478 3463 tenenti.

2159 3497 2358 3569 Ipsum
2389 3495 2573 3551 felicis
2600 3499 2753 3550 certe
2786 3512 3089 3550 summum
3120 3499 3297 3567 caput
3323 3494 3508 3567 urbis,

2085 3587 2437 3658 Corruptum
2466 3584 2645 3652 vitiis,
2670 3585 3118 3656 cognoscebant,
3141 3583 3484 3656 Sodomitis,

2008 3710 2013 3715 -
2089 3675 2401 3730 Formosos
2428 3672 2574 3728 facie
2591 3674 2839 3743 juvenes
2871 3673 3144 3728 ardenter
3174 3689 3394 3744 amare,

2087 3763 2204 3819 Has
2234 3767 2293 3817 et
2321 3760 2593 3817 amicitiae
2624 3760 2869 3832 propriae
2900 3761 3255 3832 conjungere
3283 3760 3447 3816 velle.

2089 3852 2276 3923 Hujus
2307 3866 2560 3922 namque
2591 3848 2670 3905 rei
2698 3864 3013 3915 memores,
3042 3847 3240 3905 animo
3272 3849 3598 3917 miseranti,

2087 3941 2277 3997 Causa
2306 3938 2543 4012 Pelagii,
2576 3940 2889 3994 suaserunt
2916 3935 3058 3993 talia
3086 3936 3205 4010 regi
3239 3954 3254 3994 :

2162 4030 2288 4087 Non
2331 4030 2495 4084 decet
2530 4044 2666 4100 ergo
2689 4031 2879 4097 tuum,
2911 4026 3184 4098 princeps
3204 4024 3543 4097 fortissime,
3575 4041 3739 4098 scep-

2087 4119 2321 4177 Duriter
2350 4122 2415 4173 ut
2442 4132 2690 4190 puerum
2713 4115 2955 4171 mandes
2978 4114 3185 4187 punire
3205 4115 3505 4188 decorum,
3531 4113 3743 4189 {trunL

2089 4208 2326 4268 Obsidis
2352 4210 2409 4263 et
2441 4211 2669 4263 teneros
2700 4203 2950 4261 insontis
2980 4202 3269 4278 stringere
3297 4221 3526 4278 nervos,
3730 4220 3734 4224 '

2092 4299 2234 4369 Ejus
2264 4294 2635 4369 praenitidam
2669 4292 2847 4349 velles
2878 4292 2927 4348 si
2955 4309 3190 4350 cernere
3211 4294 3483 4361 formam,

2091 4389 2162 4443 Et
2192 4392 2312 4442 tam
2343 4383 2634 4441 mollitam
2666 4382 2875 4440 saltem
2906 4387 3145 4457 gustare
3174 4382 3493 4456 loquelam,

2092 4478 2278 4543 Quam
2309 4490 2551 4546 cuperes
2572 4472 2849 4544 juvenem
2886 4471 3117 4528 tibimet
3158 4474 3513 4544 conjungere
3541 4470 3741 4545 talem,

2004 4578 2052 4643 ι)
2081 4567 2312 4630 Gradus
2343 4562 2565 4619 militia:
2598 4579 2704 4618 nec
2734 4579 2848 4618 non
2880 4577 3182 4619 assumere
3219 4561 3444 4634 primae,

2094 4663 2347 4730 Corpore
2379 4651 2696 4709 candidulo
2729 4652 2836 4707 tibi
2866 4668 2980 4723 quo
3010 4650 3254 4707 serviret
3281 4650 3340 4706 in
3372 4650 3523 4709 aula.

2168 4747 2270 4802 His
2300 4761 2398 4799 rex
2428 4740 2692 4796 mollitus
2723 4739 2918 4809 dictis,
2950 4738 3060 4793 hac
3089 4754 3226 4794 voce
3256 4742 3513 4811 coactus,

2093 4835 2282 4892 Jussit
2313 4830 2605 4903 Pelagium
2635 4828 2804 4884 nodis
2829 4826 3069 4883 evellere
3098 4826 3285 4899 duris,

2100 4926 2402 4993 Omneque
2433 4920 2661 4974 lavacro
2692 4932 2904 4987 corpus
2933 4915 3234 4988 detergere
3264 4933 3433 4989 puro,

2099 5015 2369 5083 Lzetaque
2401 5022 2694 5080 purpureo
2720 5004 3084 5059 circumdare
3114 5004 3369 5076 tegmine
3399 5005 3684 5078 membra,

2097 5101 2327 5157 Collum
2359 5093 2672 5171 gemmatis
2702 5109 2806 5148 nec
2838 5110 2952 5147 non
2984 5110 3191 5148 ornare
3222 5092 3502 5164 metallis,

2100 5193 2224 5256 Quo
2250 5190 2398 5243 bene
2428 5187 2769 5239 constructa
2796 5186 2996 5254 posset
3019 5182 3136 5237 fore
3168 5180 3338 5238 miles
3368 5182 3428 5236 in
3458 5182 3613 5238 aula.

2098 5277 2337 5334 Caesaris
2368 5272 2612 5346 imperio
2643 5276 2784 5327 tunc
2804 5270 2925 5326 hanc
2957 5274 3202 5343 urgente
3233 5270 3507 5343 superbo,

2098 5364 2399 5437 Extemplo
2430 5362 2616 5436 nigris
2647 5365 2869 5433 martyr
2898 5359 3243 5432 producitur
3271 5358 3479 5432 antris,

2107 5455 2349 5511 Sistitur
2376 5457 2553 5524 atque
2584 5454 2718 5522 toga
2748 5448 2924 5522 regali
2948 5452 3219 5521 comptus
3243 5447 3304 5504 in
3334 5447 3491 5506 aula.

2167 5543 2432 5615 Cumque
2450 5538 2733 5613 palatinis
2760 5538 2991 5594 medius
3021 5539 3171 5595 foret
3198 5536 3296 5593 ille
3323 5537 3572 5611 locatus,

2093 5631 2377 5689 Vincebat
2406 5630 2595 5688 socios
2626 5627 2824 5686 vultus
2855 5626 3167 5703 splendore
3196 5631 3447 5704 togatos.

3358 5763 3438 5830 35
