4092 6190
463 320 616 385 1099
1288 326 1339 384 Η
1350 323 1764 386 ROTSUIT/E
1795 315 2048 383 MONIA

2213 316 3020 384 .GANDERSHEIMENSIS
3115 371 3122 376 .
3643 327 3753 392 H00

461 454 525 512 In
557 470 732 527 quem
763 455 1056 512 conversis
1078 471 1282 511 omnes
1314 455 1605 510 mirantur
1633 453 1853 510 ocellis.

458 544 609 600 127
636 544 788 599 Tum
813 544 1018 600 faciem
1033 545 1420 616 juvenis,tum
1440 544 1636 600 dulcia
1653 544 1893 600 verbula
1906 545 2101 600 fantis.

455 632 706 704 Aspectu
738 633 926 704 primo
957 651 1190 705 quoque
1221 652 1317 688 rex
1348 651 1674 706 suspensus
1707 635 1765 688 in
1799 633 1916 702 illo,

455 721 711 777 Ardebat
741 722 988 777 formam
1011 723 1226 796 regalis
1253 723 1452 795 stirpis
1481 725 1819 778 amandum.

457 809 718 864 Tandem
750 810 1049 884 Pelagium
1072 811 1321 867 nimium
1347 813 1650 867 mandavit.
1679 813 1996 868 amandum

459 897 521 952 In
550 896 693 952 solio
717 899 882 972 regni
915 917 1116 955 secum
1139 901 1267 972 jam
1300 901 1465 956 horte
1496 901 1694 968 locari,

459 986 618 1058 Ignis
648 991 714 1042 ut
745 987 933 1060 ipsius
967 989 1131 1058 foret,
1159 991 1270 1045 sibi
1299 990 1502 1046 sedulo
1525 992 1792 1061 junctus,

460 1075 788 1148 Fronteque
819 1077 1120 1133 submissa
1149 1078 1430 1133 libaverat
1465 1079 1666 1133 oscula
1696 1079 1894 1146 charo,

459 1163 714 1220 Affectus
747 1181 926 1220 causa
955 1165 1348 1238 complectens
1376 1171 1576 1240 utpote
1606 1167 1776 1222 colla.

533 1251 659 1306 Non
694 1253 916 1326 patitur
943 1255 1119 1309 talem
1153 1255 1364 1311 Christi
1399 1273 1533 1311 nam
1568 1255 1736 1311 miles
1767 1272 2021 1310 amorem

464 1339 640 1412 Regis
669 1342 902 1414 pagani,
937 1343 1077 1398 luxu
1109 1344 1302 1400 carnis
1333 1345 1631 1414 maculati,

461 1430 679 1486 Aurem
710 1430 890 1504 regali
921 1430 1132 1488 ludens
1163 1433 1264 1489 sed
1295 1433 1542 1489 contulit
1570 1434 1677 1502 ori,

463 1518 674 1592 Magno
705 1519 950 1575 ridiculo
980 1519 1273 1578 divertens
1306 1539 1407 1578 ora
1438 1527 1668 1596 negata,

463 1607 641 1664 Fatus
671 1611 729 1663 et
757 1609 990 1681 egregio
1022 1610 1254 1667 dicebat
1273 1610 1415 1667 talia
1445 1616 1632 1668 rostro
1666 1631 1679 1680 ;

463 1695 589 1752 Non
621 1697 790 1752 decet
819 1714 954 1770 ergo
984 1699 1198 1768 virum,
1226 1699 1439 1756 Christi
1468 1701 1820 1774 baptismate
1851 1701 2037 1756 lotum

464 1784 672 1842 Sobria
703 1785 1007 1842 barbarico
1039 1788 1344 1862 complexu
1375 1791 1624 1846 subdere
1655 1789 1820 1858 colla,

464 1873 576 1931 Sed
608 1890 714 1930 nec
743 1875 1150 1934 Christicolam
1183 1883 1408 1934 sacrato
1439 1879 1754 1935 chrismate
1787 1879 2055 1948 tinctum,

464 1961 756 2019 Damonis
787 1963 1058 2020 oseillum
1089 1967 1288 2038 spurci
1320 1972 1552 2038 captare
1583 1967 1822 2024 famclli.

463 2050 613 2123 Ergo
644 2052 817 2106 corde
845 2053 1002 2108 viros
1031 2053 1190 2110 licito
1222 2055 1606 2127 complectere
1637 2056 1868 2124 stultos,

467 2138 574 2205 Qui
605 2142 800 2194 tecum
832 2140 1025 2196 fatuos
1055 2139 1367 2212 placantur
1395 2144 1612 2215 cespite
1643 2144 1824 2214 divos,

466 2226 716 2300 Sintque
746 2227 850 2284 tibi
883 2229 1048 2298 socii,
1080 2229 1230 2286 servi
1261 2231 1361 2303 qui
1393 2235 1532 2287 sunt
1561 2233 1880 2290 simulacri.

535 2316 648 2372 Sed
683 2334 783 2374 rex
813 2335 843 2373 e
873 2322 1096 2387 contra,
1131 2319 1293 2376 nulla
1321 2321 1667 2378 commotior
1696 2323 1801 2393 ira,

465 2404 693 2462 Moliter
720 2407 1010 2478 ephebum
1039 2407 1237 2464 dicens
1270 2410 1565 2466 mulcebat
1595 2413 1915 2468 amandum
1950 2430 1962 2468 :

463 2493 508 2549 Ο
539 2493 750 2550 lascive
781 2513 945 2568 puer,
971 2497 1162 2566 jactas
1193 2503 1248 2553 te
1277 2515 1448 2570 posse
1479 2498 1721 2555 licenter

463 2583 747 2655 Spernere
776 2587 896 2640 tam
929 2573 1133 2642 mitem
1161 2587 1344 2642 nostri
1367 2587 1522 2658 juris
1558 2589 1856 2660 pietatem,

459 2672 864 2745 Audacterquc
894 2673 1007 2729 diis
1029 2675 1204 2730 toties
1235 2675 1480 2732 illudere
1512 2679 1748 2747 nostris,

461 2761 576 2816 Nec
607 2767 804 2817 monet
832 2762 1018 2818 aetatis
1049 2780 1305 2835 praesens
1336 2765 1617 2822 damnum
1641 2768 1942 2838 juvenilis,

461 2849 533 2905 Et
563 2851 720 2922 quod
749 2855 1062 2906 maerentes
1095 2853 1330 2909 orbabis
1360 2855 1504 2910 forte
1537 2861 1828 2928 parentes,

461 2937 659 2995 Nostri
689 2939 1086 3012 blasphemos,
1120 2946 1306 3014 urget,
1331 2942 1526 2999 cultus
1557 2944 1924 3016 cruciandos,

463 3027 724 3084 Subdero
744 3046 845 3086 vos
872 3029 1067 3098 morti,
1089 3036 1280 3087 vestro
1301 3032 1662 3106 jugulosque
1693 3034 1890 3103 forari,
1957 3079 1964 3087 .

462 3116 533 3174 Ni
564 3118 793 3188 cedant,
827 3123 884 3174 et
913 3118 1318 3190 blasphemam
1353 3127 1632 3197 respuant
1661 3123 1969 3180 rationem.

461 3205 706 3262 Hortatu
737 3223 944 3263 moneo
976 3212 1329 3280 quapropter
1349 3211 1564 3282 quippe
1590 3215 1852 3282 paterno.

459 3293 703 3351 Talibus
733 3299 798 3351 ut
825 3296 1016 3352 verbis
1043 3313 1250 3368 parcas
1280 3315 1439 3353 saevae
1473 3299 1735 3368 rationis,

459 3384 530 3439 Et
558 3400 789 3440 mecum
811 3383 1082 3440 stabilem
1113 3389 1441 3456 comportes
1472 3388 1685 3442 mentis
1715 3405 1996 3463 amorem,

458 3471 576 3530 Nec
605 3477 794 3528 tentes
823 3476 1093 3527 nostrum
1125 3477 1258 3544 post
1285 3473 1406 3530 haec
1440 3477 1729 3533 offendere
1751 3479 2012 3549 jussum,

459 3558 672 3632 Magno
703 3559 806 3615 sed
836 3559 1032 3616 studio
1063 3577 1257 3618 serves
1286 3579 1416 3619 mea
1445 3563 1600 3620 dicta
1621 3567 1940 3638 sequenda,

457 3648 539 3704 Te
571 3649 710 3720 quia
737 3650 910 3705 corde
936 3648 1080 3718 colo,
1116 3667 1222 3706 nec
1252 3668 1366 3706 non
1397 3654 1726 3710 venerarier
1751 3660 1908 3728 opto,

2140 1822 2189 1888 B

2132 452 2192 520 Α
2217 454 2523 509 Arctarent
2548 453 2714 510 testis
2744 471 2956 527 corpus
2985 454 3271 528 praedulce
3301 457 3558 529 cadentis,

2214 543 2485 597 Attamen
2517 541 2738 599 illaesus
2767 543 2986 600 Christi
3015 545 3332 616 permansit
3357 547 3578 604 amicus.

2286 629 2450 686 Certe
2484 631 2706 703 regales
2739 632 2912 688 citius
2933 633 3188 704 pervenit
3219 635 3288 690 ad
3319 653 3498 708 aures,

2218 721 2487 792 Martyris
2519 720 2672 776 allisi
2706 739 2918 793 corpus
2950 739 3065 777 non
3098 740 3266 795 posse
3293 725 3484 793 secari,

2218 808 2382 881 lnﬁgi
2417 809 2676 880 scopulis
2701 809 2837 882 ripa:
2869 812 3024 882 quod
3047 811 3228 882 jussit
3257 814 3452 870 acutis.

2217 897 2322 954 Hic
2352 897 2540 969 magis
2570 899 2850 968 offensus,
2875 900 3108 972 penitus
3132 900 3314 956 fuerat
3333 901 3463 974 quia
3488 904 3662 972 victus,

2219 986 2350 1041 Mox
2377 991 2553 1058 caput
2585 991 2784 1042 exacto
2803 988 2990 1060 jussit
3019 988 3314 1044 succidere
3346 992 3502 1058 ferro,

2217 1075 2288 1128 Et
2318 1075 2727 1131 sententiolam
2758 1076 2842 1132 sic
2873 1094 3136 1133 exercere
3166 1095 3505 1151 supremam.

2218 1161 2480 1234 Denique
2511 1162 2764 1232 lictores,
2800 1165 3017 1237 regalia
3037 1167 3210 1238 jussa
3241 1171 3550 1237 trementes,

2219 1251 2349 1305 Mox
2374 1251 2588 1306 Christi
2623 1256 2828 1308 testem
2861 1253 3058 1327 gladio
3089 1273 3322 1312 secuere
3354 1257 3580 1326 fidelem,

2220 1339 2502 1406 Funus_ct
2533 1341 2889 1398 exstinctum
2920 1342 3176 1416 lymphis
3197 1346 3433 1402 credunt
3458 1347 3772 1406 retinendum.

2288 1428 2435 1484 Nam
2467 1428 2658 1496 miles,
2694 1431 2852 1503 regis
2883 1437 3178 1504 prostrata
3204 1439 3402 1502 morte,
3432 1437 3681 1507 perennis,

2216 1516 2415 1572 Victor
2441 1517 2719 1591 stelligeri
2749 1519 2954 1576 volitat
2983 1538 3088 1593 per
3116 1521 3307 1579 sidera
3336 1523 3474 1594 creli,

2217 1605 2457 1662 Ccelitus
2487 1607 2768 1680 angelicis
2797 1609 3084 1666 deductus
3114 1611 3365 1668 suaviter
3391 1613 3600 1684 hymnis

2217 1695 2372 1751 129
2402 1695 2628 1752 Judicis
2659 1700 2717 1752 et
2743 1697 2884 1766 vari,
2918 1697 3046 1754 coeli
3078 1715 3258 1772 super
3285 1704 3436 1757 astra
3461 1700 3609 1758 locati

2218 1782 2260 1837 E
2292 1783 2494 1839 dextra
2523 1783 2772 1840 nitidam
2804 1786 3062 1858 suscepit
3084 1804 3338 1861 congrue
3369 1788 3617 1861 palmam,

2222 1871 2328 1946 Pro
2360 1889 2498 1930 nece
2528 1874 2812 1948 martyrii,
2844 1873 3139 1932 laudando
3171 1877 3287 1934 ﬁne
3313 1879 3534 1950 peracti.

2220 1963 2332 2018 Sed
2363 1979 2468 2018 nec
2500 1963 2772 2020 ferventis
2796 1964 2993 2021 hravio
3025 1966 3332 2022 fraudetur
3360 1969 3576 2034 amoris,

2221 2053 2342 2118 Quo
2373 2057 2559 2108 semet
2586 2053 2794 2108 vinclis
2824 2071 2927 2126 pro
2957 2055 3076 2110 vita
3103 2055 3355 2128 denique
3383 2057 3549 2128 patris

2221 2139 2530 2212 Impendit,
2562 2140 2812 2213 patriam
2841 2141 3116 2215 linquens
3147 2147 3485 2216 gentemque
3518 2145 3776 2201 subactam.

2221 2230 2482 2285 Tandem
2514 2229 2677 2284 nulla
2706 2229 2818 2302 piis
2849 2231 3002 2304 potis
3031 2236 3122 2288 est
3151 2233 3479 2304 depromere
3495 2233 3657 2289 verbis

2220 2319 2486 2392 Lingula,
2520 2319 2838 2388 aureolam,
2873 2320 3097 2377 caelesti
3127 2321 3258 2377 luce
3287 2339 3592 2388 coruscam,

2219 2409 2345 2474 Qua
2373 2409 2520 2464 bene
2545 2413 2773 2464 servata
2793 2407 2979 2482 fulget
3007 2426 3125 2481 prze
3158 2410 3498 2483 virginitate,

2216 2498 2546 2570 Adjunctus
2579 2499 2790 2554 turmis
2821 2498 3041 2555 caelesti
3068 2501 3210 2556 sedc
3236 2504 3518 2572 receptus,

2216 2587 2378 2659 Agno
2409 2591 2718 2643 cantamen
2751 2587 3108 2644 modulando
3141 2589 3482 2660 perenniter,
3511 2589 3681 2644 Amen.

2289 2675 2604 2748 Postquam
2635 2676 2888 2746 lictores,
2925 2677 3080 2750 regis
3112 2679 3348 2734 decreta
3375 2681 3667 2749 sequentes,

2218 2766 2460 2822 Funeris
2489 2766 2754 2822 exsuvias
2785 2766 3054 2827 exstincti
3081 2772 3177 2824 sat
3205 2783 3503 2840 generosas

2217 2855 2615 2928 Lympharum
2647 2856 2868 2928 gremio
2895 2856 3142 2912 credunt
3176 2856 3235 2911 in
3267 2873 3506 2928 saxaque
3531 2856 3702 2927 figunt,

2215 2943 2290 3000 Ut
2319 2943 2469 3000 sacri
2497 2943 2726 3000 tumulo
2757 2943 2980 3000 cineres
3011 2949 3213 3001 essent
3243 2945 3364 3002 sine
3393 2945 3571 3016 digno,

2215 3032 2500 3102 Christus,
2535 3033 2636 3106 qui
2667 3032 2933 3106 proprios
2961 3033 3188 3106 patitur
3217 3051 3330 3090 non
3359 3035 3576 3106 perdere
3600 3035 3780 3088 sanctos

2215 3123 2465 3180 Praedari
2499 3123 2795 3180 modicum
2828 3123 3038 3196 capitis
3069 3125 3159 3180 vel
3191 3124 3336 3181 forte
3356 3122 3626 3196 capillum,

2134 3189 2178 3256 (ἶ
2215 3213 2340 3268 Non
2371 3211 2508 3268 tulit
2537 3213 2597 3268 in
2624 3212 2863 3286 lympha
2892 3189 3102 3269 testem
3133 3189 3440 3270 remanere.
3458 3211 3672 3277 fidelem,

2217 3301 2303 3357 Illi
2331 3302 2432 3358 sed
2456 3301 2702 3374 dignum
2734 3301 2984 3374 providit
3013 3301 3122 3358 rite
3153 3301 3423 3359 locellum

2215 3389 2322 3457 Qui
2353 3391 2540 3447 sancti
2571 3390 2798 3446 tumulo
2828 3395 3084 3447 servaret
3105 3393 3373 3448 membra
3395 3393 3614 3447 sacrata.

2284 3480 2431 3536 Nam
2464 3481 2804 3552 piscatores,
2837 3479 3108 3554 lymphas
3136 3481 3318 3538 remis
3349 3482 3658 3543 resecantes,

2214 3567 2696 3642 Fluctivagosque
2722 3585 2928 3642 greges
2957 3570 3134 3626 variis
3167 3569 3391 3643 laqueis
3419 3568 3691 3642 capientes,

2213 3655 2450 3712 Litteris
2481 3662 2741 3713 extrema
2766 3657 3037 3714 viderunt
3065 3676 3282 3732 corpus
3312 3659 3370 3715 in
3400 3676 3511 3725 ora,

455 3737 611 3794 128
644 3738 830 3794 Tanto
868 3740 1220 3811 prmcunctis
1269 3740 1413 3796 aulae
1463 3742 1768 3814 splendere
1811 3747 2101 3804 ministris
2210 3745 2369 3802 lnter
2395 3747 2782 3818 grandisonas
2813 3747 3024 3820 agitari
3056 3749 3333 3822 martyris
3362 3749 3554 3804 nudas.

453 3825 614 3884 Alter
643 3830 707 3882 ut
735 3827 796 3882 in
828 3837 1004 3900 regno
1035 3827 1138 3897 sis,
1173 3845 1267 3884 me
1301 3835 1629 3902 praestante,
1665 3835 1938 3905 superbo.

523 3916 657 3975 Haec
687 3917 788 3986 ait,
823 3921 879 3972 et
907 3917 1108 3972 dextra
1137 3920 1486 3992 compressit
1515 3923 1788 3994 martyris
1820 3940 1940 3996 ora,

454 4005 776 4063 Astrictum
799 4005 940 4062 laeva
971 4007 1366 4080 complectens
1387 4009 1536 4066 colla
1567 4017 1813 4080 sacrata,

455 4095 578 4161 Quo
609 4093 692 4150 sic
723 4093 996 4150 oseillum
1023 4095 1229 4151 saltem
1259 4097 1574 4169 contigeret
1605 4117 1810 4156 unum.

453 4178 679 4236 Callida
707 4180 810 4236 sed
839 4179 1006 4237 testis
1036 4182 1300 4238 confudit
1328 4182 1554 4240 ludicra
1584 4187 1757 4260 regis,

453 4267 650 4341 Osque
678 4269 823 4342 petit
852 4269 1048 4325 subito
1080 4287 1275 4344 pugno
1299 4271 1488 4344 regale
1519 4274 1761 4345 vibrato,

453 4357 658 4416 Intulit
686 4362 742 4414 et
773 4361 1002 4415 tantum
1034 4361 1234 4432 pronis
1267 4362 1570 4419 obtutibus
1599 4364 1802 4438 ictum,

452 4448 708 4522 Sanguis
741 4453 805 4505 ut
834 4450 1057 4522 absque
1085 4467 1269 4519 mora,
1295 4449 1526 4509 stillans
1555 4453 1627 4510 de
1657 4447 1891 4514 vulnere
1920 4458 2098 4530 facto,

453 4537 702 4594 Barbam
733 4537 987 4607 fmdavit,
1024 4555 1128 4594 nec
1161 4555 1276 4594 non
1307 4543 1495 4597 vestes
1526 4542 1852 4601 madefecit.

523 4628 688 4684 Tunc
710 4644 951 4700 rex,non
970 4629 1262 4684 modicam
1283 4629 1470 4686 tristis
1501 4648 1816 4689 conversus
1836 4635 1896 4690 in
1923 4636 2091 4708 iram,

449 4716 639 4774 Jussit
669 4717 988 4790 Pelagium,
1022 4717 1272 4774 ccclestis
1304 4719 1459 4791 regis
1491 4719 1819 4794 alumnum,

451 4809 639 4864 Trans
671 4823 871 4862 muros
905 4805 1129 4878 projici,
1155 4808 1386 4879 jactum
1418 4808 1598 4866 fundo
1630 4811 1966 4884 machinali,

449 4898 662 4956 Crebro
695 4896 977 4954 bellantes
998 4897 1154 4953 saxis
1186 4915 1311 4970 quae
1346 4898 1593 4970 perfodit
1624 4899 1842 4971 hostes,

448 4987 672 5044 Nobilis
704 4991 770 5043 ut
797 4987 982 5056 testis,
1018 4986 1176 5042 ﬂuvii
1210 4987 1448 5044 collisus
1480 4989 1692 5059 arenis,

448 5076 664 5134 Urbem
695 5094 822 5150 qua:
853 5080 1014 5133 vasto
1045 5077 1286 5148 propius
1315 5077 1668 5135 circumﬂuit
1701 5083 1876 5150 unda,

447 5165 820 5222 Membratim
853 5170 1114 5238 creperet
1144 5165 1357 5238 raptim
1380 5167 1717 5240 fractusque
1747 5170 1980 5242 periret.

445 5255 613 5312 Talia
633 5253 883 5328 jactanti
912 5255 1196 5327 parebant
1227 5256 1372 5310 forte
1403 5256 1681 5330 ministri,

446 5343 580 5400 Mox
607 5349 666 5400 et
689 5343 1015 5400 inauditam
1048 5347 1388 5400 struxerunt
1417 5345 1669 5419 denique
1699 5365 1951 5420 poenam,

445 5433 653 5491 Funda
682 5433 982 5507 Pelagium
1006 5433 1293 5506 jacientes
1325 5435 1822 5509 martyrizandum

445 5521 618 5580 Urbis
647 5525 883 5580 famosae
912 5528 1076 5580 trans
1107 5523 1363 5580 maxima
1395 5526 1610 5580 moenia
1638 5524 1828 5599 longe.

443 5611 583 5698 Sed,
616 5611 751 5670 licet
779 5611 1068 5686 ingentes,
1102 5613 1403 5673 obstantes
1433 5615 1715 5689 undique,
1749 5633 1950 5694 rupes.

2209 3835 2494 3892 Exminus
2525 3835 2634 3892 hoc
2665 3837 2854 3891 cautis
2878 3841 3184 3894 cernentes
3214 3854 3418 3910 nempe
3446 3832 3670 3908 pupillis,

2211 3922 2334 3979 Illic
2362 3923 2491 3980 vela
2520 3925 2739 3981 dabant
2769 3925 2966 3996 citius,
2997 3943 3331 4000 corpusque
3361 3925 3620 3982 levabant.

2209 4013 2324 4069 Nec
2354 4015 2472 4086 jam
2499 4031 2760 4086 persona:
2787 4019 3039 4072 noscunt
3069 4015 3324 4072 formam
3355 4011 3675 4079 venerande,

2209 4100 2362 4158 Illita
2387 4120 2680 4176 purpureo
2711 4104 2943 4160 fuerant
2971 4105 3111 4178 quia
3141 4105 3426 4179 sanguine
3456 4100 3699 4164 membra,

2208 4192 2278 4247 Et
2305 4196 2482 4266 caput
2510 4193 2810 4265 egregium
2831 4193 3023 4265 jacuit
3050 4194 3252 4266 procul
3275 4209 3442 4253 amne
3471 4187 3736 4247 revulsum.

2208 4279 2319 4336 Sed
2349 4285 2556 4350 tamen
2589 4281 2697 4338 hoc
2729 4281 2989 4356 sapiunt,
3023 4287 3294 4357 prompto
3341 4295 3560 4417 quoque,
3598 4276 3775 4417 posto?

3564 4381 3644 4417 ere
3680 4376 3738 4416 un
3761 4397 3773 4417 .

3543 4366 3773 4440 [ci-edunt,

2206 4459 2370 4526 Quod
2399 4459 2496 4516 hic
2525 4460 2798 4532 quisquis
2829 4465 2974 4530 erat,
3007 4459 3223 4518 Christi
3247 4477 3352 4535 pro
3381 4459 3498 4532 lege
3525 4451 3742 4515 cadebat,

2123 4556 2172 4621 Ι)
2205 4550 2327 4606 Illic
2349 4548 2408 4604 hi
2441 4549 2548 4606 soli
2577 4549 2717 4622 quia
2745 4550 3105 4606 damnantur
3132 4549 3368 4624 capitali

2206 4639 2400 4710 Pwna,
2433 4637 2556 4710 qui,
2590 4655 2757 4694 sacra
2785 4638 2952 4694 tincti
2983 4639 3354 4712 baptismatis
3384 4637 3550 4703 unda,

2203 4733 2328 4785 Non
2361 4731 2632 4783 metuunt
2661 4727 2864 4784 crebro
2895 4727 3049 4801 regis
3073 4729 3416 4800 reprcnderc
3444 4740 3608 4782 sacra.

2274 4816 2539 4888 Cumque
2569 4819 2745 4888 caput
2773 4816 3200 4882 nanciscentes,
3231 4815 3490 4888 colloque
3516 4809 3740 4872 locantes,

2205 4904 2416 4978 Pelagii
2451 4905 2656 4960 faciem
2688 4911 3084 4978 cognoverunt
3110 4905 3468 4972 rutilantem,

2202 4995 2358 5050 180
2389 4993 2692 5064 Rumpunt
2719 4993 2781 5048 in
2813 4991 2960 5049 tales
2987 4993 3307 5050 miserandi
3332 4995 3550 5065 pectore
3588 4996 3723 5040 voces
3760 4990 3771 5030 :

2203 5081 2361 5139 Heul
2389 5083 2549 5153 jacet
2577 5081 2864 5138 examinis
2895 5083 3143 5156 propriae
3173 5099 3308 5155 spes
3339 5081 3503 5137 unica
3531 5072 3706 5150 gentis.

2198 5173 2388 5244 Atque
2417 5171 2596 5228 decus
2624 5171 2827 5242 patriae
2857 5170 3074 5226 tumuli
3105 5170 3232 5228 sine
3262 5170 3455 5227 sordet
3481 5167 3684 5225 honore,

2200 5261 2403 5318 Nonne
2429 5259 2574 5317 satis
2605 5260 2811 5316 multis
2841 5259 3063 5317 scimus
3092 5277 3200 5318 nos
3224 5259 3466 5316 vendere
3489 5251 3660 5315 seclis,

2200 5349 2443 5421 Semper
2471 5352 2812 5405 sanctorum
2842 5348 3192 5421 corpuscula
3217 5363 3392 5420 passa
3414 5343 3663 5402 virorum,

2200 5439 2358 5505 Quos
2389 5436 2596 5510 capitis
2625 5437 2812 5493 caedes
2842 5440 3265 5494 monstraverat
3292 5450 3418 5492 esse
3446 5424 3661 5488 ﬁdeles?

2199 5528 2271 5583 Et
2299 5527 2433 5599 quis
2463 5525 2778 5583 laudabilis
2805 5526 3038 5585 dubitet
3065 5542 3275 5599 corpus
3305 5525 3424 5580 fore
3453 5515 3621 5583 testis,

2199 5591 2361 5688 Quod
2391 5620 2638 5674 truncus
2668 5615 2879 5674 misere
2911 5617 3120 5692 capitis
3158 5591 3315 5691 jac‘et
3341 5612 3550 5688 absque
3576 5591 3770 5663 decore!
