4092 6190
372 362 527 424 1101

1260 359 1362 422 DE
1410 361 1664 423 LAPSU
1707 360 1808 421 ΕΤ
1853 360 2397 422 CONVERSIONE
2441 360 2888 425 THEOPHILI.

3628 362 3780 422 1102

442 494 573 550 Haec
601 492 700 549 ubi
732 492 889 548 dicta
910 491 1150 560 dabant,
1169 492 1300 548 navi
1323 492 1419 565 pia
1440 494 1707 550 membra
1726 493 2019 562 locabant,
2049 495 2106 562 Α
2136 492 2236 549 His
2262 497 2415 548 certe
2446 492 2611 549 vobis
2641 494 2847 549 devota
2876 497 3069 549 mente
3100 493 3371 565 peractis.

369 584 439 640 Et
460 583 635 638 citius
655 581 839 637 versis
867 581 1233 653 remigabant
1264 574 1516 654 denique
1544 582 1688 639 velis

373 674 629 728 Fumosae
656 670 885 726 cunctis
918 670 989 725 ad
1014 675 1245 742 portam
1276 671 1551 742 gentibus
1584 671 1769 726 urbis.

368 762 471 818 Hic
500 777 733 834 quoque
762 759 1058 815 subducta
1078 759 1206 831 jam
1238 776 1571 831 processere
1602 760 1819 827 carina,

367 852 437 907 Et
464 850 616 906 clam
648 848 982 905 coenobium
1012 846 1237 903 Cbristo
1269 848 1484 918 petiere
1517 852 1837 916 sacratum,

364 940 523 1009 Intra
556 956 669 994 non
702 936 964 992 modicos
996 934 1159 991 urbis
1188 935 1514 992 venerabile
1546 955 1766 1005 muros,

363 1027 667 1083 Portantes
698 1026 884 1098 pretio
918 1025 1289 1080 vendendum
1322 1026 1575 1097 denique
1606 1044 1818 1098 magno

360 1114 646 1171 Exstincti
677 1114 847 1170 testis
871 1114 1049 1169 funus
1069 1113 1398 1169 venerabile
1430 1114 1620 1170 terris.

361 1204 521 1270 Quod
553 1204 818 1277 gaudens
849 1201 1083 1275 hymnis
1114 1201 1371 1274 suscepit
1400 1202 1572 1258 turba
1604 1204 1792 1259 ﬁdelis

359 1293 667 1360 Suavibus,
701 1291 1009 1362 exsequias
1038 1290 1339 1347 celebrans
1370 1291 1441 1347 de
1469 1309 1629 1348 more
1658 1298 1938 1363 sacratas,

358 1382 625 1455 Largiter
651 1385 709 1437 et
739 1380 994 1454 pretium
1026 1380 1223 1437 nautis
1254 1380 1461 1436 tribuit
1498 1386 1937 1455 superauctum,

353 1472 683 1527 Ardescens
712 1469 902 1527 sancti
932 1470 1179 1525 mercari
1210 1487 1422 1543 corpus
1453 1472 1711 1527 amandi.

358 1561 479 1626 Quo
511 1575 651 1615 nam
674 1555 953 1627 mercato,
988 1558 1159 1630 pretii
1191 1576 1307 1615 non
1339 1576 1583 1616 munere
1614 1576 1821 1632 pauco,

355 1647 607 1721 Eligitur
635 1647 811 1704 tellus
832 1647 1116 1703 membris
1144 1647 1406 1720 locuples
1439 1648 1785 1720 retinendis,

356 1736 419 1792 In
450 1754 571 1810 qua
599 1753 877 1809 suprema
905 1737 1078 1792 busto
1104 1754 1319 1809 pompa
1348 1742 1633 1809 reparato,

354 1824 543 1881 Glebaa
575 1825 685 1882 sub
716 1824 955 1881 cumulo
986 1826 1321 1881 conduntur
1347 1826 1637 1898 fragmina
1667 1844 1852 1883 sacra.

353 1916 486 1981 Quaa
520 1932 653 1970 mox
683 1914 992 1987 stelligerae
1022 1915 1315 1987 Regnator
1345 1916 1640 1971 maximus
1666 1915 1832 1985 aulae,

352 2003 416 2060 In
446 2003 677 2060 tumulo
699 2002 884 2076 signis
907 2002 1091 2074 jussit
1120 2003 1343 2075 fulgere
1365 2004 1645 2071 coruscis,

351 2091 415 2147 ln
445 2092 607 2148 caelis
639 2091 838 2149 anima
867 2091 1044 2160 satis;
1079 2097 1165 2157 ut,
1198 2098 1479 2164 regnante
1499 2093 1694 2162 beata,

346 2180 531 2253 Equa
553 2179 799 2254 gloriola
828 2185 1139 2253 regnarent
1168 2185 1401 2236 mortua
1430 2182 1716 2237 membra.

416 2269 680 2342 Denique
708 2269 989 2326 collectus
1019 2287 1263 2326 cernens
1295 2288 1364 2326 ex
1396 2271 1539 2326 urbe
1579 2270 1847 2343 popellus

345 2358 471 2414 Non
495 2375 682 2431 pauco
712 2358 889 2415 variis
920 2360 1194 2415 obsessos
1226 2363 1487 2432 tempore
1508 2359 1749 2429 morbis,

349 2447 648 2503 Mundatis
678 2447 797 2503 illic
828 2448 1000 2504 foedis
1022 2447 1329 2521 putredine
1363 2450 1666 2519 membris,

348 2534 571 2591 Salvari
593 2536 778 2609 gratis
808 2537 967 2592 nulla
999 2537 1266 2592 mercede
1297 2537 1527 2606 salutis,

348 2623 493 2679 Nam
526 2625 736 2680 rudem
766 2625 959 2680 meriti
982 2630 1254 2681 sanctum
1286 2625 1506 2682 titubat
1537 2628 1656 2682 fore
1679 2615 1854 2696 tanti,

348 2712 512 2768 Illius
542 2718 608 2768 ut
628 2730 809 2770 causa
839 2714 1043 2770 fierent
1071 2714 1358 2770 miracula
1387 2719 1571 2784 tanta,

348 2802 609 2857 Tandem
639 2803 886 2858 cmnobii
913 2802 1528 2877 princeps,rectorque
1560 2805 1807 2876 popelli;

346 2888 579 2960 Optima
607 2890 834 2947 consilii
854 2894 1115 2946 tractans
1140 2891 1532 2948 medicamina
1563 2893 1710 2962 sani,

341 2979 489 3034 181
512 2978 706 3035 Sensit
720 2978 1152 3035 Celsithronum
1174 2980 1378 3036 devota
1398 2986 1592 3037 mente
1611 2983 1993 3053 precandum,

341 3066 463 3131 Quo
484 3068 613 3137 jam
636 3067 965 3139 dignanter,
998 3068 1171 3124 solita
1200 3067 1432 3141 pietate,
1468 3074 1734 3142 patenter

340 3153 645 3228 Detegeret
666 3155 845 3211 dubio
873 3173 1063 3212 causae
1096 3161 1320 3212 secreta
1348 3161 1591 3213 remoto.

339 3244 501 3308 Qnod
532 3260 667 3300 mox
696 3261 954 3317 personae
986 3262 1160 3301 sexus
1190 3250 1392 3318 optant
1422 3245 1748 3319 utriusque,

342 3330 578 3388 Parcius
607 3337 783 3405 atque
812 3333 1002 3389 tribus
1032 3334 1261 3389 sociata:
1294 3339 1500 3407 sponte
1532 3334 1761 3405 diebus,

341 3418 621 3478 Dulcibus
642 3421 942 3479 instabant
968 3422 1223 3496 hymnis,
1243 3424 1514 3497 precibus
1533 3442 1763 3497 quoque
1784 3425 1989 3481 sacris.

2040 1866 2087 1931 B

2131 582 2331 638 Mitem
2359 581 2653 637 mollitum
2685 583 2925 654 Regem,
2954 599 3189 638 sensere
3229 581 3497 654 polorum

2129 671 2269 726 Esse
2301 671 2426 726 suis
2458 670 2733 743 preculis,
2762 670 3024 726 studioso
3056 686 3357 726 murmure
3386 669 3555 738 fusis,

2128 757 2242 813 Nec
2274 776 2387 814 non
2402 760 2627 829 judicio
2658 759 2846 815 dubiae
2877 777 3129 832 pronum
3161 759 3281 815 fore
3312 776 3503 815 causae

2127 847 2197 901 Et
2226 848 2340 903 cito
2373 849 2666 903 fornacem
2699 854 2915 921 cogunt
2939 850 3154 904 fervere
3186 848 3475 903 minacem

2130 936 2367 1006 Ignibus
2398 938 2704 1009 appositis,
2740 941 2859 992 toto
2891 938 3198 993 conamine
3230 938 3490 993 structis.

2126 1026 2389 1096 Cumque
2413 1026 2575 1081 focus
2597 1025 2820 1099 gremio
2854 1027 3068 1081 fureret
3099 1026 3351 1081 fornacis
3381 1026 3439 1079 in
3468 1025 3683 1097 amplo,

2126 1115 2257 1169 Mox
2278 1119 2455 1187 caput
2475 1115 2804 1170 abscissum
2822 1113 3035 1169 Christi
3066 1131 3371 1186 sumpsere
3403 1113 3640 1182 famelli,

2125 1203 2291 1259 Talia
2322 1203 2716 1276 blandiloquis
2748 1202 3054 1275 palpantes
3086 1202 3327 1258 verbula
3354 1201 3594 1276 linguis.

2124 1293 2242 1349 Rex
2272 1293 2385 1364 pie,
2408 1294 2643 1349 sidereae
2676 1293 3009 1348 dominator
3037 1291 3252 1347 nobilis
3283 1291 3451 1357 aulae,

2122 1381 2332 1438 Omnia
2351 1382 2577 1454 judicio
2602 1382 2701 1455 qui
2733 1382 2849 1437 scis
2879 1381 3208 1437 discernere
3230 1382 3414 1453 justo,

2122 1470 2285 1526 Illius
2316 1471 2594 1527 meritum
2624 1471 2811 1526 sancti
2843 1471 2932 1525 fac
2960 1470 3093 1543 igne
3122 1468 3377 1542 probari,

2120 1561 2208 1629 Et,
2241 1560 2289 1615 si
2323 1560 2400 1616 sit
2423 1564 2599 1615 tantae
2630 1559 2814 1615 fultus
2843 1558 3123 1614 bonitatis
3154 1558 3393 1627 honore,

2120 1649 2260 1720 Ejus
2290 1654 2355 1705 ut
2383 1666 2452 1705 ex
2480 1648 2706 1704 meritis
2736 1648 2941 1704 ﬁerent
2969 1647 3090 1702 haec
3116 1646 3272 1702 dona
3291 1645 3519 1702 salutis.

2122 1738 2350 1795 Frontis
2382 1738 2716 1811 pelliculam
2747 1737 2923 1793 facito
2955 1753 3070 1793 non
3103 1740 3342 1809 tangere
3371 1736 3694 1805 ﬂammam,

2119 1825 2366 1883 Verticis
2396 1826 2608 1883 illaesos
2639 1843 2842 1882 omnes
2870 1841 3105 1898 quoque
3133 1825 3309 1880 redde
3338 1823 3599 1896 capillos.

2118 1914 2221 1971 Sin
2249 1932 2383 1972 vero
2415 1914 2610 1972 meriti
2641 1918 2868 1971 constet
2887 1915 3137 1970 fortasse
3165 1913 3432 1981 minoris,

2116 2004 2329 2060 Manda
2358 2022 2461 2076 pro
2492 2005 2683 2077 signo,
2712 2003 2910 2059 saltim
2941 2003 3071 2058 laedi
3105 2007 3237 2059 cute
3268 2019 3522 2070 summa,

2112 2094 2290 2149 Juxta
2312 2098 2585 2150 naturam
2618 2092 2843 2165 fragilis
2874 2091 3067 2147 carnis
3100 2092 3442 2164 perituram.

2113 2183 2280 2239 Talia
2298 2183 2578 2251 dicentes,
2612 2181 2839 2238 clarum
2861 2185 3040 2253 caput
3065 2180 3200 2253 igne
3230 2180 3600 2252 probandum

2111 2271 2372 2328 Credunt
2404 2271 2818 2327 flammivomis
2843 2270 3040 2326 saltim
3083 2270 3464 2343 surgentibus
3493 2270 3689 2326 undis.

2112 2362 2182 2416 Et
2210 2361 2473 2429 tandem,
2504 2360 2688 2432 plenae
2721 2360 2979 2434 spatium
3003 2363 3136 2431 post
3163 2360 3341 2414 unius
3372 2359 3548 2429 horm,

2112 2449 2229 2504 Hoc
2260 2449 2453 2520 ipsum
2487 2447 2709 2519 rapidis
2740 2446 3028 2503 extollunt
3058 2447 3311 2519 denique
3341 2448 3620 2517 ﬂammis,

2114 2538 2457 2592 Lustrantes
2488 2535 2674 2592 oculis
2706 2537 2992 2591 damnum
3026 2537 3199 2591 ferret
3230 2553 3300 2591 ne
3328 2536 3561 2605 caloris,

2111 2628 2274 2692 Quod
2296 2627 2423 2698 jam
2452 2625 2819 2697 splendidius
2850 2642 2995 2697 puro
3028 2625 3353 2680 radiaverat
3381 2642 3545 2694 auro,

2110 2720 2325 2787 Expers
2346 2714 2543 2771 odoris
2574 2714 2827 2786 penitus,
2855 2714 3122 2785 tantique
3152 2712 3381 2769 caloris.

2111 2804 2275 2872 Hinc,
2311 2820 2549 2859 sursum
2580 2802 2784 2869 versis,
2818 2801 3080 2858 laudavit
3112 2803 3285 2858 turba
3316 2801 3527 2872 fidelis,

2106 2891 2801 2959 Vultibus,Altithronum
2820 2890 3143 2946 modulanti
3164 2892 3422 2948 carmine
3437 2891 3755 2948 Christum.

2108 2981 2216 3048 Qui
2245 2980 2418 3037 toties
2440 2981 2586 3036 tanti
2622 2981 2756 3035 fecit
2784 2980 3188 3053 splendescere
3217 2980 3402 3054 signis

2108 3070 2420 3142 Fragmina
2439 3069 2763 3125 constantis
2795 3086 2900 3141 pro
2922 3085 3047 3125 sese
3076 3074 3327 3139 mortua,
3362 3071 3550 3128 testis.

2107 3161 2260 3216 132
2284 3160 2411 3214 Haec
2429 3162 2486 3214 et
2511 3158 2808 3215 mausoleo
2825 3159 3000 3231 digne
3020 3160 3278 3216 condens
3297 3161 3647 3229 venerando,
3724 3194 3731 3201 ε

2027 3234 2071 3300 C
2108 3247 2294 3321 Digno
2324 3251 2582 3320 pereerte
2603 3246 2850 3320 supplex
2878 3252 3188 3304 veneratur
3216 3249 3454 3318 honore,

2107 3336 2421 3393 Finetenus
2450 3336 2658 3392 merito
2686 3336 2860 3410 vulgo
2886 3337 3032 3393 bene
3053 3338 3293 3394 credula
3322 3339 3445 3395 noti

2106 3424 2345 3481 leitus
2374 3430 2553 3497 atque
2582 3426 2702 3483 dati
2735 3444 2968 3500 semper
2987 3428 3187 3501 gavisa
3218 3428 3467 3501 patroni.

700 3724 1095 3873 LAPSUS
1185 3726 1312 3873 ET
1402 3723 1984 3874 CONVEIISIO
2074 3725 2644 3875 THEOPHILI
2737 3728 3375 3901 VICEDOMINI.

1835 3961 2262 3982 ἡ

1621 4101 2470 4197 ARGUMENTUM.

418 4274 1103 4363 Theophilusnadolescens
1130 4278 1437 4363 singularis
1463 4279 1663 4361 indolis
1694 4288 1744 4335 et
1771 4281 2007 4363 ingenii,
2042 4282 2323 4363 in_§icilia_
2347 4282 2483 4363 (leg.
2516 4282 2738 4363 _Citia_'ia)
2769 4303 2869 4343 avo
2897 4304 3014 4356 suo,
3045 4289 3309 4363 episcopo,
3332 4286 3756 4362 commendatur,

348 4348 1114 4436 guilrarchidiqconuﬁ
1144 4349 1498 4436 (qui'oculus
1529 4351 1785 4436 episcopi
1820 4348 2775 4436 iucunon'ilgus,phioviEedominus
2807 4348 3049 4436 vocatur)
3073 4348 3311 4436 artantur:
3333 4348 3441 4419 Avo
3486 4348 3756 4436 defuisti);

633 4421 999 4508 epismpatuzu
1030 4418 1206 4508 offert.
1221 4420 1337 4508 .Illc
1364 4418 2008 4508 corum-mtrbpo'litano
2037 4418 2291 4508 abdicat;
2304 4428 2452 4508 Aitar
2488 4429 2712 4508 elcrtus,
2764 4433 2861 4501 qui
2906 4418 3042 4508 evm'
3077 4418 3762 4508 archidiaoouatus'ofﬁoio

345 4488 612 4573 deposuit.
640 4488 758 4572 Illo,
790 4488 848 4545 ,ξε
869 4488 1407 4573 υἰιζεῃιςῖςρτβιαᾷνηλιίι
1434 4493 1724 4573 objectum,
1739 4488 2041 4573 [labarum
2067 4514 2167 4568 pro
2200 4499 2377 4573 officio
2402 4501 2585 4573 priori
2631 4488 3002 4573 conseque:de
3050 4488 3763 4564 consulitslvlleﬂdialio'l'uiu

343 4568 542 4648 evocat,
562 4563 878 4648 etfeipsum
906 4564 961 4648 ei
979 4562 1208 4648 devovit,
1227 4571 1278 4648 et
1297 4564 1476 4645 ofﬁcio
1495 4562 1834 4648 rectituitvr.
1874 4562 2107 4648 Tondeat
2130 4562 2452 4648 ρῳὶίίιθηῑῗᾳ
2482 4570 2693 4638 ductus,
2710 4562 2992 4629 auiilium
3021 4575 3279 4645 gloriosae
3298 4579 3534 4648 virginis
3566 4562 3757 4636 Mariae

346 4632 680 4720 imploravit.
711 4632 882 4720 Cyjus
913 4634 1130 4720 tandem
1160 4632 1638 4691 intercessionibus
1667 4636 1857 4692 (latum
1886 4636 2099 4695 diabolo
2128 4632 2557 4713 Z'hirographum
2586 4632 2945 4717 recuperavit,
2979 4632 3323 4720 sé’z'psumque
3353 4632 3525 4705 ιόιαὴί
3555 4632 3763 4707 :ah'ciil

347 4705 555 4760 monia:
583 4705 708 4759 vita:
735 4703 962 4761 devovit.

1216 4967 1898 5108 INCIPIT
2003 4976 2889 5116 HISTORIA

418 5202 709 5276 Posquam
741 5203 843 5259 lux
879 5204 1034 5274 fidei,
1054 5221 1326 5261 crescens
1355 5222 1459 5277 per
1487 5204 1725 5262 climata
1773 5210 1999 5278 mundi,
2038 5191 2081 5255 Π
2114 5215 2294 5278 Quem
2327 5214 2536 5269 dovotu
2567 5218 2799 5287 patrum
2835 5217 3046 5274 divinis
3077 5235 3217 5276 cura
3247 5238 3488 5279 suorum

348 5290 609 5348 Siciliam
634 5292 893 5349 tenebris
914 5310 1180 5349 errorum
1204 5291 1382 5349 solvis
1411 5294 1483 5349 ab
1515 5293 1679 5363 atris,

346 5378 451 5434 Vir
479 5381 624 5438 satis
649 5380 898 5437 illustris
926 5383 1185 5439 nutritur
1212 5382 1477 5454 partibus
1506 5381 1647 5449 illis,

349 5466 662 5525 Nobilitate
692 5473 919 5541 potens,
954 5470 1145 5527 meriti
1178 5469 1487 5542 splendore
1520 5468 1844 5544 refulgens;

352 5554 525 5611 Hicce
544 5556 907 5631 Theophilus
937 5559 1127 5614 fuerat
1156 5559 1227 5614 de
1252 5558 1489 5613 nomine
1518 5558 1732 5629 dictus,

355 5643 493 5701 Puri
521 5650 753 5703 sacrata
780 5646 1004 5704 tinctus
1032 5646 1406 5722 baptismatis
1437 5648 1615 5706 unda.

2114 5301 2425 5374 Obsequiis
2455 5303 2637 5375 igitur
2664 5305 2874 5377 primis
2902 5307 3155 5380 signavit
3177 5310 3249 5366 ab
3281 5312 3473 5382 annis,

2113 5390 2322 5461 Atque,
2356 5389 2447 5445 sui
2476 5391 2706 5448 dulcem
2733 5393 2825 5464 pie
2848 5394 3215 5453 sollicitando
3238 5404 3528 5473 nepotem,

2116 5477 2362 5533 Cuidam
2395 5479 2655 5551 pontifici
2686 5481 2930 5538 credidit
2960 5484 3211 5542 nimium
3242 5489 3515 5560 sapienti,

2120 5568 2242 5632 Quo
2276 5567 2526 5622 nutriret
2544 5584 2677 5623 eum
2704 5568 2902 5626 studio
2932 5572 3173 5631 florente
3201 5576 3550 5648 docendum,

2122 5654 2314 5728 Ipsius
2345 5655 2648 5729 ingenium
2680 5663 3012 5735 mentisque
3041 5662 3257 5738 rigaret
3277 5665 3551 5742 agellum.
