4092 6190
341 367 497 432 1103

336 502 492 559 188
523 501 604 558 De
635 499 853 574 sophia:
885 499 1044 569 rivis,
1077 505 1314 574 septeno
1345 502 1502 559 fonte
1525 503 1842 560 manantis.

407 591 671 661 Cumque
701 589 796 662 pio
830 591 973 646 satis
996 590 1261 646 exhausti
1296 608 1474 662 puero
1503 592 1651 648 foret
1672 592 1808 665 ipsi,

335 678 524 752 Digne
547 678 853 734 confestim
885 683 1190 750 provectus
1219 681 1457 746 honore,
1492 681 1782 752 gradatim

334 767 712 822 Perveniebat
742 767 814 822 ad
848 768 1107 822 ofﬁcium
1141 769 1377 824 sibimet
1407 770 1550 824 satis
1583 774 1807 841 aptum,

334 855 495 922 Quod
528 855 730 928 lingua
757 855 917 929 vulgi
948 858 1171 912 scimus
1194 857 1418 913 dictum
1451 859 1805 914 vive-domui.

331 943 450 999 Hae
479 942 660 1018 igitur
690 945 838 1000 tanti
869 963 1084 1017 pompa
1114 946 1445 1018 splendoris
1467 949 1700 1018 adepta,

333 1031 598 1088 Pontiﬁci
629 1051 691 1089 se
722 1034 1056 1105 subjectum
1086 1034 1357 1108 cloroque
1388 1035 1720 1091 modestum

333 1120 605 1188 Praebuit,
622 1126 796 1193 atque
831 1123 993 1194 pium
1018 1123 1612 1195 populo,cunctisque
1645 1124 1986 1195 benignum,

333 1207 780 1282 Commissoque
810 1211 968 1283 gregi
1003 1212 1194 1266 studio
1228 1216 1470 1284 praeerat
1498 1212 1782 1286 vigilanti.

335 1297 588 1354 Maxime
616 1299 718 1354 sed
749 1298 964 1354 Christi
998 1299 1263 1355 minimis
1296 1301 1646 1372 miserisque
1677 1302 1919 1374 pupillis

333 1387 414 1442 Ac
443 1385 623 1442 castis
651 1387 864 1457 viduis,
899 1405 1005 1444 nec
1036 1407 1150 1445 non
1174 1390 1402 1446 cunctis
1430 1390 1775 1464 peregrinis,

333 1473 541 1532 Vestes
570 1479 628 1532 et
655 1475 876 1532 victum
903 1477 1107 1533 dextra
1137 1479 1348 1534 tribuit
1377 1479 1525 1536 bene
1554 1478 1740 1552 larga,

336 1562 787 1636 Hospitiumque
817 1565 980 1638 vagis
1014 1584 1318 1639 nunquam
1342 1567 1651 1623 claudebat
1679 1569 1898 1641 egenis.

335 1651 481 1708 Hinc
512 1651 694 1724 igitur
724 1669 964 1710 consors
995 1656 1189 1711 omnis
1221 1655 1446 1711 devotio
1476 1654 1664 1728 plebis

331 1739 558 1796 Aﬂ‘ectu
587 1744 788 1798 tenero
820 1741 1014 1798 cordis
1045 1743 1336 1815 pendebat
1367 1743 1428 1800 in
1461 1742 1585 1812 illo,

333 1829 536 1901 Ipsum
568 1845 672 1886 seu
703 1829 936 1886 dulcem
967 1836 1322 1888 venerantur
1351 1833 1603 1888 amando
1652 1836 1952 1906 parenten.

403 1921 634 1974 Interea
661 1917 750 1974 vir
778 1935 1150 1976 summorum
1185 1920 1398 1993 praesul
1433 1921 1780 1978 meritorum

333 2005 574 2064 leitus
603 2011 910 2079 acceptum
935 2007 1146 2064 direxit
1166 2009 1240 2064 ad
1268 2009 1484 2064 aethera
1512 2009 1742 2065 ﬂatum.

333 2095 460 2160 Quo
491 2110 629 2150 nam
659 2095 956 2162 defuncto,
985 2097 1208 2168 gremio
1241 2101 1526 2168 terraeque
1556 2097 1765 2167 locato,

334 2181 638 2238 Consensu
665 2181 831 2256 plebs
861 2183 1153 2240 clamabat
1181 2185 1546 2241 concorditer
1573 2185 1786 2256 omnis,

337 2270 722 2344 Respondeas
755 2271 895 2328 cleri
925 2273 1096 2342 votis,
1129 2274 1335 2330 eadem
1365 2275 1681 2347 cupientis,

337 2359 507 2416 Hunc
539 2361 661 2417 fore
687 2361 998 2434 praacipuis
1031 2366 1234 2435 aptum
1258 2363 1484 2420 meritis
1513 2365 1638 2421 vice
1659 2365 1956 2432 domnom,

338 2447 413 2505 Ut
435 2447 669 2506 culmen
701 2449 859 2506 sedis
890 2455 1154 2523 captaret
1183 2451 1560 2523 pontiﬁcalis,

339 2536 570 2594 Summi
598 2538 894 2612 pontiﬁcis
924 2555 1245 2612 curamque
1276 2545 1499 2598 teneret
1528 2541 1717 2598 ovilis.

337 2626 457 2684 Hoc
486 2643 719 2700 quoque
749 2630 1102 2700 persuadere
1132 2647 1238 2686 suo
1262 2630 1708 2702 metropolitano

338 2715 602 2772 Pontiﬁci
634 2716 870 2790 scriptis
902 2717 1260 2774 festinabant
1291 2719 1404 2774 cito
1437 2720 1658 2789 missis,

336 2805 517 2876 Cujus
537 2804 762 2878 judicio
796 2807 975 2862 statui
1000 2811 1202 2880 pastor
1231 2808 1482 2880 sapienti

337 2893 554 2952 Debuit
581 2893 838 2951 ecclesiae
868 2895 972 2952 tali
1002 2896 1329 2970 condignas
1359 2897 1598 2954 honore.

409 2983 520 3050 Qui
552 2983 814 3040 bonitate
834 2985 941 3042 viri
974 2990 1274 3058 comperta
1302 3003 1558 3059 namque
1587 2987 1847 3060 benigni,

337 3072 412 3130 Se
440 3071 874 3146 completurum
897 3074 1169 3147 promisit
1197 3074 1344 3132 velle
1375 3079 1741 3148 precantum,

336 3161 409 3218 Et
434 3161 664 3218 venisse
684 3162 874 3219 virum
897 3163 1084 3236 jussit
1112 3165 1406 3220 maturius
1433 3165 1652 3238 ipsum,

335 3249 561 3306 Alfectu
591 3251 789 3324 pepuli
822 3255 986 3308 tanto
1019 3270 1191 3326 quem
1227 3253 1413 3310 sensit
1441 3254 1648 3310 amari.

338 3337 442 3395 Ille
473 3340 574 3396 sed
603 3357 912 3398 exsecraus
942 3340 1120 3397 talem
1147 3347 1486 3399 constanter
1513 3342 1816 3411 honorem,

339 3427 611 3484 Prmsulis
639 3428 886 3502 imperio
917 3447 1142 3502 parere,
1177 3435 1370 3502 negat,
1403 3431 1709 3499 veniendo,

345 3515 540 3573 Donec
569 3517 790 3573 invitus
822 3518 1096 3588 trahitur,
1127 3520 1320 3575 turbis
1351 3519 1730 3593 glomeratur.

345 3604 434 3674 Et,
469 3623 605 3663 cum
635 3607 932 3679 pontiﬁcis
964 3612 1418 3680 przesentaretur
1445 3607 1667 3677 ocellis,

345 3695 501 3752 I84
532 3696 763 3753 Stratus
813 3697 1081 3769 adusque
1127 3698 1338 3766 solum,
1370 3716 1540 3755 voces
1579 3699 1892 3772 spargebat
1936 3699 1997 3754 in

343 3782 630 3840 Infectum
661 3785 818 3841 vitiis
851 3802 980 3842 sese
1010 3787 1232 3854 dicens,
1257 3787 1378 3843 fore
1411 3785 1619 3842 multis
1765 3786 1996 3860 [altum,

341 3872 469 3930 Non
499 3876 706 3946 aptum
737 3878 942 3931 sancto
975 3875 1192 3932 Christi
1222 3875 1438 3948 populo
1470 3876 1784 3944 dominari,

411 3961 516 4019 His
544 3962 727 4038 igitur
749 3963 1018 4036 querulis
1042 3964 1251 4020 iterata
1280 3981 1415 4019 voce
1446 3963 1701 4036 profusis
1870 3953 1878 3961 ’

339 4049 602 4108 Antistes
631 4069 904 4108 summus
937 4052 1116 4108 cessit
1142 4057 1440 4125 postremo
1473 4057 1732 4121 coactus,

342 4138 627 4212 Huncque
656 4140 832 4210 Deus,
865 4139 1002 4197 talis
1033 4140 1134 4214 qui
1165 4140 1448 4197 fastidivit
1476 4141 1738 4210 honoris,

344 4219 626 4300 Injunctae
654 4245 906 4286 vacuum
937 4246 1090 4286 cura:
1121 4230 1413 4287 concessit
1442 4230 1623 4299 abire,

343 4316 720 4376 Gonstituens
751 4315 955 4388 alium,
989 4318 1228 4376 rectoris
1258 4318 1494 4376 nomine
1525 4319 1790 4392 dignum,

343 4405 453 4476 Qui
485 4423 646 4476 nam,
677 4424 1004 4481 paucorum
1036 4410 1169 4480 post
1197 4406 1506 4464 intervalla
1532 4408 1786 4476 dierum,

343 4497 745 4565 Quorumdam
775 4496 1009 4554 blandis
1041 4495 1192 4552 clam
1225 4497 1504 4552 seductus
1527 4497 1809 4566 suadelis,

343 4586 637 4660 Subjectis
666 4585 847 4644 alium
879 4587 993 4644 cito
1024 4585 1342 4659 praeposuit
1371 4585 1806 4654 vicedomnum,

339 4677 530 4749 Atque
554 4675 966 4748 Theophilum,
998 4675 1250 4732 summis
1297 4674 1526 4730 meritis
1577 4675 1997 4743 venerandum,

341 4763 522 4822 Movit
552 4765 623 4823 ab
655 4765 867 4833 ofﬁcio,
902 4763 1120 4820 multos
1153 4780 1267 4836 quo
1296 4762 1564 4835 fungitur
1593 4780 1796 4820 annos.

340 4853 478 4912 Istic
509 4853 631 4923 sed,
666 4853 890 4926 fragilis
921 4852 1177 4910 tolerans
1209 4852 1500 4925 patienter
1528 4851 1768 4908 honoris

339 4942 656 5012 Damnum,
689 4943 993 5000 tristitiam
1017 4941 1180 5016 pellit
1211 4943 1281 4998 de
1312 4945 1542 5014 pectore
1573 4944 1868 5010 cunctam,

343 5033 765 5104 Gaudebatque
794 5033 939 5088 satis
971 5049 1098 5088 sese
1120 5033 1246 5103 jam
1278 5048 1449 5102 posse
1479 5047 1684 5088 vacare

342 5120 529 5176 Tanto
558 5120 803 5177 liberius
834 5121 1030 5176 studio
1061 5119 1272 5175 Christi
1292 5118 1636 5186 famulatus,

343 5209 568 5276 Quanto
599 5227 874 5266 curarum
906 5227 1148 5266 securus
1177 5213 1301 5266 erat
1329 5208 1644 5264 variarum.

411 5297 602 5371 Hujus
633 5316 769 5356 mox
789 5303 1046 5355 mentem
1078 5299 1404 5355 detestatur
1432 5296 1753 5369 patientem

340 5387 548 5444 Totius
577 5387 822 5445 humani
853 5387 1082 5463 generis
1113 5387 1474 5444 saevissimus
1500 5384 1708 5453 hostis,

339 5475 430 5547 Et,
464 5493 583 5550 qua
612 5478 895 5550 primates
924 5475 1154 5549 decepit
1184 5475 1389 5532 fraude
1421 5479 1716 5548 parentes,

340 5564 459 5623 Hac
489 5565 738 5638 hujusce
759 5567 867 5623 viri
898 5566 1098 5639 pulsat
1124 5565 1446 5638 penetralia
1461 5564 1635 5636 justi,

339 5653 651 5742 édducens
671 5656 800 5728 ejus
831 5655 1024 5728 fragili
1055 5654 1378 5728 saepissime
1411 5653 1594 5710 menti

1160 369 1688 432 HROTSUITH/E
1731 367 2096 434 MONIOLIS
2141 361 2932 432 GANDERSHEIMENSIS

3599 361 3754 427 HN

2015 505 2072 574 Α
2100 501 2324 559 Blanda
2351 501 2656 575 potestatis
2686 499 3112 556 delectamenta
3140 498 3372 571 prioris,

2096 591 2532 664 Despectusque
2562 605 2799 662 gravem
2831 588 2964 645 facti
2997 586 3333 661 nuperrime
3363 591 3608 643 sortem.

2095 679 2212 735 Nec
2241 678 2483 750 laqueos
2514 677 2724 733 harum
2757 681 3076 732 retraxerat
3105 675 3481 742 insidiarum,

2097 768 2290 824 Donec
2322 767 2619 839 captivum
2650 765 2868 822 Christi
2900 766 3067 820 duxit
3098 764 3211 820 sibi
3241 781 3496 820 servum.

2098 857 2214 912 Nec
2245 873 2428 922 mora,
2461 856 2550 910 vir
2574 855 2762 920 fortis,
2793 855 2912 909 vita
2943 852 3284 924 meritisque
3315 851 3584 914 celebris,

2099 945 2311 1000 Mentis
2332 945 2607 999 virtutem
2642 944 2883 998 demens
2913 943 3210 1014 abjecerat
3241 958 3500 1008 omnem,

2098 1034 2212 1088 Nec
2245 1033 2622 1088 tentamentis
2653 1033 2880 1088 studuit
2913 1035 3129 1086 restare
3162 1029 3449 1097 nefandis,

2099 1122 2209 1177 Sed
2243 1121 2427 1176 vietus
2450 1121 2649 1187 cessit,
2681 1121 3013 1192 mentisque
3035 1118 3230 1174 dolore
3264 1118 3526 1185 tabescit,

2101 1209 2326 1282 Quique
2348 1211 2511 1282 prius
2545 1208 2698 1281 plebi
2729 1210 2948 1281 sprevit
2979 1208 3250 1280 princeps
3282 1207 3598 1275 dominari,

2098 1298 2343 1354 Aﬂ'ectat
2364 1297 2518 1370 juris
2551 1313 2796 1370 pompas
2829 1314 2987 1352 nunc
3018 1296 3332 1352 inferioris.

2099 1387 2382 1456 Tandem,
2417 1387 2698 1442 seductus
2729 1391 2940 1443 caecato
2970 1385 3142 1442 corde
3169 1383 3457 1454 misellus,

2101 1475 2425 1542 Quemdam
2455 1491 2795 1548 perversum
2827 1474 2997 1548 petiit
3030 1473 3278 1530 festinus
3308 1473 3644 1542 Hebreum,

2100 1564 2208 1631 Qui
2241 1543 2474 1638 magica
2503 1563 2702 1636 plures
2737 1543 3198 1634 decepitofraude
3228 1561 3450 1630 ﬁdeles,

2099 1653 2254 1710 I85
2287 1651 2784 1724 Prolambensque
2805 1667 2966 1719 suas,
3002 1655 3293 1724 prostrato
3313 1666 3576 1723 corpore,
3599 1648 3772 1722 plano

2101 1741 2290 1814 Ipsius
2303 1739 2589 1798 auxilium
2603 1741 2829 1813 ﬂagitat
2845 1739 3224 1814 lacrymando
3237 1739 3582 1796 nefandum.
3627 1744 3768 1808 μω,

2101 1829 2229 1900 Qui,
2265 1847 2443 1904 super
2469 1829 2718 1886 errantis
2747 1829 2948 1902 lapsus
2973 1829 3302 1903 gaudendo,
3331 1827 3652 1902 malignus,

2022 1881 2072 1946 B
2103 1881 2282 1977 Flecte
2312 1881 2514 1993 prrocul
2543 1919 2724 1976 dubio
2747 1881 2932 1990 jurssit
2960 1881 3188 1974 :enisse
3218 1881 3434 1986 futura,

2096 2009 2453 2072 Promittens
2483 2012 2816 2082 promptam
2844 2007 3155 2080 despectus
3181 2022 3310 2063 esse
3337 2005 3656 2075 medelam,

2104 2098 2165 2155 Si
2197 2098 2454 2170 parendo
2484 2096 2612 2153 suis
2642 2095 2816 2153 vellet
2844 2099 3076 2152 tantum
3107 2095 3368 2152 suadelis

2103 2187 2224 2244 Sub
2256 2185 2474 2242 ditione
2507 2185 2599 2242 sui
2634 2185 2892 2258 posthaec
2923 2183 3188 2241 habitare
3220 2183 3542 2257 magistris.

2175 2275 2278 2332 His
2307 2273 2401 2331 hic
2432 2274 2632 2330 infelix
2663 2273 2904 2330 monitis
2932 2278 3142 2346 captus
3165 2273 3318 2330 male
3347 2273 3611 2340 blandis,

2104 2363 2398 2422 Damonis
2428 2363 2712 2436 obsequio
2745 2363 2882 2420 saevi
2913 2362 3094 2436 gestit
3124 2361 3376 2435 religari,

2105 2456 2228 2521 Quo
2259 2453 2344 2510 sic
2374 2452 2710 2509 umbratilis
2742 2469 2956 2508 manus
2988 2451 3303 2507 meruisset
3332 2450 3602 2520 honoris,

2105 2544 2290 2610 Quem
2319 2559 2426 2598 nec
2457 2541 2758 2615 signatum
2792 2541 2962 2616 signo
2993 2545 3208 2598 sanctae
3241 2539 3432 2596 crucis
3462 2540 3645 2611 almo,

2105 2631 2218 2688 Sed
2251 2646 2420 2704 mage
2449 2630 2790 2687 daemonicis
2818 2631 3213 2686 conﬁdentem
3246 2629 3527 2698 suadelis,

2105 2720 2279 2778 Ocius
2310 2719 2410 2776 ille
2439 2736 2649 2794 magus
2671 2737 2872 2776 secum
2905 2719 3071 2775 duxit
3099 2718 3446 2776 maledictus

2105 2811 2294 2868 Trans
2318 2810 2544 2877 urbem,
2581 2808 2693 2865 sub
2727 2808 3030 2864 nocturnis
3066 2813 3289 2864 secreto
3319 2808 3602 2879 tenebris,

2105 2897 2311 2955 Intulit
2339 2897 2516 2970 inque
2537 2897 2732 2954 locum
2765 2896 2951 2953 multo
2982 2896 3394 2970 phantasmate
3422 2898 3698 2970 plenum,

2106 2987 2174 3043 In
2203 3003 2320 3060 quo
2347 2987 2584 3043 tartarei
2617 2989 2902 3043 steterant
2927 2986 2986 3041 in
3016 2988 3178 3042 veste
3209 2985 3401 3042 coloni

2103 3076 2301 3145 Albas,
2335 3075 2610 3132 candelas
2639 3075 2837 3148 plures
2869 3075 3145 3132 manibus
3175 3075 3517 3133 retinentes.

2107 3165 2264 3222 Inter
2292 3181 2438 3237 quos
2471 3164 2702 3220 medius
2731 3164 3004 3237 princeps
3036 3163 3329 3220 residebat
3353 3164 3622 3238 iniquus,

2033 3252 2076 3320 C
2114 3253 2222 3320 Qui
2253 3271 2353 3310 rex
2382 3257 2471 3310 est
2491 3253 2718 3320 mortis,
2753 3252 2945 3325 proles
2977 3270 3208 3325 quoque
3236 3255 3606 3326 perditionis,

2112 3343 2378 3400 Suadens
2409 3343 2762 3398 damnandis
2791 3345 2987 3398 astuta
3009 3342 3214 3399 fraude
3243 3343 3554 3412 ministris,

2113 3431 2364 3504 Impigre
2395 3431 2621 3487 cunctis
2652 3431 3009 3502 praitendere
3030 3430 3372 3488 calliditatis

2109 3523 2390 3588 Assuetae,
2415 3519 2654 3593 laqueos
2685 3537 2890 3576 omnes
2921 3524 3156 3594 captare
3185 3525 3441 3593 paratos.

2110 3610 2182 3666 Et
2209 3625 2462 3682 magnus
2499 3614 2810 3677 errantem,
2846 3609 3253 3682 damnumque
3282 3609 3374 3664 sui
3405 3609 3774 3682 cupientem,

2111 3699 2244 3756 Mox
2272 3699 2344 3755 ad
2373 3697 2687 3755 concilium
2717 3698 3072 3770 perducebat
3100 3697 3478 3763 scelerosum,

2111 3789 2559 3860 Prostratusquc
2589 3787 2682 3843 sui
2713 3786 2929 3860 plantis
2959 3786 3251 3860 extemplo
3281 3787 3570 3861 magistri,

2112 3876 2460 3934 Monstravit
2483 3876 2658 3932 verbo
2689 3892 2951 3942 causam,
2985 3893 3103 3948 qua
3124 3881 3361 3932 venerat
3392 3875 3517 3942 illo,

2111 3965 2216 4022 Cui
2246 3965 2472 4021 daemon
2503 3983 2690 4021 saevus
2715 3969 2919 4020 contra
2947 3964 3031 4020 sic
3062 3965 3313 4038 denique
3347 3965 3504 4022 fatus
3537 3982 3552 4019 :

2111 4055 2238 4123 Dic,
2265 4055 2365 4123 ait,
2399 4053 2599 4110 auxilii
2633 4053 2854 4126 possim
2885 4054 3026 4126 quid
3059 4054 3208 4111 ferre
3237 4054 3395 4111 ﬁdeli

2109 4143 2438 4216 Ablutoque
2465 4143 2590 4200 viro
2621 4143 2838 4200 Christi
2869 4142 3244 4215 baptismatis
3273 4143 3472 4200 unda?

2111 4231 2174 4290 Si
2197 4249 2366 4288 meus
2395 4247 2524 4288 esse
2555 4232 2740 4304 cupit,
2762 4231 2998 4304 scriptis
3021 4230 3436 4304 Christumque
3465 4235 3735 4306 negabit,

2111 4320 2392 4394 Illiusque
2422 4319 2745 4393 puellarem
2777 4320 2995 4394 pariter
3022 4320 3400 4391 Genitricem,

2113 4411 2220 4474 Per
2247 4411 2418 4482 cujus
2448 4414 2682 4482 partum
2716 4409 2906 4482 patior
2937 4410 3187 4467 nimium
3218 4427 3391 4484 grave
3421 4411 3736 4480 damnum,

2111 4498 2284 4557 Illum
2317 4499 2594 4556 continuo
2622 4499 2835 4557 virtute
2866 4515 2997 4556 mea
3030 4499 3316 4568 relevabo,

2110 4591 2299 4662 Atque
2327 4589 2507 4646 decus
2539 4587 2676 4646 talis
2707 4589 2996 4661 praastabo
3029 4593 3292 4662 patenter
3321 4588 3586 4661 honoris,

2113 4677 2329 4734 Praisul
2357 4681 2422 4733 ut
2452 4677 2576 4749 ipse
2608 4677 2731 4733 suis
2763 4694 2878 4733 non
2905 4678 3302 4734 contradicere
3325 4678 3518 4750 jussis

2105 4768 2393 4840 Apponat,
2427 4783 2669 4822 cernens
2700 4782 2906 4822 omnes
2938 4765 3022 4821 illi
3054 4765 3428 4834 famulantes,

2108 4857 2263 4912 I86
2303 4855 2409 4922 Qui
2472 4871 2628 4910 nunc
2691 4855 3034 4927 despectum
3092 4860 3380 4928 spernunt
3436 4859 3776 4915 venerarier

2179 4945 2280 5000 His
2311 4960 2440 5000 eam
2472 4942 2775 5000 blanditiis
2801 4943 3072 5017 anguinis
3103 4943 3442 5000 calliditatis
3522 4946 3768 5018 [ipsum.

2107 5033 2221 5091 Iste
2243 5032 2424 5089 miser
2450 5032 2626 5089 verbo
2659 5049 2774 5088 non
2805 5032 3238 5090 contradixerat
3261 5032 3402 5101 ullo,

2107 5121 2217 5177 Sed
2252 5122 2374 5177 ﬁeri
2399 5121 2598 5194 gestit,
2629 5139 2758 5194 qua
2790 5138 3098 5194 perversus
3129 5123 3305 5178 draco
3337 5123 3546 5190 suasit,

2107 5210 2370 5267 Proditor
2400 5215 2576 5282 atque
2604 5213 2795 5266 totum
2829 5209 3067 5266 dederat
3095 5228 3157 5268 se
3179 5210 3510 5282 perditioni.

2105 5301 2323 5372 Sponte
2352 5299 2514 5355 dedit
2545 5299 2764 5372 proprii
2795 5299 3062 5356 chartam
3093 5300 3358 5357 scribens
3388 5300 3734 5357 detrimenti

2105 5388 2170 5446 In
2202 5405 2319 5462 qua
2343 5387 2660 5460 spirituum
2694 5392 2945 5446 testatur
2971 5389 3119 5446 velle
3153 5389 3458 5463 nigrorum

2103 5478 2246 5534 Esse
2276 5477 2386 5534 sub
2417 5477 2650 5534 aaternis
2681 5477 2855 5534 sociis
2880 5494 2984 5550 per
3013 5478 3227 5534 saacula
3264 5477 3475 5551 pmnis.

2103 5567 2222 5625 Hoc
2253 5567 2355 5625 ubi
2383 5566 2644 5639 perfecit,
2680 5567 2903 5640 passim
2935 5567 3288 5640 phantasma
3318 5566 3583 5635 recessit,

2103 5657 2352 5736 Ipseque
2383 5672 2519 5715 cum
2550 5671 2728 5730 pravo
2756 5656 3066 5732 gaudendo
3099 5655 3325 5714 redibat
3356 5655 3572 5735 amico,
