4092 6190
394 354 552 419 “05

462 490 635 547 Pacta
667 504 921 563 namque
942 488 1056 560 die,
1088 487 1300 564 praesul
1323 492 1597 564 praecepit
1628 474 1832 548 adesse

390 580 535 637 Cleri
562 578 864 653 primates,
895 578 1082 652 plebis
1112 580 1442 653 pariterque
1473 581 1714 652 priores,

386 671 573 742 Atque
599 668 1013 741 Theophilum,
1047 669 1275 725 cunctis
1306 670 1637 726 astantibus
1667 669 1809 738 illis,

385 760 739 824 Adductum,
772 758 965 813 verbis
997 758 1247 813 nimium
1279 758 1581 814 blanditur
1603 758 1831 828 amicis,

385 848 575 921 Ipsius
606 848 866 902 subdens
894 846 1068 902 hilari
1098 847 1263 902 vultu
1295 848 1524 917 ditioni,

385 937 742 1009 Deﬂevitque
774 934 886 1008 piis
917 953 1045 991 sese
1075 952 1347 1007 peccasse
1368 935 1642 993 lamentis

383 1026 681 1098 Abjecisse
709 1025 900 1080 virum
933 1026 1324 1096 prazsumebat
1354 1026 1492 1097 quia
1522 1030 1815 1081 sanctum.

382 1118 487 1172 Ast
512 1114 627 1182 hic,
652 1131 681 1169 e
713 1113 923 1169 subitis
954 1113 1098 1168 tanti
1120 1113 1352 1168 lmtatus
1382 1114 1620 1170 honoris

386 1204 585 1272 Donis,
613 1203 748 1276 plus
779 1220 943 1276 {equo
975 1201 1125 1258 tollit
1155 1220 1216 1257 se
1249 1209 1443 1260 mente
1474 1205 1745 1277 superba.

381 1295 681 1351 Jactanter
707 1293 1107 1363 subjectorum
1138 1309 1353 1348 cuneos
1386 1292 1732 1366 pepulerum

383 1383 575 1457 Ipsius
606 1381 908 1454 obsequiis
934 1397 1149 1453 cogens
1178 1383 1561 1438 succumbere
1592 1383 1778 1451 duris,

380 1474 696 1546 Et,'spretc
727 1469 962 1543 penitus
989 1471 1190 1543 patria
1221 1470 1473 1527 ccclestis
1504 1471 1741 1540 honore,

380 1561 698 1619 Terrestris
728 1564 959 1616 tantum
992 1577 1216 1633 pompm
1246 1564 1553 1616 versantur
1582 1577 1798 1617 amore.

377 1654 638 1724 Cumque
667 1650 768 1706 diu
793 1649 994 1705 vacuis
1024 1649 1277 1705 inhiaret
1306 1666 1561 1723 namque
1592 1650 1841 1718 lucellis,

374 1742 582 1813 Atque,
618 1742 892 1795 monente
922 1754 1156 1811 magno,
1190 1754 1493 1810 nunquam
1528 1738 1775 1795 cessavit
1803 1738 2025 1811 iniquo,

376 1832 537 1888 Saeve
567 1827 925 1900 multiplices
956 1827 1186 1883 Satanae
1209 1826 1531 1899 persolvere
1558 1832 1776 1900 grates,

373 1920 457 1976 Ex
484 1919 656 1991 cujus
686 1916 884 1989 largis,
918 1915 1184 1983 credidit,
1218 1915 1589 1971 solummodo
1615 1917 1787 1973 donis

372 2007 703 2065 Accessisse
733 2006 971 2078 quidem
1000 2008 1225 2060 tantam
1257 2004 1368 2060 sibi
1394 2005 1863 2078 prosperitatem.

375 2098 636 2155 Tandem
667 2094 916 2152 cmlestis
947 2093 1134 2166 pietas
1164 2094 1455 2150 immensa
1482 2094 1763 2167 parentis,

374 2187 480 2254 Qui
511 2201 817 2259 nunquam
849 2183 1012 2256 cupit
1041 2182 1346 2238 interitum
1373 2187 1738 2256 mortemque
1768 2200 2020 2252 reorum,

373 2277 486 2334 Sed
517 2291 686 2348 mage
716 2271 1010 2329 conversis
1030 2272 1224 2326 laetam
1255 2272 1571 2327 concedere
1589 2271 1791 2338 vitam,

370 2362 701 2431 Condoluit,
725 2361 861 2417 facti
895 2360 1173 2417 meritum
1204 2359 1449 2432 periisse
1479 2361 1736 2433 benigni,

372 2457 496 2521 Quo
527 2452 823 2525 quondam
855 2448 1050 2506 stabili
1082 2448 1250 2505 fulsit
1279 2449 1692 2505 celeberrimus
1713 2450 1859 2506 orbi.

374 2543 601 2610 Isthzec,
629 2540 956 2598 sollicitans
984 2554 1188 2594 omnes
1218 2537 1536 2594 clementer
1560 2541 1815 2611 egentes,

374 2634 648 2703 Moreque
679 2629 894 2694 divino,
925 2628 1114 2701 pietas
1143 2627 1347 2683 eadem
1375 2628 1705 2683 veneranda

375 2719 642 2779 Concutit
671 2721 962 2774 errantem
995 2717 1173 2789 digna
1197 2714 1506 2771 formidine
1529 2720 1807 2771 mentem.

444 2812 591 2867 187
618 2809 735 2863 Nec
757 2809 1345 2876 mora,compunctus
1367 2820 1600 2860 summo
1632 2820 1877 2861 mmrore
1908 2803 2022 2859 mi-

373 2898 661 2972 Praaponit
681 2895 945 2968 pavitans
963 2894 1149 2950 oculis
1171 2893 1492 2965 saepissime
1508 2892 1720 2961 cordis,
1799 2892 2023 2965 [sellus,

372 2992 619 3057 Quanta,
635 2985 902 3058 negando
918 2985 1124 3049 Deum,
1145 2985 1359 3039 meruit
1386 2986 1675 3038 tormenta
1695 3000 1797 3056 per
1813 2999 2023 3050 avum,

370 3080 459 3147 Et,
495 3077 714 3150 quibus
738 3075 799 3129 in
830 3072 1019 3146 pmnis
1049 3073 1297 3127 debebat
1324 3073 1554 3128 Averni.

373 3169 502 3224 Haec
523 3180 755 3238 quoque
775 3162 1081 3218 tractando
1112 3178 1311 3216 secum
1341 3178 1586 3217 moerere
1616 3177 1911 3233 supremo,

372 3254 538 3313 Talia
568 3251 863 3310 continuis
894 3251 1080 3305 fertur
1108 3250 1323 3305 dixisse
1352 3250 1628 3305 lamentis
1662 3267 1676 3304 :

372 3345 495 3402 Heu
527 3342 797 3398 mihimet
828 3340 1065 3407 misero,
1088 3339 1318 3394 cunctis
1350 3339 1580 3412 probris
1610 3338 1840 3394 vitiato!

370 3432 465 3488 Vae
497 3430 643 3487 mihi
674 3428 1029 3495 damnando,
1064 3427 1281 3499 proprii
1305 3445 1408 3500 pro
1440 3427 1685 3483 crimine
1701 3429 1838 3496 voti,

371 3521 479 3590 Qui
508 3519 697 3576 Patris
728 3516 945 3573 summi
980 3515 1204 3572 Prolem
1236 3533 1339 3588 per
1367 3516 1586 3590 scripta
1616 3518 1842 3591 negavi,

371 3610 705 3680 Divinaeque
736 3605 911 3661 simul
942 3605 1173 3661 dulcem
1196 3605 1382 3662 Prolis
1410 3606 1751 3678 genitricem
1777 3608 1789 3663 Ξ

369 3699 553 3767 Eheu,
584 3713 762 3771 quam
794 3694 960 3751 saevis
990 3695 1192 3749 tradar
1220 3710 1322 3766 per
1351 3694 1565 3750 saecula
1596 3696 1804 3767 pmnis,

369 3789 439 3844 Et
468 3803 648 3860 quam
678 3781 972 3839 continuis
996 3781 1238 3838 claudar
1254 3783 1380 3839 sine
1411 3783 1525 3838 fine
1555 3784 1831 3852 tenebris,

371 3875 480 3943 Qui
512 3875 693 3931 miser
718 3873 865 3947 elegi
898 3871 1073 3928 subdi
1104 3873 1331 3927 Satanze
1362 3872 1592 3940 ditioni,

369 3966 557 4037 Atque
588 3960 957 4019 tenebricolis
988 3961 1143 4016 erebi
1170 3960 1487 4016 sublimine
1510 3962 1682 4034 jungi

373 4053 679 4108 Mundanae
710 4066 935 4122 pompae
963 4066 1111 4105 vano
1142 4051 1420 4106 seductus
1442 4050 1671 4105 amore!

372 4142 520 4208 Quid
544 4141 810 4196 dicturus
838 4156 958 4207 ero,
980 4138 1228 4194 nimium
1263 4143 1551 4211 peccator,
1584 4139 1643 4194 in
1676 4139 1776 4196 illo

373 4232 657 4304 Tempore
678 4227 887 4301 judicii
918 4228 1105 4284 sancti
1139 4227 1393 4300 Spiritus
1420 4229 1737 4297 metuendi,

374 4320 616 4386 Quando
649 4319 938 4373 factorum
973 4317 1299 4372 mercedem
1331 4317 1581 4389 quisque
1612 4335 1858 4390 suorum

372 4407 657 4481 Accipiat,
691 4406 930 4479 dignam
965 4405 1108 4460 satis
1140 4422 1305 4476 aequa
1335 4404 1499 4460 lance
1524 4405 1818 4475 libratam,

374 4497 482 4553 Pro
511 4497 873 4552 diversorum
907 4493 1188 4566 qualitate
1218 4493 1456 4565 quidem
1489 4494 1870 4551 meritorum?

370 4585 497 4652 Vel,
528 4583 660 4657 quis
688 4583 835 4639 forte
866 4583 979 4637 mei
1008 4585 1151 4637 tunc
1183 4585 1436 4653 apponet
1465 4582 1748 4651 misereri,

373 4676 517 4730 Cum
547 4673 642 4728 vix
671 4689 775 4745 pro
810 4670 1033 4727 meritis
1056 4671 1259 4741 justus
1289 4670 1549 4726 salvatur
1572 4672 1824 4744 opimis?

373 4764 520 4820 Nam
553 4760 770 4817 Christi
802 4760 1083 4827 Genitrix,
1117 4758 1362 4832 coelique
1394 4764 1601 4832 potens
1645 4762 2023 4829 dominatrix,

374 4850 655 4910 Flaminis
687 4854 860 4922 atque
882 4850 1031 4905 sacri
1054 4848 1338 4921 templum
1364 4850 1490 4906 sine
1507 4851 1676 4907 sorde
1693 4868 2023 4922 ceruseum,

376 4940 506 4997 Haec
533 4940 739 4995 eadem
770 4937 952 5011 virgo,
988 4943 1191 5011 partus
1221 4942 1354 5010 post
1383 4940 1599 5013 gaudia
1628 4946 1810 5010 casta,

377 5031 510 5096 Quaa
541 5031 696 5084 retro
729 5027 1026 5083 conversis
1050 5026 1234 5082 fuerat
1262 5026 1579 5084 mitissima
1607 5030 1859 5099 cunctis,

374 5118 561 5190 Atque
593 5116 682 5172 sui
708 5115 940 5172 dulcem
971 5132 1274 5188 nunquam
1306 5117 1501 5171 tardat
1526 5117 1823 5189 pietatem,

376 5206 512 5262 Sola
542 5205 687 5260 mihi
717 5205 897 5260 venia:
929 5204 1083 5277 petis
1114 5209 1204 5259 est
1232 5205 1625 5261 medicamina
1656 5206 1827 5275 ferre,

378 5294 437 5351 Si
472 5311 577 5366 pro
610 5311 702 5349 me
732 5295 1035 5366 proprium
1065 5294 1345 5366 dignatur
1368 5312 1600 5366 poscere
1632 5296 1867 5352 Natum.

380 5382 515 5450 Sed,
547 5382 597 5437 si
628 5382 870 5455 pollutis
900 5383 1062 5439 illam
1093 5384 1344 5456 rogitare
1375 5382 1603 5440 labellis

379 5473 638 5543 Cmpero,
669 5471 976 5528 bacchanti
1010 5489 1197 5544 nuper
1217 5488 1393 5543 quam
1425 5473 1597 5528 corde
1624 5474 1851 5547 negavi,

382 5560 472 5614 Me
501 5577 702 5615 vereor
727 5561 983 5616 ﬂammis
1013 5560 1155 5616 cmlo
1188 5559 1522 5616 consumicr
1549 5562 1714 5631 actis,

383 5648 552 5704 Ferre
569 5665 765 5705 meum
790 5650 1015 5708 facinus
1037 5650 1174 5722 quia
1195 5666 1309 5705 non
1330 5649 1549 5721 patitur
1558 5667 1729 5722 grave
1750 5651 2026 5707 mundus.

1280 356 1383 419 DE
1425 357 1676 422 LAPSU
1720 357 1819 420 ET
1862 355 2414 424 CONVERSIONE
2454 359 2901 425 THEOPHILI.

3636 361 3793 426 1106

2064 493 2122 561 Α
2148 493 2439 563 Attamen,
2473 492 2748 551 instantis
2770 512 2949 551 causa
2967 498 3208 570 cogente
3231 493 3468 565 doloris,

2145 583 2422 655 Ejusdem
2453 584 2698 641 celerem
2721 584 2966 657 supplex
2993 602 3185 658 quaero
3216 586 3492 659 pietatem

2146 673 2268 738 Quo
2302 672 2558 729 clemens
2589 673 2847 729 animam
2879 674 3152 747 precibus
3185 675 3366 731 salvet
3410 675 3755 748 perituram.

2145 762 2298 818 138
2322 763 2451 817 Haec
2473 778 2672 819 secum
2696 764 2957 836 querulis
2980 764 3226 819 nimium
3258 765 3488 820 dicebat
3516 764 3755 834 amaris,

2144 851 2232 919 Et,
2261 850 2399 907 secli
2431 853 2588 907 curis
2611 853 2784 909 citius
2815 854 2883 907 de
2915 855 3084 909 corde
3115 853 3386 926 repulsis,

2145 940 2398 1013 Impiger
2428 943 2500 996 ad
2533 941 2816 1013 templum
2848 943 3265 1014 pI‘Operat,sub
3288 943 3505 998 honore
3529 943 3786 1000 dicatum

2141 1028 2396 1101 Virginis
2421 1028 2669 1098 intactis,
2705 1030 3025 1103 matrisque
3053 1032 3147 1086 Dei
3179 1033 3538 1100 venerandaa,

2140 1116 2331 1173 Octies
2362 1122 2418 1173 et
2447 1118 2703 1190 spatium
2738 1119 3019 1190 transegit
3049 1119 3309 1191 quinque
3340 1120 3588 1188 dierum,

2145 1205 2267 1262 Illic
2298 1207 2546 1263 contrito
2569 1208 2790 1263 deﬂens
2821 1226 2927 1263 sua
2958 1209 3127 1263 corde
3159 1207 3369 1279 piacla,

2140 1295 2399 1369 Denegat
2428 1300 2604 1368 atque
2634 1297 2768 1359 sibi.
2802 1296 3075 1369 lacrymis
3107 1297 3357 1354 satiatus
3388 1299 3628 1367 amaris,

2141 1384 2352 1440 Omnia
2380 1385 2674 1442 cultorum
2701 1385 3128 1441 delectamenta
3158 1386 3446 1457 ciborum,
3698 1384 3707 1387 ’

2142 1475 2374 1531 Scilicet
2403 1478 2460 1532 et
2490 1476 2749 1548 requiem
2782 1476 2972 1532 somni
3003 1476 3325 1548 saepissime
3357 1477 3609 1534 dulcem.

2141 1563 2384 1637 Pervigil
2416 1564 2474 1619 in
2505 1565 2687 1620 sacris
2719 1581 2953 1620 summe
2986 1564 3290 1621 conamine
3310 1566 3480 1634 votis,

2138 1652 2265 1708 Tali
2296 1658 2556 1726 percerte
2587 1670 2800 1727 corpus
2832 1655 3151 1727 frangendo
3182 1653 3399 1724 labore,

2139 1743 2414 1817 Purgavit
2442 1744 2716 1819 lacrymis
2748 1744 2956 1800 animae
2980 1744 3242 1802 maculas
3275 1745 3503 1803 vitiatae.

2058 1864 2109 1930 Β
2207 1832 2309 1887 His
2340 1832 2486 1889 bene
2515 1833 2808 1905 perfectis,
2833 1832 3083 1889 nimium
3114 1851 3248 1889 cum
3275 1834 3469 1892 lassus
3499 1836 3557 1892 in
3589 1836 3749 1894 heris

2134 1921 2468 1989 Nocturnis,
2504 1921 2664 1978 molli
2697 1922 2951 1978 declinat
2971 1924 3237 1979 membra
3258 1924 3457 1997 quieti,

2131 2009 2330 2065 Astitit
2359 2010 2420 2065 in
2451 2011 2676 2066 somnis
2702 2009 2787 2065 illi
2818 2011 3149 2067 castissima
3170 2013 3343 2085 Regis

2133 2098 2350 2154 Eterni
2381 2098 2658 2168 Genitrix,
2684 2099 2887 2155 eadem
2921 2100 3127 2155 mundi
3158 2102 3532 2171 dominatrix,

2134 2186 2367 2243 Scilicet
2393 2187 2697 2255 auxilium,
2732 2205 2865 2259 spes
2895 2187 3275 2262 solamenque
3297 2196 3587 2263 paratum,

2132 2277 2275 2348 Ejus
2304 2277 2642 2350 prmsidium
2671 2278 2877 2332 devota
2908 2282 3104 2333 mente
3127 2284 3493 2351 precantum,

2133 2366 2376 2422 Talibus
2406 2370 2462 2422 et
2489 2365 2679 2422 verbis
2702 2367 2956 2422 terrebat
2986 2370 3163 2424 corda
3192 2371 3456 2441 paventis
3491 2389 3503 2426 :

2205 2455 2248 2511 Ο
2279 2454 2385 2522 vir,
2413 2471 2518 2509 cur
2547 2454 2732 2509 nostri
2753 2454 2961 2527 vigilas
2991 2458 3063 2511 ad
3096 2456 3302 2514 limina
3330 2460 3533 2532 templi

2131 2544 2254 2613 Vel,
2289 2560 2394 2599 cur
2423 2559 2595 2616 posse
2625 2542 2739 2599 mei
2772 2543 3018 2599 celerem
3051 2549 3229 2601 temet
3256 2548 3532 2618 pietatem

2134 2633 2445 2689 Praesumis
2479 2648 2731 2704 sperare,
2766 2649 2963 2687 meum
2998 2634 3096 2704 qui
3129 2635 3382 2706 denique
3412 2638 3647 2706 Natum,

2133 2722 2223 2778 Me
2254 2726 2620 2793 matremque
2651 2720 2764 2789 sui,
2799 2737 3067 2793 perverse
3099 2723 3271 2778 corde
3302 2725 3569 2797 negasti?

2133 2810 2254 2879 Dic,
2290 2827 2447 2884 rogo,
2477 2810 2642 2883 queis
2672 2810 2856 2865 oculis
2890 2811 3110 2881 possim
3143 2811 3256 2867 mis
3286 2829 3520 2870 cernere
3561 2814 3745 2872 Prolis

2132 2899 2347 2957 Divinas
2377 2898 2626 2967 vultum,
2651 2898 2867 2955 ceelesti
2899 2898 3027 2955 luce
3056 2916 3387 2971 coruscum,

2132 2992 2323 3056 Quove
2354 2989 2526 3043 modo
2559 2986 2703 3043 solio
2726 3005 2981 3059 praesens
3004 2992 3193 3045 astare
3214 2993 3517 3048 tremendo

2128 3081 2271 3153 Ejus
2300 3077 2627 3152 praesumo?
2656 3076 2885 3132 tibimet
2909 3077 3138 3133 veniam
3169 3079 3494 3153 rogitando.

2127 3171 2233 3225 Ast
2253 3184 2456 3225 omnes
2488 3166 2711 3238 culpas,
2747 3168 2806 3221 in
2831 3183 2923 3221 me
2956 3166 3202 3224 fortasse
3234 3174 3513 3241 patratas,

2048 3230 2095 3303 (ἶ
2127 3258 2351 3313 Ati'ectu
2383 3230 2607 3310 mentis
2628 3230 2734 3308 tibi
2767 3271 2900 3310 mox
2932 3255 3206 3328 indulgeo
3234 3230 3441 3329 gratis,

2129 3346 2314 3403 Omne
2335 3360 2523 3418 genus
2554 3344 2804 3398 nimium
2835 3344 2974 3415 quia
3002 3344 3182 3417 diligo
3211 3346 3707 3403 Christicolarum.

2132 3432 2267 3491 Illos
2295 3434 2585 3507 prmcipue
2614 3436 2813 3487 tenero
2847 3433 2947 3487 sed
2981 3434 3197 3489 mentis
3230 3451 3427 3490 amore

2128 3522 2339 3597 Diligo,
2370 3521 2657 3589 consolor,
2687 3520 2936 3592 propriis
2958 3523 3279 3593 amplector
3306 3527 3363 3579 et
3391 3524 3569 3594 ulnis,

2130 3615 2286 3678 Quos
2316 3614 2641 3677 exerentes,
2679 3609 2898 3663 crebris
2922 3610 3273 3682 hymnisque
3304 3617 3594 3683 vacantes,

2132 3699 2437 3772 Invigilare
2468 3715 2597 3753 meo
2627 3714 2799 3753 cerno
2822 3698 3144 3768 saepissime
3166 3700 3405 3770 templo.

2132 3787 2376 3845 Materni
2408 3787 2509 3842 sed
2539 3785 2626 3840 vis
2660 3784 2824 3840 fortis
2848 3802 2940 3839 me
2973 3784 3128 3857 cogit
3159 3788 3397 3856 amoris,

2132 3876 2278 3933 Hinc
2310 3874 2498 3949 magis
2529 3891 2667 3947 erga
2697 3878 2753 3928 te
2786 3873 2967 3928 nimio
3000 3873 3343 3930 ferverscerc
3372 3876 3515 3946 zelo,

2129 3966 2283 4022 189
2316 3964 2478 4030 Quod
2510 3962 2937 4035 praasumpsisti
2964 3963 3287 4019 tradendus
3318 3965 3655 4038 perditioni,

2132 4052 2601 4125 Blasphemando
2643 4051 2757 4105 mei
2790 4053 3065 4105 sanctum
3097 4055 3468 4109 contemnere
3508 4055 3744 4126 Natum,

2133 4142 2240 4210 Qui
2274 4143 2428 4198 Deus
2458 4143 2731 4207 aeternus,
2764 4139 2835 4193 de
2864 4138 3031 4193 Patre
3062 4139 3178 4194 Dee
3208 4146 3540 4212 generatus,

2135 4232 2308 4287 Retro
2339 4228 2609 4305 principii
2648 4227 2974 4300 primordia
3002 4245 3146 4284 cana
3177 4230 3391 4300 sereni,

2133 4320 2215 4376 Ex
2244 4336 2338 4375 me
2367 4318 2643 4390 dignatus
2673 4316 2931 4388 sumpsit
2956 4318 3066 4373 sub
3090 4322 3351 4391 tempore
3383 4337 3616 4394 corpus,

2135 4408 2297 4475 Quod
2330 4406 2490 4462 dedit
2518 4405 2792 4460 humanm
2816 4404 2986 4461 morti
3021 4406 3275 4463 nationis
3306 4424 3521 4465 amore.

2206 4496 2370 4553 Talia
2386 4494 2603 4552 dicenti
2634 4499 2805 4552 casta:
2830 4495 3043 4551 Christi
3079 4496 3356 4552 Genitrici

2056 4603 2108 4673 ι)
2135 4586 2237 4641 Vir
2257 4601 2509 4641 mmrens
2539 4583 2756 4652 animo,
2792 4588 2994 4639 contra
3014 4584 3097 4640 sic
3128 4585 3284 4640 fatur
3313 4603 3511 4644 amaro
3539 4605 3553 4643 :

2139 4677 2182 4734 Ο
2214 4691 2345 4731 mea
2376 4674 2610 4741 domna,
2636 4672 2778 4739 scio,
2802 4673 3170 4745 nimiumque
3199 4675 3433 4731 tabesco
3456 4676 3711 4748 sciendo,

2135 4765 2272 4822 Plus
2294 4765 2458 4836 justo
2491 4762 2628 4835 quia
2648 4761 2886 4833 deliqui,
2913 4778 3013 4833 spe
3034 4765 3243 4834 captus
3268 4763 3428 4819 inani

2134 4851 2413 4911 Commisi
2435 4850 2664 4907 cunctis
2694 4848 2921 4904 facinus
2946 4851 3139 4922 majus
3169 4868 3403 4924 quoque
3432 4854 3640 4925 pcenis,

2136 4941 2517 5014 Despiciendo
2540 4940 2746 5005 Deum,
2779 4938 2849 4994 de
2882 4943 2937 4994 te
2968 4939 3092 4995 sine
3127 4941 3297 4996 sorde
3327 4942 3656 5012 profusum.

2137 5031 2282 5087 Hinc
2312 5046 2426 5085 non
2452 5045 2583 5084 sum
2616 5028 2831 5100 dignus
2850 5029 3030 5083 veniae
3054 5029 3394 5102 conquirere
3426 5048 3665 5089 munus.

2138 5120 2250 5177 Sed
2279 5122 2475 5174 tamen
2503 5116 2833 5187 exemplum
2867 5117 3035 5173 nobis
3058 5116 3313 5173 tribuere
3343 5118 3553 5176 salutis

2136 5207 2469 5280 Sperandm,
2494 5204 2828 5260 multivario
2851 5206 2949 5276 qui
2981 5206 3224 5261 crimine
3246 5206 3418 5279 lapsi,

2138 5298 2273 5353 Post
2304 5295 2535 5367 lapsum
2560 5294 2842 5351 scelerum
2875 5294 3103 5353 veniam
3138 5313 3399 5352 meruere
3431 5315 3694 5353 suorum.

2136 5386 2341 5441 Nonne
2359 5382 2626 5439 Ninivitae
2655 5382 2857 5438 mitem
2892 5384 3109 5439 Christi
3140 5385 3440 5457 pietatem,

2138 5475 2276 5531 Sese
2306 5472 2613 5543 condignis
2634 5472 2964 5528 cruciantes
2995 5490 3248 5546 namque
3280 5474 3576 5545 lamentis,

2140 5560 2401 5618 Invenire
2432 5560 2609 5615 trium
2634 5564 2767 5632 post
2786 5561 3089 5616 intervalla
3117 5562 3386 5618 dierum?

2137 5650 2340 5708 Nonne
2369 5648 2865 5721 David,prepheta
2893 5649 3015 5718 Dei,
3031 5650 3302 5724 princeps
3324 5670 3554 5727 quoque
3586 5655 3751 5728 regni
