4092 6190
387 338 540 401 1107

381 467 636 538 Judaici,
653 467 882 542 plebem
904 466 1134 524 Domini
1167 465 1267 540 qui
1291 465 1438 522 rexit
1465 465 1730 534 herilem,

381 559 588 620 Illicito
619 559 812 630 nuptm
839 557 1032 613 subito
1065 559 1387 628 praeventus
1412 571 1628 621 amore,

385 650 512 706 Non
544 647 730 715 timet,
763 645 996 701 insidiis
1026 645 1533 701 circumveniendo
1567 641 1807 712 dolosis,

385 737 686 794 Insontem
714 733 834 789 vita
865 733 1133 788 fraudare
1161 732 1351 788 virum
1377 733 1502 788 sine
1532 749 1729 798 causa,

387 824 734 897 Complexus
757 823 943 878 charte
975 821 1132 877 licito
1164 839 1278 893 quo
1310 825 1508 893 posset
1533 819 1780 874 habere?

389 915 522 982 Sed,
553 916 886 985 postquam,
919 911 1067 965 vatis
1099 910 1444 982 perterritus
1477 907 1841 964 advenientis

385 1001 724 1069 Admonitu,
750 999 954 1071 culpas
985 998 1192 1054 didicit
1223 999 1435 1053 deﬂere
1465 995 1766 1068 gemellas,

389 1087 900 1162 Belevitlacrymis
929 1088 1102 1142 tacite
1134 1086 1395 1142 maculas
1429 1086 1542 1141 cito
1576 1084 1788 1150 cordis,

389 1177 663 1252 Suscepit
692 1193 928 1232 rursum
961 1175 1276 1248 prophetia:
1307 1191 1538 1246 quoque
1571 1175 1831 1228 domum.

392 1268 540 1336 Quid
572 1267 818 1322 referam
852 1265 1107 1328 Petrum,
1140 1264 1369 1319 Christo
1399 1267 1668 1329 testante,
1703 1263 1966 1318 beatum!

393 1357 501 1425 Qui
533 1359 686 1430 post,
709 1353 978 1426 quamvis
1005 1353 1284 1420 solvendi,
1310 1351 1644 1424 pariterque
1673 1351 1918 1424 ligandi,

393 1447 509 1503 Nec
540 1461 656 1502 non
679 1441 986 1515 stelligera:
1017 1441 1207 1497 claves
1237 1444 1539 1514 acceperat
1567 1440 1732 1510 aulae,

393 1535 501 1591 Pro
523 1533 658 1589 ﬁdei
687 1531 856 1588 recte:
889 1530 1031 1587 satis
1057 1547 1331 1602 expressa
1357 1530 1604 1596 ratione,

394 1622 769 1690 Detestando,
802 1620 988 1676 Deum
1021 1635 1150 1676 sese
1181 1635 1530 1692 cognoscere
1551 1617 1850 1674 Christum

396 1711 630 1779 Renuit,
662 1707 885 1766 ancillae
904 1723 1106 1763 vocem
1137 1708 1453 1763 metuendo
1483 1707 1770 1774 nefandae,

1188 332 1722 397 HROTSUITHIE
1767 327 2144 394 MONIALIS
2192 329 2990 392 GANDEllSHEIMENSIS

3627 331 3758 393 nos

2057 461 2114 530 Α
2143 461 2481 536 Opprobriis
2511 461 2692 536 tangi,
2727 461 3014 536 colaphis,
3045 461 3230 536 alapis
3261 477 3488 536 quoque
3517 463 3672 532 caedi,

2145 553 2442 624 Sacraque
2467 550 2689 623 pulsari
2723 551 2944 608 crebris
2974 569 3083 608 sua
3109 555 3274 625 terga
3294 551 3560 626 ﬂagellis,

2145 641 2332 711 Atque
2363 639 2554 710 sputis
2587 639 2746 694 rutili
2776 638 3030 710 speciem
3058 639 3256 694 vultus
3285 640 3586 696 maculari.

2147 729 2430 800 Cumque,
2465 733 2776 783 coronatus
2803 727 3012 800 spinis,
3046 733 3104 784 ct
3126 727 3259 784 felle
3289 733 3546 801 potatus,

2149 818 2284 884 Qum
2316 834 2480 872 sacra
2511 817 2776 888 praedixit
2801 817 3114 890 scriptura,
3135 835 3238 889 per
3262 835 3432 874 omne
3459 819 3704 890 replevit,

2151 907 2446 962 Postremo
2479 906 2662 961 sacris
2692 906 2954 978 cxpassis
2978 907 3035 962 in
3060 924 3230 962 cruce
3259 907 3496 978 palmis,

2150 996 2267 1050 Ceu
2299 998 2496 1067 pastor
2515 1013 2706 1057 verus,
2729 995 3008 1052 bonitatis
3038 997 3258 1052 honore
3282 998 3549 1064 decorus,

2152 1084 2259 1140 Pro
2291 1084 2460 1138 nobis
2489 1083 2750 1146 animam
2784 1085 3040 1140 moriens
3069 1086 3322 1156 ponebat
3340 1087 3664 1155 amandum,

2149 1175 2337 1244 Atque
2371 1171 2754 1244 sepulcralem
2787 1173 3040 1246 dignans
3071 1173 3329 1246 suscepit
3353 1175 3647 1232 honorem.

2154 1262 2320 1330 Hinc,
2355 1259 2581 1316 inferna
2610 1266 2832 1333 petens,
2865 1261 3022 1317 erebi
3055 1279 3287 1335 quoque
3315 1261 3572 1320 claustra
3614 1265 3767 1321 resol-

3631 1355 3772 1427 [vena

2156 1442 2402 1496 Mortem
2433 1439 2960 1508 destruxit,mortis
2990 1445 3332 1514 patremque
3356 1440 3580 1515 ligavit,

2156 1531 2548 1600 Tartareoque
2579 1543 2718 1584 suos
2746 1529 2922 1584 traxit
2949 1530 3022 1584 de
3049 1546 3279 1586 carcere
3300 1531 3521 1602 justos,

2154 1619 2234 1674 Ac
2265 1616 2347 1672 sic
2378 1633 2493 1672 non
2521 1633 2698 1688 parva
2727 1617 2911 1674 victor
2939 1618 3257 1674 comitante
3286 1622 3516 1675 caterva

2155 1707 2240 1762 Ad
2273 1722 2517 1778 superos
2547 1705 2741 1774 rediit,
2771 1705 3074 1778 proprium
3107 1721 3441 1779 corpusque
3471 1709 3722 1778 resumit,

396 1801 512 1857 Nec
543 1797 743 1866 semel,
777 1799 880 1853 aut
905 1794 1061 1852 binis
1081 1795 1330 1863 vicibus,
1363 1796 1463 1851 sed
1493 1795 1745 1866 denique
1773 1792 1975 1860 ternis,
2078 1835 2128 1902 Β
2157 1796 2320 1860 Quod
2352 1795 2462 1850 fuit
2483 1795 2542 1849 in
2568 1795 2742 1850 busto
2769 1795 3038 1850 clausum
3075 1797 3187 1851 sub
3220 1811 3514 1853 marmore
3541 1813 3752 1870 magno.

397 1888 553 1946 140
600 1886 716 1943 Ceu
765 1899 1069 1958 nunquam
1117 1882 1332 1953 visum,
1367 1883 1611 1939 charum
1659 1885 1834 1955 negat
1876 1885 2051 1953 atque
2078 1881 2128 1902 ”
2160 1883 2356 1941 Tertia
2385 1900 2558 1956 quem
2585 1883 2781 1939 vivum
2811 1881 2958 1938 vidit
2982 1883 3084 1938 lux
3113 1899 3287 1939 omne
3318 1901 3424 1956 per
3446 1901 3647 1958 aevum,

1587 1971 1976 2044 [magistrum.

328 2076 344 2088 ‘
400 2067 537 2132 Sed,
562 2063 701 2136 quia
721 2061 1009 2134 condigne
1039 2061 1273 2132 lapsum
1306 2059 1536 2116 deﬂevit
1566 2061 1637 2114 ab
1662 2076 1759 2114 ore

401 2155 732 2219 Peccatum,
755 2149 934 2206 venite
965 2149 1182 2204 meruit
1211 2147 1576 2204 medicamen
1610 2147 1837 2219 opimae,

403 2239 638 2298 Scilicet
667 2243 842 2310 atque
863 2237 1022 2310 gregi
1044 2238 1253 2308 jussus
1282 2253 1532 2309 praeesse
1565 2235 1740 2303 fideli,

405 2328 682 2400 Princeps
711 2325 980 2382 Ecclesiae
1002 2330 1203 2397 pastor
1222 2327 1288 2380 ﬁt
1305 2326 1440 2395 jure
1471 2329 1731 2380 sacratae.

404 2417 648 2474 Talibus
679 2432 746 2471 ac
766 2415 969 2480 tantis,
1001 2414 1132 2470 aliis
1165 2413 1487 2487 multisque
1518 2414 1724 2486 ﬁguris

403 2505 780 2573 Admonitus,
809 2503 1063 2560 similem
1090 2521 1203 2571 me,
1229 2505 1536 2575 sperabam
1564 2503 1841 2576 pietatem

403 2597 452 2651 A
481 2593 714 2651 Christo
737 2593 910 2648 citius
939 2609 1043 2664 per
1071 2595 1126 2648 te
1157 2593 1500 2664 conquirere
1528 2608 1719 2663 posse.

475 2683 581 2740 Cui
603 2681 767 2738 vultu
797 2681 1012 2738 blando
1046 2680 1276 2736 dicebat
1307 2684 1510 2736 sancta
1541 2679 1744 2749 Maria,

405 2772 660 2830 Tristem
689 2769 985 2826 melliﬂuze
1007 2769 1272 2826 refovens
1295 2769 1604 2826 dulcedine
1634 2768 1848 2842 linguaa
1883 2785 1896 2822 :

407 2860 469 2918 Si
497 2863 554 2917 te
583 2859 971 2916 commissum
1000 2859 1201 2914 turbat
1231 2857 1581 2930 facinusque
1609 2858 1952 2926 nefandum,

406 2949 698 3005 Concedet
730 2951 798 3002 ut
825 2945 1018 3002 cordis
1050 2963 1340 3002 consensu
1371 2946 1705 3002 conﬁtearis

407 3037 549 3106 Hoc,
583 3036 740 3108 quod
772 3035 1039 3092 mendaci
1071 3036 1314 3091 demens
1347 3051 1616 3091 sermone
1647 3035 1892 3109 negasti,

405 3125 625 3200 Ipsum,
660 3141 833 3198 quem
865 3123 1082 3197 peperi,
1107 3123 1294 3180 Patris
1325 3125 1539 3180 Natum
1559 3125 1680 3180 fore
1710 3126 1950 3194 summi,

407 3213 515 3282 Qui
537 3214 721 3285 judex
749 3213 950 3268 orbem
971 3211 1161 3268 veniet
1192 3229 1465 3268 renovare
1493 3229 1596 3284 per
1616 3213 1811 3285 ignem

405 3304 478 3359 Et
506 3305 641 3376 post
667 3301 790 3356 haac
819 3302 1056 3356 tandem
1091 3317 1194 3372 pro
1227 3304 1284 3356 te
1315 3318 1606 3372 praesumo
1639 3317 1862 3374 rogare.

406 3390 509 3447 Ille
539 3390 802 3462 quidem,
825 3405 1032 3444 rursus
1061 3387 1416 3460 laci'ymans,
1447 3387 1577 3443 iniit
1601 3389 1982 3446 vicedomnus
2016 3408 2029 3447 :

406 3479 451 3535 Ο
480 3477 694 3534 dilecta
724 3476 826 3532 Dei
855 3476 1109 3548 genitrix
1139 3475 1516 3532 sanctissima
1535 3476 1771 3546 Christi,

405 3569 542 3634 Quae
571 3565 702 3620 miti
733 3563 954 3620 refoves
982 3567 1224 3620 cunctos
1256 3564 1468 3637 pietate
1500 3565 1722 3634 ﬁdeles,

405 3658 528 3722 Quo
551 3657 759 3726 pacto?
789 3669 904 3726 quo
927 3653 1064 3724 jure
1095 3653 1333 3726 quidem
1366 3653 1702 3728 contingere
1730 3658 1966 3714 tandem

402 3741 718 3800 Altithroni
751 3759 962 3798 nomen
1008 3746 1302 3810 sanetum,
1333 3744 1682 3812 venerabile,
1716 3761 2021 3820 magnum,

404 3831 608 3888 Infelix
637 3847 742 3904 ego
774 3831 1013 3904 pollutis
1034 3847 1322 3904 przesumo
1343 3831 1591 3896 labellis.

403 3919 513 3988 Qui
557 3919 875 3990 Christum,
905 3919 1218 3993 baptisma,
1251 3937 1486 3976 crucem
1536 3921 1775 3992 Christi,
1819 3939 2053 3998 quoque

1783 4017 2050 4080 [matrem

393 4099 476 4154 Te
497 4101 742 4166 castam,
777 4097 1016 4170 scriptis
1045 4097 1450 4171 blasphemavi
1481 4097 1634 4154 male
1665 4099 1836 4172 pictis

391 4185 734 4258 Cunctaque
763 4185 1015 4242 caelestis
1047 4187 1142 4259 pia
1173 4193 1543 4244 sacramenta
1571 4188 1820 4246 salutis?

461 4273 564 4330 His
595 4272 885 4330 miserans
915 4273 1180 4346 querulis
1209 4273 1498 4330 inventrix
1525 4275 1884 4348 virginitatis

385 4361 592 4418 Aiebat
624 4359 858 4418 blandis
889 4361 1104 4418 iterum
1131 4361 1480 4418 clementius
1509 4364 1659 4420 orsis
1692 4381 1706 4419 :

387 4449 666 4517 Quamvis
697 4449 746 4506 si
778 4449 1055 4524 gravibus
1081 4449 1240 4506 vitiis
1271 4450 1521 4509 nimium
1553 4452 1902 4528 maculatus,

381 4539 676 4607 Attamen,
709 4543 776 4594 ut
805 4538 1032 4610 monui,
1065 4538 1382 4595 Dominum
1414 4557 1530 4596 non
1563 4546 1779 4613 'sperne
1810 4545 1997 4616 fateri,

380 4627 473 4695 Et,
505 4627 646 4700 quia
677 4627 868 4684 factus
897 4627 1095 4697 homo,
1129 4627 1314 4684 nostri
1345 4627 1717 4686 solummodo
1748 4649 1949 4700 causa,

383 4714 458 4772 Ut
487 4730 652 4787 spem
692 4716 987 4771 conversis
1015 4715 1195 4771 venite
1227 4716 1509 4788 praeberet
1537 4717 1836 4776 habendae.

453 4802 621 4858 Nunc
651 4801 854 4858 isthaec
881 4804 1146 4873 demum,
1177 4804 1418 4860 monitis
1447 4808 1704 4876 parendo
1745 4809 2032 4878 jubentis.

381 4891 527 4946 Cum
558 4890 834 4965 lacrymis
853 4891 1000 4948 tales
1033 4894 1347 4965 spargebat
1378 4894 1450 4949 ad
1481 4895 1696 4952 aethera
1725 4914 1914 4955 voces.

381 4979 547 5034 Hunc
579 4979 827 5052 supplex
861 4997 1122 5050 veneror,
1157 4981 1354 5049 laudo,
1386 4983 1761 5056 complector,
1796 4989 1996 5062 adoro,

381 5068 462 5124 Ex
493 5068 660 5125 Patre
689 5067 932 5139 ccelesti,
965 5069 1288 5139 Christum,
1321 5071 1448 5128 sine
1475 5077 1739 5146 tempore
1769 5081 1998 5148 natum,

379 5157 770 5229 Temporibus
797 5158 1013 5213 nostris
1045 5159 1296 5213 missum
1327 5161 1399 5217 de
1430 5163 1566 5217 sede
1595 5165 1878 5221 Parentis.

377 5246 526 5300 141
563 5244 638 5301 Ut
662 5246 733 5302 de
761 5249 816 5302 te
847 5251 1030 5312 casta,
1060 5263 1166 5301 nec
1198 5265 1314 5302 non
1345 5249 1416 5303 de
1447 5249 1704 5308 Flamine
1736 5260 1956 5324 sancto,

377 5333 654 5390 Indueret
683 5334 910 5408 fragilis
934 5339 1143 5390 nostrae
1173 5335 1466 5392 velamina
1495 5341 1708 5406 carnis,

374 5421 653 5494 Hancque
682 5424 866 5480 Deum
895 5441 1122 5496 verum,
1154 5442 1260 5481 nec
1291 5443 1406 5481 non
1440 5426 1734 5484 hominem
1772 5433 1890 5488 fore
1912 5433 2028 5506 ple~

1832 5523 2022 5593 (num,

370 5597 497 5654 Non
527 5599 756 5668 dubito,
785 5601 969 5656 nostri
998 5618 1176 5658 causa
1205 5603 1306 5675 qui
1336 5602 1577 5674 pertulit
1605 5622 1764 5678 ergo,

2159 1972 2558 2046 Discipulique
2580 1973 2672 2030 sui
2705 1973 2906 2028 crebro
2935 1973 3133 2028 videre
3159 1971 3339 2042 beati,

2163 2063 2361 2136 Ipsum
2391 2079 2548 2118 nunc
2577 2066 3042 2130 convescentem,
3075 2077 3232 2116 nune
3277 2077 3417 2135 ergo
3449 2061 3758 2135 loquentem

2163 2150 2286 2206 lllis
2304 2151 2374 2205 de
2403 2166 2580 2222 regno
2611 2149 2768 2204 dulci
2791 2165 3062 2205 sermone
3093 2149 3312 2204 futuro.

2163 2239 2301 2294 Post
2329 2239 2472 2307 haec,
2500 2238 2762 2293 attonitis
2791 2237 2979 2293 oculis
3010 2237 3395 2294 cernentibus
3427 2239 3594 2312 ipsis.

2166 2331 2358 2402 Ipsam
2390 2344 2566 2400 quam
2601 2326 2855 2398 sumpsit
2883 2342 3120 2382 carnem
3153 2343 3332 2397 super
3361 2331 3526 2383 astra
3562 2327 3783 2395 libravit,

2167 2419 2230 2474 In
2259 2435 2375 2490 qua
2391 2415 2684 2490 judicium
2714 2417 2908 2472 veniet
2938 2415 3232 2472 celebrare
3266 2416 3556 2485 futurum,

2167 2509 2390 2580 Proque
2417 2506 2542 2562 suis
2569 2505 2790 2562 meritis
2825 2505 3028 2561 reddet
3056 2505 3210 2562 bona
3237 2505 3326 2562 vel
3360 2505 3522 2562 mala
3567 2507 3782 2562 cunctis.

2166 2597 2296 2653 Ηωο
2327 2595 2410 2651 ita
2438 2595 2794 2660 credentem,
2815 2592 3128 2666 cordisque
3158 2594 3272 2650 fide
3303 2594 3666 2667 retinentem,

2164 2687 2352 2758 Atque
2377 2683 2464 2740 tui
2497 2685 2909 2756 deposcentem
2941 2682 3176 2740 solitam
3207 2683 3511 2756 pietatem,

2167 2774 2524 2832 Commendo
2555 2789 2672 2842 me,
2701 2773 2878 2845 Virgo
2910 2775 3012 2828 tuo
3043 2771 3426 2828 sanctissima
3452 2774 3616 2844 Nato,

2168 2865 2536 2937 Impetraque
2565 2867 2666 2918 tuo
2697 2861 2928 2917 veniam
2959 2861 3180 2917 famulo
3203 2861 3516 2919 sceleroso.

2169 2953 2300 3008 Haec
2325 2951 2424 3008 ubi
2447 2949 2742 3007 continuis
2773 2949 3008 3006 deﬂevit
3035 2949 3212 3006 verba
3240 2950 3522 3022 querelis,

2169 3043 2384 3098 Sancta
2412 3040 2512 3096 Dei
2553 3038 3172 3112 Genitrix,eademque
3218 3043 3431 3110 potens
3478 3039 3791 3097 dominatrix

2171 3131 2482 3198 leorum,
2501 3127 2694 3184 verbis
2724 3128 3109 3199 respondens,
3143 3127 3360 3200 inquit,
3391 3129 3594 3186 amicis
3625 3145 3638 3184 :

2087 3201 2133 3270 C
2173 3220 2415 3292 Pr0pter
2440 3216 2787 3290 mysterium
2819 3217 2970 3272 sacri
3001 3216 3381 3289 baptismatis
3411 3217 3648 3287 almum,

2169 3309 2240 3363 Et
2269 3309 2505 3380 propter
2533 3305 2742 3360 ducem
2773 3304 2962 3360 chara:
2988 3303 3102 3360 mis
3133 3303 3313 3376 prolis
3333 3323 3615 3375 amorem,

2169 3398 2323 3453 I42
2354 3395 2534 3466 Cujus
2565 3398 2620 3450 te
2653 3393 2836 3466 pretio
2867 3393 3042 3461 sacri,
3075 3393 3220 3462 scio,
3251 3395 3563 3469 sanguinis
3591 3394 3756 3468 amplo

2168 3487 2468 3557 Emptum,
2499 3499 2602 3554 pro
2633 3482 2854 3536 mundo
2885 3481 2985 3554 qui
3014 3481 3184 3538 fusus
3211 3487 3336 3538 erat
3364 3483 3634 3556 perituro,

2169 3573 2490 3630 Procedens
2521 3570 2703 3627 sacris
2735 3570 3010 3626 advolvor
3038 3570 3245 3627 sedula
3273 3571 3518 3643 plantis,

2164 3664 2328 3734 Ejus,
2355 3678 2531 3734 quem
2563 3659 2760 3734 genui,
2788 3655 3137 3716 cunctorum
3161 3661 3387 3731 judicis
3417 3661 3583 3735 aaqui,

2164 3753 2280 3808 Nec
2309 3767 2544 3824 parcam
2577 3749 2830 3822 preculis
2862 3749 3057 3806 studio
3088 3754 3351 3807 certante
3380 3750 3645 3824 profusis,

2162 3841 2354 3898 Donec
2384 3838 2572 3912 ipsius
2601 3838 2804 3894 mitem
2836 3854 2978 3912 cogo
3009 3837 3307 3910 pietatem.

2160 3930 2234 3987 Ut
2259 3928 2365 3985 tibi
2388 3927 2676 4002 parcendo
2707 3927 2968 3983 dimittat
2997 3931 3164 3984 tanta
3191 3927 3402 4000 piacla.

2159 4018 2262 4076 His
2291 4017 2484 4087 dictis,
2513 4017 2706 4074 subito
2738 4017 3014 4074 discessit
3039 4016 3199 4091 virgo
3226 4023 3477 4090 sacrata,

2157 4109 2319 4176 Quod
2346 4105 2660 4180 suscepisti
2691 4105 2984 4162 credentis
3017 4123 3178 4162 more
3199 4105 3441 4179 popelli,

2156 4196 2453 4268 Linquens
2483 4193 2760 4268 promissi
2793 4195 3009 4251 misero
3040 4193 3332 4250 solamina
3363 4195 3514 4252 sani.

2225 4285 2390 4341 Certe
2420 4287 2552 4356 post
2580 4283 2844 4338 triduum
2868 4300 3074 4339 rursus
3103 4282 3375 4340 veniebat
3395 4284 3466 4340 ad
3489 4281 3646 4339 illum

2153 4375 2218 4430 In
2247 4373 2398 4440 visu,
2427 4371 2608 4428 veniae
2641 4389 2860 4428 munus
2888 4388 3160 4428 reserans
3194 4376 3494 4444 reparatae,

2147 4465 2218 4520 Et
2245 4461 2411 4518 vultu
2443 4460 2570 4516 laeto
2593 4460 2959 4534 deprompsit
2977 4459 3120 4516 talia
3147 4461 3325 4518 verba
3354 4479 3369 4516 :

2065 4573 2112 4640 Β
2144 4550 2310 4607 Entis
2339 4550 2426 4604 vir
2453 4549 2700 4616 domini,
2727 4549 2917 4604 tristis
2947 4549 3326 4622 compunctio
3355 4549 3547 4606 cordis

2145 4640 2248 4694 Est
2279 4641 2519 4710 accepta
2541 4636 2655 4692 Deo
2687 4636 2960 4710 Patrique
2995 4637 3266 4709 Prolique
3290 4637 3549 4711 perenni,

2143 4729 2332 4799 Atque
2361 4730 2476 4782 tua:
2507 4725 2774 4798 lacrymze
2805 4724 3094 4782 scelerum
3124 4726 3358 4782 veniam
3389 4740 3656 4790 meruere.

2144 4815 2257 4872 Sed
2289 4831 2394 4870 nec
2423 4813 2694 4870 tartareis
2715 4814 2905 4886 pomis
2930 4831 3195 4886 unquam
3225 4814 3494 4887 capieris,

2144 4903 2204 4960 Si
2228 4907 2360 4976 post
2387 4903 2508 4958 haec
2540 4906 2802 4974 perstare
2833 4901 3004 4974 cupis
3032 4902 3158 4959 sine
3180 4904 3387 4959 fraude
3416 4901 3616 4958 ﬁdelis.

2143 4993 2272 5064 Ipse
2303 4991 2542 5064 quidem
2573 4994 2776 5046 contra
2805 5007 2942 5046 mox
2971 4991 3202 5048 dicebat
3229 5009 3398 5066 prece
3427 4990 3631 5048 blanda
3655 5005 3666 5042 :

2143 5081 2308 5137 Certe
2343 5080 2584 5134 servabo
2613 5096 2790 5134 sacra:
2820 5080 2952 5135 ﬁdei
2985 5081 3358 5150 documenta,

2143 5170 2256 5226 Nec
2291 5173 2420 5240 post
2450 5168 2570 5222 hzee
2603 5168 2758 5222 ultra
2789 5169 2942 5224 male
2976 5171 3373 5243 transgrediar
3402 5163 3717 5241 negligendo

2141 5259 2472 5330 Quidquam
2505 5257 2575 5312 de
2597 5255 2834 5326 vestris,
2869 5274 3000 5313 mea
3030 5259 3266 5326 domna,
3294 5258 3556 5332 piissime
3572 5251 3752 5326 jussis.

2137 5349 2217 5404 Te
2246 5344 2384 5419 quia
2408 5350 2540 5418 post
2568 5345 2884 5400 Dominum
2909 5347 3094 5402 solam
3128 5349 3389 5404 conferre
3415 5344 3684 5402 medelam

2135 5435 2340 5506 Spero,
2371 5451 2487 5506 quo
2519 5434 2706 5506 pomis
2735 5433 3040 5506 pabulum,
3075 5452 3189 5492 non
3221 5439 3457 5502 tartara,
3485 5431 3674 5488 mavis.

2133 5525 2244 5580 Sed
2278 5541 2394 5578 non
2427 5527 2516 5578 est
2546 5522 2786 5588 mirum,
2817 5539 2922 5595 per
2951 5528 3006 5578 te
3036 5525 3267 5595 mejam
3291 5525 3408 5582 fore
3438 5522 3669 5587 salvum,

2131 5613 2416 5684 Per-quam
2447 5612 2520 5668 de
2546 5611 2757 5668 veteris
2789 5610 2944 5668 letali
2976 5613 3224 5670 crimine
3255 5613 3480 5683 matris,
