4092 6190
344 336 503 401 nos
1083 299 1098 316 ’
1480 335 1583 396 DE
1626 329 2174 396 GONVERSIONE
2218 334 2611 401 pao'rsan.
3593 348 3748 411 mo

342 474 611 541 Omnem,
645 469 819 527 dante
849 469 985 538 Deo,
1020 468 1309 526 mundum
1358 471 1519 542 patet
1555 485 1684 525 esse
1712 466 1992 535 solutum,
2107 465 2264 525 144
2293 468 2400 526 Per
2424 488 2601 544 quam
2632 478 2852 534 naturae
2882 482 3032 553 perit
3048 484 3378 542 maledictio
3406 491 3641 555 nostris,

343 566 413 621 Et
441 562 596 635 quis,
628 564 684 616 te
715 576 963 632 poscens
994 575 1096 631 spe
1126 577 1241 614 non
1274 558 1570 631 dubiaque
1594 558 1919 631 requirens,
2103 557 2175 612 Et
2202 574 2308 630 per
2337 577 2513 632 quam
2545 568 2765 622 mundo
2794 569 2954 625 venit
2983 571 3307 632 benedictio
3339 583 3570 635 cuncto.

344 653 620 709 Desertus
651 650 864 715 fuerat,
893 646 982 704 vel
1013 647 1294 703 confusus
1318 648 1635 704 remeabat.
2102 645 2252 703 Hinc
2281 665 2506 707 memor
2533 657 2677 721 esto,
2707 656 2809 711 Dei
2841 658 3101 717 Genitrix
3130 665 3527 738 sanctissima,
3544 670 3751 738 nostri,

342 741 490 797 Hinc
518 756 646 813 ego,
679 736 1029 793 criminibus
1062 741 1153 792 sat
1187 736 1479 809 supremis
1505 735 1763 805 vitiatus,
2107 737 2213 802 Qui
2247 742 2302 792 te
2332 744 2547 809 mente,
2582 743 2714 813 fide,
2746 750 2877 801 voto
2908 748 3220 807 laudamus
3251 758 3306 809 et
3334 772 3452 823 ore,

254 876 259 883 .
347 828 698 901 Suppliciter
727 826 945 881 fontem
979 826 1183 882 devota
1214 831 1408 882 mente
1438 841 1775 898 perennem,
2109 825 2231 890 Quo
2261 826 2393 898 pius
2423 828 2548 901 ipse
2578 848 2813 905 gregem
2843 842 3044 907 pastor
3070 857 3297 898 servare
3329 844 3559 901 ﬁdelem

343 918 512 975 Alma
541 916 643 972 Dei
674 914 951 988 genitrix,
982 931 1151 970 exoro
1181 920 1294 970 tuae
1325 914 1579 986 pietatis,
2108 912 2410 985 Dignetur,
2441 919 2649 974 veteris
2681 922 2925 993 depulsa
2955 928 3159 983 fraude
3188 931 3478 990 draconis.

345 1007 421 1063 Ut
450 1006 630 1061 facias
662 1004 876 1059 chartae
908 1002 1135 1059 litteras
1166 1003 1454 1075 extemplo
1486 1003 1771 1070 nefandae,
2107 1004 2181 1057 At
2201 1020 2308 1058 nos
2335 1005 2536 1074 exiles,
2569 1008 2730 1064 nulla
2758 1013 2969 1070 virtute
3000 1023 3284 1088 potentes,

347 1095 523 1162 Queis
553 1111 647 1149 me
678 1092 954 1164 subjunxi
984 1091 1293 1147 vastatoris
1323 1091 1555 1157 ditioni,
2111 1092 2191 1146 Te
2223 1109 2455 1165 semper
2481 1097 2636 1168 regis
2662 1105 2851 1156 mater
2880 1112 3007 1159 non'
3028 1109 3184 1163 taeta
3211 1113 3508 1181 parennis,

347 1185 488 1255 Ejus
516 1184 589 1238 de
619 1182 893 1236 manibus
923 1181 1205 1236 miserum
1239 1197 1331 1236 me
1363 1197 1593 1237 sumere
1625 1196 1882 1247 rursum,
2109 1181 2188 1235 Ac
2219 1181 2289 1235 de
2319 1186 2373 1236 te
2404 1185 2667 1255 genitum
2701 1189 2914 1260 Regem
2944 1194 3377 1271 Dominumque
3406 1202 3695 1274 polorum,

350 1273 493 1329 Hinc
526 1270 785 1326 animam
810 1270 1057 1324 formido
1086 1286 1278 1325 meam
1309 1269 1449 1341 quia
1478 1270 1625 1324 forte
1656 1267 1946 1324 misellam
2110 1269 2421 1328 Et‘ferimus
2450 1275 2688 1343 crebris,
2725 1280 3158 1342 conclamantcs
3188 1267 3364 1346 simul
3396 1267 3546 1361 odis,

348 1362 500 1418 143
533 1362 819 1432 Tempore
841 1358 1049 1430 judicii
1086 1358 1271 1413 multo
1301 1356 1640 1413 discrimine
1671 1357 1821 1423 lmdi,
2112 1358 2349 1414 Peccato
2380 1366 2577 1417 noster
2606 1367 2861 1425 moriens
2891 1373 3063 1443 periit
3093 1378 3229 1447 quia
3259 1380 3457 1446 frater,

348 1451 409 1506 Si
438 1467 596 1506 nunc
626 1447 883 1521 praedoni
915 1464 1029 1502 non
1060 1451 1149 1503 est
1178 1448 1472 1503 abstracta
1503 1447 1696 1502 feroci.
2113 1447 2249 1543 Sed,
2280 1454 2591 1543 postquam
2641 1457 2832 1529 periit,
2864 1478 2968 1532 per
2996 1466 3069 1531 te,
3104 1482 3271 1522 sacra
3307 1468 3502 1543 Virgo,
3535 1473 3759 1530 revixit.

418 1547 518 1604 His
543 1547 737 1615 dictis,
771 1545 957 1601 oculis
987 1545 1201 1601 iterum
1234 1545 1512 1618 vigilabat
1542 1545 1777 1618 apertis,
2114 1537 2287 1633 “llis
2315 1539 2508 1607 dictis,
2532 1543 2795 1601 chartam
2827 1551 3205 1609 comburebat
3232 1537 3628 1633 maledictam,

347 1638 437 1705 Et,
471 1653 533 1693 se
566 1639 941 1709 prosternens
974 1633 1483 1706 precibus,crebro
1504 1650 1738 1706 quoque
1760 1634 2001 1701 deﬂens,
2114 1626 2183 1681 Et
2212 1645 2347 1683 mox
2377 1634 2723 1703 mysterium
2753 1638 2947 1695 missae
2977 1644 3200 1716 peragit
3229 1648 3510 1706 studioge_

344 1724 676 1797 Jejunando
707 1722 885 1778 trium
919 1740 1127 1779 cursus
1158 1723 1277 1795 agit
1306 1740 1443 1795 ergo
1475 1722 1703 1778 dierum
2117 1716 2233 1805 I100
2264 1717 2364 1772 ubi
2397 1722 2723 1793 complevit,
2758 1727 2908 1783 miro
2941 1730 3248 1802 splendore
3280 1737 3531 1805 refulsit,

350 1814 486 1870 Post
516 1814 638 1868 haec
666 1818 724 1869 et
754 1828 960 1868 somno
987 1811 1351 1868 consurrexit
1376 1828 1548 1867 mane
1579 1828 1833 1879 summo,
2034 1828 2084 1894 B
2115 1804 2305 1861 Ῑηεῒᾶῐ*
2335 1811 2628 1881 surgentis
2660 1812 2879 1885 thbi,
2913 1818 3089 1876 facies
3118 1822 3240 1880 νίοθ
3264 1825 3485 1895 domui;

353 1901 580 1959 Invenit
607 1901 861 1974 positam
892 1917 1072 1972 supra
1102 1917 1211 1955 sua
1239 1903 1473 1972 pectora
1501 1900 1787 1956 chartam.
2113 1895 2236 1959 0υο
2267 1897 2480 1953 mentis
2503 1900 2779 1971 Splendor
2798 1904 3021 1977 lucens,
3046 1912 3253 1968 animae
3272 1932 3505 1989 quoque
3525 1922 3761 1988 candor,

349 1993 475 2058 Qua
501 1990 628 2045 visa
656 1988 937 2045 membris
968 2005 1102 2044 mox
1129 1990 1482 2044 contremuit
1512 1988 1805 2055 resolutis,
2113 1983 2254 2054 Ejus
2284 2002 2387 2056 per
2418 1988 2622 2045 faciem
2656 1999 3082 2053 monstraretur
3110 1983 3469 2061 rutilantem.

348 2080 421 2136 Et
444 2082 639 2153 grates
668 2076 898 2133 Christo
930 2078 1123 2133 cordis
1153 2078 1430 2132 reddebat
1452 2078 1523 2133 ab
1551 2079 1688 2145 imo,
2116 2072 2270 2165 [lino
2289 2079 2489 2132 astans
2515 2080 2788 2150 populus,
2822 2084 3008 2140 nimia
3040 2089 3350 2147 formidine
3380 2098 3593 2165 tactus,

348 2171 536 2241 Atque
561 2165 808 2239 puellari
840 2167 1058 2239 pariter
1085 2166 1299 2221 Christi
1329 2166 1619 2238 genitrici.
2112 2160 2442 2221 Altlthmno
2472 2171 2666 2239 grates
2693 2172 2867 2243 οαΞΡίί
2896 2190 3166 2234 resonare
3196 2184 3487 2251 ιοηθιηΐθει

422 2264 557 2320 post
584 2264 705 2320 haec
736 2280 989 2335 namque
1020 2264 1112 2319 die
1142 2280 1310 2320 sacra
1340 2264 1585 2320 feliciter
1608 2268 1752 2332 orta,
2114 2251 2218 2306 Cui
2250 2253 2469 2325 placuit
2490 2263 2816 2317 monstrare
2846 2264 2953 2319 viri
2984 2269 3259 2326 meritum
3292 2277 3629 2335 venerandi.

358 2356 495 2421 Quae
525 2353 709 2409 trahit
739 2370 773 2408 a
800 2352 1046 2408 Domino
1077 2370 1290 2409 nomen
1320 2353 1648 2408 venerabile
1678 2370 1932 2421 summo,
2115 2342 2247 2434 IP39
2277 2342 2534 2434 quidem,
2570 2363 2803 2404 sacrum
2836 2358 3104 2425 repetens
3133 2362 3422 2434 extemplo
3468 2364 3765 2434 10081111111.

357 2444 541 2499 Intrat
568 2442 629 2497 in
661 2441 987 2510 ecclesiam,
1012 2440 1243 2514 populis
1273 2459 1342 2497 ex
1370 2458 1531 2497 more
1560 2441 1861 2515 repletam,
2116 2429 2182 2519 I_n
2214 2447 2328 2519 (1‘19
2359 2432 2609 2489 οαεῙθδίίε
2640 2437 2860 2495 donum
2893 2446 3107 2500 meruit
3132 2429 3366 2519 pietatis

360 2532 424 2587 In
459 2547 577 2603 qua
606 2534 767 2597 tunc,
804 2531 954 2586 inter
982 2546 1157 2585 sacrae
1191 2530 1475 2586 solemnia
1507 2530 1720 2599 missae,
2118 2517 2327 2609 ξηιηεὶ
2361 2519 2412 2609 vi
2444 2521 2685 2579 adversa
2714 2525 2939 2599 fragilis
2968 2532 3299 2592 valetudine
3330 2541 3543 2609 carnis,

353 2622 627 2676 Astantes
657 2619 1007 2691 evangelicis
1038 2618 1251 2691 praasul
1282 2619 1451 2674 docet
1482 2618 1653 2686 orsis,
2120 2605 2225 2697 ξω
2253 2607 2630 2681 spatiumque
2660 2613 2843 2669 trium
2876 2619 3078 2675 morbo
3110 2631 3403 2682 crescente
3431 2627 3680 2697 dierum,

357 2709 451 2775 Et,
482 2723 677 2763 coram
709 2707 938 2762 cunctis
970 2724 1199 2762 sacram
1231 2712 1559 2780 prostratus
1587 2709 1658 2764 ad
1691 2726 1873 2777 aram,
2118 2695 2438 2768 Exemptus
2468 2702 2864 2774 corruptibilis
2895 2708 2965 2763 d0
2996 2726 3224 2767 081‘001‘8
3250 2716 3466 2783 Carnis.

358 2797 637 2869 Ejusdem
661 2811 892 2867 quoque
920 2795 1212 2867 pontiﬁcis
1243 2796 1390 2852 dans
1421 2797 1622 2852 oscula
1652 2797 1888 2869 plantis,
2121 2783 2396 2857 Spiritus,
2431 2786 2739 2846 aatheream
2770 2792 3055 2864 plaudens
3088 2803 3352 2857 ascendit
3381 2805 3453 2859 ad
3484 2806 3697 2862 aulam.

362 2884 513 2940 Voce
543 2882 736 2956 palam
768 2883 925 2938 clara
952 2885 1207 2939 narravit
1236 2885 1309 2940 ab
1341 2885 1543 2941 ordine
1564 2891 1774 2941 cuncta
2120 2873 2348 2930 Auxmo
2379 2880 2592 2932 saneta?
2624 2880 2807 2939 funus
2838 2886 3203 2960 άοωίδίείίυδ
3235 2892 3447 2949 Mariae-

366 2976 502 3039 Quaa
531 2972 619 3027 vel
646 2971 961 3027 mortiferis
992 2973 1110 3044 egit
1138 2973 1328 3029 victus
1359 2974 1637 3042 suadelis,

2123 2962 2356 3019 Scilicet
2385 2967 2737 3026 exstinctum
2770 2990 3002 3046 corpus,
3034 2978 3168 3033 nisu
3200 2981 3571 3052 populorum,

356 3061 460 3117 Vel
488 3077 615 3133 qua:
646 3065 928 3133 perpetua
951 3061 1166 3115 meruit
1194 3067 1466 3134 poscente
1495 3063 1708 3134 puella.
2126 3052 2254 3124 IP30
2286 3053 2394 3110 Γίιθ
2427 3055 2549 3112 Ῑοεο
2580 3060 2910 3117 mmmam"
2937 3065 3156 3123 honore
3185 3085 3483 3140 supremo:

361 3151 487 3205 Haec
513 3149 614 3204 ubi
644 3150 967 3220 composita
996 3148 1164 3221 plene
1196 3146 1395 3205 retulit
1424 3152 1668 3219 ratione,
2041 3187 2085 3255 α
2124 3140 2336 3255 In
2368 3149 2575 3255 “actin-:3
2598 3154 2721 3204 erat
2748 3152 2997 3251 Veniam,
3031 3172 3208 3227 quam
3242 3158 3431 3215 ﬂendo
3463 3162 3721 3234 rogabat.

359 3238 635 3304 Antistes,
670 3237 805 3292 facti
836 3241 1031 3293 tactus
1062 3241 1281 3293 terrore
1310 3240 1606 3310 stupendi,
2042 3231 2085 3255 “'
2195 3231 2354 3287 Talis
2384 3240 2507 3289 erat
2533 3237 2823 3309 desperati
2856 3259 2960 3297 nec
2991 3261 3105 3299 non
3130 3245 3403 3304 scelerosi

361 3326 595 3382 Intonat
625 3325 720 3381 his
748 3326 940 3381 verbis
973 3326 1244 3383 mirantis
1270 3343 1406 3383 voce
1438 3328 1692 3400 profusis
2123 3319 2302 3389 Finis:
2339 3323 2440 3393 (Illi
2470 3325 2770 3395 Proprium
2801 3329 3007 3386 didiCit
3036 3334 3248 3390 deﬂere
3280 3341 3526 3405 reatum,

2120 3409 2192 3464 Et
2215 3426 2277 3465 se
2302 3412 2609 3484 condignis
2639 3416 2868 3473 studuit
2897 3421 3105 3492 punire
3134 3424 3427 3482 lamentis.

431 3503 636 3560 Cuncti
666 3497 987 3577 gaudéntes
1014 3504 1131 3560 huc
1151 3506 1280 3576 jam
1308 3511 1613 3579 properate
1644 3508 1866 3577 ﬁdeles,
2122 3498 2267 3553 Hinc
2297 3498 2427 3554 laus
2460 3505 2515 3555 et
2543 3502 2730 3559 virtus
2761 3506 2990 3565 Christo
3020 3530 3124 3583 per
3153 3515 3367 3570 saecula
3396 3520 3627 3586 cuncta,

360 3594 448 3661 Et,
481 3593 579 3665 pia
608 3593 761 3648 facta
783 3591 885 3648 Dei
913 3592 1219 3649 laudantes
1250 3599 1444 3650 mente
1474 3596 1653 3664 ﬁdeli,
2123 3589 2375 3643 Humani
2398 3593 2645 3645 veterem
2676 3596 2907 3664 generis
2936 3599 3038 3669 qui
3068 3604 3350 3657 straverat
3380 3603 3627 3673 hostem,

361 3681 584 3737 Credite
607 3682 734 3752 jam
766 3680 1105 3749 Dominum,
1138 3683 1375 3754 propria
1403 3684 1620 3755 pietate
1666 3685 2007 3758 benignum,
2121 3676 2273 3733 145
2309 3678 2542 3732 Plasma
2578 3697 2695 3733 suae
2722 3683 2931 3737 dextrae
2965 3686 3196 3757 rapiens
3226 3692 3518 3761 serpentis
3548 3694 3622 3748 ab
3651 3711 3770 3762 ore,

364 3770 426 3826 In
456 3769 613 3826 letho
643 3769 918 3825 delectari
950 3788 1256 3842 nunquam
1288 3771 1581 3841 scelerosi,
2126 3765 2317 3836 Ipsius
2346 3771 2403 3821 et
2433 3766 2589 3822 dulci
2620 3775 2845 3825 constet
2874 3770 2973 3826 lux
3002 3774 3157 3829 alma
3184 3778 3438 3846 parenti,

364 3859 477 3914 Sed
506 3857 642 3930 plus
680 3858 976 3914 conversis
1005 3858 1187 3914 vitam
1219 3860 1357 3915 dare
1386 3860 1531 3917 velle
1561 3862 1842 3918 futuram.
2125 3856 2259 3920 Ουω
2291 3855 2383 3927 Pie
2416 3855 2677 3911 501M118"
2710 3858 2924 3914 misero
2947 3862 3074 3931 jam
3106 3864 3373 3933 contulit,
3405 3867 3612 3922 Amen.

361 3947 485 4014 Eia,
520 3945 975 4015 dilectifratres,
1008 3947 1290 4004 intendite
1317 3949 1535 4019 cuncti,
2126 3942 2343 3998 Unicus
2371 3944 2689 4001 Altithroni
2722 3947 2964 4003 Genitus
2995 3954 3146 4006 retro
3187 3956 3452 4025 tempora
3481 3958 3710 4026 mundi,

364 4038 548 4101 Quam
569 4034 662 4106 pie
679 4039 982 4107 precantes
1003 4036 1290 4094 Dominus
1318 4037 1549 4094 tollerat
1576 4040 1767 4095 bonus
1788 4057 2012 4109 omnes,
2125 4033 2254 4098 Qui,
2287 4033 2574 4089 miserans
2596 4035 2873 4104 homini?»
2905 4039 3205 4094 descendit
3224 4042 3296 4096 ab
3328 4059 3459 4100 ἃῐόθ
3490 4045 3775 4113 Parentis.

368 4125 523 4191 Quos
554 4123 666 4179 scit
694 4125 971 4192 converti,
1005 4130 1139 4198 post
1170 4126 1360 4183 tristia
1386 4128 1541 4184 facta
1568 4128 1762 4200 piacli.
2124 4122 2195 4177 Et
2226 4123 2419 4177 carnis
2448 4139 2642 4178 veram
2675 4125 2932 4197 sumpsit
2960 4128 3032 4182 de
3063 4129 3285 4202 virgine
3314 4132 3585 4204 formam,

366 4212 506 4279 Quis
537 4229 651 4268 non
680 4212 945 4281 miretur,
978 4214 1113 4285 quis
1145 4232 1259 4270 non
1291 4217 1536 4289 supplex
1563 4223 1869 4275 veneretur
2124 4212 2383 4285 Virginis
2416 4218 2480 4267 “t
2500 4215 2733 4285 JUStum
2766 4214 2968 4286 Primin
2999 4217 3228 4275 sedaret
3258 4238 3547 4292 amarum,

369 4301 751 4357 Laudandam
783 4301 1032 4358 multam
1063 4302 1257 4360 dulcis
1286 4304 1498 4361 Christi
1529 4306 1830 4378 pietatem,
2128 4301 2435 4358 consecret
2460 4304 2737 4376 appositae
2768 4306 2938 4362 DObiS
2969 4307 3066 4379 Pia
3096 4310 3314 4366 ΓενουῙᾶ
3339 4328 3575 4381 ωθηθω,

368 4389 541 4446 Illum
571 4394 897 4462 quaerentes
926 4407 1158 4464 semper
1187 4409 1304 4463 qua
1332 4393 1597 4452 sublevat
1626 4415 1830 4456 omnes
1849 4401 1877 4455 ?
2130 4393 2243 4448 llas
2276 4392 2539 4448 faciendo
2570 4394 2750 4465 dapes
2779 4398 3156 4468 gustantibus
3187 4415 3316 4454 esse
3342 4400 3626 4458 salubres.

368 4478 477 4545 Qui
492 4480 625 4550 .jam
651 4479 999 4536 criminibus
1030 4480 1318 4537 miserans
1348 4485 1622 4554 parcebat
1649 4490 1705 4541 et
1733 4488 1934 4560 hujus,
2128 4483 2290 4549 QUOd
2318 4500 2545 4551 811111118,
2577 4488 2653 4551 et,
2687 4485 2841 4556 (ἰυοά
2870 4490 3202 4558 gustamus,
3218 4487 3620 4562 vel,quicquid
3644 4507 3775 4564 aga-

369 4567 561 4640 Ipsius
590 4566 838 4624 illustris
871 4569 1165 4641 precibus,
1199 4575 1529 4644 sanctisque
1556 4577 1838 4646 parentis,
2056 4566 2103 4630 D
2134 4573 2380 4629 Dextera
2411 4575 2452 4629 F
2456 4576 2669 4631 actoris
2692 4577 2994 4632 benedicat
3019 4582 3230 4635 cuncta
3259 4579 3549 4652 regentis!
3620 4580 3779 4654 [mus

1663 4799 2494 4904 HISTORIA

572 4954 718 5039 DE
779 4952 1605 5047 CONVERSIONE
1680 4963 2295 5092 ΒΕΒΞΕΒᾼᾘ
2349 4965 3196 5057 ADOLESCENTIS
3255 4969 3588 5062 SERVI

1869 5068 2294 5168 Proterii

1576 5215 1733 5275 per.
1776 5217 2143 5281 SANCTUM
2186 5219 2591 5281 BASILIUM.

1237 5341 1427 5420 O/I‘ert
1455 5344 1815 5409 Hrolsuitha
1847 5348 2074 5410 librum
2110 5349 2420 5431 Gerbergaz
2458 5351 2766 5414 abbalz'ssw
2793 5373 2933 5413 suae.

1901 5490 2246 5506 ———-

1255 5559 1348 5618 En
1383 5557 1497 5619 tibi
1528 5561 1863 5623 versiculos
1895 5565 2171 5645 Gerberg
2199 5567 2332 5628 fero
2376 5567 2611 5627 domna
2643 5570 2923 5631 novellos

1365 5648 1648 5727 Jungens
1679 5653 2062 5736 praescriptis
2089 5656 2375 5718 carmina
2414 5656 2800 5721 carminulis.
