4092 6190
454 337 604 400 UH

1255 333 1783 396 HltOTSUlTH/E
1826 331 2207 408 ΜΟΝΙΜΛὸ
2252 332 3053 397 GANDERSHEIMENSIS

3686 341 3810 404 illi

1308 468 1589 542 Qualiter
1618 473 1680 530 et
1711 466 1958 529 veniam
1989 465 2220 550 meruit
2261 462 2606 528 scelerosus
2633 467 2993 529 amandam.

1461 557 1878 636 Congaudens
1910 555 2182 617 modulis
2213 554 2467 618 suceino
2497 556 2844 636 dactylicis.

1361 649 1671 729 Sperncre
1702 663 1862 726 quos
1892 645 2045 718 noli,
2079 643 2322 704 nimiun
2353 663 2494 705 cum
2527 645 2656 706 sint
2684 647 2915 722 vitiosi,

1573 736 1692 798 Sed
1726 735 1918 796 lauda
1948 735 2085 795 miti
2121 738 2375 813 pectore
2407 735 2572 796 facta
2599 737 2734 797 Dei.

1941 903 2339 916 ﬂ

1561 1006 2014 1079 PREFATIO
2065 1006 2154 1076 IN
2205 1006 2701 1078 PROTERIUM
2714 1061 2730 1076 .

451 1214 560 1282 Qui
589 1213 726 1271 velit
754 1215 1087 1288 exemplum
1117 1215 1294 1270 venia:
1325 1211 1738 1285 comprendere
1764 1211 2010 1277 certum,

450 1304 567 1360 Nec
596 1320 711 1359 non
744 1303 908 1377 larga
937 1303 1039 1360 Dei
1070 1302 1306 1376 pietatis
1335 1317 1581 1356 munera
1611 1297 1833 1371 magni,

450 1392 687 1449 Pectore
715 1391 1034 1450 versiculos
1065 1391 1364 1448 submisso
1397 1389 1656 1464 perlegat
1686 1388 1852 1455 istos,

449 1470 566 1538 Nec
596 1481 864 1555 fragilem
894 1481 1025 1538 vilis
1054 1498 1256 1538 sexum
1291 1482 1528 1552 spernat
1557 1475 1844 1544 mulieris,

449 1572 586 1641 Quae
614 1570 805 1646 fragili
836 1570 1106 1628 modulos
1137 1568 1362 1627 calamo
1393 1569 1728 1626 cantaverat
1756 1565 1938 1631 istos;

2128 1209 2186 1276 Α
2215 1208 2327 1264 Sed
2361 1224 2530 1281 mage
2555 1208 2849 1266 caelestem
2881 1209 3095 1268 Christi
3124 1211 3324 1269 laudet
3353 1214 3647 1286 pietatem,

2213 1297 2318 1364 Qui
2351 1313 2466 1352 non
2498 1297 2622 1352 vult
2651 1297 2831 1371 digna
2859 1305 3164 1372 peccantes
3194 1303 3434 1374 perdere
3464 1321 3650 1376 pcena,

2213 1385 2324 1442 Sed
2355 1385 2488 1458 plus
2518 1391 2808 1458 perpetuae
2841 1405 3148 1446 conversos
3181 1391 3420 1449 reddere
3449 1394 3599 1450 vitae.

2213 1473 2486 1530 Gaudens
2515 1475 2813 1548 gaudebit,
2847 1479 3024 1550 quod,
3051 1495 3256 1535 verum
3287 1484 3463 1550 stare,
3495 1485 3764 1556 probabit,

2213 1561 2489 1635 Quisquis
2519 1569 2868 1636 praesentem
2899 1571 3300 1639 perscrutatur
3326 1571 3634 1630 rationem.

1743 1856 2565 1949 ARGUMENTUM

514 2075 668 2151 I40
697 2075 826 2130 Erat
853 2074 945 2151 vir
971 2071 1194 2151 quidam
1219 2071 1442 2151 nobilis,
1473 2069 1751 2151 Proterias
1781 2066 2020 2151 nomine,
2049 2064 2414 2151 gmsariensis
2461 2066 2698 2151 civitate,
2726 2067 2788 2151 iri
2822 2066 2950 2122 Asia
2985 2067 3204 2151 llinori,
3238 2072 3569 2151 aitissiypm.
3602 2073 3650 2130 Is
3675 2075 3822 2147 ﬁlim

440 2147 738 2216 speciosam
764 2151 816 2200 et
842 2137 1065 2199 unicam
1093 2143 1301 2207 habuit,
1333 2158 1496 2224 quam
1515 2141 1750 2194 castitati
1777 2138 2007 2192 devovit.
2042 2138 2174 2192 Erat
2203 2137 2297 2218 illi
2337 2153 2528 2191 servus
2585 2137 2870 2204 delicatus,
2901 2141 3018 2221 qui,
3069 2157 3256 2197 amore
3341 2145 3518 2200 uella:
3563 2137 3820 2220 correptus,

442 2216 658 2268 Haaum
675 2216 880 2268 adibat.
910 2231 1076 2268 suncr
1102 2214 1371 2268 connubio
1400 2213 1598 2268 puclla:
1625 2211 1932 2266 consulens.
1963 2209 2012 2263 Is
2042 2207 2319 2268 respondit
2343 2223 2400 2262 se
2432 2209 2568 2263 velle
2624 2209 2824 2268 puellae
2882 2227 3136 2266 animum
3182 2159 3432 2268 ἰηιυῇνά
3466 2225 3520 2268 et
3556 2234 3728 2268 amore
3747 2235 3820 2268 sua

442 2207 658 2287 Hagum
675 2216 880 2282 adibat,
910 2231 1076 2285 super
1102 2207 1371 2269 connubio
1399 2213 1598 2287 puclla;
1625 2211 1932 2287 consulens.
1952 2209 2012 2287 _Is
2042 2207 2320 2287 respomlit
2343 2223 2412 2287 se.
2432 2209 2568 2287 velle
2622 2209 2824 2279 puellae
2882 2207 3136 2287 opimum
3182 2214 3298 2287 imp

3353 2231 3432 2282 re,
3466 2225 3520 2272 et
3556 2234 3728 2274 amore
3747 2235 3824 2276 suo

442 2277 700 2344 insanam
754 2277 994 2352 reddere,
1027 2287 1160 2342 sise
1189 2277 1454 2358 suamque
1496 2284 1744 2358 animum
1778 2280 1995 2336 diabolo
2047 2277 2341 2358 devoveret.
2375 2277 3152 2358 Annuitiservusndaloque_
3180 2277 3546 2358 chirographo
3598 2287 3821 2357 det-moui,

438 2358 627 2432 puella
642 2360 866 2432 potitur,
899 2350 1106 2432 nuptae
1134 2350 1493 2432 celebrantur:
1517 2355 1708 2432 Postea
1735 2360 1915 2408 autem
1934 2367 2110 2432 _quqm
2137 2350 2338 2432 puella
2355 2351 2614 2432 comperit
2646 2351 2946 2432 illum_diis
2973 2350 3238 2432 militibus
3272 2350 3549 2432 devotum,
3576 2350 3823 2432 τηαινίιηοζ

444 2420 532 2486 'nii
558 2420 863 2485 divortium'
870 2420 1020 2500 petit,
1056 2429 1116 2483 in
1135 2428 1426 2502 ecclesiam
1453 2425 1619 2494 ducit,
1651 2432 1704 2481 et
1727 2441 1762 2480 a
1789 2420 1974 2480 sancto
2029 2421 2237 2477 Basilio
2290 2420 2685 2495 chirographus
2732 2439 2765 2478 a
2796 2423 3041 2480 daemone
3069 2428 3352 2498 repetitur,
3388 2430 3491 2487 ille
3667 2431 3822 2488 Chris-

449 2503 623 2560 tianae
649 2508 702 2558 et
729 2502 981 2558 Ecclesiae
1009 2501 1337 2556 restituitur.

1955 2621 2356 2636 ἡ

1197 2744 2089 2943 SEQUITUR

516 2974 824 3045 Tempore,
856 2970 1110 3030 Basilius
1139 2987 1274 3043 quo,
1304 2969 1392 3024 vir
1419 2967 1735 3024 virtutibus
1765 2964 1978 3032 almus,

447 3062 696 3119 Rexerat
721 3059 1040 3118 Ecclesium
1065 3061 1231 3132 justo
1263 3057 1662 3114 moderamine
1692 3058 1982 3120 sanetam,

445 3151 655 3210 Sedem
687 3148 928 3206 rectoris
958 3149 1200 3204 sortitus
1231 3145 1623 3208 Caesariensis.

443 3239 549 3296 Vir
577 3239 721 3294 satis
750 3236 1000 3294 illustris
1030 3236 1278 3310 degebat
1307 3235 1572 3308 partibus
1603 3232 1740 3300 illis,

443 3326 694 3384 Nomine
723 3325 1038 3394 Proterius,
1073 3341 1268 3380 comes
1298 3323 1451 3396 plebi
1481 3321 1870 3388 venerandus,

444 3415 758 3472 Nobilitate
788 3417 1020 3486 potens,
1055 3413 1266 3485 opibus
1297 3427 1491 3467 rerum
1523 3427 1755 3482 quoque
1783 3407 2030 3482 pollens.

444 3503 628 3561 Unica
658 3501 898 3559 feminei
929 3517 1105 3557 sexus
1131 3499 1324 3574 proles
1355 3499 1464 3554 fuit
1492 3497 1600 3567 illi,

443 3591 560 3649 Nec
590 3589 742 3650 alius
769 3587 1174 3646 substantiola:
1207 3588 1427 3644 mansit
1458 3585 1572 3643 sibi
1602 3601 1826 3658 magna:

442 3681 641 3749 Heres,
673 3696 852 3754 quam
885 3682 1038 3735 certe
1067 3681 1266 3735 tenero
1295 3677 1497 3734 dilexit
1526 3691 1724 3733 amore

440 3770 782 3842 Affectuque
812 3767 929 3842 pio,
963 3784 1068 3824 nec
1095 3783 1212 3823 non
1243 3767 1456 3840 pietate
1486 3769 1728 3838 paterna

441 3860 692 3932 Optans,
719 3856 854 3931 plus
885 3857 1144 3912 animam
1178 3859 1348 3922 natae,
1381 3871 1687 3927 nunquam
1721 3853 2091 3921 morituram,

441 3946 650 4011 Omni
678 3945 930 4020 gemmis
960 3945 1227 4018 perfecta:
1258 3943 1630 4016 virginitatis,

440 4039 628 4104 Quam
657 4051 871 4108 corpus
901 4051 1118 4107 pompa
1146 4032 1353 4089 mundi
1386 4031 1632 4088 mortale
1661 4033 1900 4088 caduca.

441 4123 682 4186 Curavit
706 4123 891 4180 sacris
917 4122 1107 4196 ipsam
1140 4121 1359 4178 soeidre
1389 4121 1621 4194 puellis,

442 4216 599 4282 Quae,
633 4210 990 4284 consignatae
1022 4209 1252 4266 Christo
1281 4210 1567 4266 velamine
1597 4226 1782 4278 sacro,

440 4299 701 4364 Ccnnobii
729 4298 1004 4358 claustris
1035 4299 1252 4372 pariter
1275 4303 1581 4355 servantur
1609 4298 1669 4354 in
1700 4297 1862 4354 artis.

512 4391 725 4449 Doctor
752 4390 853 4447 sed
886 4387 1196 4456 scelerum,
1229 4388 1331 4459 qui
1361 4387 1585 4460 decepit
1639 4387 2090 4460 protoplastum,

435 4479 794 4550 Detestme
821 4477 930 4537 viri
960 4481 1164 4534 votum
1196 4475 1490 4532 laudabile
1513 4475 1683 4546 justi,

439 4565 964 4642 Ipsiusproprium
993 4565 1130 4622 fecit
1161 4564 1477 4620 fervescere
1508 4580 1740 4619 servum

441 4657 507 4717 In
541 4673 722 4729 supra
751 4655 916 4713 dictae
949 4655 1252 4712 dementer
1281 4668 1479 4709 amore
1509 4652 1736 4724 puellae.

441 4746 550 4814 Qui
581 4743 757 4801 nimis
789 4743 1008 4812 infelix,
1042 4741 1287 4817 spiculis
1318 4741 1618 4816 perfossus
1645 4743 1889 4812 amoris,

442 4837 565 4902 Quo
590 4833 782 4908 magis
812 4832 1085 4901 ardescit,
1119 4836 1286 4888 tanto
1317 4831 1452 4904 plus
1482 4831 1653 4888 corde
1681 4830 1940 4890 calescit.

443 4921 760 4995 Indignum
791 4937 854 4979 se
883 4921 1156 4994 conjugio
1185 4919 1456 4977 meminit
1483 4919 1623 4993 quia
1645 4924 1830 4990 tanto,

441 5013 592 5070 147
627 5011 743 5068 Nec
771 5011 947 5066 audet
976 5011 1196 5066 nudare
1227 5025 1441 5066 novum
1473 5008 1665 5083 cordis
1694 5011 2040 5068 cruciatum.
2077 5081 2082 5085 η

442 5101 704 5158 Tandem
737 5115 995 5170 namque
1015 5115 1255 5169 magum
1278 5115 1546 5169 quaerens
1566 5098 1864 5155 invenerat
1886 5118 2094 5170 unum,

443 5191 745 5247 Secretum
777 5186 872 5244 cui
902 5186 1190 5242 mwstitize
1223 5187 1566 5242 monstravit
1596 5205 1828 5258 amaras,

444 5278 795 5335 Promittens
827 5275 912 5331 illi
941 5292 1058 5332 non
1083 5277 1242 5348 parvi
1275 5276 1428 5331 dona
1456 5273 1670 5344 lucelli,

443 5368 503 5424 Si
533 5371 796 5424 teneram
827 5364 1008 5437 prolis
1039 5368 1293 5420 mentem
1327 5363 1542 5436 proprii
1577 5365 1824 5421 senioris

440 5456 583 5528 Ejus
611 5453 806 5512 servili
830 5454 956 5524 jam
989 5452 1453 5524 conglutinassot
1483 5453 1688 5521 amori,

439 5543 547 5602 Cui
579 5561 713 5600 mox
739 5558 1047 5614 pervorsus
1081 5541 1303 5596 fraudis
1334 5540 1565 5596 dicebat
1595 5541 1842 5599 amicus.

439 5631 587 5706 Nam
619 5633 802 5686 fateor
831 5634 1004 5686 tantae
1038 5647 1153 5686 non
1185 5646 1278 5686 me
1305 5629 1654 5688 valetudinis
1687 5649 1834 5702 esse,

2202 2730 3117 2886 HISTORIA.

2126 2964 2174 3030 B
2209 2961 2284 3018 Ut
2311 2979 2473 3018 servo
2505 2963 2752 3037 proprias
2771 2965 3022 3040 jungam
3055 2969 3348 3026 consortia
3377 2970 3627 3028 domnzc.

2209 3052 2340 3119 Sed,
2373 3051 2422 3108 si
2450 3051 2556 3108 rite
2586 3070 2714 3110 meo
2746 3055 2966 3129 satagis
2995 3073 3197 3129 parere
3229 3061 3538 3132 magistro,

2209 3140 2315 3206 Qui
2347 3140 2620 3215 princeps
2649 3147 2999 3201 internarum
3031 3152 3262 3204 constat
3292 3150 3687 3220 tenebrarum,

2209 3229 2337 3302 Ipse
2366 3234 2558 3302 potest
2589 3236 2743 3288 certe
2773 3233 3064 3306 complere
3095 3238 3265 3292 tuum
3298 3237 3410 3294 cito
3441 3239 3607 3309 velle,

2207 3318 2266 3374 Si
2300 3321 2432 3390 post
2457 3317 2580 3374 haze
2610 3319 2827 3375 Christi
2859 3338 3078 3378 numen
3109 3340 3224 3379 non
3254 3324 3342 3380 vis
3372 3328 3654 3383 venerari.

2205 3406 2308 3464 Cui
2341 3407 2492 3462 male
2521 3412 2768 3465 eaeeatus
2799 3409 3106 3466 bacchanti
3138 3413 3610 3490 cordqmisellus

2206 3497 2278 3553 Sc
2308 3513 2733 3553 consensumm
2763 3499 3003 3554 monitis
3023 3501 3374 3572 promiserat
3403 3503 3558 3560 istis.

2205 3587 2371 3642 Tunc
2404 3602 2613 3659 magus
2645 3585 2754 3642 istc
2785 3604 2892 3643 suo
2939 3589 3183 3645 mandat
3229 3591 3542 3650 scribenda
3587 3594 3818 3650 ministro

2206 3674 2480 3746 Princeps
2508 3674 2740 3744 inferni,
2773 3680 3046 3748 regnator
3074 3694 3284 3752 magne
3313 3681 3615 3752 profundi,

2204 3763 2466 3819 Concede
2494 3779 2630 3836 ergo
2662 3767 2796 3820 tuos
2829 3781 3059 3837 semper
3089 3769 3310 3824 tentare
3341 3769 3659 3839 ministros,

2204 3851 2264 3908 Si
2295 3851 2524 3925 possint
2553 3850 2804 3924 aliquos,
2838 3853 3015 3910 fontis
3047 3855 3404 3928 baptismate
3432 3857 3606 3929 lotos,

2201 3941 2515 4015 Assignare
2544 3940 2671 4009 tibi,
2707 3942 3038 3999 subtractos
3063 3945 3135 4000 de
3163 3961 3336 4019 grege
3367 3947 3605 4016 Christi,

2204 4031 2299 4097 Ut,
2333 4047 2460 4102 quas
2489 4035 2546 4085 te
2575 4030 2860 4102 sequitur,
2893 4047 3131 4105 semper
3159 4050 3296 4106 pars
3326 4035 3749 4110 multiplicetur.

2207 4121 2350 4176 lline
2380 4119 2484 4175 tibi
2518 4136 2774 4192 namque
2801 4118 2992 4176 virum
3024 4121 3161 4178 misi
3189 4124 3456 4196 gaudens
3479 4126 3622 4184 satis
3648 4123 3814 4189 istum,

2203 4209 2346 4282 Ejus
2374 4207 2768 4280 propositum,
2795 4225 2930 4282 quo,
2964 4227 3100 4266 mox
3150 4212 3499 4286 complendo
3546 4220 3816 4277 secretum,

2123 4327 2166 4394 ρ
2207 4299 2415 4394 Ipsum.
2437 4296 2792 4394 discipulum
2827 4297 3008 4394 facias
3037 4297 3142 4353 tibi
3172 4299 3282 4356 rite
3312 4300 3598 4358 futurum.
3677 4299 3814 4375 (tam,

2205 4386 2484 4454 Hanc,ita
2511 4384 2914 4458 prescriptam,
2931 4385 3145 4443 misero
3175 4389 3413 4444 dederat
3441 4407 3666 4463 quoque
3684 4389 3816 4445 char-

2203 4477 2395 4549 Supra
2423 4474 2658 4548 gentilis
2687 4473 3008 4543 tumulum,
3042 4477 3152 4532 sub
3183 4481 3445 4550 tempore
3477 4479 3673 4547 noctis,

2202 4565 2397 4631 Stans,
2430 4563 2585 4618 erebi
2631 4562 2870 4618 domino
2909 4563 3176 4637 supplex,
3211 4565 3432 4636 dicens,
3467 4568 3633 4625 dabis
3659 4563 3810 4622 illam.

2204 4656 2586 4726 Quapropter,
2620 4651 2843 4708 domini
2877 4657 3027 4709 natae
3059 4653 3464 4727 complexibus
3495 4657 3578 4714 uti

2204 4741 2265 4801 Si
2295 4741 2522 4814 cupias,
2553 4739 2712 4796 licito
2744 4740 3045 4797 Christum
3077 4742 3240 4814 prius
3267 4760 3366 4800 ore
3398 4751 3624 4819 negato.

2208 4831 2371 4900 Quod
2405 4847 2540 4886 mox
2568 4833 2927 4903 praeceptum
2961 4835 3157 4888 mente
3181 4831 3542 4905 amplectens
3559 4831 3697 4891 male
3710 4846 3814 4888 sua-

3599 4921 3755 4996 [sulm

2205 5009 2479 5070 Guudcns
2509 5009 2808 5078 tendebat,
2840 5026 2957 5082 qua
2985 5026 3048 5067 se
3077 5027 3287 5086 magus
3318 5011 3402 5068 ire
3421 5012 3679 5084 jubebat,

2203 5099 2498 5157 Auxilium
2527 5097 2736 5154 veteris
2767 5097 3015 5171 supplex
3043 5101 3264 5156 orando
3291 5101 3581 5170 draconis,

2205 5188 2510 5247 interitum
2542 5187 2794 5260 praebere
2824 5187 2948 5244 suis
2979 5187 3081 5260 qui
3111 5192 3296 5244 tentet
3325 5189 3549 5246 amicis.

2200 5280 2312 5336 Nec
2345 5295 2528 5343 mora,
2561 5275 2796 5332 tartarei
2827 5276 3046 5333 cursim
3077 5293 3282 5334 venere
3313 5277 3586 5346 ministri,

2199 5369 2620 5438 Errantemquc
2653 5365 2796 5420 satis
2827 5364 2940 5421 laeti
2973 5367 3188 5422 duxere
3217 5367 3460 5440 maligni

2201 5457 2332 5512 Mox
2361 5455 2432 5510 ad
2463 5452 2774 5510 consilium
2806 5452 3040 5510 cludere
3073 5454 3577 5523 tenebricolarum,

2198 5544 2352 5602 148
2376 5543 2498 5600 Illic
2525 5543 2788 5599 inventor
2809 5542 3063 5612 sceleris,
3097 5547 3318 5600 cunctae
3340 5560 3566 5618 quoque
3597 5537 3803 5605 fraudis,

2116 5619 2170 5686 D
2197 5632 2579 5693 Damnandus
2609 5633 3078 5690 damnandarum
3109 5633 3379 5706 princeps
3411 5632 3712 5708 legionum,
