4050 6180
451 327 606 393 1115
1255 323 1789 386 ΗΠΟΤΞΠΙἹἫᾸΞ
1832 321 2050 384 MONL

2256 323 3056 389 GANDEBSHEIMENSIS
3553 365 3565 374 -
3706 327 3844 390 1116

447 463 534 520 Ad
565 477 629 519 se
657 459 959 518 tendentes
988 457 1085 532 qui
1119 455 1309 513 salvos
1333 455 1577 528 suscipit
1607 471 1830 512 omnes.
2123 455 2179 523 Α
2209 455 2284 512 Ut
2311 457 2530 530 pariter
2557 457 2808 530 preculis
2837 462 3242 532 pernoctarent
3271 457 3581 530 studiosis,

451 552 553 609 Bis
583 551 762 625 igitur
791 549 1073 606 miserum
1106 546 1346 602 monitis
1377 545 1626 600 correxit
1657 544 2009 612 homullum,
2211 547 2333 612 Quo
2363 545 2553 601 bonus
2583 551 2895 616 errantem,
2928 567 3031 620 per
3059 553 3404 606 consuetam
3433 550 3738 622 pietatem,

449 641 566 696 Nec
596 657 711 696 non
743 642 949 710 sponte
979 653 1086 691 sua
1115 635 1281 708 nigro
1311 633 1599 690 conclusit
1627 633 1687 688 in
1716 637 1912 702 antro,
2211 633 2414 689 Pastor
2443 651 2607 692 ovem
2634 637 2849 693 turmis
2882 637 3097 710 proprii
3119 638 3423 710 junxisset
3453 639 3648 695 ovilis.

450 729 574 786 Illic
605 731 670 783 ut
699 727 900 782 sordes
931 725 1088 780 licito
1118 725 1356 779 deﬁeret
1385 739 1655 779 enormes
2209 722 2384 778 Ortus
2416 740 2668 796 cumque
2701 725 2897 798 nigras
2923 727 3108 782 noctis
3138 726 3224 782 sol
3256 727 3484 798 expulit
3515 728 3775 792 umbras,
3797 766 3812 776 .

521 818 657 872 Post
685 819 804 871 tres
833 831 970 887 ergo
996 815 1121 869 dies
1151 813 1367 868 iterum
1397 813 1666 888 veniebat
1694 813 1766 866 ad
1800 810 1989 877 illum,
2209 815 2420 868 Dextra
2449 813 2710 884 praedicti
2743 831 3106 887 comprensa,
3143 815 3380 888 praesul,
3413 815 3692 882 homulli,

447 903 758 977 Inquirens
789 903 965 958 talem
998 902 1048 958 si
1079 907 1275 974 posset
1305 903 1453 957 ferre
1484 901 1741 956 laborem
1763 900 1790 955 7
2210 901 2394 955 Intrat
2425 903 2482 956 in
2514 902 2844 970 ecclesiam,
2869 921 3068 959 secum
3097 921 3335 976 quoque
3367 905 3622 959 duxerat
3654 905 3851 975 ipsum.

445 993 580 1062 Qui,
611 992 805 1048 lassus
837 991 1110 1059 nimium,
1139 989 1330 1045 verbis
1359 990 1738 1062 responderat
1770 987 1896 1043 istis
1931 1004 1942 1042 :
2281 988 2354 1042 Ut
2384 987 2559 1044 limen
2593 991 2776 1046 sacris
2809 991 2997 1064 tetigit
3026 992 3358 1047 venerabile
3389 991 3638 1064 plantis,

447 1079 656 1138 Ptnn'as
683 1080 998 1152 spirituum
1031 1079 1221 1151 patior
1250 1080 1342 1133 vix
1373 1095 1627 1149 namque
1657 1077 1981 1148 nigrorum,
2208 1077 2410 1132 Adfuit
2439 1078 2669 1134 insidiis
2700 1079 2941 1136 latitans
2969 1080 3117 1136 clam
3145 1083 3376 1136 daemon
3412 1080 3658 1147 amaris,

447 1171 540 1227 Me
571 1170 709 1242 quia
731 1169 1028 1224 continuis
1055 1171 1365 1223 attrectant
1397 1183 1648 1238 namque
1681 1165 1946 1238 ﬂagellis,
2207 1165 2573 1238 Attraxitque
2603 1166 2794 1222 virum
2829 1187 3041 1242 magna
3067 1169 3120 1223 vi
3154 1169 3414 1241 denique
3443 1185 3715 1236 sursum,

444 1261 648 1330 Atque'
665 1261 878 1329 petunt
899 1256 1117 1328 jaculis
1146 1255 1408 1327 lapidum
1442 1255 1765 1326 sepissime
1797 1253 1984 1318 duris,
2211 1254 2376 1309 Illius
2407 1259 2638 1326 arrepta
2669 1261 2895 1311 secreta
2923 1257 3120 1312 fraude
3150 1256 3419 1322 sinistra,

447 1349 697 1418 Insuper
726 1345 1057 1418 opprobriis
1088 1349 1391 1417 opponunt
1421 1361 1652 1416 semper
1683 1343 1919 1410 amaris,
2207 1343 2292 1398 Ad
2327 1359 2502 1414 quem
2535 1344 2806 1412 Basilius,
2842 1344 2974 1400 forti
3005 1345 3387 1400 mandamine
3419 1345 3670 1400 functus
3703 1361 3718 1398 :

446 1435 612 1504 Quod
647 1452 762 1490 non
796 1434 1015 1489 invitus
1047 1434 1295 1506 pridem,
1331 1433 1431 1488 sed
1461 1433 1668 1504 gratis,
1699 1431 1921 1487 adirem
2281 1431 2550 1504 Improbe
2581 1433 2692 1502 fur,
2727 1433 2903 1505 Regis
2933 1433 3218 1488 facturam
3252 1433 3432 1488 redde
3464 1433 3769 1505 perennis,

448 1523 610 1592 Illos,
641 1523 906 1596 ipsorum
941 1522 1066 1578 sine
1096 1522 1147 1578 vi
1183 1539 1275 1577 me
1305 1523 1453 1577 dans
1484 1520 1712 1576 ditioni.
2208 1521 2279 1576 Et
2309 1520 2464 1576 furto
2497 1525 2725 1593 captam
2759 1522 2950 1577 victus
2979 1522 3090 1576 cito
3121 1523 3327 1577 desere
3358 1522 3652 1593 praedam.

446 1613 614 1668 Tune
643 1611 852 1667 animas
887 1611 1150 1667 medicus
1182 1609 1636 1682 languescentis,
1671 1610 1818 1664 bene
1869 1608 2096 1673 doetus,
2207 1607 2312 1662 Cui
2345 1625 2479 1664 mox
2510 1609 2846 1664 communis
2875 1614 3224 1665 cunctorum
3259 1609 3487 1665 dixerat
3516 1609 3738 1676 hostis,

449 1701 760 1756 Lassatum
787 1699 943 1755 reﬁci
965 1699 1168 1770 jussit,
1202 1699 1522 1770 statimque
1553 1697 1811 1753 recessit.
2208 1695 2498 1752 Perversis
2527 1713 2742 1753 vacuas
2775 1697 3024 1770 implens
3055 1697 3374 1753 latratibus
3399 1715 3587 1752 auras
3611 1713 3628 1751 :

448 1789 584 1844 Post
611 1793 849 1861 tempus
880 1804 1124 1860 parvum
1155 1788 1426 1842 veniebat
1455 1787 1707 1858 denique
1729 1800 1988 1851 rursum,
2127 1822 2175 1886 Β
2207 1784 2324 1839 Cur
2353 1785 2573 1856 satagis
2624 1787 2926 1858 proprium
2987 1785 3257 1841 mihimet
3283 1787 3341 1840 vi
3373 1785 3589 1841 tollere
3621 1803 3858 1851 servum,

447 1881 724 1946 Quaerens
753 1878 1002 1933 obscuro
1038 1877 1178 1948 quid
1211 1881 1351 1932 tunc
1383 1879 1682 1948 pateretur
1712 1874 1768 1928 in
1801 1873 2015 1929 antro?
2127 1873 2174 1886 "
2209 1874 2316 1940 Qui
2351 1890 2460 1928 sua
2489 1878 2694 1945 sponte
2724 1875 2875 1930 meis
2905 1875 3182 1930 submisit
3213 1873 3367 1930 colla
3398 1875 3690 1930 catenis?

447 1965 597 2034 Quid
631 1965 777 2020 dixit
806 1983 819 2021 :
855 1966 1019 2020 Certe
1049 1965 1262 2020 melius
1291 1963 1473 2031 valeo,
1504 1964 1670 2018 Pater
1697 1963 1868 2030 alme,
2209 1963 2483 2017 Chartam
2515 1967 2797 2035 percerte,
2831 1963 3098 2033 mihimet
3129 1981 3307 2036 quam
3341 1963 3618 2018 reddidit
3647 1962 3788 2036 ipse,

449 2053 708 2128 Longius
739 2053 1050 2110 horribiles
1079 2058 1308 2108 tantum
1342 2052 1481 2123 quia
1510 2053 1700 2107 sentio
1731 2068 1918 2106 voces.
2209 2051 2494 2121 Tempore
2517 2050 2726 2122 judicii
2757 2051 2989 2106 Christo
3020 2051 3364 2107 monstrabo
3396 2050 3619 2106 futuri.

447 2143 592 2198 Hinc
619 2141 854 2214 praesul,
885 2139 1056 2196 lzetus
1085 2145 1302 2196 secreto
1335 2144 1564 2211 pectore
1594 2141 1802 2208 factus,
2281 2138 2382 2194 Cui
2415 2143 2656 2194 sanctus
2685 2157 2923 2195 rursum
2957 2141 3236 2196 reddebat
3266 2139 3381 2196 tale
3416 2157 3805 2212 responsum,

447 2229 776 2303 Egreditur,
802 2231 972 2301 juxta
1002 2246 1225 2285 morem
1257 2229 1519 2284 faciendo
1551 2227 1826 2300 priorem.
2210 2229 2402 2300 Ipsius
2430 2227 2646 2284 Christi
2679 2233 2988 2302 praecepto,
3015 2229 3235 2302 judicis
3266 2229 3441 2302 aequi,

448 2319 708 2376 Tandem
728 2322 860 2391 post
884 2318 1141 2390 spatium
1163 2318 1402 2373 veniens
1433 2317 1826 2389 quadraginta
1845 2316 2094 2383 dierum,
2209 2317 2470 2372 Reddere
2499 2316 2810 2385 litterulas,
2840 2335 3031 2390 spero,
3062 2321 3118 2374 te
3149 2319 3424 2391 protinus
3455 2319 3658 2390 ipsas.

363 2454 372 2462 .
450 2406 513 2462 In
543 2405 708 2479 queis
739 2410 1047 2478 peccatum
1077 2405 1280 2478 lapsus
1305 2405 1536 2462 deﬂevit
1567 2422 1854 2472 amarum,
2210 2406 2312 2461 llis
2341 2405 2519 2478 igitur
2547 2405 2742 2474 dictis,
2775 2407 2964 2462 oravit
2994 2407 3168 2462 turba
3198 2407 3389 2463 fidelis

448 2493 672 2549 Invenit
700 2493 922 2560 laetum,
950 2511 1126 2566 quem
1156 2494 1430 2549 credebat
1460 2494 1579 2550 fore
1608 2497 1906 2548 mmstum.
2205 2493 2605 2550 Altithronum
2637 2493 2913 2566 preculis,
2947 2495 3147 2550 devoto
3178 2501 3412 2566 pectore
3445 2495 3638 2562 fusis,

445 2583 536 2650 Et,
570 2598 705 2638 eum
735 2581 996 2638 laetitiam
1029 2582 1342 2638 miraretur
1369 2582 1481 2637 sibi
1513 2581 1772 2648 charam,
2209 2582 2418 2638 Fidum
2445 2586 2738 2654 pastorem
2772 2601 2889 2656 quo
2919 2584 3270 2640 confortaret
3302 2584 3361 2638 in
3394 2583 3676 2640 hostem.

447 2671 738 2739 Peccator,
772 2669 1050 2744 laerymis
1071 2671 1195 2742 jam
1231 2672 1552 2727 mundatus
1581 2671 1727 2726 bene
1756 2669 1937 2742 largis
2208 2670 2324 2725 Nec
2355 2687 2538 2740 mora,
2571 2672 2644 2727 de
2675 2689 2908 2728 summo
2938 2671 3146 2728 cecidit
3175 2671 3473 2744 scriptura
3505 2672 3748 2728 dolosa.

446 2759 519 2815 Ut
550 2763 744 2816 certus
773 2759 976 2826 venias,
1003 2764 1204 2815 sancto
1236 2759 1484 2827 dicebat,
1515 2759 1780 2814 amanda:
1814 2776 1828 2814 :
2206 2758 2361 2815 158
2391 2760 2538 2815 Ante
2570 2761 2748 2832 pedes
2779 2759 2969 2816 sancti
3001 2777 3104 2816 nec
3135 2777 3251 2816 non
3301 2762 3578 2834 pastoris
3627 2751 3880 2816 amandi.

449 2847 604 2905 I52
631 2849 811 2921 Spero
840 2847 1098 2920 quidem,
1132 2865 1233 2919 per
1257 2853 1314 2904 te
1337 2865 1430 2902 me
1461 2847 1693 2912 salvari,
1727 2847 1894 2902 Pater
1921 2845 2094 2915 alme,
2278 2849 2443 2902 Tunc
2459 2847 2823 2919 plebs,corde
2841 2849 2939 2920 pio
2959 2850 3223 2920 gaudens
3236 2866 3371 2904 cum
3385 2851 3660 2922 praesule
3683 2850 3863 2922 digno,

449 2935 512 2990 In
543 2935 768 2991 somnis
798 2935 940 3008 quia
968 2939 1025 2991 te
1046 2935 1162 2990 vidi
1195 2935 1490 2991 luctamen
1522 2935 1672 2990 inire
2207 2935 2438 3008 Sparsit
2457 2937 2722 3009 adusque
2739 2937 2940 3010 polum
2961 2955 3129 2993 voces
3150 2955 3285 2994 eum
3308 2939 3592 2994 carmine
3612 2938 3863 3005 laudum,

447 3023 554 3079 Pro
583 3041 677 3080 me
707 3041 842 3080 cum
875 3041 1024 3080 saevo
1055 3041 1162 3080 nec
1189 3041 1303 3080 non
1335 3027 1601 3096 serpente
1633 3021 1918 3095 maligno,
2205 3023 2556 3080 Collaudans
2587 3024 2905 3093 Christum,
2938 3025 3110 3080 solita
3139 3026 3352 3098 pietate
3377 3027 3750 3100 benignum,

449 3116 633 3178 Quem
664 3117 727 3168 tu
753 3113 946 3168 vicisti
979 3113 1175 3168 subito
1206 3113 1420 3168 virtute
1451 3129 1726 3184 superna.
2207 3112 2314 3179 Qui
2347 3116 2585 3185 captum
2616 3113 2830 3169 veteris
2860 3114 3103 3170 retraxit
3132 3116 3204 3170 ab
3235 3132 3333 3170 ore
3365 3113 3594 3171 leonis.

513 3201 768 3256 Auribus
799 3200 1038 3256 intentis
1069 3205 1134 3255 ut
1163 3201 1348 3256 sensit
1377 3202 1554 3256 verba
1583 3199 1878 3272 loquentis
2124 3185 2168 3251 C
2203 3201 2321 3256 Nos
2342 3217 2574 3273 quoque
2591 3201 3322 3275 plaudentes,spargamus
3339 3203 3414 3258 ad
3435 3203 3676 3260 aethera
3694 3219 3864 3267 voces,

441 3289 724 3358 Antistes,
752 3287 988 3344 laudem
1018 3289 1234 3345 Christi
1265 3289 1474 3345 cecinit
1504 3289 1726 3361 pietati,
2203 3290 2536 3346 Laudantcs
2565 3290 2880 3346 Dominum
2913 3291 3126 3346 ridenti
3155 3296 3392 3364 pectore
3423 3292 3769 3360 Christum,

443 3376 816 3450 Extraxitque
845 3376 972 3432 loco
998 3377 1210 3448 captivi
1243 3379 1506 3432 membra
1531 3376 1766 3448 nigello,
2201 3382 2326 3446 Quo
2355 3378 2524 3434 nobis
2551 3378 2729 3434 talem
2760 3379 3018 3436 clemens
3049 3380 3226 3435 venite
3256 3381 3488 3436 tribuat
3523 3399 3725 3455 spem.

443 3465 515 3520 Et
542 3463 670 3519 loca
698 3465 758 3518 in
790 3463 1025 3536 propria
1056 3464 1246 3520 noctis
1279 3466 1388 3520 sub
1421 3469 1678 3536 tempore
1711 3463 1875 3532 cella,
2201 3466 2316 3538 Ipsi
2347 3483 2602 3540 namque
2633 3468 2812 3524 decus
2839 3467 2972 3536 soli,
3004 3469 3266 3538 victoria,
3296 3469 3522 3540 virtus,

445 3553 580 3619 Qua:
611 3551 720 3607 fuit
743 3551 999 3608 ecclesia:
1030 3551 1195 3608 lateri
1226 3554 1537 3624 conjuncta
1570 3556 1828 3621 sacratas,
2202 3556 2468 3611 Laudum
2498 3560 2807 3614 cantamen
2853 3564 3208 3632 maneatque
3257 3560 3636 3632 perenniter.
3670 3561 3860 3616 Amen.

445 3639 570 3696 Illic
600 3643 658 3696 et
681 3639 910 3713 plebem
929 3641 1113 3712 jussit
1141 3641 1294 3697 coire
1319 3641 1573 3708 ﬁdelem,

445 3825 3866 3853 Ἢ

685 4211 1279 4304 PASSIONIS
1343 4213 1756 4306 SANCTI
1822 4213 2348 4306 DIONYSII
2418 4219 2894 4310 EGREGII
2963 4221 3614 4320 MARTYRIS.

1936 4446 2336 4462 ψ

1829 4577 2467 4652 ARGUMENTUM.

512 4773 828 4862 Iliam/sius,
1221 4775 1606 4862 philosophas,
1640 4778 1917 4862 Afggptios
1945 4789 2110 4862 vates,
2143 4784 2384 4862 scientiis
2414 4789 2702 4862 esti-oram
2757 4785 2958 4862 gratia,
2985 4785 3144 4854 adiit,
3172 4804 3219 4862 a_
3233 4787 3440 4859 quibus
3498 4806 3634 4862 eum
3665 4789 3862 4846 edoctus

441 4847 993 4974 gzgt,utie£e$mqae
1017 4849 1152 4976 stolis
1180 4847 1302 4904 sine
1321 4849 1473 4906 tum?
1503 4847 1914 4922 interpositione
1941 4851 2077 4908 hora
2097 4847 2376 4926 passionis
2405 4857 2709 4911 Dominicw
2739 4847 3087 4924 observasset,
3121 4847 3371 4914 ᾉιιιὲηαε
3414 4859 3667 4930 rediens,
3701 4863 3864 4934 ignoto

559 4959 576 4983 ,
839 4936 945 4975 nus
973 4937 1032 4976 αι
1060 4962 1073 4987 ,

1882 5045 1896 5060 .
1929 5046 1941 5060 .
1982 5050 1994 5063 .
2028 5013 2092 5064 Et
2119 5013 2303 5065 dedita
2331 5015 2492 5066 sacris

1255 5089 1424 5151 Ignoti
1451 5089 1639 5140 Judaea
1665 5091 1776 5140 Dei.
1811 5127 1824 5140 .
1863 5125 1878 5140 .

441 5183 606 5250 aram_
632 5168 774 5250 inter
799 5169 1100 5250 simulacra
1118 5169 1529 5250 ΑιΙιρξηέθηδὶιρηι
1558 5173 1747 5226 erevit.
1785 5176 1975 5250 Quam
2003 5191 2128 5228 cum
2155 5177 2426 5250 apostolus
2455 5175 2662 5250 Paulus
2718 5175 2960 5245 vidisset,
2991 5185 3374 5250 auctoremque
3425 5179 3711 5238 dedicatae
3761 5195 3867 5235 at:

445 5240 780 5321 inquisisset,
815 5241 1163 5321 Dionysinni,
1196 5241 1264 5312 ph
1275 5241 1596 5321 ilosopltun},
1626 5240 1910 5321 eompérit,
1945 5262 2108 5321 quem
2127 5240 2202 5302 ad
2226 5247 2388 5318 ﬁdem
2418 5249 2694 5321 convertit,
2719 5255 2771 5321 et_
2800 5249 2862 5303 in
2887 5240 3176 5320 praesulem
3220 5240 3621 5308 Atheniensem
3650 5252 3865 5309 ordino

444 5311 541 5392 vit:
576 5312 710 5382 Qui,
743 5311 1000 5392 dumnper
1028 5311 1296 5368 visio-Mm
1335 5311 1480 5392 apud
1539 5311 1906 5392 Polycarpam
1953 5311 2340 5392 presbyterum
2397 5311 2777 5392 animatus—ad,
2800 5311 3132 5392 martyrium
3158 5322 3377 5392 ﬁxisset,
3414 5323 3485 5378 ad
3517 5325 3864 5390 manentem,

444 5382 834 5471 pri’rnvrnypost
861 5385 1084 5471 Petra-nt
1107 5400 1330 5471 papam,
1363 5382 1584 5471 Romm
1613 5382 1988 5471 venititqub
2015 5382 2146 5471 cuni
2170 5391 2489 5471 legationem
2528 5390 2830 5471 Evangelii
2872 5382 3218 5471 prfectiranlii
3274 5382 3484 5471 gratia,
3527 5396 3610 5450 ad

444 5458 496 5507 et
520 5453 767 5509 Parisios
793 5453 1163 5538 accepisset,’a
1181 5453 1466 5538 ;Sisinnio_,
1493 5457 1729 5538 pra’sfde
1759 5453 2086 5538 Caliiarum,
2117 5453 2350 5538 tempore
2382 5453 2715 5527 Domitiani,"
2733 5453 3047 5538 eum'soeiis
3074 5453 3348 5538 martyFio
3384 5453 3724 5532 coronatur,
3749 5467 3863 5538 afﬁ—

445 5538 654 5596 caxque
679 5540 800 5581 sua:
826 5527 1131 5581 sanctitatis
1159 5526 1536 5586 documentum
1567 5529 1808 5602 reliquit,
1841 5531 1993 5601 dum,
2023 5549 2044 5588 ε

445 5607 543 5668 per
570 5593 705 5652 duas
736 5596 914 5652 lcucas
941 5599 1192 5666 portavit.

2264 5534 2438 5601 textis,
2469 5539 2692 5588 truncus
2721 5541 2881 5606 caput
2907 5533 2977 5588 ad
3007 5526 3334 5591 destinatum
3366 5553 3428 5592 se
3451 5538 3677 5596 ultum:
