4050 6180
177 314 313 377 1117

1087 323 1191 387 DE
1233 323 1612 389 PASSIONE
1655 326 1718 387 S.
1766 321 2118 391 DIONYSII
2164 325 2603 394 MARTYRIS.

3409 343 3566 405 1118

1299 523 1743 617 INCIPIT
1811 518 2404 616 HISTORIA.

240 722 373 779 Cum
405 723 584 779 factor
613 740 878 795 summae,
915 726 1118 782 mediae
1140 729 1384 784 rationis
1415 733 1472 784 et
1502 730 1654 800 imae,

175 812 237 868 In
266 830 424 868 cruce
454 813 807 886 supplicium
841 817 1045 871 mortis
1077 822 1376 888 pateretur
1404 836 1693 888 amarum,

176 902 371 957 Orbem
403 906 701 983 nocturna:
732 904 1172 960 circnmduxere
1196 908 1464 974 tenebrm,

176 992 316 1048 154
346 993 414 1047 Et
439 990 549 1058 sol,
585 992 849 1063 deposito
883 994 1027 1048 radii
1061 994 1374 1065 splendore
1408 996 1620 1064 sereni,

174 1080 475 1152 Exsequias
506 1080 739 1135 Domini
771 1081 1025 1136 celebrat
1054 1082 1439 1139 famulamine
1471 1084 1683 1139 Christi

176 1172 291 1236 Quo
315 1186 442 1224 mox
471 1169 802 1242 astrologus
832 1170 976 1226 visio
1004 1171 1317 1244 Dionysius
1347 1173 1560 1242 almus,

175 1259 279 1326 Qui
307 1263 441 1314 tunc
471 1258 866 1330 Memphiticis
897 1264 1082 1315 artem
1115 1261 1380 1318 discebat
1409 1263 1469 1318 in
1497 1263 1638 1331 oris,

175 1350 302 1415 Qum
330 1349 494 1404 docet
522 1351 815 1403 astrorum
848 1352 1064 1418 motus,
1100 1349 1241 1406 solis
1267 1368 1500 1424 quoque
1539 1369 1800 1420 cursum,

176 1436 498 1509 Obstupuit,
533 1435 698 1492 libris
729 1437 1016 1509 cmpitque
1048 1439 1344 1511 requirere
1373 1440 1562 1511 lectis,

173 1525 231 1583 Si
262 1528 391 1581 tunc
413 1523 682 1596 ecclipsis
712 1530 911 1597 posset
940 1526 1262 1583 consistere
1292 1529 1453 1585 solis.

173 1616 274 1671 Ast
300 1613 394 1671 ubi
423 1631 537 1670 non
567 1613 769 1669 solitas
800 1615 984 1670 sensit
1015 1617 1205 1689 magis
1236 1633 1364 1673 esse
1395 1619 1684 1687 tenebras,

173 1703 549 1776 Descripsisse
579 1704 733 1759 diem
766 1704 1012 1776 dignum
1043 1706 1293 1761 ducebat
1320 1711 1377 1762 et
1406 1724 1648 1777 annum,

168 1793 290 1849 Non
316 1792 588 1848 dubitans
616 1792 909 1865 designari
941 1793 1082 1867 quid
1113 1795 1260 1851 forte
1290 1796 1586 1867 stupendi,

162 1883 318 1950 Quod
347 1886 479 1955 post
508 1881 855 1954 mysterium
889 1882 1248 1938 declarasset
1281 1884 1677 1952 tenebrarum,

160 1973 540 2045 Conjeetaque
570 1972 755 2027 Deum
787 1970 974 2044 signis
1004 1972 1364 2029 testantibus
1392 1973 1638 2040 almum,

160 2064 444 2119 Hactenus
474 2062 764 2134 ignotum,
798 2062 1019 2117 mundo
1050 2078 1184 2116 mox
1215 2078 1343 2117 esse
1374 2062 1764 2134 probandum.

160 2155 268 2209 Ast
292 2151 385 2207 ubi
418 2152 489 2206 de
518 2149 657 2205 rivis
691 2148 940 2222 praefatae
972 2148 1210 2205 debrius
1240 2150 1404 2218 artis,

160 2241 412 2297 Athenas
439 2237 623 2311 petiit,
657 2239 853 2294 sedem
884 2238 1255 2310 patriamque
1286 2239 1506 2307 revisit,

158 2334 314 2386 Inter
341 2328 657 2385 stultorum
688 2326 1007 2383 simulacra
1036 2328 1280 2400 profana
1310 2328 1575 2395 deorum,

158 2418 321 2474 Culte
349 2419 746 2473 constructam
781 2416 917 2488 poni
949 2420 1300 2488 praeceperat
1329 2433 1513 2485 aram,

159 2509 315 2563 Ilane
344 2505 529 2579 ipsam
562 2503 750 2559 titulis
782 2504 1099 2560 decernens
1131 2521 1386 2577 congrue
1416 2505 1610 2577 pictis,

162 2593 345 2669 Ignoti
371 2594 481 2649 sub
514 2593 736 2649 honore
766 2592 867 2647 Dei
899 2594 1108 2648 debere
1139 2593 1378 2649 sacrari.

155 2688 338 2752 Quam
365 2683 566 2738 doctor
595 2680 810 2737 Paulus
841 2697 975 2736 cum
1008 2681 1422 2753 conspexisset,
1456 2682 1692 2754 opimis,

158 2771 270 2839 Qui
299 2771 374 2826 sit
402 2770 453 2827 is
484 2770 741 2843 ignotus,
769 2769 962 2825 verbis
993 2770 1282 2842 rogitabat
1313 2770 1538 2827 amicis.

154 2859 326 2917 Urbis
358 2858 451 2914 cui
480 2859 711 2931 primus
732 2858 1047 2931 Dionysius
1074 2857 1200 2930 ipse
1235 2859 1443 2915 beatus

151 2947 433 3020 Exposuit
457 2963 717 3014 causam,
752 2964 852 3019 pro
885 2965 1002 3019 qua
1031 2952 1438 3004 construxerat
1469 2966 1653 3019 aram,

146 3039 224 3094 Et
257 3036 358 3104 sic,
391 3034 635 3092 alternis
667 3036 1029 3091 certantibus
1060 3052 1166 3108 ego
1195 3036 1465 3108 loquelis,

144 3125 257 3193 Qui
290 3124 397 3180 fuit
427 3122 787 3191 incredulus,
822 3123 957 3179 ﬁdei
988 3123 1165 3179 cessit
1196 3124 1342 3180 bene
1371 3125 1581 3181 victus.

220 3214 358 3269 Post
382 3213 504 3268 haec
535 3229 830 3285 egressus,
865 3228 1014 3267 ceneo
1045 3213 1148 3268 dat
1173 3213 1402 3268 lumina
1435 3214 1667 3284 Paulus,

145 3305 335 3370 Quem
363 3317 675 3374 properare
707 3317 883 3373 quem
914 3301 1092 3357 citius
1123 3302 1398 3374 przecepit
1423 3302 1483 3357 in
1514 3304 1740 3360 urbem.

144 3392 313 3446 Hunc
339 3390 608 3444 functum
643 3405 889 3444 cernens
919 3388 1234 3460 praedictus
1254 3389 1477 3447 lumine
1498 3392 1791 3464 princeps,

137 3481 215 3536 Et
240 3479 483 3535 credens
513 3476 706 3550 signo,
739 3477 935 3533 divino
968 3478 1211 3534 numine
1243 3480 1414 3548 facto,

141 3567 411 3624 Festinat
438 3565 634 3622 subito
666 3565 918 3638 cupidus
948 3582 1082 3621 cum
1115 3568 1363 3639 conjuge
1394 3568 1572 3623 chara

138 3659 389 3731 Pergere
418 3672 534 3728 quo
566 3653 815 3710 Paulum
848 3659 1198 3728 cognoverat
1228 3671 1357 3712 esse
1387 3656 1647 3727 beatum,

135 3745 337 3819 Ipsius
367 3743 555 3799 multa
576 3744 732 3816 juris
763 3744 1082 3799 comitante
1112 3746 1364 3811 caterva,

131 3834 249 3902 Qui
281 3833 503 3906 pariter
532 3832 766 3888 fuerant
796 3848 962 3888 sacro
991 3832 1347 3904 baptismate
1377 3833 1567 3901 tincti,

130 3924 388 3980 Prorsus
418 3921 613 3978 delicti
644 3922 1007 3977 mundantur
1037 3922 1207 3977 sorde
1236 3923 1476 3989 veterni,

123 4014 227 4079 Et,
256 4010 362 4084 qui
394 4011 513 4067 dux
542 3997 731 4084 plebis
762 4011 952 4065 fuerat
982 4009 1299 4065 simulacra
1328 4010 1590 4067 colentis.

199 4099 427 4156 Praesul
457 4099 745 4155 catholico
778 4099 1140 4172 praeponitur
1168 4116 1305 4172 ergo
1336 4099 1590 4172 popello.

117 4189 285 4248 155
318 4189 422 4244 Hic
452 4187 668 4261 praesul
700 4189 911 4255 factus,
944 4187 1093 4243 mira
1124 4186 1384 4244 bonitate
1414 4190 1680 4259 decorus,

112 4277 390 4337 Sedulus
417 4277 680 4334 ofﬁcium
709 4278 859 4334 bene
888 4276 1202 4349 complevit
1230 4276 1345 4333 sibi
1367 4278 1670 4348 junctum,

104 4368 421 4423 Absentes
451 4364 710 4438 scriptis,
746 4369 1066 4438 prasentes
1093 4365 1348 4437 denique
1378 4366 1571 4435 dictis,

105 4457 206 4512 Ad
238 4470 396 4511 verae
427 4454 654 4510 cultum
685 4453 822 4510 ﬁdei
853 4454 1119 4510 ducendo
1151 4455 1537 4526 sequendum.

104 4544 296 4611 Nam,
323 4545 627 4617 quondam
658 4558 928 4616 pergens,
951 4558 1150 4598 semen
1169 4543 1328 4599 verbi
1359 4559 1591 4616 quoque
1625 4561 1788 4617 spar-

1662 4650 1766 4690 ens

104 4635 378 4706 Hospes,
398 4634 527 4704 jam
556 4636 829 4705 vergente
856 4633 973 4700 die,
1005 4633 1190 4687 fertur
1217 4633 1454 4704 petiisse
1599 4633 1786 4705 |gens,

99 4723 422 4779 Sanctum
448 4721 853 4794 presbyterum
884 4721 1490 4789 Cretensem,nomine
1511 4721 1785 4796 Carpum,

104 4635 378 4706 Hospes,
398 4634 527 4704 jam
556 4636 829 4705 vergente
856 4631 973 4700 die,
1005 4632 1190 4687 fertur
1217 4631 1454 4704 petiisse

1834 2108 1882 2173 B

1829 729 1880 795 Α
1913 727 2055 798 Ejus
2082 730 2447 803 perciperent
2474 732 2639 788 mitis
2672 752 2893 791 munus
2927 738 3181 809 pietatis.
3221 753 3241 763 ‘

1912 817 2346 892 Admonuitque
2380 824 2584 877 crebro
2620 820 2769 877 nulli
2804 825 3015 884 debere
3047 836 3245 907 negari

1914 907 2089 977 Spem
2120 911 2319 977 venim,
2352 912 2665 985 proprium
2698 912 2872 968 vellet
2903 917 2952 971 si
2988 922 3123 979 tlere
3156 929 3405 983 reatum.

1914 995 2048 1087 Sed,
2083 998 2183 1069 qui
2210 998 2459 1054 tristitim
2493 999 2763 1067 studuit,
2797 1012 2995 1076 spreta
3028 1012 3262 1087 pietate,

1913 1084 1954 1137 E
1985 1091 2189 1141 contra
2220 1088 2513 1154 frendens,
2555 1088 2882 1163 cordisque
2914 1098 3109 1157 furore
3139 1084 3474 1180 tabescens,

1910 1174 2199 1246 Apposuit
2230 1176 2460 1231 miseris
2483 1174 2669 1229 duris
2706 1180 3057 1245 maledicere
3088 1194 3299 1267 verbis,

1914 1263 2272 1333 Protestans,
2305 1264 2435 1320 illos
2468 1265 2704 1319 neutra
2740 1270 2953 1346 dignos
2987 1279 3105 1337 fore
3135 1284 3274 1353 vita,

1913 1352 2021 1418 Qui
2051 1354 2264 1409 vixisse
2294 1354 2408 1409 Deo
2441 1362 2995 1431 praesumpsissent
3026 1370 3152 1428 sine
3182 1352 3336 1432 vero.

1914 1440 2032 1533 liae
2066 1446 2186 1497 tam
2215 1442 2485 1533 tristiﬁcis
2517 1440 2786 1505 tandem
2820 1455 3042 1513 ratione
3074 1468 3327 1533 peracta,

1913 1528 2105 1620 lidente
2132 1531 2277 1586 satis
2306 1531 2458 1588 tristi
2489 1538 2811 1602 componit
2840 1528 3107 1602 membra
3140 1528 3340 1620 quieti.

1912 1617 2029 1707 I‘lec
2060 1634 2245 1689 mora,
2278 1622 2680 1689 monstratur,
2717 1627 2884 1685 cellis
2915 1633 3044 1687 coeli
3076 1617 3405 1707 patefactis,

1910 1705 2096 1775 Visio,
2129 1725 2255 1780 quae
2285 1710 2501 1766 ﬂuctus
2535 1709 2726 1768 animi
2758 1724 3121 1790 compescuit
3147 1725 3296 1795 ejus.

1914 1794 2168 1885 Scilicet,
2201 1796 2603 1855 Altithronum
2637 1803 2789 1860 miro
2820 1808 3134 1878 splendore
3168 1794 3505 1885 coruscum,

1912 1883 2171 1952 Viderat,
2206 1886 2486 1959 angelicis
2517 1893 2754 1961 septum
2787 1895 3044 1951 residere
3074 1899 3385 1968 ministris,

1913 1973 1994 2028 De
2025 1971 2284 2046 caeloque
2313 1993 2521 2048 rogum
2555 1979 2770 2049 raptim
2804 1984 3158 2042 descendere
3189 2004 3498 2061 magnum,

1913 2061 2030 2116 Ceu
2058 2062 2205 2117 t'oret
2234 2064 2488 2121 emissus
2520 2066 2808 2123 scelerum
2840 2070 3050 2127 vindex
3080 2074 3436 2146 aliquorum.

1911 2149 1976 2204 In
2010 2153 2195 2205 terras
2226 2151 2411 2208 oculis
2443 2171 2682 2210 rursum
2715 2155 3025 2215 lustrando
3056 2163 3306 2230 reflexis,

1910 2236 2277 2292 Horrendum
2300 2239 2653 2309 barathrum
2689 2245 2992 2316 conspexit
3018 2245 3181 2302 hiare
3213 2248 3515 2321 deorsum,

1908 2325 2214 2396 Anguibus
2243 2326 2551 2398 impletum
2578 2330 2753 2384 variis
2785 2333 3089 2404 pmnisque
3123 2335 3422 2405 refectum,

1910 2413 2065 2468 156
2097 2415 2286 2485 Supra
2315 2417 2471 2486 quod
2504 2417 2702 2472 miseri
2736 2418 2955 2491 plantis
2986 2421 3358 2493 lapsantibus
3391 2425 3476 2481 illi

1911 2502 2218 2557 Haarebant
2246 2520 2403 2575 ergo,
2438 2505 2643 2560 ﬂentes
2675 2506 2734 2560 in
2767 2507 2961 2564 littore
2990 2527 3246 2575 summo,

1908 2590 2141 2663 Egressi
2176 2608 2406 2663 quoque
2436 2598 2757 2664 serpentes,
2783 2595 2913 2651 illos
2947 2597 3295 2666 cruciantes,

1909 2680 2207 2752 Cogebant
2237 2697 2436 2735 secum
2469 2681 2814 2738 barathrum
2846 2690 3150 2757 penetrare
3170 2688 3553 2757 profundum.

1909 2770 2033 2833 Quo
2062 2767 2207 2836 viso,
2237 2769 2480 2840 Carpus,
2514 2771 2737 2841 majore
2767 2773 2961 2829 furore
2994 2773 3276 2845 repletus,

1908 2856 2094 2912 Deﬁet
2115 2857 2271 2928 quod
2304 2857 2507 2911 miseri
2538 2875 2654 2913 non
2687 2864 2884 2915 essent
2914 2861 3280 2934 praecipitati,

1906 2944 2176 3017 Voceque
2206 2946 2454 3001 confusa
2484 2951 2751 3018 repetens
2774 2967 3011 3006 rursum
3045 2950 3377 3020 maledicta,

1908 3034 2070 3100 Quod
2102 3033 2300 3089 divina
2330 3051 2478 3103 reos,
2513 3040 2640 3091 orat
2671 3054 2824 3107 mox,
2860 3039 3003 3094 ultio
3036 3040 3260 3112 predat.

1907 3122 2162 3190 Dixerat,
2197 3126 2254 3176 et
2282 3123 2446 3189 Jesu,
2481 3123 2654 3179 solita
2684 3125 2902 3197 pietate
2932 3128 3197 3201 benigus,

1906 3212 1987 3267 De
2021 3227 2253 3265 summo
2287 3211 2415 3266 cmli
2450 3212 2594 3267 solio
2624 3220 2934 3287 promqtus
2966 3217 3251 3285 misereri,

1908 3299 2059 3368 Inﬁt,
2096 3316 2212 3354 non
2246 3300 2448 3355 mitem
2481 3301 2663 3374 Carpe
2690 3307 2990 3361 causando
3021 3304 3280 3361 dolorem
3315 3324 3326 3361 :

1906 3388 2167 3456 Percute,
2204 3387 2251 3442 si
2286 3389 2478 3460 possis
2505 3396 2705 3446 contra
2735 3409 2850 3461 me,
2874 3394 3056 3466 Carpe
3089 3393 3340 3463 rebellis,

1826 3473 1871 3540 C
1909 3476 2016 3543 Qui
2048 3476 2216 3549 cupis
2246 3476 2550 3533 interitum
2578 3480 2846 3537 sitienter
2876 3484 3082 3540 adesse
3113 3500 3365 3538 reorum.

1900 3566 2009 3632 En,
2038 3581 2143 3637 ego
2173 3582 2306 3620 cum
2341 3567 2469 3621 omli
2502 3572 2691 3623 rector
2724 3571 3048 3643 mortisque
3082 3577 3434 3644 peremptor,

1902 3655 2170 3708 Humana
2200 3671 2406 3708 rursus
2436 3672 2539 3725 pro
2566 3661 2738 3727 gente
2770 3660 2891 3729 pati
2924 3661 3017 3730 pie
3049 3664 3382 3731 promptus,

1901 3741 1960 3798 Si
1994 3758 2108 3797 non
2142 3740 2353 3797 salvari
2386 3747 2632 3814 possunt
2666 3744 2837 3801 aliter
2867 3747 3138 3802 scelerosi

1901 3830 2010 3897 Qui
2040 3833 2171 3902 post
2201 3832 2585 3887 commissum
2619 3833 2857 3890 discunt
2889 3836 3100 3891 deflere
3133 3840 3380 3891 reatum.

1900 3916 2016 3975 Nec
2053 3919 2174 3975 leve
2204 3921 2350 3976 duco
2384 3937 2525 3976 mea:
2557 3922 2770 3977 dextra:
2794 3924 2922 3994 jam
2954 3923 3184 3996 plasma
3214 3926 3424 3996 perire,

1900 4010 2063 4075 Quod
2095 4008 2409 4081 pulchrum
2442 4010 2574 4078 feci,
2606 4012 2763 4081 quod
2791 4017 3130 4084 corruptum
3159 4013 3443 4087 reparavi,

1899 4097 2061 4171 Elige
2084 4116 2243 4154 nunc
2275 4098 2507 4154 dulcem
2537 4098 2625 4155 vel
2659 4101 2933 4156 scctando
2965 4102 3266 4174 pietatem,

1901 4186 1965 4243 In
1997 4186 2140 4243 coelo
2173 4204 2405 4243 mecum
2437 4204 2668 4259 semper
2699 4205 2942 4261 regnare
2973 4207 3076 4262 per
3105 4208 3314 4261 zevum,

1896 4274 2020 4344 Vel,
2053 4292 2158 4348 per
2189 4276 2470 4332 saevitiam
2502 4276 2639 4331 dirae
2674 4278 2887 4334 mentis
2920 4279 3073 4335 male
3106 4280 3333 4349 duram,

1899 4365 2197 4438 Supplicio
2229 4365 2491 4420 barathri
2521 4365 2673 4421 tradi
2707 4366 2834 4423 sine
2864 4370 2979 4424 ﬁne
3010 4370 3316 4442 profundi.‘

1899 4452 2000 4509 llis
2033 4453 2284 4509 nimium
2310 4455 2515 4525 justus
2538 4456 2783 4513 monitis
2812 4457 2901 4513 vir
2927 4458 3388 4525 mansuefactus,

1898 4542 2244 4616 Exemplum
2278 4542 2504 4598 cunctis
2536 4543 2834 4601 imitandae
2866 4548 2933 4600 ﬁt
2960 4546 3214 4618 pietatis.

1898 4631 2036 4686 Post
2063 4631 2208 4699 haec,
2240 4648 2612 4687 summorum
2643 4633 2799 4689 fama
2830 4633 3023 4690 clarus
3056 4635 3421 4705 meritorum,

1898 4718 2135 4788 Prassul,
2171 4718 2465 4792 disposuit
2498 4722 2743 4777 Romam
2775 4723 3017 4794 petiisse
3048 4724 3387 4795 superbam,

96 4810 227 4879 Qui
263 4809 431 4885 male
459 4809 705 4866 tristitia
730 4810 1197 4865 conturbabatur
1226 4826 1446 4879 amara,

90 4902 233 4957 Nec
268 4916 397 4955 non
428 4898 564 4972 plus
592 4898 752 4955 licito
784 4914 1069 4954 succensa
1097 4898 1316 4954 ferbuit
1346 4898 1452 4967 ira,

85 4988 387 5056 Quidam
419 4987 661 5062 gentilis
692 4988 833 5059 quia
862 4986 1151 5059 perversis
1183 4987 1440 5043 suadelis

82 5076 279 5135 Fecit
311 5076 729 5132 Christicolam
764 5077 897 5132 ﬁdei
932 5093 1095 5132 sacra
1127 5094 1400 5148 spernere
1442 5077 1780 5148 quemdam.

78 5169 282 5223 Hunc
314 5169 381 5221 et
412 5167 819 5239 presbyterum
851 5164 1061 5237 praesul
1094 5164 1280 5219 sensit
1313 5166 1431 5221 fore
1481 5169 1778 5234 mmstum,

70 5257 380 5313 Causam
413 5255 669 5310 tristitia:
700 5254 892 5310 verbis
924 5254 1222 5326 quaerebat
1251 5254 1479 5321 amicis,

68 5346 190 5412 Et,
226 5342 482 5400 tristem
515 5344 757 5400 monitis
788 5343 1005 5400 blande
1037 5340 1347 5398 mulcendo
1378 5341 1672 5415 benignis,

65 5434 423 5501 Suaserat,
457 5437 524 5488 ut
553 5432 798 5488 nimiam
831 5430 1023 5488 cordis
1053 5431 1367 5503 deponeret
1394 5431 1562 5499 iram,

64 5522 159 5578 Et
202 5536 326 5593 pro
354 5520 718 5577 damnandis
747 5523 1015 5576 exoraret
1045 5518 1371 5589 scelerosis,

64 5611 253 5678 Quo,
296 5609 426 5665 cito
456 5609 719 5667 conversi
746 5608 1095 5681 Christoque
1124 5607 1504 5677 reconciliati,

1818 4840 1866 4906 Β
1897 4807 2118 4881 Optans
2146 4825 2282 4864 cum
2315 4809 2478 4865 Petro
2513 4810 2689 4865 Paulo
2720 4811 3053 4883 pariterque
3082 4812 3385 4885 magistro,

1895 4898 2142 4954 Nomine
2172 4915 2275 4971 pro
2306 4898 2520 4955 Christi
2552 4916 2613 4954 se
2645 4916 2778 4955 mox
2807 4900 3145 4972 impendere
3178 4900 3371 4956 morti.

1894 4985 2157 5042 Palmam
2189 4986 2453 5065 martyrii
2486 4987 2587 5042 sed
2620 4994 3005 5059 sumpserunt
3032 4988 3195 5061 prius
3227 4989 3311 5044 illi

1893 5079 2078 5142 Quam
2106 5080 2305 5148 portas
2334 5076 2528 5131 Romae
2558 5077 2798 5133 veniens
2828 5078 3143 5133 intraverat
3172 5079 3184 5132 i
3195 5097 3316 5149 pse,

1892 5165 2347 5237 Discipulusque
2379 5165 2554 5232 Petri,
2582 5166 2869 5231 Clemens,
2904 5167 3251 5222 venerabilis
3282 5168 3430 5233 orbi,

1892 5255 2062 5311 Sedis
2094 5253 2424 5326 apostolica:
2456 5254 2689 5309 culmen
2720 5257 2862 5311 rexit
2892 5256 3037 5312 satis
3071 5260 3223 5328 apte.

1890 5344 1998 5410 Qui
2030 5361 2166 5398 nam
2198 5342 2530 5415 pontiﬁcem
2565 5343 2657 5415 pie
2689 5345 2949 5416 suscepit
2977 5345 3327 5412 venientem,

1889 5432 2061 5488 Illum
2094 5432 2380 5504 condigne
2404 5450 2755 5504 summoque
2786 5433 3012 5489 colebat
3042 5450 3274 5501 amore;

1887 5522 2148 5593 Denique
2180 5525 2311 5593 post
2341 5521 2597 5592 spatium
2630 5522 2860 5577 decursi
2895 5522 3171 5594 temporis
3204 5520 3490 5594 amplum,

1888 5610 2036 5667 I57
2073 5613 2194 5676 Quo
2226 5609 2375 5664 servi
2408 5610 2640 5666 Domini
2668 5614 3144 5669 commanscrunt
3164 5608 3497 5681 venerandi,
