4050 6180
555 319 710 388 M19
1358 291 1894 382 HROTSUITH/E
1937 319 2312 384 MONIALIS
2359 323 3150 392 GANDERSHEIMENSIS
3745 341 3852 403 “20

551 465 698 524 Cum
721 460 848 532 jam
881 457 1134 515 cmlestis
1167 455 1352 528 pietas
1373 454 1688 512 mitissima
1711 455 1885 529 Regis

550 558 793 614 Eternae
813 553 962 610 lucis
993 549 1153 606 radio
1181 546 1462 603 voluisset
1491 546 1684 619 epimo

547 649 821 704 Errornm
851 643 1122 700 tenebras
1149 643 1408 695 veterum
1441 637 1767 693 discindere
1795 636 2013 708 nigras,

547 738 720 805 Queis
752 741 890 791 tunc
919 733 1173 789 occidua:
1204 733 1398 802 partes
1429 731 1660 785 fuerant
1690 728 1842 784 male
1873 729 2097 795 cinctae,

546 827 720 899 Papa,
753 823 910 896 prior
932 821 1192 878 monitus
1222 818 1416 874 divino
1449 817 1730 885 Flumine,
1765 823 2024 886 sanctus,

543 914 805 971 Pontiﬁci
837 913 1028 970 verbis
1059 911 1239 984 digno
1268 909 1553 965 suadebat
1583 909 1788 964 amicis

541 1006 780 1062 Semina
808 1003 987 1059 divini
1022 1019 1124 1073 per
1149 1005 1350 1072 gentes
1381 1017 1653 1072 spargere
1683 999 1863 1054 verbi.

539 1097 646 1164 En,
680 1095 782 1162 ait,
815 1113 848 1150 ο
877 1093 1048 1148 miles
1073 1091 1313 1157 Christi,
1341 1091 1516 1146 frater
1548 1089 1806 1161 Dionysi,

541 1185 756 1258 Magna
783 1200 950 1254 seges
979 1180 1210 1237 Domini
1245 1179 1454 1235 crescit
1483 1196 1586 1250 per
1613 1179 1850 1234 climata
1883 1178 2111 1247 mundi,

539 1273 810 1329 Przebens
839 1272 1180 1326 innumeras
1208 1273 1448 1324 maturae
1483 1268 1694 1324 messis
1724 1267 1959 1335 aristas,

538 1363 832 1418 Instantes
861 1359 1040 1417 messi
1071 1360 1172 1415 sed
1203 1361 1474 1414 constant
1503 1356 1717 1429 oppido
1749 1357 1942 1428 pauci.

537 1451 680 1508 [line
712 1455 796 1519 tn,
830 1466 1129 1506 sacrorum
1160 1446 1398 1503 bibulus
1430 1446 1532 1518 qui
1565 1446 1722 1502 fonte
1753 1445 2035 1501 librorum

533 1541 843 1606 Constans,
879 1538 1061 1594 divini
1093 1537 1310 1592 sciolus
1340 1551 1519 1608 quam
1551 1533 1804 1589 maxime
1835 1533 2052 1602 cultus,

531 1628 808 1702 Exemplo
839 1627 1022 1694 Pauli,
1058 1643 1300 1682 securus
1331 1640 1526 1696 perge,
1554 1623 1820 1695 magistri

531 1719 782 1792 Imperio
813 1715 1060 1791 p0pulos
1089 1714 1302 1771 Christi
1335 1714 1693 1784 subjungere
1720 1711 1958 1767 multos.

527 1811 598 1866 Et
621 1808 730 1865 tibi
755 1809 926 1863 credo
957 1807 1302 1878 potestatem
1327 1802 1568 1859 ditionis
1587 1803 1854 1858 eamdem

526 1901 714 1966 Quam
743 1897 1043 1953 Christum
1076 1895 1241 1950 Petro
1271 1893 1496 1950 scimus
1524 1891 1837 1946 tradidisse
1868 1890 2172 1964 magistro,

525 1989 616 2053 Et,
647 2003 829 2060 quam
851 1983 1084 2054 suscepi
1117 1998 1423 2038 successor
1442 1982 1578 2051 jure
1609 1979 1899 2051 magistri.

525 2077 847 2133 Conversos
871 2073 966 2144 pie
998 2071 1279 2135 solvendi,
1313 2073 1628 2140 sontesque
1657 2067 1900 2140 ligandi.

522 2166 734 2238 Accipe
762 2179 920 2218 nunc
950 2160 1171 2222 Gallos,
1200 2159 1308 2214 tibi
1339 2175 1432 2214 me
1463 2159 1745 2224 tradente,
1781 2158 2094 2227 docendos,

523 2253 930 2324 Doctrinzeque
959 2250 1045 2306 tui
1067 2249 1332 2319 signetur
1362 2246 1551 2302 Gallia
1583 2247 1736 2313 forti,

523 2347 646 2411 Quo
674 2341 763 2398 vir
791 2338 1147 2413 apostolicus
1179 2337 1358 2408 digna
1387 2335 1696 2392 celebreris
1729 2335 1988 2394 alumna.

521 2433 639 2489 Nec
667 2445 900 2487 vereare
933 2427 1170 2500 quidem
1201 2431 1406 2498 gentes
1434 2425 1653 2480 intrare
1682 2423 1947 2493 rebelles,

521 2524 657 2588 Quae
689 2521 914 2575 restant
939 2533 1096 2580 vero,
1129 2515 1466 2570 frendentes
1497 2529 1658 2569 more
1688 2513 1894 2581 ferino,

519 2611 653 2679 Sed,
689 2609 790 2666 tibi
821 2605 1108 2662 mercedis
1137 2608 1390 2670 tantum,
1427 2603 1674 2670 confide,
1709 2603 2000 2675 perennis,

517 2702 583 2756 In
615 2697 803 2754 Patris
835 2695 1122 2767 astrigera
1151 2692 1370 2749 summi
1403 2691 1686 2747 servarier
1711 2691 1865 2758 aula,

516 2791 815 2856 Quantum
847 2801 952 2857 pro
982 2783 1213 2839 Christo
1243 2781 1447 2837 tuleris
1479 2780 1708 2852 patiedo
1741 2779 1978 2836 doloris.

515 2873 616 2930 His
646 2891 808 2947 papa:
838 2871 1072 2928 blandis
1100 2869 1311 2942 praesul
1339 2869 1598 2924 monitus
1627 2867 1905 2935 suadelis,

515 2963 782 3020 Occidnze
816 2963 963 3016 fines
993 2959 1177 3032 partis
1208 2959 1457 3014 festinus
1489 2958 1689 3023 adivit,

511 3051 798 3106 Mcenibns
827 3054 1002 3122 atque
1033 3047 1217 3103 Patris
1247 3063 1516 3120 gressum
1544 3063 1677 3102 mox
1707 3046 1906 3102 intulit
1934 3049 2116 3116 urbis,

512 3141 578 3196 In
609 3157 726 3212 qua
755 3139 958 3194 crebro
989 3137 1098 3193 loci
1131 3153 1234 3208 pro
1264 3134 1564 3191 fertilitate
1595 3135 1809 3202 decori,

511 3227 809 3285 Gallorum
838 3241 1107 3298 proceres
1137 3228 1493 3279 concurrunt
1521 3223 1735 3295 saepius
1765 3240 1989 3280 omnes.

510 3316 612 3373 Hic
641 3315 742 3372 ubi
773 3313 954 3371 divini
985 3313 1158 3384 ccepit
1188 3328 1356 3367 sacra
1386 3311 1613 3366 semina
1639 3311 1801 3365 verbi

509 3405 812 3476 Spargere,
845 3402 1149 3472 signorum
1184 3417 1318 3454 mox
1347 3414 1612 3454 exercere
1643 3414 1745 3470 per
1773 3397 1940 3454 illum

507 3491 778 3548 Christus
807 3489 1051 3543 virtutes
1082 3487 1434 3560 dignebatur
1462 3485 1554 3558 pie
1584 3485 1802 3558 plures,

505 3579 662 3636 158
693 3580 815 3646 Quo
846 3579 1008 3632 tanto
1030 3573 1216 3646 plebis
1247 3573 1584 3630 mollescere
1606 3576 1782 3630 corda
1812 3575 2045 3632 rebellis

502 3668 589 3724 Ad
620 3667 850 3723 veniam
882 3669 1144 3738 possent,
1177 3667 1398 3736 quanto
1429 3663 1632 3718 crebro
1663 3663 1835 3736 signa
1863 3663 2144 3723 viderent.

501 3757 607 3812 Ast
637 3755 736 3811 ubi
767 3753 1060 3810 credentis
1092 3769 1376 3808 numerus
1408 3751 1610 3823 populi
1642 3753 1832 3824 magis
1863 3757 2092 3822 auctus,

502 3843 832 3918 lnspirante
863 3843 990 3900 dies
1021 3841 1248 3897 Christo
1283 3840 1562 3896 crevisset
1587 3841 1647 3895 in
1680 3858 1904 3910 omnes,

501 3933 810 3989 Infremuit
841 3948 1018 4004 super
1045 3931 1155 3985 hoc
1184 3929 1397 3985 veteris
1427 3929 1588 3985 fraus
1619 3946 1770 3984 sazva
1799 3931 2090 4002 draconis,

499 4021 833 4094 Dedignans
862 4019 1093 4074 animas
1123 4035 1251 4074 sese
1269 4019 1394 4089 jam
1431 4018 1670 4090 perdere
1701 4023 1916 4089 tantas,

499 4113 656 4176 Quas
685 4109 852 4180 prius
881 4124 1146 4162 errorum
1175 4106 1405 4179 laqueis
1435 4105 1701 4178 capiebat
1731 4107 1970 4177 amaris,

499 4196 645 4252 llinc
674 4199 840 4268 pater
867 4195 992 4266 ipse
1021 4195 1160 4263 doli,
1192 4195 1431 4251 sceleris
1460 4196 1777 4267 doctorque
1803 4195 2066 4270 maligni,

499 4284 774 4341 Provocat
801 4283 1090 4354 injustnm
1121 4299 1318 4356 regem
1349 4299 1504 4354 mox,
1538 4283 1960 4354 Domitianum,

495 4371 860 4431 Christicolis
887 4371 1077 4428 edicta
1105 4371 1266 4428 necis
1296 4371 1516 4428 dictare
1545 4373 1772 4429 ferocis.

495 4462 866 4530 Qui,decreta
891 4477 996 4534 per
1013 4477 1188 4518 omne
1212 4476 1388 4516 suum
1419 4461 1659 4517 mittens
1680 4461 1837 4519 mala
1869 4479 2136 4538 regnum,

495 4548 706 4606 Christi
739 4549 992 4606 cultores
1025 4549 1200 4604 morti
1226 4549 1560 4605 damnarier
1588 4567 1813 4607 omnes.

407 4623 423 4632 δ
495 4638 675 4710 Cujus
706 4641 991 4712 praecepto
1021 4637 1318 4694 Sisinnins
1341 4653 1476 4710 ergo
1507 4639 1778 4708 nefando,

495 4727 733 4797 Praeses,
765 4744 1116 4783 consensum
1148 4727 1412 4799 praebens
1435 4729 1722 4800 extemplo
1753 4730 2099 4804 malignum,

496 4815 834 4872 Pontificem
865 4815 1202 4888 praesentari
1233 4816 1518 4885 vinctum,
1543 4815 1732 4888 jubet,
1767 4819 1876 4888 illi,

493 4905 677 4969 Quem
708 4905 802 4960 fox
833 4903 1134 4962 Gallarum
1163 4903 1432 4977 cognovit
1455 4905 1566 4962 rite
1591 4909 1962 4980 magistrum,

489 4995 571 5049 Ac
601 4993 858 5066 primum
891 4994 1089 5067 ﬂagris
1121 4997 1441 5050 mactatum
1473 4995 1726 5068 denique
1758 4998 1942 5066 duris,

491 5083 607 5138 Nec
638 5100 752 5137 non
783 5081 1090 5155 suppliciis
1120 5083 1394 5138 affectum
1423 5085 1624 5140 crebro
1656 5087 1935 5155 cruentis,

490 5172 750 5226 Carceris
775 5172 832 5226 in
866 5173 1136 5226 tenebras
1161 5173 1344 5243 jussit
1372 5173 1708 5229 conclndier
1736 5181 1918 5243 atras,

492 5259 684 5331 Ipsius
715 5260 1148 5332 condiscipulos
1178 5261 1398 5333 pariter
1423 5279 1652 5334 quoque
1684 5264 1878 5332 binos,

489 5351 645 5415 Quos
678 5367 978 5422 nunquam
1011 5350 1188 5406 charo
1214 5365 1347 5406 sors
1378 5356 1543 5424 coget
1573 5352 1778 5408 abesse
1828 5355 2130 5428 magistro.

487 5436 601 5492 Sed
632 5455 738 5493 nec
767 5439 1049 5494 carcereis
1079 5439 1289 5510 praesul
1322 5441 1634 5512 praeclarus
1671 5441 1730 5496 in
1762 5443 1946 5498 antris

488 5523 714 5580 Desinit
743 5527 1090 5598 obsequium
1122 5528 1367 5583 Domino
1401 5531 1724 5601 persolvere
1753 5532 2024 5605 dignum,

490 5610 603 5666 Sed
634 5612 832 5668 docuit
861 5614 1116 5686 plenam,
1151 5619 1411 5676 studiose
1443 5621 1902 5692 convenientem,

2221 455 2277 524 Α
2303 460 2382 515 Ac
2411 459 2666 516 celebrat
2695 479 2872 518 sacrm
2903 462 3072 521 solito
3101 463 3388 523 solemnia
3411 466 3610 526 missas.

2301 551 2425 619 Ast,
2460 549 2562 606 ubi
2593 550 2887 607 caelestem
2914 554 3164 609 debebat
3193 555 3460 630 frangere
3488 575 3694 630 panem,

2303 639 2426 693 Lux
2457 656 2603 696 nova
2634 641 2904 696 tristiﬁco
2935 643 3130 698 subito
3161 643 3422 716 fulgebat
3453 646 3507 700 in
3537 652 3700 718 antro,

2302 729 2366 783 In
2398 746 2516 800 qua
2546 730 2782 786 sidereae
2817 731 3112 803 Regnator
3139 732 3486 806 splendidus
3515 736 3645 792 aula

2299 817 2553 886 Scilicet,
2588 819 2854 892 angelica
2883 821 3100 893 pariter
3119 823 3436 878 comitante
3466 830 3700 894 caterva;

2295 909 2617 980 Apparens,
2652 909 2894 963 charum
2925 909 3340 966 consolabatur
3367 911 3671 982 alumnum,

2297 999 2629 1068 Sanctaquc
2659 998 2808 1052 dans
2837 997 2943 1066 illi,
2979 997 3274 1054 mulcebat
3303 1000 3518 1056 famine
3544 1001 3636 1057 tali
3663 1019 3677 1058 ε

2293 1087 2524 1158 Accipe,
2555 1085 2727 1142 chare
2758 1104 2948 1155 meus,
2981 1087 3096 1143 mis
3116 1089 3244 1160 jam
3273 1090 3596 1147 venerabile
3623 1109 3804 1166 corpus,

2293 1176 2474 1246 Cujus
2506 1176 2851 1248 mysterium
2885 1176 2990 1232 tibi
3022 1193 3154 1232 mox
3185 1177 3490 1250 complebo
3519 1186 3778 1241 secretum.

2292 1265 2560 1337 Namque
2593 1265 2674 1320 tui
2709 1281 2933 1321 merces
2965 1283 3194 1321 mecum
3226 1272 3428 1322 manet
3457 1269 3664 1340 optima
3687 1289 3852 1345 pel-pes,

2295 1354 2510 1426 Bisque
2543 1353 2702 1410 salus
2740 1371 2977 1410 summa
3007 1355 3192 1411 Patris
3223 1359 3535 1428 praestatur
3558 1357 3612 1412 in
3638 1359 3764 1428 aula,

2289 1443 2632 1500 Consentire
2663 1443 2780 1500 tuis
2811 1443 2912 1516 qui
2945 1444 3088 1499 dant
3117 1460 3356 1516 operam
3387 1445 3480 1518 pie
3508 1446 3689 1517 iussis,

2289 1531 2444 1588 I59
2476 1532 2641 1586 Certa
2670 1534 3006 1588 constanter
3034 1548 3318 1605 servaque
3351 1534 3523 1588 fidem
3553 1535 3806 1606 patienter,

2289 1622 2412 1688 Quo
2437 1625 2704 1676 crescant
2733 1618 2981 1676 celebris
3010 1620 3112 1675 tibi
3136 1621 3262 1693 jam
3296 1623 3583 1694 praeconia
3606 1624 3782 1696 laudis,

2285 1710 2374 1777 Et,
2410 1710 2801 1782 quodcunque
2826 1709 3009 1765 sacris
3033 1727 3068 1765 a
3095 1727 3188 1766 me
3217 1711 3496 1782 precibus
3525 1715 3780 1786 rogitabis,

2203 1828 2252 1894 B
2288 1800 2608 1870 [mpetrare
2641 1798 2750 1854 mei
2783 1797 3002 1870 poteris
3032 1799 3182 1855 dono
3213 1799 3480 1872 pietatis.

2283 1887 2410 1943 Tali
2444 1887 2675 1942 laetatus
2707 1887 2876 1942 fortis
2907 1886 3212 1956 solamine,
3245 1889 3443 1958 testis,

2283 1976 2456 2032 Nulla
2485 1977 2656 2032 timet
2687 1980 2980 2032 tormenta
3009 1976 3128 2048 pati
3159 1994 3264 2049 pro
3297 1979 3540 2035 nomine
3568 1980 3766 2039 Christi.

2282 2067 2419 2122 Post
2446 2067 2570 2122 hzec
2595 2065 2873 2120 abstracti
2905 2069 3084 2122 testes
3114 2067 3185 2122 de
3210 2083 3446 2125 carcere
3473 2070 3638 2138 terni,

2281 2157 2572 2226 Prazcepto
2600 2172 2732 2210 mox
2762 2155 3018 2226 praefecti
3050 2160 3292 2227 cogente
3322 2159 3585 2230 superbi,

2276 2247 2363 2300 An
2395 2243 2607 2300 vellent
2635 2243 2821 2310 duris,
2857 2243 3206 2316 rogitantnr,
3239 2246 3480 2302 credere
3509 2249 3723 2319 pomis?

2277 2333 2386 2402 Qui
2420 2334 2566 2389 bene
2597 2333 2936 2401 concordes,
2967 2331 3124 2388 clara
3153 2349 3390 2407 quoque
3421 2353 3556 2392 voce
3584 2337 3806 2406 fatentes,

2277 2424 2505 2478 Patrem
2539 2438 2674 2477 cum
2699 2421 2873 2488 Nato,
2907 2437 3013 2476 nec
3042 2438 3155 2477 non
3188 2439 3323 2478 cum
3357 2423 3620 2483 Flaminc
3646 2444 3796 2494 sacro,

2275 2513 2416 2568 Esse
2440 2512 2630 2567 Deum
2661 2527 2883 2578 verum,
2919 2509 3230 2583 solumque
3260 2514 3596 2584 perenniter
3622 2532 3791 2584 unum,

2273 2602 2610 2667 Testantur,
2636 2616 2772 2654 mox
2801 2599 2976 2654 malle
3005 2600 3154 2655 mori
3185 2617 3289 2672 pro
3320 2603 3566 2660 nomine
3593 2605 3790 2674 Christi,

2273 2691 2648 2746 Membratim
2682 2705 2910 2762 quoque
2939 2689 3246 2762 suppliciis
3276 2691 3472 2748 scindi
3505 2695 3764 2762 redivivis,

2271 2782 2458 2847 Quam
2491 2797 2598 2834 sua
2627 2777 2777 2834 colla
2807 2777 2919 2833 diis
2950 2795 3214 2850 unquam
3245 2780 3596 2840 submittere
3622 2784 3778 2840 falsis.

2271 2870 2388 2924 llac
2419 2867 2608 2940 magis
2638 2867 2895 2922 offensus
2924 2883 3139 2938 praeses
3169 2869 3400 2924 ratione
3430 2872 3712 2942 profanus,

2266 2958 2382 3013 Ceu
2412 2956 2520 3023 leo,
2555 2973 2670 3012 non
2701 2955 2932 3011 modica
2960 2956 3200 3028 rugiens
3228 2965 3589 3032 praeceperat
3613 2960 3708 3029 ira,

2263 3045 2518 3102 Athletis
2547 3044 2759 3102 Christi
2783 3043 3035 3101 cervices
3065 3062 3200 3102 mox
3229 3051 3505 3118 resecari,

2263 3135 2334 3190 Et
2362 3133 2574 3207 gladiis
2605 3137 2849 3190 cunctos
2877 3133 3084 3204 pcrimi
3107 3135 3470 3207 baptismate
3497 3137 3658 3195 lotos.

2181 3195 2224 3261 (ἶ
2266 3225 2533 3281 Czedibus
2559 3222 2903 3290 innumeris,
2938 3227 3004 3278 ut
3025 3224 3232 3294 jussit,
3263 3243 3529 3299 namque
3555 3230 3788 3300 peractis,

2265 3312 2484 3369 Prassul
2517 3328 2650 3368 cum
2682 3311 2858 3367 sociis
2879 3312 3128 3382 junctus
3157 3313 3422 3371 trahitur
3449 3317 3766 3374 venerandis

2261 3401 2348 3458 Ad
2379 3401 2509 3457 loca
2538 3400 2824 3473 martyrii,
2848 3401 3066 3456 damno
3097 3403 3359 3474 capitum
3386 3407 3709 3478 peragendi.

2263 3490 2373 3557 Qui
2406 3505 2543 3544 nam
2574 3489 2918 3562 gaudentes,
2951 3489 3200 3546 Domino
3229 3490 3564 3566 laudesque
3590 3499 3774 3551 canent

2263 3579 2585 3652 Pergebant
2613 3579 2866 3651 prompti
2901 3580 3088 3634 semet
3115 3597 3250 3636 mox
3279 3583 3499 3639 dedere
3528 3583 3708 3640 morti.

2260 3665 2475 3723 Przesnl
2506 3671 2648 3722 tunc
2677 3667 2862 3723 oculis
2891 3685 3131 3724 sursum
3151 3671 3555 3746 manibusque
3582 3673 3774 3740 levatis,

2256 3754 2616 3811 Alrithtrono
2646 3755 2794 3810 tales
2824 3755 3107 3812 fundebat
3135 3774 3398 3832 congrue
3429 3766 3640 3835 grates,

2259 3845 2338 3901 Mi
2369 3845 2506 3916 Dee,
2537 3846 2618 3900 mi
2653 3847 2878 3912 Factor,
2911 3845 2994 3901 mi
3023 3847 3494 3908 clementissime
3525 3853 3730 3919 Hector,

2257 3933 2366 4000 Qui
2389 3951 2483 3990 me
2508 3931 2668 3988 vitali
2698 3939 2982 4005 praestans
3006 3953 3149 3992 aura
3178 3938 3270 4010 pie
3292 3941 3476 4010 vesci,

2255 4022 2491 4078 Scilicet
2519 4021 2738 4094 ingenii
2769 4023 3000 4080 donasti
3032 4025 3164 4082 luce
3191 4028 3478 4098 profundi

2254 4114 2378 4178 Quo
2409 4111 2487 4167 tis
2519 4115 2809 4167 secretum
2835 4115 3132 4168 scrutarer
3160 4119 3606 4187 mysteriorum.

2253 4202 2334 4256 Te
2362 4199 2555 4255 solum
2585 4198 2780 4268 laudo,
2815 4204 2871 4256 te
2901 4202 3249 4260 cordetenns
3277 4205 3587 4274 benedice,

2250 4290 2320 4346 Et
2347 4287 2454 4344 tibi
2483 4289 2722 4344 devotas
2751 4289 2980 4345 cunctis
3010 4295 3207 4362 grates
3238 4311 3354 4366 ago
3378 4295 3676 4360 membris,

2251 4378 2358 4434 Pro
2389 4376 2618 4433 cunctis
2650 4376 2818 4433 donis
2847 4378 2993 4433 mihi
3021 4378 3245 4436 collatae
3273 4382 3542 4454 pietatis.

2249 4468 2446 4538 Teque
2472 4483 2696 4540 precor,
2721 4467 3050 4540 majestatis
3077 4469 3197 4525 Rex
3221 4487 3445 4546 magne
3471 4471 3726 4547 perennis

2166 4565 2214 4630 D
2250 4556 2320 4612 Ut
2348 4557 2487 4611 dare
2511 4560 2853 4628 perpetuam
2885 4556 3159 4614 mihimet
3187 4559 3436 4632 dignere
3467 4575 3737 4626 coronam,

2246 4647 2436 4717 Atque
2458 4643 2606 4700 meis
2638 4643 2834 4714 sociis,
2864 4661 2968 4716 pro
3001 4650 3056 4701 te
3080 4665 3236 4703 nunc
3257 4650 3390 4720 jam
3425 4650 3727 4718 morituris,

2247 4735 2402 4790 100
2431 4735 2636 4804 Tuque
2667 4737 2834 4788 tuum
2862 4735 3146 4806 populum
3180 4753 3349 4794 serva
3380 4741 3600 4812 pietate
3633 4742 3837 4811 peteme

2245 4825 2428 4888 Quem
2459 4839 2706 4894 pascens
2736 4821 2870 4878 fidei
2897 4823 3132 4880 tibimet
3163 4843 3445 4884 sermone
3477 4826 3698 4884 nutrivi.

2247 4912 2348 4968 llis
2379 4911 2461 4966 ita
2489 4911 2786 4982 poscentis
2810 4913 3084 4984 precibus
3105 4915 3232 4986 jam
3267 4915 3384 4972 rite
3411 4919 3675 4990 peractis,

2244 4999 2372 5056 Una
2400 4997 2678 5070 discipuli
2708 5003 2912 5055 sancto
2943 5019 3080 5056 cum
3109 5003 3362 5074 praesule
3395 5005 3546 5078 bini,

2245 5087 2570 5160 Peplitibns
2601 5087 2828 5160 positis,
2861 5089 3186 5147 cervicibus
3214 5098 3393 5165 atque
3423 5095 3666 5151 reﬂexis.

2244 5179 2404 5232 lctus
2429 5175 2651 5232 lictoris
2681 5183 3068 5249 susceperunt
3097 5180 3380 5238 ferientis.

2243 5270 2504 5335 Quorum
2534 5266 2857 5338 permansit
2885 5267 3131 5325 celebris
3161 5271 3462 5328 confessio
3494 5273 3644 5339 talis,

2243 5357 2336 5424 Ut,
2371 5356 2514 5410 dum
2545 5355 2788 5427 precisis
2819 5357 3111 5414 siluerunt
3141 5376 3389 5432 corpora
3421 5361 3610 5432 collis,

2244 5444 2556 5517 Palpantes
2581 5443 2793 5516 linguae
2821 5443 3026 5502 laudes
3054 5447 3303 5504 Domino
3332 5451 3623 5508 cecinere.

2242 5536 2603 5590 Truncatum
2637 5550 2868 5605 quoque
2891 5535 3186 5607 pontiﬁcis
3215 5555 3438 5610 corpus
3471 5537 3754 5595 morientis

2239 5623 2496 5696 Erigitur
2525 5621 2740 5690 subito,
2775 5623 3027 5682 nitidum
3057 5626 3370 5699 splendore
3401 5646 3636 5698 sereno,
