4050 6180
427 315 584 376 H23

1237 304 1768 370 HROTSUITH/E
1813 299 2188 366 MONIALIS
2236 301 3035 367 GANDERSHEIMENSIS

3701 307 3848 369 1124

424 449 580 504 I68
609 447 827 519 Inclyta
861 444 1134 500 nobilitas
1165 459 1312 515 quos
1342 440 1493 496 vexit
1521 444 1580 494 et
1609 438 1764 494 alma
1796 441 2076 510 potestas,
2107 440 2162 505 Α
2191 435 2350 492 Talis
2379 453 2635 509 namque
2661 454 2845 506 meus,
2879 455 3056 511 quem
3089 409 3290 514 diligo,
3324 442 3569 496 constat
3605 439 3846 510 amicus,

425 537 601 594 Ortus
632 541 807 607 atque
839 535 929 589 sui
963 532 1322 604 respondens
1355 527 1671 596 nobilitati,

427 625 675 682 Pulchra
705 625 815 680 fuit
847 621 1010 689 facie,
1045 619 1297 692 fideique
1329 619 1539 674 decora
1569 616 1776 684 nitore,

426 713 737 785 Przecipuis
768 711 1018 795 nimium
1051 709 1278 764 meritis
1308 707 1645 778 mundoque
1675 704 1944 760 celebris.

423 807 578 870 Qum,
603 803 728 872 jam
761 799 945 854 tincta
974 794 1124 852 Sacri
1157 815 1304 868 pura
1333 794 1706 867 baptismatis
1737 794 1897 848 unda

421 893 490 947 Et
521 892 589 946 de
621 889 814 944 delicti
848 886 1097 943 maculis
1123 887 1409 941 mundata
1439 883 1677 951 veterni,

421 982 492 1038 Se
525 984 706 1036 totam
738 977 968 1034 Christo
1001 975 1228 1031 devovit
1259 979 1452 1029 mente
1483 972 1756 1044 benigna,

417 1071 648 1137 Nitens,
681 1071 908 1124 servata
937 1066 1084 1119 bene
1114 1062 1447 1136 virginitate
1479 1063 1668 1127 beata,

419 1161 704 1232 Spernere
735 1154 1000 1211 carnales
1031 1155 1272 1208 affectus
1306 1151 1530 1205 fortiter
1559 1166 1782 1216 omnes,

421 1247 654 1304 Gmlibis
685 1251 741 1300 et
772 1245 897 1299 vitm
931 1243 1147 1297 durum
1177 1241 1472 1295 luctamen
1508 1238 1673 1305 inire,

418 1341 563 1405 Quo,
595 1334 798 1390 victrix
830 1331 1018 1387 hostis
1047 1328 1430 1401 corruptelam
1465 1327 1791 1394 suadentis,

415 1426 593 1499 Jungi
625 1421 902 1480 coelicolis
935 1418 1249 1475 meruisset
1279 1417 1336 1472 in
1368 1416 1579 1472 aethere
1609 1413 1849 1471 sanctis.

367 1580 378 1585 ο
485 1518 609 1583 Ast,
642 1512 741 1568 ubi
773 1511 961 1566 lustra
990 1509 1124 1575 duo,
1156 1506 1326 1562 celeri
1359 1523 1536 1561 cursu
1568 1504 1848 1572 revoluta,

418 1606 665 1676 Insuper
693 1605 750 1655 et
778 1605 972 1655 ternos
1005 1595 1192 1652 aetatis
1223 1593 1458 1650 transiit
1490 1611 1695 1661 annos,

417 1687 747 1765 Sempronii
777 1687 1030 1753 comitis,
1066 1683 1320 1758 przefccti
1352 1682 1576 1738 scilicet
1606 1681 1778 1738 Urbis

417 1782 621 1851 Filius,
655 1777 906 1851 insignis
929 1774 1208 1846 juvenilis
1239 1776 1550 1828 stemmate
1581 1771 1762 1836 ﬂoris,

416 1871 579 1928 Illius
610 1870 808 1925 forma:
840 1867 1018 1920 decus
1051 1867 1115 1919 ut
1142 1861 1286 1918 vidit
1317 1861 1613 1933 speciosae,

415 1961 636 2016 Atl'cctu
672 1956 856 2011 nimio
888 1953 1079 2010 cordis
1112 1967 1438 2022 suspensus
1470 1949 1527 2004 in
1563 1948 1680 2016 illa,

416 2050 575 2106 Hanc
601 2045 712 2102 sibi
744 2063 860 2118 pra:
890 2041 1120 2098 cunctis
1153 2056 1330 2094 unam
1357 2037 1573 2109 delegit
1601 2037 1938 2105 amandam,

416 2139 490 2194 Se
517 2139 902 2198 fortunatum,
933 2131 1196 2195 credens,
1231 2132 1290 2182 et
1319 2125 1642 2182 honoribus
1672 2130 1873 2197 aptum

417 2226 476 2284 Si
511 2231 631 2282 tam
665 2221 1039 2296 prmpulchrae
1072 2217 1386 2272 meruisset
1416 2215 1630 2270 habere
1667 2214 1839 2286 pulla:

416 2313 620 2371 Dulcia
650 2330 750 2384 per
781 2307 1026 2382 propria:
1058 2311 1293 2378 tempus
1323 2303 1616 2360 consortia
1645 2303 1794 2359 vitaz.

415 2404 561 2460 Hinc
588 2401 749 2456 illam
783 2399 948 2464 adiit,
983 2395 1185 2451 multis
1216 2393 1529 2450 comitatus
1559 2393 1784 2461 amicis,

416 2493 780 2564 Desponsare
806 2485 1005 2542 volens
1032 2501 1309 2556 sponsam
1344 2482 1555 2538 Christi
1587 2481 2000 2549 venerandam,

417 2581 704 2652 Pluraque
735 2579 807 2632 de
839 2574 1046 2649 patriis
1075 2576 1451 2644 comportans
1484 2588 1728 2625 munera
1757 2571 1937 2642 gazis,

415 2670 643 2726 Stultus
674 2665 947 2740 speravit,
981 2663 1136 2736 quod
1169 2666 1502 2734 perpetrare
1532 2659 1812 2731 nequivit,

413 2758 672 2832 Virginis
706 2761 771 2812 ut
801 2753 1075 2810 stabilem
1107 2751 1278 2807 donis
1307 2765 1680 2820 corrumpere
1711 2752 1992 2816 mentem,

417 2849 578 2904 Illius
607 2851 665 2902 et
697 2845 852 2916 turpi
885 2843 1239 2914 conjungere
1270 2839 1455 2913 possit
1485 2837 1691 2894 amori.

415 2938 526 2994 Sed
555 2934 767 2992 Christi
797 2934 978 3005 virgo,
1014 2946 1314 3002 spernens,
1349 2945 1453 2982 ceu
1486 2932 1762 2996 stercora,
1795 2926 1968 2994 dona,

417 3026 651 3082 Pondus
683 3028 739 3080 et
759 3021 940 3078 oblati
971 3019 1297 3090 dedignans
1328 3015 1597 3089 protinus
1629 3017 1776 3084 auri,

416 3114 798 3186 Splendorem
829 3125 1059 3182 quoque
1089 3122 1457 3178 gemmarum
1481 3103 1723 3161 rutilum
1745 3104 2061 3172 variarum,

416 3204 518 3259 His
548 3201 740 3257 verbis
762 3201 1038 3272 juvenem
1071 3194 1299 3251 causari
1335 3195 1516 3248 fertur
1546 3198 1837 3248 amentem
1863 3210 1877 3248 :

415 3292 460 3348 Ο
493 3291 596 3359 fili,
631 3289 837 3344 mortis
870 3285 1076 3342 merito
1107 3283 1443 3340 damnande
1476 3283 1771 3354 perennis,

415 3381 460 3436 Ο
493 3381 675 3436 fames
705 3377 1016 3440 scelerum,
1047 3375 1416 3444 contemptor
1444 3376 1503 3426 et
1539 3370 1988 3443 Omnipotentis,

417 3469 733 3526 Discedens
766 3483 800 3520 a
832 3481 925 3520 me
955 3462 1130 3518 citius
1161 3460 1436 3534 fugiendo
1467 3459 1690 3530 recede,

416 3559 532 3614 Nec
560 3555 764 3612 credas
796 3558 852 3609 te
882 3567 1053 3625 posse
1085 3566 1280 3604 meum
1312 3554 1635 3621 pervertere
1674 3564 1887 3619 purum

416 3648 572 3703 I64
598 3647 724 3712 Cor,
758 3643 914 3716 quod
947 3638 1224 3696 amatoris
1249 3637 1527 3710 praevenit
1557 3635 1863 3692 nobilioris

417 3735 616 3794 Dulcis
645 3750 828 3801 amor,
863 3729 1176 3804 pulchrum
1209 3729 1380 3799 cujus
1413 3726 1545 3782 ﬁdei
1581 3727 1699 3782 fero
1723 3725 1958 3798 signum

417 3827 481 3882 In
518 3824 662 3881 facie
693 3838 948 3889 summa,
983 3835 1088 3874 nec
1120 3835 1234 3872 non
1265 3817 1324 3871 in
1357 3832 1596 3888 corpore
1625 3819 1766 3883 toto,

416 3917 538 3982 Quo
570 3930 662 3968 me
693 3909 963 3985 signavit,
996 3906 1364 3978 strictimque
1395 3904 1506 3958 sibi
1539 3903 1824 3976 religavit,

415 4005 498 4061 Ne
529 4020 661 4058 mea
689 4018 856 4057 mens
887 3998 1068 4054 alium
1083 3997 1210 4068 jam
1246 3993 1724 4068 praesumpsisset
1753 3993 2010 4049 amicum

416 4096 704 4160 Quaarere,
737 4089 838 4145 sed
871 4087 1060 4144 solum
1092 4081 1396 4157 complecti
1429 4082 1680 4139 disceret
1705 4079 1895 4150 illum,

419 4181 550 4250 Qui,
581 4180 793 4235 virtute
817 4181 1046 4249 potens,
1077 4172 1355 4245 omnique
1381 4172 1586 4227 decore
1616 4170 1931 4243 refulgens,

418 4269 694 4327 leestes
721 4271 781 4322 et
811 4263 1087 4320 mortales
1119 4260 1517 4334 supereminet
1547 4276 1773 4316 omnes.

419 4361 587 4416 Hunc
615 4357 741 4413 sine
773 4359 958 4410 matre
991 4353 1179 4417 Pater,
1212 4350 1341 4406 cani
1377 4354 1528 4406 retro
1552 4355 1818 4422 tempora
1837 4349 2066 4419 mundi,

421 4449 484 4505 In
515 4447 728 4504 deitate
759 4459 980 4518 parem,
1015 4457 1121 4497 nec
1152 4440 1459 4511 majestate
1491 4438 1802 4507 minorem,

419 4537 804 4608 Omnipotens
831 4531 1049 4605 genuit,
1075 4547 1178 4602 per
1207 4545 1381 4601 quem
1415 4527 1525 4584 sibi
1560 4527 1774 4584 szncula
1803 4529 1960 4584 fecit.

418 4627 490 4682 Et
519 4625 646 4680 sine
679 4623 843 4678 Patre
873 4621 1110 4693 quidem
1143 4623 1332 4674 mater
1362 4615 1626 4689 pariebat
1664 4618 1960 4684 eumdem,

423 4715 719 4770 Factorcm
751 4711 1052 4784 proprium
1084 4709 1332 4775 lactans,
1366 4707 1476 4762 sub
1507 4709 1766 4778 tempore
1807 4709 2032 4774 natum,

421 4804 600 4875 Cujus
631 4799 1056 4874 prmpulchram
1087 4798 1381 4853 mirantur
1409 4793 1660 4867 denique
1691 4794 1962 4863 formam,

421 4892 642 4949 Solaris
673 4889 966 4962 splendor,
993 4888 1142 4943 lunae
1178 4886 1433 4942 renitens
1465 4900 1696 4956 quoque
1727 4884 1964 4953 candor,

424 4981 758 5038 Laudantes
791 4977 968 5034 radiis
998 4975 1312 5031 Dominum
1345 4973 1708 5046 fulgentibus
1749 4973 1928 5042 orbis,

422 5071 604 5144 Cujus
629 5074 687 5126 et
716 5067 962 5140 imperio
990 5064 1335 5121 famulantia
1364 5063 1558 5120 sidera
1587 5065 1800 5118 cuncta

425 5160 548 5216 Illis
578 5157 860 5231 injunctis
891 5153 1188 5227 complent
1219 5168 1322 5225 per
1351 5155 1615 5223 tempora
1643 5167 1904 5207 cursum.

425 5249 551 5318 Cui,
579 5247 1014 5304 conclamantcs
1045 5241 1357 5314 condignis
1401 5239 1700 5306 laudibus,
1733 5256 1938 5295 omnes

345 5365 356 5378 ο
425 5339 620 5395 Cmtus
652 5334 898 5410 angelici
933 5351 1049 5389 non
1080 5331 1378 5388 desistunt
1409 5327 1700 5384 famulari.

427 5428 575 5484 Mira
601 5425 687 5482 tui
714 5425 945 5481 bonitas
975 5426 1082 5491 est,
1118 5425 1176 5476 et
1203 5417 1479 5492 praecelsa
1507 5420 1790 5490 potestas,

428 5515 624 5573 Gloria
653 5513 948 5578 sublimis,
983 5527 1192 5585 perpes
1222 5506 1535 5564 concordia
1564 5505 1748 5580 pacis,

431 5603 768 5662 Laudabilis
795 5603 1003 5680 pietas,
1037 5599 1406 5674 nimiumque
1428 5595 1681 5672 benigna
1710 5593 2000 5654 voluntas.

2185 527 2388 594 Quem,
2424 525 2625 594 fateor,
2659 525 2848 582 solum
2878 545 2996 599 pra:
3026 529 3256 585 cunctis
3288 520 3423 586 esse
3453 528 3799 586 colendum.

2184 612 2284 670 Ille
2315 614 2553 687 quidem
2585 613 2720 670 talis
2746 631 2838 671 me
2870 617 3249 690 desponsavit
3280 617 3513 674 amoris

2184 703 2450 776 Pignore,
2482 719 2588 758 ceu
2619 721 2918 776 sponsam,
2953 706 3113 762 clara
3141 707 3405 763 dotando
3437 724 3688 775 corona,

2179 793 2370 864 Atque
2401 809 2600 847 meum
2631 793 2881 865 gemmis
2913 793 3128 851 collum
3156 796 3344 852 cinxit
3375 795 3688 869 pretiosis,

2180 881 2435 936 Auribus
2463 886 2520 936 et
2550 881 2987 954 rcsplendentes
3021 887 3334 957 suspendit
3365 886 3640 950 inaures,

2183 971 2454 1025 Prmbens
2483 975 2726 1026 ornatus
2756 971 2900 1026 varii
2933 972 3121 1030 claros
3152 974 3297 1030 mihi
3332 973 3560 1030 cultus.

2181 1059 2376 1131 Ipsius
2405 1064 2562 1116 certe
2593 1059 2837 1114 dulcedo
2873 1061 3042 1116 ﬂuxit
3071 1063 3142 1117 ab
3175 1080 3298 1130 ore,

2179 1150 2312 1215 Quae
2347 1166 2438 1204 me
2467 1148 2724 1216 lactavit,
2757 1148 2912 1205 dulci
2947 1155 3237 1224 pastuque
3265 1151 3510 1220 cibavit,

2179 1237 2292 1292 Ceu
2327 1243 2528 1293 nectar
2559 1237 2770 1305 mellis,
2803 1241 3000 1294 suavis
3029 1240 3118 1296 vel
3140 1241 3312 1312 copia
3342 1240 3542 1296 lactis.

2178 1325 2424 1398 Insuper
2449 1332 2506 1381 ct
2527 1325 2854 1381 thalamum
2882 1327 3152 1383 mihimet
3180 1328 3520 1384 construxit
3551 1327 3616 1382 in
3639 1345 3856 1398 aevum,

2177 1415 2490 1469 Lucentem
2520 1415 2773 1488 gemmis
2801 1417 3000 1484 variis,
3034 1417 3285 1490 aurique
3316 1417 3610 1486 metallis,

2175 1502 2408 1576 Organa
2436 1502 2704 1559 melodiis
2736 1505 2796 1560 in
2827 1521 2944 1577 quo
2975 1507 3307 1562 resonando
3338 1505 3583 1562 canoris

2173 1591 2326 1648 I65
2359 1591 2607 1648 Carmen
2641 1592 2808 1648 dulce
2831 1592 2978 1648 mihi
2997 1599 3236 1650 cantant
3257 1611 3363 1668 per
3386 1598 3674 1667 tempora
3694 1595 3856 1662 secli,

2173 1682 2242 1736 Et
2274 1680 2493 1754 pariter
2523 1681 2722 1753 sponsi
2753 1681 2959 1738 laudes
2989 1683 3361 1740 modulantia
3387 1683 3583 1752 chari,

2178 1769 2340 1827 Illius
2369 1771 2644 1826 affectum
2675 1788 2908 1845 semper
2937 1773 3189 1829 suadent
3219 1772 3368 1829 mihi
3402 1779 3680 1843 castum,

2175 1859 2423 1928 Atl‘ectu,
2457 1875 2632 1932 quem
2658 1865 2882 1916 secreto
2913 1877 3049 1916 cum
3080 1860 3275 1918 cordis
3308 1861 3550 1931 amabo,

2176 1946 2349 2003 Nulla
2374 1947 2652 2020 puellaris
2683 1948 2872 2020 patior
2901 1949 3258 2006 detrimenta
3288 1951 3562 2024 pudoris.

2175 2037 2300 2104 Ast,
2334 2036 2432 2092 ubi
2465 2037 2613 2092 forte
2641 2036 2734 2092 sui
2765 2054 2992 2094 merear
3019 2038 3428 2112 complexibus
3458 2040 3576 2108 uti,

2177 2125 2319 2196 Ejus
2349 2129 2406 2181 et
2433 2124 2492 2180 in
2524 2125 2876 2194 thalamum,
2911 2144 3266 2200 sponsarum
3310 2145 3497 2197 more,
3532 2145 3858 2186 coruscum

2177 2213 2346 2282 Duci,
2376 2230 2690 2285 permaneo
2719 2214 2906 2288 virgo,
2938 2215 3064 2272 sine
3096 2217 3299 2285 sorde;
3324 2217 3568 2290 pudica.

2176 2301 2281 2357 Cui
2313 2302 2532 2358 debebo
2563 2303 2739 2358 ﬁdem
2771 2302 2880 2359 soli
2909 2320 3137 2360 servare
3169 2321 3511 2379 perennem.

2179 2391 2296 2463 Ipsi
2328 2408 2422 2447 me
2456 2395 2575 2448 toto
2603 2393 2798 2448 cordis
2827 2395 3136 2450 conamine
3158 2395 3356 2451 credo.

2247 2479 2349 2535 His
2380 2480 2560 2536 miser
2589 2481 2830 2552 auditis,
2862 2481 3106 2554 spiculis
3137 2484 3443 2556 perfossus
3485 2483 3748 2552 amoris,

2176 2569 2488 2642 Ingemuit,
2519 2571 2721 2626 crebro
2752 2571 2975 2627 ducens
3005 2571 3265 2645 suspiria
3295 2571 3496 2645 longa,

2175 2657 2294 2713 Hoc
2325 2658 2466 2730 quia
2496 2676 2613 2714 non
2646 2659 2882 2729 meruit,
2917 2677 3066 2716 ceco
3099 2661 3256 2733 quod
3287 2661 3463 2717 corde
3505 2663 3745 2734 petivit,

2173 2746 2265 2812 Et,
2295 2763 2472 2818 super
2493 2746 2603 2802 hoc
2635 2765 2907 2816 moerens,
2941 2748 3242 2822 nimioque
3275 2749 3480 2806 dolore
3507 2751 3846 2814 tabescens,

2173 2834 2400 2890 Decidit
2430 2835 2489 2890 in
2517 2835 2736 2891 lectum
2765 2837 3291 2894 stultissimusille
3320 2837 3618 2908 virorum,

2171 2924 2265 2992 Et,
2297 2923 2588 2980 simulans
2619 2924 2770 2980 male
2799 2924 3163 2998 languorem,
3197 2925 3412 2982 celavit
3443 2944 3746 2996 amorem,

2173 3012 2282 3078 Qui
2314 3013 2424 3068 sibi
2458 3030 2640 3069 causa
2667 3014 2863 3086 gravis
2892 3014 3083 3070 fuerat
3112 3031 3231 3070 non
3267 3032 3450 3088 parva
3491 3015 3747 3072 doloris.

2172 3101 2290 3157 Nec
2321 3119 2504 3170 mora,
2543 3103 2609 3156 ﬁt
2639 3107 2866 3172 notum,
2901 3103 3059 3158 fama
3079 3103 3364 3176 prodente
3395 3104 3674 3174 sinistra,

2089 3179 2132 3246 C
2171 3191 2387 3247 Natum
2419 3191 2674 3263 praefecti
2708 3191 2888 3248 nimio
2918 3191 3203 3266 languore
3233 3191 3430 3265 ligari.

2173 3278 2536 3336 Conveniunt
2565 3280 2759 3336 subito
2790 3280 3024 3348 medici,
3055 3281 3218 3338 velut
3246 3283 3488 3356 agmine
3522 3283 3709 3352 facto,

2172 3371 2489 3442 Apponunt
2517 3368 2692 3424 variis
2723 3373 2891 3442 aptas
2921 3370 3146 3427 morbis
3177 3370 3532 3428 medicinas.

2175 3458 2394 3514 Harum
2425 3459 2528 3515 sed
2551 3459 2755 3529 juveni
2788 3457 2869 3514 nil
2902 3460 3246 3532 proficiebat
3276 3461 3524 3517 amenti.

2173 3547 2437 3604 Tandem
2469 3553 2799 3616 senserunt,
2833 3549 2988 3620 quod
3021 3567 3158 3606 mox
3187 3549 3338 3622 patri
3370 3550 3740 3608 retulerunt.

2174 3636 2302 3692 Non
2333 3637 2441 3692 hoc
2467 3636 2770 3710 languoris
2803 3636 3063 3711 signum,
3094 3639 3197 3694 sed
3235 3637 3403 3696 fortis
3434 3641 3692 3709 amoris,

2176 3727 2341 3792 Quod
2369 3727 2753 3783 contristatus
2783 3730 3081 3800 pateretur
3111 3726 3270 3783 ﬁlius
3300 3729 3452 3800 ejus.

2176 3816 2300 3880 Quo
2331 3820 2497 3888 pater
2525 3815 2748 3882 audito,
2778 3831 2960 3872 causa
2981 3815 3294 3889 morbique
3319 3821 3584 3890 reperta,

2177 3902 2253 3960 Ut
2281 3903 2368 3960 leo
2401 3904 2795 3973 frendescens,
2827 3904 3094 3978 rapidam
3125 3921 3446 3962 conversus
3476 3906 3544 3962 in
3571 3906 3752 3974 iram,

2179 3992 2422 4066 Incmpit
2451 3993 2778 4064 percontari
2806 3992 2968 4049 rabie
2999 3992 3259 4062 furienti,

2179 4082 2323 4148 Quis
2353 4083 2502 4138 foret
2533 4081 2628 4138 ille
2659 4083 2966 4155 potestatis
2997 4082 3081 4138 sic
3110 4081 3460 4156 imperialis,

2181 4170 2243 4226 In
2279 4187 2394 4244 quo
2423 4187 2526 4244 spe
2555 4187 2705 4227 vana
2729 4170 2892 4244 virgo
2924 4172 3147 4229 conlisa
3171 4173 3449 4246 superba,

2177 4259 2452 4316 Crederet
2481 4276 2611 4317 esse
2643 4259 2755 4316 sibi
2777 4261 3056 4332 junctum
3090 4264 3468 4316 contemnere
3497 4264 3720 4317 natum

2178 4346 2342 4421 Ejus,
2377 4348 2502 4420 qui,
2535 4347 2692 4421 plebi
2725 4349 2934 4406 merito
2966 4348 3387 4405 celeberrimus
3418 4348 3609 4418 omni,

2177 4437 2349 4494 Esset
2378 4437 2666 4510 condigne
2697 4453 2932 4494 summo
2961 4442 3272 4510 provectus
3299 4437 3547 4494 honore.

2100 4549 2148 4614 Β
2179 4525 2310 4583 Haec
2343 4526 2443 4582 ubi
2471 4525 2754 4614 disseruit
2784 4525 3082 4598 nimioque
3115 4526 3311 4582 furore
3341 4525 3602 4594 latravit,

2180 4614 2496 4688 Comperit,
2524 4614 2676 4670 hanc
2706 4613 2922 4687 ipsam,
2944 4632 3109 4670 sacro
3140 4615 3500 4688 baptismate
3527 4614 3738 4682 lotam,

2179 4706 2424 4778 Agnem,
2457 4702 3101 4776 Christicolam,primis
3134 4703 3526 4786 fore‘semper
3545 4703 3623 4759 ab
3643 4703 3840 4771 annis,

2182 4795 2336 4850 I66
2367 4794 2456 4862 Et,
2489 4793 2896 4849 conservanda:
2925 4810 3029 4864 pro
3059 4792 3420 4865 virginitatis
3449 4807 3675 4860 amore,

2181 4884 2324 4940 Esse
2355 4898 2528 4938 suum
2561 4897 2870 4953 sponsum,
2902 4886 3182 4937 consueto
3228 4881 3445 4949 dicere,
3476 4880 3806 4937 Christum.

2183 4973 2306 5038 Quo
2339 4987 2475 5027 nam
2503 4973 2822 5042 comperto,
2847 4969 3078 5026 Iaztatur
3099 4970 3279 5026 corde
3309 4968 3589 5042 maligno,

2185 5061 2438 5133 Sperans
2469 5075 2606 5114 mox
2635 5062 2895 5114 teneram
2923 5057 3131 5114 merito
3161 5058 3377 5114 debere
3407 5056 3668 5130 puellam

2185 5148 2362 5205 vais
2393 5148 2466 5203 ad
2498 5145 2726 5202 cultum
2758 5146 2949 5220 pinnis
2981 5163 3188 5220 urgere
3229 5147 3499 5215 deorum,

2189 5238 2260 5293 Et
2288 5237 2373 5293 sic
2400 5251 2570 5309 posse
2603 5252 2780 5291 suum
2812 5236 3048 5291 tandem
3078 5233 3374 5309 complere
3406 5236 3694 5306 furorem,

2189 5329 2313 5392 Quo
2343 5343 2447 5398 pro
2479 5327 2818 5395 contemptu
2850 5324 2970 5380 nati
2997 5323 3253 5380 furiebat
3282 5324 3504 5398 aegroti.

2189 5415 2356 5482 Hinc,
2389 5413 2547 5469 illam
2579 5412 2754 5468 citius
2779 5411 2911 5467 sisti
2942 5412 3360 5484 conspectibus
3387 5413 3541 5485 ejus,

2187 5503 2396 5572 Jussit,
2429 5506 2488 5559 et
2518 5504 2828 5569 astantem,
2863 5499 3025 5556 nullo
3056 5503 3228 5556 metu’
3251 5500 3672 5575 trepidantem,

2190 5593 2382 5651 Primo
2415 5589 2673 5648 suadelis
2705 5587 2958 5646 nimium
2988 5587 3286 5648 mulcebat
3313 5588 3552 5666 amicis,
