4084 6190
252 350 399 418 “25

249 494 406 548 Tunc
435 490 613 546 etiam
646 489 872 561 probris
904 489 1047 544 dure
1076 490 1319 563 cogebat
1351 491 1587 558 amaris,

251 580 317 637 Ut
343 596 404 635 se
435 584 640 650 sponte
671 577 760 634 sui
792 578 916 634 nati
948 579 1245 651 copularet
1273 579 1479 649 amori,

247 670 311 724 Et
338 668 654 723 simulacra
685 669 859 723 deum
891 668 1120 735 coleret,
1148 668 1565 741 Christumque
1598 671 1851 741 negaret.

262 760 327 813 ed
352 757 512 829 virgo
545 756 758 812 Chrisli
795 774 901 811 nec
934 757 1245 829 suppliciis
1280 758 1575 829 superari,

246 848 355 902 Nec
386 847 807 902 blandimentis
841 848 1030 919 potuit
1058 847 1353 902 devincier
1378 847 1533 915 ullis,

248 936 390 1004 Quin
423 940 678 991 servaret
707 937 953 990 amatori
975 925 1112 991 isine
1144 937 1346 991 fraude
1378 936 1578 1007 priori,

247 1027 401 1094 Quod
430 1025 652 1098 pepigit
683 1029 939 1095 pactum,
972 1024 1138 1097 signo
1172 1025 1301 1079 fidei
1327 1025 1675 1079 stabilitum.

246 1115 340 1170 Cui
370 1131 604 1186 praeses,
635 1130 874 1184 pravam
908 1132 1143 1168 rursum
1176 1131 1460 1168 renovans
1492 1112 1816 1179 suadelam,

248 1204 393 1258 Dixit
423 1220 437 1257 :
473 1203 532 1258 Si
558 1220 688 1257 vere
709 1202 912 1273 cupias
944 1203 1165 1257 intacta
1196 1219 1429 1256 manere

244 1292 432 1364 Virgo,
466 1292 584 1346 deae
618 1308 841 1363 magna:
874 1290 1049 1345 citius
1080 1292 1435 1363 subjungere
1466 1291 1674 1358 Vestae,

244 1381 377 1452 Ejus
408 1379 705 1436 sacricolis
738 1384 793 1436 et
823 1381 1158 1437 consociare
1190 1380 1425 1452 puellis,

245 1471 360 1535 Quo
390 1468 681 1541 condigna
711 1469 818 1525 ﬁas
850 1468 935 1523 illi
972 1485 1206 1541 semper
1237 1466 1533 1523 famulari.

310 1557 439 1613 Haec
468 1557 660 1629 inquit
690 1574 925 1629 praeses,
958 1561 1162 1613 contra
1192 1558 1291 1613 sed
1319 1557 1402 1611 sic
1434 1556 1514 1612 ait
1542 1558 1736 1629 Agnes
1766 1574 1778 1610 :

245 1647 303 1703 Si
333 1645 476 1701 mihi
499 1648 634 1718 jure
664 1650 833 1701 tuum
864 1646 1087 1718 placuit
1118 1651 1496 1702 contemnere
1526 1652 1752 1713 natum,

247 1735 346 1803 Qui
376 1734 601 1790 ratione
631 1735 856 1807 vigens,
888 1735 1119 1790 cunctis
1149 1751 1381 1806 quoque
1413 1736 1687 1791 sensibus
1720 1739 1890 1790 utens

246 1824 560 1896 Corporeis,
596 1824 792 1879 anima
822 1824 1045 1896 regitur
1076 1841 1381 1896 nunquam
1415 1824 1717 1893 moritura,

249 1912 519 1978 Quamvis
548 1912 625 1967 sit
656 1912 866 1968 merito
900 1912 1177 1967 barathro
1209 1911 1572 1967 claudendas
1604 1913 1663 1967 in
1697 1913 1837 1980 imo,

247 1999 467 2057 Multtis
493 2017 757 2057 errorum
789 2018 893 2071 pro
923 2001 1258 2056 commissis
1290 2001 1608 2069 variorum,

246 2091 333 2159 Ni,
366 2086 575 2146 sanum
598 2090 852 2163 sapiens,
886 2093 945 2145 et
974 2090 1450 2162 quandoquidem
1479 2090 1819 2163 respiciens,

244 2180 316 2238 Se
343 2178 488 2253 tingi
519 2179 694 2235 faciat
718 2197 869 2252 pura
896 2179 1271 2251 baptismatis
1303 2180 1483 2249 unda,

244 2269 414 2334 Queis
443 2272 498 2325 te
523 2285 695 2340 posse
722 2269 928 2340 minis,
950 2268 1040 2324 vel
1073 2269 1239 2340 queis
1272 2269 1511 2323 tandem
1543 2268 1820 2337 suadelis,

243 2358 328 2413 Ad
357 2357 809 2413 simulacrorum
842 2358 990 2414 reris
1021 2374 1115 2412 me
1146 2374 1349 2430 cogere
1380 2356 1603 2412 cultum
1622 2357 1651 2412 ‘I

244 2447 545 2503 Artiﬁcum
577 2463 738 2514 cura,
773 2464 925 2518 quae,
950 2447 1314 2503 conformata
1344 2444 1601 2514 metallo,

250 2536 644 2593 Membrorum
674 2536 884 2592 falsam
916 2539 1155 2608 portant
1186 2535 1557 2591 solummodo
1591 2535 1861 2604 formam,

258 2623 490 2680 Mobilis
519 2625 780 2680 officium
811 2623 1106 2696 complent
1134 2642 1239 2680 nec
1271 2625 1533 2697 corporis
1563 2623 1776 2690 ullum,

252 2714 323 2769 Et
351 2730 541 2785 neque
569 2713 817 2769 viventis
848 2714 1173 2785 quidquam
1196 2718 1526 2769 monstrant
1557 2713 1831 2770 animalis

250 2803 396 2858 161
421 2803 658 2875 thuod
680 2803 753 2858 ab
765 2802 857 2858 bis
878 2802 1195 2859 insensatis
1225 2804 1622 2875 monstrisque
1643 2803 1904 2876 profanis

252 2890 524 2947 Solamen
552 2892 682 2947 vitae
715 2891 986 2947 mihimet
1008 2909 1240 2963 sperare
1268 2893 1534 2965 gerendae

261 2980 526 3047 Possum,
559 2998 711 3053 quae,
740 2981 859 3035 vita
879 2998 1173 3052 sensuque
1203 2981 1460 3036 carentia
1484 2986 1714 3049 cuncto,

260 3069 372 3124 Nec
402 3069 514 3125 sibi
545 3069 878 3141 proficiunt,
913 3070 1057 3124 mihi
1091 3086 1195 3124 nec
1226 3087 1564 3126 succurrere
1610 3070 1907 3142 possunt?

259 3158 387 3213 Haec
417 3158 517 3213 ubi
549 3158 707 3213 dicta
737 3158 918 3225 dedit,
950 3174 1162 3229 praeses
1192 3159 1573 3230 Sempronius
1601 3160 1830 3231 inquit:

259 3245 582 3302 Florentem
618 3246 824 3318 primis
852 3250 908 3300 te
938 3263 1075 3301 nam
1107 3263 1392 3319 cognosco
1416 3248 1526 3302 sub
1557 3248 1749 3315 annis,

260 3333 498 3405 Ingenio
526 3351 784 3405 parvam,
822 3350 927 3388 nec
959 3351 1075 3389 non
1108 3338 1271 3389 aetate
1303 3334 1597 3390 tenellam.

258 3422 426 3490 Hinc,
457 3422 711 3477 infantili
742 3423 1034 3494 parcendo
1066 3423 1450 3495 simplicitati,

259 3511 576 3566 Prudenter
596 3515 652 3566 te
682 3515 984 3582 supporto,
1011 3510 1229 3567 lasciva
1262 3511 1475 3584 puella,

255 3601 381 3665 Quo
412 3600 702 3671 parcendo
732 3605 900 3654 tuum
934 3600 1109 3654 citius
1133 3603 1186 3654 te
1217 3601 1447 3655 flectere
1478 3600 1693 3655 collum

256 3687 376 3743 Sub
408 3687 592 3743 sacris
620 3687 806 3743 Vestae
836 3687 1055 3760 plantis
1088 3687 1297 3743 faciam
1320 3689 1680 3743 veneranda}.

251 3776 512 3848 Jureque
541 3782 875 3831 nostrorum
906 3794 1125 3832 numen
1158 3776 1385 3847 placare
1425 3778 1688 3833 deorum.

254 3865 393 3930 Sed,
423 3865 494 3931 si,
527 3869 648 3921 tam
680 3866 884 3921 mitem
916 3866 1241 3937 spernendo
1273 3866 1387 3921 mei
1416 3865 1711 3938 pietatem,

254 3953 739 4023 Contraluctaris,
772 3972 903 4009 mea
933 3971 1035 4010 nec
1069 3959 1340 4028 precepta
1370 3956 1653 4027 sequeris,

253 4041 419 4097 Ultra
449 4060 563 4098 non
598 4059 790 4114 parco,
826 4043 949 4111 sed,
982 4043 1099 4097 vim
1125 4044 1354 4114 justam
1388 4043 1672 4110 faciendo,

253 4131 469 4187 Mando
500 4132 609 4193 sub
641 4131 903 4187 obscenae
935 4132 1173 4187 latebris
1208 4137 1261 4187 te
1286 4133 1547 4189 claudier
1576 4132 1739 4204 aedis,

254 4220 321 4276 In
351 4238 468 4293 qua
498 4220 847 4276 criminibus
870 4226 1068 4293 turper
1092 4222 1351 4293 gaudent
1378 4222 1679 4290 mulieres,

250 4310 325 4365 Et
353 4310 563 4366 faciam
594 4309 954 4383 pollutarum
977 4310 1198 4366 sociam
1233 4311 1628 4380 meretricum,

251 4400 381 4466 Quo
413 4403 496 4468 tu,
525 4415 651 4471 quae
683 4397 837 4454 clare
869 4398 1053 4471 polles
1082 4400 1152 4453 de
1184 4399 1366 4471 stirpe
1396 4403 1605 4467 creata,

248 4486 518 4543 Dedecus
547 4504 721 4543 omne
752 4487 869 4542 tuis
901 4488 983 4543 sis
1013 4492 1071 4543 et
1099 4487 1364 4543 confusio
1394 4488 1603 4559 turpis.

245 4578 325 4632 At
355 4594 523 4632 sacra
548 4576 732 4649 virgo,
757 4576 935 4631 minis
958 4575 1208 4631 nimium
1242 4576 1538 4648 trepidans
1562 4578 1906 4649 superistis,
1937 4598 1985 4663 D

246 4666 544 4721 Audacter
571 4683 706 4721 mox
736 4665 1009 4738 praefacto
1039 4665 1192 4720 eedit
1220 4665 1335 4720 ista
1364 4682 1648 4738 responsa
1674 4683 1687 4722 :

248 4754 314 4811 Si
348 4757 414 4809 tu
437 4772 691 4827 namque
712 4754 895 4810 Deum
920 4753 1100 4809 scires
1128 4754 1305 4822 hunc,
1322 4772 1497 4826 quem
1520 4754 1903 4827 colo,verum,

246 4841 539 4915 llliusque
569 4847 918 4915 potestatem
950 4843 1075 4898 sine
1107 4844 1221 4898 ﬁne
1247 4843 1556 4917 vigentem,

244 4933 383 5000 Qua
412 4950 662 5005 semper,
695 4932 959 5005 proprios
991 4932 1082 5004 pie
1129 4934 1508 4989 confortando
1548 4933 1872 5001 ministros,

242 5020 495 5092 Antiqui
528 5021 765 5076 fraudes
797 5020 983 5076 hostis
1005 5020 1320 5094 confringit
1346 5026 1402 5075 et
1431 5038 1658 5090 omnes,

244 5108 424 5165 Talia
453 5110 629 5165 verba
650 5113 751 5164 tuo
781 5109 965 5165 nolles
997 5110 1347 5181 profundere
1376 5114 1586 5180 rostro,

243 5198 371 5254 Nec
401 5197 549 5253 mihi
579 5202 827 5254 terrores
855 5199 1067 5255 totiens
1098 5215 1431 5271 praeponere
1461 5199 1680 5254 tristes.

240 5286 402 5342 Hinc
432 5303 559 5360 ego,
594 5304 744 5359 quae,
776 5288 1050 5343 sectando
1082 5288 1258 5342 finem
1284 5286 1497 5342 Christi
1548 5286 1868 5353 meliorem,

241 5374 430 5431 Illum
456 5392 765 5448 cognosco,
799 5392 904 5431 nec
934 5394 1050 5431 non
1081 5392 1401 5448 cognoscor
1432 5376 1502 5431 ab
1533 5375 1652 5447 illo,

239 5464 450 5536 Ipsius
480 5463 681 5520 dextra
709 5480 802 5519 me
824 5464 1173 5521 defendente
1203 5481 1477 5536 superna,

238 5552 437 5624 Spero
458 5550 654 5607 delicti
686 5570 989 5626 nunquam
1022 5553 1268 5609 maculis
1298 5552 1521 5621 violari,

237 5639 460 5700 Carnis
488 5642 801 5718 spurcities
823 5642 1046 5721 fragilis
1079 5643 1183 5700 sed
1202 5642 1428 5700 vincere
1450 5645 1711 5702 cunctas.

1284 354 1650 419 HISTORIA
1699 354 2101 419 PASSIONIS
2148 352 2213 417 s.
2259 340 2625 418 AGNETIS;

1921 493 1977 559 Α
2007 490 2110 545 His
2142 490 2339 559 dictis,
2376 509 2526 547 saeva
2558 509 2772 564 praeses
2803 495 3152 551 commotior
3182 496 3289 566 ira,

3492 361 3647 426 “26

2004 578 2266 634 Caelestis
2297 597 2574 652 sponsam
2599 582 2791 655 Regis,
2809 584 3015 654 jussit,
3045 586 3460 654 venerandam,

1998 666 2273 723 Vestibus
2304 674 2559 735 exutam,
2592 674 2709 725 toto
2741 688 2972 743 quoque
3004 690 3241 745 corpore
3262 675 3505 744 nudam,

2001 756 2152 811 168
2185 756 2575 813 Concurrente
2605 759 2755 813 trahi
2787 762 3186 817 conventiculo
3219 762 3507 837 populari,

2002 845 2179 916 Inque
2212 845 2512 915 lupanaris
2536 847 2718 916 jussit
2750 848 3088 903 concludier
3118 852 3329 921 antris,

2001 933 2063 987 In
2097 950 2211 1004 quo
2244 934 2441 989 lascivi
2465 936 2732 1005 juvenes,
2768 937 3011 993 rationis
3042 940 3231 1009 egeni,

1999 1020 2299 1093 Colloquio
2332 1023 2752 1078 scelerosarum
2775 1027 3033 1097 gaudent
3063 1028 3398 1083 mulierum.

2000 1110 2107 1164 Sed
2140 1111 2429 1177 Christ-us,
2463 1113 2706 1183 propria:
2739 1115 3001 1184 praebens
3049 1116 3336 1172 solamina
3366 1136 3612 1190 sponsae,

1998 1199 2159 1253 illam
2191 1199 2467 1253 conviciis
2495 1201 2651 1273 tangi
2676 1220 2791 1256 non
2826 1203 3079 1259 sustinet
3106 1205 3260 1262 ullis.

1997 1289 2122 1354 Ast,
2150 1288 2247 1341 ubi
2277 1288 2554 1343 distracto
2586 1290 2846 1344 nudatur
2870 1293 3124 1364 tegmine
3155 1299 3294 1362 toto,

1998 1376 2285 1431 Continuo
2310 1376 2455 1431 bene
2485 1378 2711 1433 densati
2746 1396 2972 1435 crevere
3005 1383 3223 1454 capilli,

2000 1465 2105 1532 Qui
2134 1466 2312 1520 ductu
2334 1465 2509 1537 longo
2540 1466 2687 1538 lapsi
2720 1468 2790 1523 de
2817 1470 3028 1525 vertice
3059 1488 3317 1541 summo,

1999 1554 2414 1609 Descendendo
2446 1556 2663 1625 pedum
2696 1556 2926 1629 plantas
2956 1560 3196 1632 tetigere
3226 1562 3490 1631 tenellas,

1999 1641 2221 1714 Corpus
2251 1647 2307 1698 et
2336 1660 2508 1699 omne
2538 1645 2772 1700 comitis
2803 1647 3021 1718 tegitur
3049 1666 3153 1704 ceu
3175 1652 3430 1723 tegmine
3452 1654 3648 1710 vestis.

1999 1730 2187 1803 thue
2216 1730 2519 1803 lupanaris
2551 1733 2795 1789 calcavit
2818 1734 3023 1792 limina
3044 1738 3252 1809 tristis,

1997 1820 2301 1892 Extemplo
2321 1820 2516 1876 suavis
2539 1822 2724 1877 sensit
2752 1823 3057 1880 dulcamen
3090 1828 3305 1898 odoris,

2000 1910 2187 1980 Atque
2217 1908 2411 1963 locum
2444 1914 2673 1982 turpem
2696 1912 2845 1967 miro
2863 1913 3173 1985 splendore
3196 1917 3511 1975 micantem

2002 1997 2258 2068 Aspexit,
2292 1998 2550 2053 tenebris
2581 2000 2682 2071 qui
2715 2001 2988 2057 sordebat
3014 2003 3177 2074 prius
3207 2006 3371 2064 atris.

2004 2087 2242 2154 Et,cum
2276 2086 2645 2142 sordidulam
2665 2088 2971 2160 compulsa
2991 2094 3285 2150 subintrat
3305 2095 3363 2150 in
3397 2102 3657 2162 antrum,

2001 2173 2257 2247 Angelus
2286 2174 2597 2231 Altithroni
2630 2175 2843 2234 blande
2872 2179 3033 2235 stetit
3062 2181 3270 2240 obvius
3300 2183 3407 2254 illi,

2006 2264 2210 2319 Castos
2243 2262 2526 2319 indubius
2551 2264 2742 2321 fuerat
2769 2266 2869 2338 qui
2901 2271 3163 2341 corporis
3193 2274 3344 2344 ejus,

2009 2350 2234 2406 Obtulit
2262 2355 2317 2406 et
2344 2356 2566 2407 vestem
2600 2352 2766 2409 niveo
2796 2354 3107 2426 splendore
3135 2360 3477 2433 micantem,

2006 2441 2149 2511 Ejus
2178 2456 2467 2495 mensurae
2501 2441 2925 2499 conformatam
2956 2445 3100 2500 satis
3131 2452 3284 2520 apte,

2010 2528 2127 2584 Hac
2158 2528 2367 2583 induta
2388 2529 2624 2600 quidem
2656 2529 2867 2586 direxit
2897 2533 2971 2587 ad
3001 2535 3216 2592 aethera
3244 2556 3463 2611 vocem,

2008 2617 2256 2673 Assidue
2286 2623 2479 2689 grates
2510 2617 2740 2675 Christo
2770 2624 3098 2679 resonando
3131 2642 3358 2695 suaves,

2011 2706 2193 2777 Cujus
2224 2724 2394 2778 opem
2422 2706 2567 2761 tanti
2601 2708 2785 2763 sensit
2815 2709 2927 2764 sub
2956 2711 3111 2767 fasce
3140 2714 3363 2787 pericli,

2012 2794 2195 2867 Cujus
2225 2798 2282 2849 et
2310 2794 2525 2851 auxilio
2558 2795 2747 2851 fuerat
2776 2802 3035 2868 protecta
3060 2806 3323 2872 paterno,

2013 2884 2096 2939 Ne
2127 2887 2324 2956 posset
2351 2884 2561 2939 veteris
2591 2886 2884 2958 corrumpi
2912 2888 3220 2947 fraudibus
3246 2892 3455 2952 hostis.

2017 2973 2241 3027 Interea
2262 2973 2533 3043 juvenes,
2565 2979 2774 3031 caecato
2802 2977 2974 3032 corde
3004 2978 3287 3050 furentes,

2016 3061 2282 3133 Undique
2312 3061 2588 3130 collectis,
2615 3062 2832 3119 cursim
2862 3083 3090 3136 venere,
3122 3073 3388 3145 catervis,

2016 3152 2315 3206 Certantes
2337 3151 2530 3205 studio
2562 3169 2842 3223 perversm
2875 3155 3088 3211 mentis
3119 3157 3344 3230 iniquo,

1938 3232 1980 3300 C
2020 3239 2161 3305 Quis
2191 3239 2350 3310 prior
2380 3238 2643 3308 intraret,
2667 3240 2753 3295 vel
2785 3243 2921 3314 quis
2945 3246 3272 3315 perdiscere
3303 3258 3537 3321 posset;

2015 3331 2101 3383 An
2122 3328 2304 3402 virgo,
2339 3329 2581 3385 suffulta
2608 3331 2697 3385 sui
2723 3333 3051 3390 munimine
3081 3335 3317 3407 Christi,

2017 3417 2168 3485 Ha3c,
2205 3435 2330 3490 quae
2363 3418 2625 3474 carnales
2656 3436 2887 3492 semper
2915 3426 3267 3498 contempsit
3297 3446 3547 3501 amores,

2015 3506 2148 3561 Jam
2180 3524 2336 3561 nunc
2364 3506 2598 3579 incepto
2630 3515 2830 3580 posset
2861 3512 3176 3581 persistere
3207 3518 3384 3573 voto?

2016 3596 2132 3650 Nec
2165 3613 2348 3665 mora,
2381 3603 2763 3667 cognoscunt,
2787 3616 2893 3654 nec
2931 3603 3327 3661 contradicere
3358 3616 3625 3679 possunt.

2017 3683 2180 3750 Quod
2212 3701 2515 3755 nunquam
2545 3683 2787 3756 longum
2811 3687 2943 3757 quis
2965 3690 3357 3748 confundetur
3376 3696 3434 3749 in
3459 3715 3668 3769 aevum,

2017 3771 2146 3839 Qui,
2171 3774 2415 3827 credens
2445 3773 2704 3829 domino.
2723 3774 2891 3830 firma
2920 3792 3022 3847 spe
3042 3780 3256 3849 pendet
3286 3781 3347 3836 in
3380 3783 3478 3839 illo

2017 3861 2192 3930 Nava,
2225 3861 2562 3933 quicunque
2587 3880 2697 3918 sua
2726 3864 3067 3936 compulsus
3097 3872 3292 3923 mente
3319 3873 3593 3944 superba,

2016 3951 2170 4006 169
2203 3951 2535 4023 Ingreditur
2562 3952 2753 4023 turpis
2784 3951 3036 4009 latebras
3060 3958 3406 4014 temerarius
3434 3962 3595 4031 aedis,

2018 4038 2091 4094 Ut
2123 4039 2317 4094 radios
2339 4038 2489 4094 lucis
2519 4040 2663 4095 vidit
2691 4040 2837 4097 mire
2868 4041 3190 4113 rutilantis,

2016 4126 2303 4199 Angelicae
2335 4128 2774 4201 praefulgentem
2798 4131 3093 4204 vestisque
3124 4138 3399 4207 tutorem,

2019 4218 2334 4289 Correptus
2365 4218 2521 4290 signi
2554 4218 2735 4273 nimio
2758 4223 2975 4274 terrore
3007 4224 3305 4294 stupendi,

2020 4305 2351 4362 Prostratus
2382 4323 2560 4361 sacrae
2592 4305 2813 4377 plantis
2844 4308 3133 4382 extemplo
3154 4311 3383 4385 puellae,

2020 4393 2303 4463 Postulat,
2335 4410 2599 4449 errorum
2628 4393 2813 4450 laxari
2837 4395 3025 4452 vincla
3056 4416 3319 4467 suorum,

2019 4480 2411 4554 Testaturque
2441 4483 2626 4538 Deum
2656 4501 2858 4539 verum
2892 4487 3013 4541 fore
3034 4487 3169 4557 jure
3199 4488 3530 4561 colendum,

2017 4573 2158 4644 Ejus
2191 4571 2443 4628 cultores
2473 4572 2573 4644 qui
2605 4573 3005 4629 consolabitur
3033 4592 3258 4632 omnes.

2016 4661 2227 4733 Sicque
2256 4662 2419 4717 locus
2450 4660 2737 4717 scelerum
2768 4663 2980 4719 domus
3000 4664 3251 4721 efficitur
3271 4669 3665 4740 precularum.

2016 4752 2279 4806 Tandem
2312 4750 2563 4822 praefecti
2588 4755 2761 4807 natus
2790 4751 2945 4807 venit
2976 4753 3127 4809 male
3149 4772 3351 4823 sanus,

2018 4841 2196 4911 Cujus
2227 4840 2513 4895 sustinuit
2543 4858 2720 4896 causa
2745 4840 2862 4895 vim
2882 4840 3042 4914 virgo
3064 4843 3254 4899 beata.

2018 4929 2146 4997 Qui,
2182 4946 2315 4984 mox
2348 4929 2648 5001 ingressus
2679 4929 2893 4984 ridenti
2922 4931 3115 4999 corde,
3150 4932 3415 4991 misellus

2018 5020 2133 5074 Nec
2164 5017 2559 5072 dixitlaudem
2590 5018 2856 5086 Domino,
2882 5037 2987 5076 nec
3018 5022 3208 5077 reddit
3236 5022 3538 5094 honorem,

2019 5106 2217 5163 Gratia
2247 5105 2512 5161 tristiﬁco
2537 5107 2707 5176 cujus
2730 5108 2995 5164 radiabat
3027 5110 3085 5165 in
3118 5115 3310 5181 antro,

2015 5196 2127 5250 Sed
2151 5195 2221 5249 de
2252 5211 2314 5249 se
2344 5194 2614 5249 stabilem
2645 5193 2811 5251 lwtus
2840 5198 3116 5254 tendebat
3146 5199 3205 5255 in
3227 5201 3430 5271 aedem,

2013 5283 2297 5355 Amplexu
2330 5282 2483 5337 dulci
2513 5300 2757 5355 sperans
2787 5302 2849 5341 se
2870 5286 3115 5359 virginis
3136 5272 3242 5359 uti,

2014 5373 2146 5428 Jam
2170 5372 2327 5427 licito
2350 5388 2526 5427 sacrae
2557 5374 2727 5443 cujus
2756 5372 3073 5447 languebat
3100 5394 3317 5435 amore.

2017 5463 2129 5518 Sed
2159 5461 2371 5517 Christi
2402 5460 2587 5533 pietas
2618 5478 2723 5517 nec
2753 5480 2869 5518 non
2890 5464 3167 5535 praecelsa
3189 5472 3468 5538 potestas,

2019 5551 2265 5607 Fortiter
2292 5549 2587 5606 obsistens
2608 5549 2671 5604 ili
2702 5567 2976 5623 perversa
2997 5553 3231 5624 volenti,

2014 5642 2063 5699 A
2082 5637 2410 5717 corruptela
2428 5639 2725 5715 propriam
2746 5640 2995 5719 protexit
3024 5641 3347 5723 alumnam,
