4084 6190
397 333 548 394 1127

1206 291 1741 392 unorsin'rn/E
1785 321 2156 390 MONIALIS
2202 321 2994 385 GANDEHSHEIMENSIS

3646 323 3807 386 1128

395 465 459 520 In
491 465 798 537 reprobam
827 463 1110 520 miserum
1137 466 1384 518 mortem
1416 461 1684 516 tradebat
1719 463 1777 515 et
1807 458 1997 515 illum.
2065 459 2121 526 Α
2149 457 2259 524 Qui
2289 456 2454 530 prius
2484 460 2798 524 errantem,
2831 471 2939 511 nec
2968 471 3087 512 non
3117 469 3394 528 perversa.
3412 453 3732 522 volentem.

397 554 544 609 Nam
577 570 730 619 mox,
765 557 829 608 ut
861 552 1062 624 rapido
1093 568 1268 606 cursu
1301 553 1646 622 propaverat
1677 547 1799 615 illo,

395 644 520 710 Quo
541 641 787 714 supplex
814 641 1020 695 laudes
1049 640 1294 694 Domino
1325 641 1694 694 resonaverat
1721 639 1934 710 Agnes,

397 730 602 786 Infelix
632 729 912 784 membris
934 728 1251 800 improvisa
1275 727 1548 784 resolutis

396 823 595 882 Morte,
627 817 746 872 ruit
774 834 1016 888 pronus,
1043 815 1252 872 Christi
1286 816 1498 870 virtute
1531 818 1890 887 peremptus.

394 911 517 974 Quo
547 911 710 978 pater
739 907 958 974 audito,
993 905 1175 960 miser
1205 905 1440 960 advenit
1468 904 1864 976 lacrymando,

395 997 658 1069 Stipatus
689 994 880 1050 multa
908 993 1258 1066 populorum
1292 1011 1547 1065 namque
1567 998 1814 1060 caterva,

393 1087 483 1153 Et,
517 1103 642 1140 sese
665 1084 948 1139 miserum
981 1083 1262 1150 clamans,
1289 1083 1600 1154 spargebat
1629 1082 1686 1135 in
1721 1080 1903 1144 altum

393 1175 598 1241 Voces,
635 1174 727 1228 his
757 1175 1024 1227 sanctam
1055 1171 1248 1226 verbis
1277 1171 1577 1225 causando
1599 1169 1853 1241 puellam
1887 1183 1901 1220 :

395 1263 440 1319 Ο
470 1261 684 1318 mulier
711 1259 886 1327 mala,
921 1259 1196 1326 crudelis,
1228 1259 1318 1314 cui
1355 1275 1469 1314 non
1501 1257 1808 1314 muliebris

396 1350 599 1408 Cordis
630 1351 804 1416 inest,
833 1349 1054 1417 feritas,
1089 1349 1460 1420 nimiumque
1483 1351 1723 1403 cruento
1754 1345 2046 1414 voluntas,

395 1442 644 1512 Corpore
675 1438 786 1493 sub
816 1442 1036 1505 tenero,
1072 1437 1448 1499 frendescens
1473 1452 1634 1491 more
1663 1434 1871 1502 ferino,

397 1528 520 1596 Dic,
546 1544 674 1599 quae
705 1543 885 1582 causa
914 1541 1112 1581 meum
1145 1525 1300 1597 cogit
1329 1529 1386 1580 te
1409 1525 1649 1597 perdere
1675 1527 1905 1590 natum,

397 1617 502 1672 Cui
535 1617 714 1672 decus
748 1631 921 1670 omne
953 1614 1098 1680 suis,
1131 1617 1188 1669 et
1219 1630 1354 1686 spes
1386 1613 1574 1668 fuerat
1595 1611 1900 1685 genitoris,

380 1705 705 1773 Quondam
726 1703 911 1760 felicis
941 1701 1078 1758 talis
1107 1703 1179 1758 de
1201 1701 1468 1776 germine
1495 1700 1696 1774 prolis,

397 1794 508 1850 Sed
543 1809 700 1848 nunc
728 1791 917 1848 orbati
947 1791 1162 1848 misere
1192 1807 1296 1864 pro
1328 1793 1530 1846 funere
1561 1789 1726 1845 nati?

396 1884 552 1940 I70
573 1882 718 1936 Hinc
749 1884 908 1954 patet
931 1896 1090 1952 ergo,
1111 1883 1276 1936 tuam
1307 1885 1587 1946 mentem,
1605 1879 1856 1934 nimium
1886 1877 2052 1934 vitio-

397 1971 478 2028 De
499 1970 704 2026 rivults
721 1969 960 2042 magica:
985 1969 1212 2024 fraudis
1235 1968 1497 2024 bibulam
1521 1968 1667 2023 satis
1687 1985 1834 2031 esse.
1877 1967 2054 2038 [sam,

399 2059 727 2116 Florentem
757 2057 967 2130 primis
999 2056 1139 2128 quia
1161 2057 1310 2112 forte
1341 2072 1548 2112 necare
1579 2056 1690 2111 sub
1721 2055 1892 2111 annis

399 2149 712 2204 Subtracta
741 2145 899 2200 dulci
923 2146 1202 2215 juvenem
1232 2144 1353 2201 vita
1378 2143 1636 2199 valuisti.

396 2237 472 2292 At
500 2252 666 2292 sacra
695 2232 974 2290 conviciis
1003 2232 1165 2306 virgo
1197 2250 1312 2288 non
1346 2231 1636 2306 frangitur
1667 2233 1817 2300 istis,

400 2325 660 2380 Profecto
683 2338 789 2377 nec
821 2337 1170 2394 responsum
1203 2321 1483 2377 reddebat
1502 2321 1800 2390 acerbum,

399 2413 625 2478 Dulcia,
660 2429 783 2479 sex,
811 2426 1018 2466 resono
1049 2411 1412 2482 profundens
1441 2409 1617 2466 verba
1647 2409 1862 2482 palato,

399 2500 551 2558 Dixii
574 2499 843 2565 facunde,
867 2498 1013 2554 bene
1043 2496 1369 2569 composita
1389 2497 1610 2552 ratione
1643 2513 1656 2552 ε

399 2591 524 2646 Non
557 2605 662 2662 ego
693 2604 872 2644 causa
891 2586 1052 2642 necis
1084 2587 1307 2641 fueram
1329 2585 1532 2658 juveni
1565 2586 1853 2658 pereunti,

400 2679 513 2736 Sed
543 2676 732 2750 magis
763 2677 886 2748 ipse
917 2675 1028 2731 sibi
1053 2674 1162 2730 fuit
1193 2675 1464 2730 incensor
1491 2673 1802 2741 moriendi,

400 2767 735 2824 Gloriﬂcare
766 2765 950 2820 Deum
982 2762 1198 2820 stnltus
1225 2763 1364 2836 quia
1389 2767 1686 2836 spreverat
1715 2762 1906 2832 illum,

398 2856 596 2913 Gloria
621 2855 872 2910 testifico
904 2853 1074 2925 cujus
1105 2851 1410 2926 praefulget
1437 2851 1499 2907 in
1521 2855 1710 2906 antro.

400 2945 511 3003 Sed
536 2961 712 3011 nunc,
747 2948 814 2998 ut
836 2943 1006 3014 plane
1027 2945 1146 2997 toto
1176 2940 1460 2996 clarescat
1491 2941 1549 2995 in
1582 2942 1721 2996 orbe

399 3036 540 3106 Ejus
571 3035 872 3106 majestas,
905 3049 1010 3087 nec
1041 3048 1157 3086 non
1189 3030 1462 3102 praecelsa
1491 3033 1771 3101 potestas,

399 3123 594 3194 ipsius
624 3138 861 3178 suavem
892 3119 1137 3192 supplex
1167 3136 1268 3175 oro
1298 3119 1598 3192 pietatem,

400 3212 472 3268 Ut
491 3228 702 3282 corpus
727 3209 980 3282 rigidum
1004 3208 1211 3278 jubeat
1237 3207 1586 3264 recalescere
1617 3223 1876 3274 rursum,

397 3303 586 3372 Atque
610 3315 824 3354 novum
856 3297 1138 3353 membris
1157 3295 1456 3351 hominem
1490 3299 1718 3368 reparet
1755 3294 2046 3351 redivivis.

398 3389 575 3453 Dixit,
605 3393 663 3443 et
691 3391 952 3443 astantes
973 3385 1198 3458 regredi
1230 3388 1580 3456 praeceperat
1610 3400 1834 3453 omnes,

398 3477 470 3532 Et
499 3478 792 3548 prostrata
820 3473 965 3542 solo,
992 3473 1358 3544 fundensque
1403 3487 1603 3543 preces
1649 3470 2048 3544 lacrymando,

399 3563 686 3630 Praestari,
721 3562 864 3636 petit
889 3579 924 3617 a
954 3561 1198 3616 Domino
1229 3560 1458 3616 veniam
1490 3559 1798 3618 sceleroso.

398 3653 504 3709 Cui
537 3669 671 3708 mox
701 3650 914 3718 oranti,
947 3649 1160 3704 misero
1189 3648 1486 3721 vitamque
1512 3649 1796 3720 precanti,

394 3740 652 3814 Angelus
683 3740 969 3806 astilerat,
1001 3739 1599 3810 procumbentemque
1628 3737 1876 3806 levabat,

397 3831 666 3888 Prmbens
695 3828 1004 3901 colloquiis
1037 3827 1120 3882 illi
1154 3827 1416 3884 solamen
1448 3826 1678 3893 amicis,

396 3921 460 3977 In
489 3919 780 3992 verboque
808 3917 909 3974 Dei
931 3917 1118 3990 jussit
1145 3919 1356 3972 virtute
1387 3915 1631 3988 potenti,

393 4007 758 4065 Exstinctum
784 4006 982 4062 subito
1003 4006 1147 4061 ﬂatu
1177 4005 1390 4062 vixisse
1417 4007 1740 4076 resumpto.

393 4097 528 4164 Qui,
557 4096 734 4152 citius
767 4094 946 4160 dicto,
971 4095 1183 4166 jussus
1215 4092 1467 4149 surrexit
1487 4092 1560 4148 ab
1590 4091 1794 4160 humo,

391 4181 630 4238 Viribus
659 4185 718 4236 et
747 4180 978 4236 cunctis
1008 4180 1176 4253 plene
1207 4179 1490 4236 membris
1519 4179 1831 4252 restitutis,

392 4272 473 4327 Ac
501 4270 745 4327 laudum
777 4266 978 4324 dulces
1009 4285 1292 4342 spargens
1317 4285 1496 4342 super
1524 4269 1740 4324 aethera
1768 4285 1958 4340 voces,

392 4360 598 4418 Grates
629 4358 906 4416 continuo
928 4357 1186 4414 solvebat
1217 4359 1692 4430 mentejucunda

391 4447 628 4506 Christo
659 4447 882 4508 victori,
909 4447 1116 4504 mortis
1143 4447 1391 4520 vitaeque
1421 4448 1631 4504 datori.

391 4538 532 4595 Inde
554 4538 812 4610 quidem,
840 4537 1032 4610 prima
1058 4553 1300 4608 prorsus
1331 4536 1520 4592 forma
1550 4541 1831 4593 revocata.

389 4627 678 4684 Processit
699 4626 882 4708 vivus,
919 4625 1020 4698 qui
1053 4630 1240 4681 morte
1272 4625 1380 4680 fuit
1412 4625 1713 4699 religatus,

285 4745 300 4760 ι
386 4719 594 4790 Atque,
627 4734 733 4772 suo
762 4715 916 4772 tristi
948 4733 1009 4771 se
1039 4715 1442 4788 prmsentando
1473 4714 1719 4787 parenti,

389 4807 480 4862 Fit
500 4823 590 4863 res
620 4803 936 4878 gaudendi,
971 4804 1162 4860 fuerat
1191 4803 1283 4858 cui
1317 4820 1498 4859 causa
1517 4803 1774 4860 dolendi.

387 4895 554 4964 Hinc,
588 4895 790 4952 crebro
821 4893 1030 4948 coelum
1064 4893 1308 4965 pulsans
1339 4892 1592 4949 clamore
1623 4893 2004 4964 profundum,

388 4985 582 5042 Utitur
605 4989 662 5040 et
688 4983 882 5040 verbis
903 4983 1156 5038 suadens
1189 4981 1514 5038 studiosius
1545 4981 1677 5038 istis
1701 4999 1714 5037 ε

386 5077 534 5132 171
572 5073 815 5140 Credite,
841 5072 1084 5128 Romani
1117 5072 1291 5138 cives,
1324 5071 1720 5145 rogo,credite
1750 5072 1969 5139 cuncti,

385 5166 527 5222 Esse
559 5164 745 5219 Deum
774 5161 1074 5218 Christum
1104 5177 1424 5232 verumque
1453 5160 1786 5234 perenniter
1827 5177 2037 5230 unum,

385 5254 532 5310 Cum
565 5253 734 5308 Patre
765 5250 1136 5319 celsithrono,
1156 5267 1260 5306 nec
1285 5268 1399 5306 non
1423 5267 1558 5306 cum
1581 5249 1844 5306 Flamine
1875 5267 2042 5306 sacro

386 5343 628 5415 Semper
658 5345 1021 5414 regnantem,
1053 5343 1349 5412 sceptrum
1378 5338 1623 5411 coelique
1652 5343 1968 5407 tenentem,

387 5433 507 5489 Sub
540 5431 759 5486 ditione
789 5447 920 5499 sua,
949 5429 1075 5502 qui,
1107 5428 1502 5502 complectens
1533 5427 1826 5500 universa,

385 5522 606 5578 Cuncta
633 5517 1004 5592 gubernaclis
1037 5518 1186 5591 regit
1220 5517 1522 5574 immensa:
1556 5517 1860 5588 bonitatis,

385 5609 491 5671 Hic
520 5613 609 5670 est
635 5609 915 5681 orandus,
944 5606 1223 5686 solusque
1254 5605 1554 5682 colendus,
1589 5607 1904 5686 amandus,

2153 543 2336 602 Morte
2367 545 2691 618 repentina,
2724 543 2899 605 citius
2930 559 3024 600 me
3055 543 3484 616 praeveniendo,

2153 633 2354 690 Finem
2386 633 2648 690 stultitiae
2679 632 3038 706 dignabatur
3063 632 3202 688 dare
3231 635 3428 700 tanta,

2151 723 2222 778 Et
2250 725 2382 794 post
2409 721 2648 788 erranti,
2673 724 2983 794 promptus
3014 719 3186 776 solito
3219 719 3510 788 misereri,

2151 810 2412 883 Virginis
2442 809 2680 883 Agnetis
2710 810 2988 883 precibus
3018 811 3136 866 fere
3168 809 3451 865 studiosis

2155 899 2432 968 Mellitus,
2468 917 2704 954 rursum
2733 899 2863 954 vita:
2894 899 3086 954 reddit
3118 903 3484 954 renovatum.

2153 990 2224 1043 At
2255 993 2438 1060 pater,
2472 993 2536 1043 ut
2564 993 2770 1044 natum
2803 988 3035 1060 prodire
3061 987 3153 1043 sui
3176 987 3522 1055 redivivum,

2156 1077 2482 1133 Perfectum
2513 1077 2723 1150 specie,
2751 1077 2894 1132 vidit
2922 1076 3280 1148 plenumque
3311 1077 3539 1143 decore,

2157 1165 2460 1221 lnteritum
2489 1165 2765 1237 laerymis
2795 1165 2966 1236 cujus
2997 1165 3230 1220 deﬂevit
3256 1163 3494 1230 amaris,

2157 1254 2290 1309 Mox
2319 1271 2495 1326 super
2524 1254 2760 1310 insolita
2789 1253 2942 1327 signi
2966 1253 3219 1310 novitate
3249 1253 3524 1326 stupendi

2155 1339 2514 1396 Admirando
2547 1345 2736 1412 pavet,
2769 1340 2900 1396 laeto
2932 1341 3036 1397 sed
3066 1345 3298 1413 pectore
3327 1341 3566 1414 gaudet.

2158 1429 2324 1485 Tunc
2352 1429 2756 1501 amplectende
2788 1429 3005 1486 collum
3037 1429 3252 1502 pietate
3282 1435 3546 1503 paterna,

2161 1517 2331 1574 Mitia
2358 1508 2637 1590 praedulci
2671 1517 2954 1575 libaverat
2981 1517 3185 1574 oscula
3212 1516 3384 1591 proli,

2159 1608 2350 1678 Atque
2376 1607 2562 1663 Deum
2592 1623 2794 1662 verum
2826 1605 3092 1662 clamans
3121 1606 3269 1662 dixit
3295 1606 3418 1662 fore
3457 1605 3791 1676 Christum,

2161 1697 2341 1768 Cujus
2377 1700 2493 1752 tam
2533 1696 2780 1753 celerem
2811 1696 3200 1770 cognoscebat
3229 1695 3528 1768 pietatem,

2162 1785 2346 1858 Cujus
2375 1790 2434 1842 et
2463 1785 2709 1858 imperio
2741 1803 2900 1842 mors
2929 1785 3356 1842 succumbebat
3385 1801 3610 1852 amara,

2165 1875 2433 1930 Reddens
2461 1875 2770 1942 viventem,
2797 1891 2974 1947 quem
3003 1873 3281 1931 sorbebat
3302 1873 3674 1930 morientem.

2163 1962 2398 2019 Scilicet
2425 1967 2684 2020 astantes
2713 1962 2930 2019 animis
2960 1962 3316 2019 mirantibus
3345 1978 3572 2030 omnes,

2161 2051 2402 2108 Tollunt
2430 2051 2491 2108 in
2517 2051 2728 2107 caelum
2755 2048 2872 2106 laeti
2903 2050 3193 2124 praeconia
3221 2050 3490 2121 laudum,

2162 2141 2492 2197 Laudantes
2524 2145 2795 2198 sanctum
2826 2140 3061 2197 Domini
3090 2157 3308 2200 nomen
3338 2139 3746 2197 benedictum.

2161 2229 2280 2284 Hoc
2309 2228 2403 2284 vix
2432 2229 2740 2302 pontifices
2771 2227 2993 2285 crudeli
3025 2229 3218 2298 corde,
3252 2229 3530 2297 ferentes,

2159 2318 2534 2374 Commovere
2564 2317 2806 2390 quidem
2837 2335 2956 2374 non
2985 2333 3227 2392 parvam
3257 2317 3628 2384 seditionem,

2159 2407 2383 2479 Agnem
2414 2406 2782 2480 sacrilegam,
2817 2407 3103 2473 dicentes,
3135 2411 3194 2462 et
3223 2405 3597 2464 scelerosam.

2159 2493 2355 2550 Occidi
2389 2495 2577 2568 pomis
2608 2495 2784 2552 citius
2805 2495 3016 2551 debere
3046 2494 3332 2564 cruentis,

2161 2583 2328 2640 Illius
2357 2601 2538 2642 causa
2566 2583 2706 2657 quia
2736 2588 3142 2656 contemptum
3172 2581 3492 2640 simulacra

2159 2673 2500 2746 Cunctaque
2530 2689 2834 2728 sacrorum
2867 2675 3210 2745 paterentur
3229 2672 3372 2744 jura
3399 2687 3670 2728 suorum.

2157 2761 2307 2818 Hinc
2336 2777 2572 2835 praeses,
2604 2765 2849 2817 moestus
2875 2761 3110 2817 turbato
3141 2764 3372 2834 pectore
3402 2760 3613 2828 factus,

2159 2849 2472 2906 Condoluit
2491 2866 2668 2908 sacrze
2699 2850 2970 2906 subtristi
2997 2853 3194 2906 mente
3224 2848 3453 2922 puella,

2160 2939 2396 3010 Ignorat
2422 2943 2641 3007 tamen,
2663 2938 2905 2995 omnino
2926 2937 3144 2994 dubius
3175 2955 3353 3011 super
3379 2941 3500 3004 tua,

2157 3029 2200 3082 1
2215 3029 2251 3082 7
2263 3029 2312 3084 2
2327 3027 2474 3094 Quid
2491 3027 2604 3084 sibi
2615 3027 2961 3084 sectandum
2971 3025 3061 3083 vel
3075 3027 3216 3098 quid
3232 3029 3474 3082 restaret
3483 3027 3819 3100 agendum,

2158 3115 2403 3172 Perdere
2433 3133 2548 3172 non
2579 3116 2821 3188 placuit,
2845 3116 2948 3172 sed
2980 3133 3084 3172 nec
3115 3116 3421 3172 defendere
3451 3115 3662 3188 quivit.

2073 3194 2121 3261 C
2161 3205 2424 3260 Tandem
2453 3204 2730 3261 discessis
2758 3221 3032 3273 mmrens,
3067 3203 3369 3277 aliumque
3399 3203 3656 3281 reliquit,

2157 3291 2384 3350 Judicis
2413 3293 2605 3349 officio
2637 3295 2906 3350 functum
2935 3293 3166 3350 feritate
3194 3293 3419 3366 lupina,

2159 3382 2265 3449 Qui
2296 3381 2407 3438 fuit
2433 3381 2716 3454 Aspasius
2743 3382 2958 3439 dictus.
2993 3382 3225 3456 rituque
3253 3386 3556 3456 profanus,

2158 3471 2267 3538 Qui
2298 3471 2449 3526 citus
2469 3473 2751 3544 Agnetem
2781 3471 2986 3545 projici
3018 3472 3293 3544 praecepit
3318 3473 3380 3527 in
3408 3471 3625 3545 ignem,

2160 3559 2506 3616 Pontiﬁcum
2536 3559 2686 3616 votis
2717 3559 2871 3616 male
2891 3560 3297 3616 concordando
3327 3560 3622 3634 malignis.

2159 3649 2271 3706 Sed
2296 3666 2509 3722 corpus
2538 3653 2790 3720 castum,
2821 3649 2986 3706 nulla
3015 3649 3086 3705 de
3115 3651 3286 3706 sorde
3315 3649 3624 3724 piandum,

2156 3738 2342 3795 Ardor
2366 3737 2619 3794 carnalis
2647 3739 2805 3810 quod
2836 3755 2953 3795 non
2982 3738 3287 3796 succendit
3315 3738 3554 3808 amoris,

2158 3827 2316 3900 Ignis
2347 3844 2462 3883 non
2493 3827 2643 3884 laesit
2671 3845 2949 3901 praesens,
2983 3845 3089 3884 nec
3119 3832 3356 3904 tangere
3384 3827 3589 3901 quivit.

2157 3916 2439 3990 Denique,
2472 3917 2669 3974 divisa:
2691 3918 2885 3974 divino
2911 3918 3184 3988 Numine,
3215 3918 3465 3973 ﬂammae

2155 4005 2445 4079 Virgineis
2467 4006 2724 4062 tribuere
2743 4005 2938 4063 locum
2959 4006 3236 4080 precibus
3267 4006 3622 4079 spatiosum,

2155 4097 2234 4152 Ac
2263 4100 2733 4168 prorumpentes,
2767 4099 2912 4152 aestu
2937 4095 3241 4168 nimioque
3270 4094 3552 4164 furentes,

2158 4185 2416 4240 Perdunt
2443 4185 2769 4253 carnifices,
2802 4185 3026 4242 urendo
3055 4185 3332 4260 primitus
3359 4199 3590 4254 omnes,

2154 4273 2321 4342 Hinc,
2353 4273 2834 4330 circumstantem
2867 4273 3194 4330 lambentes
3227 4273 3486 4346 undique
3513 4272 3770 4346 plebem,

2155 4361 2542 4432 Incredulam,
2575 4361 2774 4435 plures
2804 4361 3020 4436 raptim
3045 4369 3299 4419 stravere
3336 4361 3661 4436 plalanges.

2153 4450 2291 4507 Sola
2317 4451 2420 4508 sed
2450 4451 2734 4507 immunis
2765 4452 2960 4508 stabat
2991 4451 3089 4524 pia
3115 4451 3278 4524 virgo
3307 4450 3540 4518 caloris,

2140 4536 2311 4597 'Inter
2339 4541 2712 4596 ﬂammarum
2745 4540 2937 4597 crines
2966 4540 3176 4596 ludens
3205 4540 3579 4613 crepitantcs,

2154 4629 2466 4700 Oravitque
2496 4629 2681 4684 Deum
2711 4629 2895 4686 versis
2925 4629 2997 4686 ad
3021 4629 3214 4685 sidera
3243 4627 3479 4701 palmis,

2151 4718 2268 4774 Hac
2290 4723 2462 4774 utens
2491 4718 2550 4773 in
2581 4718 2769 4774 fronte
2799 4735 2988 4790 prece,
3022 4716 3423 4774 modulamine
3451 4715 3648 4772 laudis

2149 4806 2537 4880 Omniparens
2557 4805 2732 4862 Verbi
2761 4805 3008 4880 genitor,
3041 4805 3368 4878 mundique
3395 4811 3642 4876 creator,

2149 4894 2279 4963 Qui,
2313 4911 2448 4950 cum
2479 4893 2690 4950 dilecto
2721 4910 2975 4968 regnans
2997 4897 3148 4950 retro
3170 4897 3439 4968 tempora
3472 4895 3644 4962 Nato,

2147 4983 2589 5056 Amborumque
2617 4986 2902 5039 comterno
2929 5001 3069 5040 cum
3101 4981 3365 5044 Flamine
3395 4999 3585 5052 sacro,

2150 5071 2333 5146 Digne
2362 5071 2645 5139 laudaris,
2667 5072 2895 5141 coleris,
2927 5071 3244 5140 veneraris,
3273 5073 3513 5140 amaris,

2149 5163 2232 5217 Te
2263 5161 2456 5218 solum
2485 5161 2682 5230 laudo,
2713 5163 2771 5217 te
2801 5160 3094 5217 laudande
3125 5161 3424 5231 benedice,

2149 5251 2220 5306 Et
2241 5250 2344 5306 tibi
2368 5251 2572 5306 devote
2603 5253 2798 5324 grates
2829 5248 3090 5322 persolvo
3122 5267 3428 5323 perennes,

2149 5341 2452 5414 Ejusdem,
2487 5339 2644 5412 quia,
2679 5338 2826 5396 fulta
2853 5338 2940 5395 tui
2971 5339 3303 5397 munimine
3331 5340 3486 5408 Nati,

2149 5429 2464 5500 Nunquam
2496 5427 2782 5485 succubui
2803 5427 3092 5501 serpentis
3119 5429 3326 5486 fraude
3349 5428 3590 5498 vetusti,

2149 5519 2399 5590 Corpore
2427 5518 2529 5574 sed
2561 5521 2746 5587 casto,
2777 5534 2924 5590 puro
2953 5517 3264 5592 cordisque
3293 5523 3540 5588 secreto,

2148 5606 2354 5669 Carnis
2383 5605 2696 5684 spurcities
2725 5605 3072 5682 pertransivi
3102 5607 3249 5667 bene
3267 5610 3534 5686 cunctas,
