4084 6190
355 316 511 377 H29
592 314 694 375 DE
736 315 1112 378 PBIMORD.
1135 314 2025 377 C(ENOll.GANDERSIl.ET
2060 318 2156 377 DE
2189 320 2457 381 GESTIS
2490 324 2929 385 OTTON.I.—-
2951 327 3521 396 D.PERTZ.MON.
3598 336 3755 397 H30

354 448 559 541 ginnas
578 449 862 541 sacrilegi
882 448 1101 541 pariter
1128 451 1461 541 superando
1495 450 1747 541 tyranni.
2027 450 2084 517 Α
2115 452 2227 507 Nec
2260 453 2459 510 minus
2491 472 2647 529 ergo,
2682 458 2773 514 sui
2806 459 2972 533 signo
3002 462 3276 521 donanda
3306 466 3612 541 triumphi,

355 536 516 628 Hinc,
551 536 920 628 gaudensin‘
940 539 1278 628 tegnimium
1311 557 1486 611 super
1516 540 1624 596 hac
1655 539 1889 612 pietate,
2110 541 2370 615 Martyrii
2404 545 2662 617 palmam
2695 550 2969 621 sumpsit,
2997 551 3123 609 sine
3152 554 3266 610 {ine
3296 536 3638 628 gerendam,

348 627 434 682 Ad
468 631 525 682 te
556 644 714 682 nunc
743 625 958 682 animis
989 626 1204 683 festino
1235 629 1430 684 venire
1452 628 1759 699 jucundis,
2110 634 2232 697 Quo
2269 638 2490 706 martyr
2522 634 2675 703 felix,
2703 637 2921 709 duplici
2955 642 3271 699 certamine
3300 625 3531 716 victrix,

349 715 573 788 Optans
597 716 739 788 jura
764 715 886 789 pati
916 717 1146 785 mortis,
1177 716 1467 789 citiusque
1500 716 1727 785 resolvi,
2108 721 2262 775 174
2293 714 2582 793 Corporis,
2612 728 2668 779 et
2701 726 2934 795 mentis,
2966 729 3127 783 carni
3153 748 3385 804 semper
3423 714 3753 809 renitentia,

349 807 472 871 Quo
505 822 733 860 merear
758 822 886 860 vere
908 804 1289 877 contemplari
1324 804 1451 861 sine
1484 807 1605 861 {ine
2109 807 2288 864 Utens
2319 812 2515 865 aeterni
2549 812 2745 869 bravio
2776 816 2937 888 regni
2971 816 3292 889 duplicato,

348 895 447 963 Te,
481 911 656 966 quem
687 893 947 966 qumsivi,
984 911 1156 966 quem
1195 894 1385 950 solum
1413 913 1645 967 semper
1674 894 1885 948 amavi.
2108 898 2265 953 Inter
2290 899 2583 972 virgineas
2615 902 2863 975 fulgeret
2894 905 3055 961 clava
3075 913 3359 980 catervas,

346 985 499 1040 17³
530 984 617 1038 Tu
640 982 896 1037 clemens
915 982 1307 1054 animam,pro
1330 989 1382 1039 te
1401 985 1470 1039 de
1487 1002 1725 1055 corpore
1738 983 1991 1055 pulsam,
2106 988 2253 1043 Lilia
2281 1007 2406 1056 ceu,
2442 991 2684 1061 pulchro
2717 1010 2879 1047 roseo
2904 997 3185 1065 permista
3213 1000 3442 1068 rubore,

345 1073 503 1129 Intra
531 1071 788 1129 claustra
816 1072 903 1126 tui
932 1072 1247 1144 dignanter
1275 1074 1510 1146 suscipe
1543 1072 1726 1144 regni,
2104 1079 2263 1133 Inter
2291 1078 2529 1134 delicias
2561 1080 2768 1136 ﬂorum
2804 1082 3050 1139 rutilant
3078 1087 3393 1143 variorum.

346 1165 467 1229 Quo
494 1167 582 1229 tu,
604 1162 741 1234 jure
772 1165 871 1217 tuo
901 1160 1126 1233 pollens
1158 1162 1268 1217 sub
1301 1161 1535 1218 nomine
1566 1162 1740 1230 trino,
2104 1166 2333 1223 Interea
2358 1184 2590 1249 quoque
2620 1187 2993 1227 summorum
3028 1191 3196 1229 sacra
3223 1192 3365 1232 cura
3412 1184 3745 1249 parentum,

346 1254 466 1309 Rex
490 1270 645 1308 uuus
675 1250 958 1306 machina:
990 1268 1184 1306 rerum
1216 1269 1319 1323 per
1344 1251 1558 1307 saecula
1584 1252 1773 1319 trime,
2100 1256 2405 1311 Excultum
2440 1243 2656 1329 magna
2686 1259 2863 1314 funus
2891 1261 3217 1319 venerabile
3247 1243 3482 1338 pompa,

346 1344 547 1417 Itaque
574 1345 785 1397 cuncta
814 1340 968 1415 regis
998 1345 1229 1413 sceptro
1264 1359 1510 1398 summa:
1540 1341 1807 1398 Deitatis.
2102 1344 2164 1400 In
2196 1345 2419 1418 gremio
2450 1349 2613 1401 terrm
2644 1351 2763 1402 toto
2797 1349 3048 1405 contexit
3077 1351 3316 1422 honore,

343 1433 597 1501 Scilicet,
627 1430 850 1487 orantis
878 1430 1153 1503 precibus
1171 1431 1299 1502 jam
1327 1433 1434 1487 rite
1468 1430 1743 1504 peractis,
2098 1434 2214 1489 Nec
2245 1433 2441 1490 saltim
2473 1434 2718 1491 bustum
2746 1442 2987 1493 sacrata:
3017 1438 3261 1512 virginis
3292 1441 3512 1515 ipsum,

343 1522 584 1597 Ignibus
609 1518 931 1589 exstinctis,
968 1520 1221 1575 moritur
1251 1520 1451 1577 subito
1482 1537 1660 1593 rogus
1689 1520 1901 1588 omnis,
2096 1524 2260 1590 Quod
2292 1540 2395 1595 pro
2426 1523 2727 1581 servandis
2754 1526 2945 1581 fuerat
2972 1529 3299 1586 venerabile
3331 1532 3636 1602 membris,

339 1613 409 1669 Et
438 1610 588 1667 cinis
619 1610 765 1682 ipse,
799 1608 925 1665 suis
955 1609 1432 1681 confrigescendo
1464 1609 1698 1675 favillis,
2096 1611 2441 1668 Sollicitudo
2471 1613 2792 1685 parentalia
2824 1617 3182 1689 contempsit
3210 1620 3452 1690 amoris,

339 1702 433 1759 Sic
461 1716 665 1773 expers
696 1698 889 1754 omnis
910 1698 1099 1753 factus
1131 1698 1242 1753 fuit
1270 1697 1390 1754 imo
1421 1698 1652 1767 caloris,
2094 1701 2204 1756 Sed
2236 1702 2346 1756 sub
2379 1702 2683 1759 nocturnis
2712 1708 2904 1760 servat
2931 1705 3314 1779 vigilantibus
3343 1709 3524 1767 horis.

337 1792 409 1848 Ut
441 1807 547 1846 nec
578 1785 895 1889 scintillam
927 1787 1039 1843 sibi
1066 1791 1204 1890 post
1231 1788 1549 1843 servaverit
1579 1787 1782 1855 ullam,
2010 1823 2061 1890 Β
2090 1793 2184 1857 At,
2216 1791 2357 1847 dum
2387 1792 2716 1864 pervigiles,
2746 1799 3023 1851 consueto
3055 1813 3236 1864 more,
3273 1803 3560 1870 parentes.

335 1882 454 1938 Hoc
483 1879 663 1953 igitur
691 1876 857 1949 signo
875 1877 1000 1947 jam
1033 1875 1388 1932 clarescente
1422 1879 1729 1949 stupendo,
2010 1875 2060 1890 ³³
2090 1879 2378 1936 Excubias
2407 1880 2555 1953 proli
2586 1881 2960 1939 celebrabant
2991 1890 3187 1942 mente
3219 1887 3398 1959 ﬁdeli,

335 1974 562 2038 Quanto
593 1985 655 2025 se
682 1966 843 2022 virus
869 1964 1081 2021 Christi
1109 1965 1242 2037 plus
1268 1966 1485 2038 detegit
1512 1967 1657 2034 orbi,
2090 1967 2328 2025 leitus
2357 1969 2451 2025 his
2481 1969 2626 2042 ipsis
2657 1976 3021 2028 monstratur
3045 1974 3191 2030 visio
3223 1975 3378 2032 talis.

336 2061 522 2116 Tanto
551 2056 796 2129 majoris
826 2054 988 2110 rabie
1019 2053 1298 2127 spirando
1329 2055 1544 2111 furoris
2090 2057 2353 2129 Denique
2385 2057 2677 2130 virgineas
2710 2061 2905 2116 subito
2937 2062 3289 2120 descendere
3318 2069 3545 2124 turmas

335 2150 598 2221 Injustus
619 2146 803 2219 judex
833 2144 1032 2200 animo
1063 2144 1359 2200 cruciatur
1388 2162 1609 2215 amaro,
2088 2147 2393 2215 Viderunt,
2426 2145 2626 2218 lapsas
2657 2148 2827 2203 celeri
2851 2150 2921 2205 de
2945 2151 3183 2208 cardine
3213 2154 3365 2221 cceli,

332 2238 447 2295 Nec
477 2237 701 2310 patitur
728 2250 957 2290 sacram
986 2237 1119 2304 post
1140 2233 1263 2289 haec
1292 2250 1601 2305 superesse
1628 2234 1903 2306 puellam,
2087 2235 2339 2291 Ornatas
2370 2235 2631 2307 pulchre,
2666 2235 2839 2308 pleno
2869 2243 3253 2311 comptasque
3280 2242 3506 2312 decore,

334 2328 440 2385 Per
469 2343 648 2399 quam
680 2327 821 2381 sunt
850 2323 1053 2379 crebro
1078 2322 1362 2378 miracula
1392 2326 1555 2379 tanta
1582 2328 1831 2395 patrata,
2088 2325 2243 2380 Inter
2271 2341 2419 2396 quas
2447 2326 2691 2395 Agnem,
2728 2325 2905 2381 simili
2939 2327 3249 2399 splendore
3280 2332 3589 2405 nitentem,

328 2418 481 2474 Ense
509 2417 613 2472 sed
643 2414 933 2481 immisso,
960 2415 1225 2469 tenerum
1255 2416 1460 2485 gut'ur
1488 2414 1867 2485 penetrando,
2086 2413 2448 2485 Conspexere
2479 2429 2670 2479 suam,
2704 2432 2807 2485 pro
2838 2415 3065 2472 Christo
3097 2418 3551 2491 martyrisatam,

331 2506 601 2579 Martyris
630 2503 874 2577 egregias
896 2501 1179 2575 jugulum
1206 2503 1457 2574 perfodit
1485 2520 1704 2570 amare,
2082 2505 2129 2558 A
2159 2502 2376 2557 dextris
2407 2502 2580 2572 cujus
2612 2503 2740 2558 nive
2770 2503 3075 2561 candidior
3105 2507 3268 2562 stetit
3296 2525 3505 2582 agnus.

329 2598 417 2665 Et,
444 2596 570 2652 vice
598 2610 895 2661 conversa,
930 2593 1086 2665 quod
1119 2609 1234 2647 non
1262 2592 1515 2664 speravit
1544 2593 1769 2664 agendo
2084 2596 2240 2659 Quos
2271 2591 2480 2647 merito
2513 2592 2644 2647 fidei
2678 2592 2847 2647 scivit
2879 2593 3087 2665 dignos
3117 2597 3399 2666 venerari,

330 2685 417 2742 llli
450 2684 712 2758 profecit,
741 2682 833 2738 cui
865 2681 1051 2754 gratis
1080 2681 1287 2736 obesse
1318 2681 1558 2753 cupivit,
2083 2681 2300 2737 Blande
2331 2679 2641 2752 colloquiis
2678 2679 2809 2736 illos
2830 2682 3044 2737 aﬂatur
3072 2684 3299 2753 amicis,

328 2773 760 2831 Transmittens
787 2770 952 2839 ccelo,
977 2788 1154 2843 quam
1185 2771 1477 2826 subtraxit
1508 2770 1660 2827 male
1691 2774 1932 2828 mundo.
2081 2770 2292 2825 Dicens
2324 2786 2481 2824 nunc
2502 2770 2752 2841 gaudete
2772 2772 3382 2843 mecum,gratulando
3400 2791 3503 2847 per
3517 2794 3724 2849 aevum,

321 2866 416 2932 At,
446 2863 572 2930 ubi,
599 2878 703 2934 pro
731 2859 961 2916 Christo
992 2859 1192 2915 lethali
1222 2859 1460 2916 vulnere
1488 2859 1645 2929 laesa,
2080 2860 2223 2914 Sum
2255 2859 2414 2930 quia,
2448 2857 2688 2914 luciflua
2718 2859 2891 2932 Regis
2914 2861 3165 2917 caelestis
3196 2861 3255 2917 in
3286 2864 3440 2936 aula,

322 2954 664 3009 Extremum
695 2949 944 3005 Domino
975 2950 1182 3005 flatum
1216 2949 1406 3005 reddit
1430 2950 1751 3019 moriendo,
2077 2947 2420 3020 Virginibus
2450 2948 2633 3003 sacris
2664 2948 2882 3004 sociata
2912 2950 3244 3021 perenniter
3273 2952 3405 3009 istis

320 3044 529 3115 Atque,
562 3040 677 3096 ﬁde
702 3038 881 3107 salva,
917 3039 1181 3113 gaudens
1212 3039 1507 3095 obdormit
1537 3040 1596 3095 in
1629 3039 1753 3109 illo,
2077 3038 2148 3093 Et
2174 3054 2332 3092 nunc
2363 3036 2422 3091 in
2456 3036 2617 3092 cmlis
2650 3037 2732 3092 illi
2764 3039 3090 3111 eonjungor
3114 3042 3334 3098 amoris

322 3132 498 3189 Ocius
524 3129 770 3204 angelici
801 3133 1008 3197 cretus,
1041 3128 1114 3185 de
1144 3128 1333 3184 sidere
1355 3128 1525 3201 lapsi,
2003 3195 2037 3204 _
2075 3125 2360 3198 Amplexu
2394 3125 2573 3193 dulci,
2601 3142 2776 3198 quem
2810 3144 3043 3199 semper
3073 3134 3268 3185 mente
3298 3131 3453 3187 ﬁdeli

319 3223 616 3288 Astantes,
650 3217 910 3274 animam
939 3217 1106 3273 niveo
1136 3218 1386 3273 candore
1414 3234 1739 3285 coruscam,
1994 3195 2039 3263 (ἶ
2079 3218 2143 3271 In
2175 3214 2347 3270 terris
2371 3214 2545 3283 colui,
2581 3216 2826 3288 cupiens
2856 3217 2982 3273 sine
3014 3218 3127 3273 ﬁne
3156 3220 3328 3275 tueri.

319 3311 436 3366 Nec
468 3326 585 3365 non
607 3307 859 3364 ccelestis
888 3307 1187 3380 perfusam
1215 3306 1343 3362 luce
1375 3306 1603 3375 nitoris,
2074 3305 2176 3361 His
2204 3303 2385 3376 igitur
2413 3302 2586 3359 dictis
2617 3304 2811 3359 subito
2843 3305 3112 3362 discessit
3141 3308 3214 3362 ab
3245 3307 3395 3363 aliis.

319 3399 540 3455 Blande
570 3398 905 3469 suscipiunt
934 3395 1168 3469 laetique
1198 3413 1301 3468 per
1329 3414 1463 3453 aera
1494 3396 1729 3466 tollunt,
2074 3396 2204 3465 Qui,
2236 3395 2487 3450 nimium
2519 3394 2631 3449 laeti
2664 3399 2826 3451 tanto
2857 3396 3140 3453 solamine
3168 3398 3327 3468 facti,

318 3489 584 3561 Congrue
614 3486 821 3543 divina:
851 3484 1045 3541 laudis
1075 3485 1488 3541 resonantibus
1517 3486 1775 3559 hymnis,
2073 3485 2388 3541 Siccabant
2419 3483 2711 3556 lacrymas
2742 3502 2921 3558 super
2950 3487 3078 3556 ejus
3111 3491 3295 3543 morte
3326 3489 3575 3556 refusas,

317 3578 576 3651 Indeque
606 3579 996 3632 transvectam
1026 3574 1232 3630 celeris
1263 3591 1439 3645 super
1466 3574 1696 3630 zetheris
1728 3576 1892 3648 ignes
2073 3576 2143 3630 Et
2171 3574 2377 3630 laudes
2407 3574 2656 3629 Domino
2688 3574 3018 3645 psallebant
3045 3592 3181 3632 voce
3211 3594 3444 3648 canora,

317 3666 553 3723 Ducunt
581 3665 927 3738 astrigeram
958 3662 1158 3735 sponsi
1187 3661 1441 3717 cmlestis
1471 3663 1530 3717 in
1562 3662 1781 3730 aulam,
2075 3664 2184 3731 Qui
2215 3667 2348 3734 post
2377 3663 2527 3717 dura
2556 3662 2682 3717 suis
2713 3663 2919 3717 tribuit
2938 3665 3260 3720 certamina
3286 3669 3505 3724 sanctis

313 3757 362 3812 Α
393 3773 507 3829 quo
540 3754 819 3812 continuo
852 3753 1076 3809 clarum
1110 3751 1391 3807 rutilante
1421 3768 1635 3808 corona
2073 3752 2370 3819 Testibus,
2404 3756 2629 3806 aeternae
2661 3749 2980 3805 clementer
3008 3751 3246 3822 praemia
3268 3753 3418 3809 vitm.

315 3845 596 3915 Donatur,
629 3861 788 3918 purae
818 3860 922 3916 pro
946 3840 1302 3914 virginitatis
1332 3840 1571 3897 honore.

312 3991 3720 4022 Μ

1426 4109 2611 4216 HROTSUITHE

1797 4286 2263 4395 Carmina

1092 4484 1184 4599 DE
1254 4482 1705 4599 PBIMDRDIIS
1773 4483 2087 4602 ΒΠΞΜΟΒΙ
2158 4483 2705 4601 BANDEBSHEIM

1329 4482 1705 4599 llMﬂRllllS
1773 4483 2087 4602 ΒΠΞΜΟΒΙ
2158 4483 2942 4601 BANDEBSHEIMENSIS

517 4816 719 4944 DE
813 4811 1389 4946 GESTIS
1481 4683 2224 4948 ODDOlE‘llS
2314 4818 2364 4942 Ι
2464 4809 3513 4949 lMPRATORIS.

1115 5120 1303 5194 (Apud
1335 5120 1403 5178 D.
1436 5120 1617 5190 Pertz,
1650 5120 1885 5179 Monum.
1923 5124 2113 5179 Germ.
2145 5120 2360 5191 histor.,
2394 5119 2604 5191 Seript.
2634 5122 2771 5176 tom.
2809 5118 2927 5189 IV.)

384 5352 834 5426 Septuagesimo
864 5351 1095 5409 circiter
1122 5370 1276 5410 anno
1298 5357 1611 5426 postquam
1634 5359 1803 5427 poeta
1816 5356 1965 5413 Saxo
1994 5357 2042 5423 D
2072 5354 2463 5412 Christianam
2496 5350 2933 5408 conversionem
2963 5350 3229 5409 versibus
3246 5352 3720 5426 expressit,Hrot—

308 5440 504 5498 Caroli
535 5442 733 5517 Magni
763 5459 856 5499 res
872 5447 1070 5517 gestas
1087 5447 1145 5499 et
1159 5444 1353 5517 gentis
1371 5442 1670 5499 Saxonica:
1692 5444 1762 5499 ad
1781 5445 1956 5501 ﬁdem
2068 5444 2266 5500 suitha
2294 5444 2393 5513 (4),
2427 5440 2724 5513 monialis,
2758 5440 3004 5496 cmnobii
3036 5440 3093 5495 in
3127 5458 3243 5513 quo
3272 5442 3521 5516 degebat
3560 5442 3716 5501 Gan-

384 5597 464 5669 (4)
496 5596 582 5655 Ita
611 5596 672 5654 in
706 5597 930 5673 praefat.
959 5596 1225 5654 Historiae
1246 5595 1537 5667 Marize,in
1556 5597 1671 5653 line
1691 5595 1954 5654 Historiae
2066 5592 2513 5655 resurrectionis
2544 5591 2796 5662 Domini,
2829 5591 2888 5648 in
2924 5591 3260 5667 prtsfatione
3290 5592 3555 5669 Gangolti
3576 5592 3715 5654 etin

634 5733 905 5797 Panos.
950 5731 1290 5795 CXXXVII.
3250 5789 3254 5793 .
3318 5728 3398 5793 36
