4050 6180
352 403 510 466 1135

1156 399 1685 461 HROTSUlTll/E
1729 397 2112 487 MONIALIS'
2155 397 2953 461 GANDERSIIEIMENSIS

3621 399 3788 463 1136

421 535 478 609 2)
501 534 688 592 Editio
718 533 894 591 Celtis
924 535 984 589 in
1018 533 1305 606 Operibus
1329 532 1640 588 Ilrotsuitze
1671 531 2002 588 Norimber-
2027 541 2085 607 Α
2114 531 2501 604 scriptoribus
2531 531 2915 601 Germanicis,
2950 536 3096 588 tom.
3129 534 3202 601 II,
3237 550 3295 606 p.
3327 533 3440 589 ’709
3481 550 3645 606 sqq..
3681 533 3788 588 sed

354 641 443 682 ηαδ
472 624 534 679 in
565 623 702 680 folio
735 623 970 678 an.1501
1007 620 1477 694 prodiit.Textus
1493 620 1699 676 multis
1730 619 1792 674 in
1814 619 1958 675 locis
1979 636 2014 675 a

355 713 552 771 codice
578 712 747 768 unico
773 711 1041 778 discedit,
1067 711 1279 783 partim
1304 728 1495 766 errore
1517 709 1777 777 editoris,
1795 709 2010 780 partim

357 801 459 859 ubi
503 817 628 874 quis
674 799 881 856 vitiose
929 799 1045 874 legi
1092 799 1446 855 videbantur
1485 799 1855 854 emendanda
1883 814 2011 852 esse

357 888 600 946 censuit.
622 891 747 954 Qua
777 889 1017 960 quidem
1043 888 1100 942 in
1123 906 1182 943 re
1203 888 1360 943 haud
1385 889 1561 942 dubie
1586 903 2010 958 nonnunquam

356 980 503 1036 bene
532 979 605 1035 de
637 978 980 1034 llrotsuitha
1010 977 1318 1047 meruit,et
1339 981 1493 1033 certe
1526 977 1778 1048 reliquus
1808 992 2012 1030 omnes

357 1066 609 1126 editores
643 1067 895 1122 multum
927 1065 1242 1134 antecellit,
1267 1083 1690 1136 nonnunquam
1725 1083 1854 1119 vero
1887 1064 2013 1119 sine

353 1158 521 1229 justo.
545 1173 726 1212 causa
752 1159 976 1211 textum
1010 1159 1112 1210 aut
1141 1172 1270 1209 vere
1301 1155 1519 1208 bonum
1551 1159 1650 1207 aut
1677 1153 1776 1224 qui
1813 1152 2010 1208 saltim

360 1244 593 1302 tolerari
624 1249 826 1316 posset
856 1243 1098 1299 arbitrio
1129 1260 1236 1298 suo
1256 1243 1587 1298 immutavit
1616 1242 1700 1296 vel
1726 1241 2015 1313 negligen-

361 1339 452 1391 ter
470 1334 717 1406 exprimi
740 1333 1008 1406 permisit
1035 1351 1048 1400 ;
1081 1336 1137 1386 et
1168 1331 1532 1404 argumentis
1565 1332 1822 1402 capitum
1854 1330 2010 1384 haud

359 1423 508 1479 bene
538 1420 845 1493 perpensis
877 1425 935 1475 et
963 1419 1124 1492 operi
1178 1419 1444 1487 intrusis,
1480 1425 1544 1474 ut
1593 1421 1665 1474 de
1698 1419 1812 1474 ﬁde
1847 1420 2013 1474 llrot-

361 1509 592 1579 suitbaa,
621 1509 766 1564 dum
798 1513 1000 1565 contra
1039 1507 1297 1564 historiae
1348 1508 1652 1563 veritatem
1705 1507 2015 1580 scripsisse

362 1599 732 1664 censebatur,
761 1597 869 1654 viri
901 1597 1058 1653 docti
1090 1597 1450 1666 dubitarent,
1485 1597 1690 1653 effecit.
1727 1598 1860 1663 Quae
1886 1613 2014 1652 ma-

363 1686 497 1745 cula
521 1687 575 1744 ei
607 1687 878 1759 insprrsa
900 1691 1111 1754 nostra
1141 1686 1379 1742 demum
1411 1686 1665 1742 editione
1704 1685 2012 1742 delebitur.

433 1775 611 1833 Celtis
641 1775 799 1832 edito
832 1793 867 1831 a
893 1775 1063 1831 Justo
1099 1775 1361 1831 Reubero
1393 1773 1596 1847 paucis
1630 1775 1689 1830 in
1738 1773 1882 1830 locis
1927 1791 2016 1830 se-

364 1865 623 1923 cundum
645 1863 880 1938 regulas
900 1864 1299 1938 grammatica:
1324 1864 1665 1920 notissimas
1683 1863 2016 1932 emendata,

365 1913 623 2012 ἑιῖῗῖεἶδῖ
645 1913 1247 2010 isseisse—11312;;
1257 1913 1507 2024 esse};
1517 1913 2016 2021 ’ὲξξαίἰῖὀέῐὲιῐ
2045 1913 2093 1978 Β

366 2042 634 2100 Heinrico
667 2042 978 2099 Meibomio
1001 2059 1120 2097 una
1143 2059 1277 2097 eum
1300 2042 1654 2098 Widukindo
1673 2041 1733 2096 in
1751 2040 2021 2110 l'ol.,Vita

366 2129 836 2189 sanctimonialis
869 2135 925 2186 et
956 2129 1435 2186 adnotationibus
1466 2131 1783 2200 historicis,
1804 2128 2019 2201 quibus

365 2219 614 2277 lectores
646 2219 834 2275 nostri
867 2219 1089 2291 absque
1120 2217 1240 2274 ulla
1259 2219 1495 2290 jactura
1525 2236 1718 2274 carere
1749 2224 2017 2292 possunt,

367 2314 561 2378 aucta,
575 2310 678 2366 sed
700 2312 861 2364 textu
884 2308 1197 2380 aliquoties
1217 2325 1518 2380 perperam
1533 2313 1758 2363 mutato
1781 2307 2017 2380 prodiit,

368 2402 578 2472 quarta
607 2397 728 2454 vice
758 2398 1008 2454 an.1688
1038 2397 1110 2453 ab
1147 2396 1411 2453 lleinrico
1445 2396 1758 2453 Mcibomio
1783 2396 2020 2468 juniore

439 2525 555 2594 (36)
587 2525 652 2580 In
683 2524 907 2596 praefat.
943 2524 1015 2578 ad
1048 2523 1351 2596 Oddonem
1382 2525 1427 2593 Ι,
1459 2541 1513 2578 v.
1546 2525 1653 2590 27;
1687 2523 1746 2578 in
1795 2523 2017 2595 praefat.

369 2596 442 2652 ad
475 2595 776 2652 Oddonem
809 2597 881 2663 ll,
915 2612 966 2649 v.
1006 2596 1089 2664 12,
1123 2602 1180 2650 et
1210 2595 1474 2651 versibus
1503 2596 1630 2664 321,
1664 2596 1786 2662 434,
1819 2597 1947 2651 752.

2119 623 2281 676 textu
2311 620 2398 676 vel
2432 620 2622 693 magis
2652 626 2944 692 corrupto,
2978 621 3200 677 inserta
3230 624 3614 679 est.Textum
3647 621 3792 678 Mei-

2122 708 2462 764 bominnum
2499 707 2765 781 repetivit
2797 709 2992 765 lleinr.
3017 710 3235 765 Leonh.
3257 711 3700 767 Schurzfleisch
3732 711 3794 764 in

2121 797 2298 854 editio
2329 815 2360 853 e
2391 799 2644 870 Operum
2680 799 3050 866 llrotsuithaz,
3087 818 3143 872 p.
3178 801 3280 856 175
3311 818 3472 873 sqq.,
3499 818 3600 856 an.
3629 802 3794 868 1707,

2123 888 2533 943 dissertatione
2564 888 2634 942 de
2679 889 2910 958 poctrize
2964 894 3176 944 nostrae
3225 890 3349 945 vita
3399 893 3462 944 et
3511 890 3797 960 operibus

2124 975 2804 1048 prmmissa,adjectoque
2839 977 3030 1034 indice
3064 977 3543 1047 Latiuilatis,sed
3579 979 3802 1034 Meibo-

2124 1065 2224 1120 mii
2257 1064 2562 1119 lectionem
2597 1064 2860 1121 adhibita
2890 1066 3146 1122 editione
3178 1068 3447 1140 principe
3470 1067 3800 1140 aliquoties

2123 1153 2391 1223 correxit,
2424 1159 2481 1208 et
2501 1154 2761 1226 quinque
2795 1155 2849 1208 in
2884 1155 3028 1211 locis
3061 1159 3171 1227 (36)
3208 1176 3242 1211 a
3273 1157 3579 1229 prioribus
3606 1158 3800 1212 edito-

2123 1243 2287 1297 ribus
2318 1244 2618 1308 recedens,
2649 1259 2842 1298 veram
2873 1245 3093 1300 codicis
3123 1245 3436 1301 lectionem
3469 1245 3800 1318 habet,pe-

2121 1331 2267 1386 tenti
2317 1329 2427 1385 sibi
2461 1330 2706 1386 fortasse
2736 1349 2769 1387 a
2795 1333 3100 1388 coenobitis
3132 1335 3322 1390 sancti
3357 1336 3802 1390 Emmerammi

2121 1418 2557 1474 transmissam.
2611 1420 2844 1475 Sextam
2903 1421 3144 1477 demum
3203 1424 3530 1478 editionem
3583 1424 3802 1498 Georg.

2123 1497 2258 1564 Chr.
2288 1507 2529 1564 Joannis
2560 1525 2656 1563 an.
2695 1509 2833 1563 1726
2880 1509 2940 1564 in
2992 1510 3178 1568 altera
3225 1512 3486 1568 editione
3540 1513 3808 1568 Reuberi

2123 1596 2226 1652 SS.
2245 1597 2436 1653 Germ.
2454 1613 2523 1652 ex
2553 1595 2948 1654 Meibomiana
2969 1603 3026 1654 et
3057 1599 3650 1657 Sehurzfleischiana
3673 1619 3812 1658 con-

2125 1685 2303 1754 flavit,
2336 1690 2395 1740 et
2425 1685 2605 1742 semel
2636 1703 2832 1742 veram
2859 1686 3174 1744 lectionem
3209 1690 3281 1746 ab
3314 1689 3661 1746 editoribus
3703 1708 3808 1746 ne-

2124 1773 2372 1847 glectam
2406 1775 2740 1847 conjectura
2772 1781 3082 1833 assecutus
3113 1782 3221 1834 est.

2195 1865 2330 1932 Qua:
2361 1881 2494 1919 cum
2524 1864 2607 1919 ita
2636 1881 2699 1920 se
2726 1864 3001 1934 habeant,
3021 1871 3245 1922 textum
3269 1868 3341 1923 ad
3368 1868 3559 1925 fidem
3583 1870 3809 1926 codicis

2125 1951 2281 2008 unici
2317 1953 2572 2022 restitui,
2605 1958 2664 2008 et
2693 1954 2928 2010 nonnisi
2959 1954 3118 2012 locos
3149 1961 3346 2028 aperte
3377 1965 3714 2031 corruptos
3745 1976 3812 2015 ex

2127 2040 2304 2098 Celtis
2317 2043 2654 2114 conjectura
2665 2047 2766 2100 aut
2783 2049 2983 2100 nostra
2993 2046 3400 2101 emendandos
3415 2049 3810 2120 suseepi(37).

2128 2130 2420 2187 Divisione
2450 2131 2630 2205 igitur
2659 2133 2917 2204 capitum
2962 2133 3198 2205 qualem
3243 2135 3434 2190 codex
3483 2135 3809 2193 exhibebat

2129 2221 2426 2294 adoptata,
2459 2237 2563 2292 pro
2593 2221 2844 2278 rubricis
2875 2238 2910 2276 a
2931 2221 3085 2277 Celte
3119 2223 3305 2278 textui
3337 2223 3602 2280 intrusis
3635 2231 3696 2280 et
3723 2243 3809 2280 er-

2129 2308 2278 2365 roris
2310 2307 2500 2382 plenis
2532 2326 2821 2364 annorum
2843 2326 3123 2366 numeros
3157 2311 3432 2384 ascripsi,
3468 2316 3532 2369 et
3563 2314 3654 2369 ita
3688 2332 3809 2370 me—

2129 2396 2332 2454 liorem
2357 2399 2483 2469 jam
2516 2398 2710 2470 operis
2741 2399 3058 2455 editionem
3088 2417 3374 2473 propono.

2203 2523 2313 2598 (37)
2341 2522 2699 2595 Diphthongi
2731 2538 2784 2580 ίε
2812 2527 2869 2579 et
2895 2541 2963 2591 ιε,
3005 2525 3064 2580 in
3104 2525 3304 2581 codice
3354 2543 3612 2598 perraro
3665 2530 3810 2585 sim-

2130 2593 2266 2667 plici
2295 2611 2326 2650 e
2349 2593 2667 2667 expressae;
2689 2602 3030 2652 constanter
3057 2599 3342 2654 restitutae
3354 2593 3550 2655 sunt.

707 2895 1116 2986 GARMEN
1187 2896 1314 2986 DE
1381 2892 1971 2985 PRIMORDIIS
2039 2891 2469 2983 C(ENOBlI
2537 2872 3308 2984 GARDERSEIMES
3369 2895 3454 2986 S.

444 3217 589 3273 Ecce
617 3233 759 3272 mea:
789 3217 1035 3290 supplex
1067 3219 1084 3254 ι
1115 3216 1357 3272 humilis
1387 3217 1615 3272 devotio
1647 3217 1860 3272 mentis

371 3305 600 3375 Gliscit,
632 3305 817 3362 felicis
848 3305 1169 3378 primordia
1199 3306 1732 3361 Gandeshemensis

373 3394 632 3452 Pandere
662 3394 931 3462 coenobii,
966 3394 1122 3464 quod
1155 3411 1296 3450 cura
1324 3412 1439 3449 non
1470 3394 1763 3468 pigritana

373 3482 762 3538 Construxere
793 3483 972 3537 duces
1001 3483 1295 3538 Saxonum
1319 3484 1454 3554 jure
1485 3488 1771 3554 potentes,

373 3569 688 3628 Liudulfus
717 3572 740 3605 ⁸
765 3587 1038 3644 magnus,
1069 3571 1262 3628 clarus
1294 3590 1526 3645 quoque
1560 3573 1718 3630 ﬁlius
1749 3575 1878 3646 ejus

373 3658 557 3732 Oddo,
592 3659 692 3731 qui
725 3665 980 3732 ereptum
1013 3661 1254 3733 perfecit
1281 3679 1429 3733 opus
1461 3666 1874 3718 memoratum.

443 3819 597 3879 Ordo
627 3839 784 3879 nunc
815 3839 1011 3878 rerum
1044 3823 1306 3896 deposcit
1335 3824 1567 3880 debitus
1599 3825 1831 3894 harum,

372 3908 447 3966 Ut
474 3908 640 3984 prius
669 3910 918 3968 illustris
948 3913 1308 3969 constructio
1337 3914 1870 3972 Gandeshemensis
1953 3921 1959 3928 '

368 3999 516 4072 Apto
547 3999 796 4056 ccenobii
826 4000 1122 4056 recinatur
1151 4001 1410 4056 carmine
1441 4002 1624 4058 nostri
1649 4019 1662 4069 ;

371 4088 538 4154 Quod
570 4105 708 4144 nam
737 4089 1136 4146 construxisse
1168 4091 1376 4146 ducem
1411 4096 1738 4146 reverenter
1770 4092 2021 4148 eundem

370 4175 617 4233 Constat
646 4177 942 4234 Saxonum
975 4195 1150 4250 quem
1183 4179 1423 4252 praedixi
1453 4181 1494 4248 ³,
1531 4179 1900 4249 Liudull‘um,

370 4263 474 4322 Hic
507 4265 920 4338 pranobilium
952 4269 973 4302 δ
1004 4272 1182 4324 natus
1215 4270 1285 4325 de
1319 4270 1499 4342 stirpe
1530 4275 1880 4342 parentum,‘

368 4352 546 4410 Ortus
578 4353 798 4427 quique
824 4354 916 4410 sui
949 4357 1308 4428 respondens
1338 4359 1655 4426 nobilitati,

369 4440 632 4500 Moribus
662 4441 914 4515 egregiis
947 4461 1133 4516 usque
1164 4462 1282 4499 sua:
1317 4447 1627 4516 probitatis

368 4529 526 4586 Inter
554 4531 812 4587 Saxones
839 4531 1018 4588 crevit
1048 4532 1364 4590 laudabilis
1395 4552 1620 4592 omnes.
1843 4591 1850 4598 ,

365 4618 632 4691 Namque
661 4619 774 4674 fuit
801 4622 1100 4688 strenuus,
1135 4621 1322 4676 forma
1352 4621 1716 4695 nimiumque
1747 4625 2011 4695 decorus,

365 4706 630 4763 Prudens
659 4707 718 4762 in
750 4707 963 4776 verbis,
999 4709 1059 4763 in
1090 4709 1319 4764 cunctis
1346 4715 1556 4766 cautus
1587 4713 1850 4783 agendis,

362 4797 551 4868 Atque
581 4796 673 4852 sui
704 4797 934 4869 generis
967 4797 1130 4854 solus
1161 4815 1294 4870 spes
1323 4805 1381 4854 et
1411 4801 1590 4855 decus
1620 4801 1833 4857 omnis.

366 4882 514 4940 Hinc
543 4900 680 4940 nam
715 4883 1070 4941 Francorum
1106 4886 1303 4959 magni
1335 4887 1486 4961 regis
1523 4888 1847 4947 [lludowici
1879 4893 1898 4924 ⁵

367 4971 588 5030 Militiae
615 4973 822 5046 primis
851 4976 872 5008 ⁶
902 4975 1234 5048 adscriptus
1266 4994 1410 5048 pene
1440 4979 1551 5033 sub
1579 4980 1771 5048 annis,

365 5061 436 5118 Et
461 5061 590 5136 ipso
621 5061 794 5136 digne
825 5079 1058 5120 summo
1090 5065 1360 5123 sublatus
1389 5066 1630 5137 honore,

365 5149 568 5207 Gentis
598 5151 893 5208 Saxonum
927 5169 1062 5209 mox
1093 5153 1350 5226 suscepit
1379 5157 1720 5213 comitatum
1750 5177 1762 5226 ;

361 5239 444 5296 Ac
473 5238 588 5298 cito
618 5241 860 5314 majoris
887 5243 907 5277 ⁷
939 5242 1190 5300 donatus
1217 5259 1458 5300 munere
1479 5246 1657 5317 juris,

433 5327 600 5387 Vers.
637 5329 724 5386 17.

2046 3215 2090 3282 C
2130 3213 2498 3286 Principibus
2527 3213 2594 3269 fit
2623 3231 2728 3288 par
2746 3215 2788 3283 ⁸,
2821 3216 3077 3272 ducibus
3108 3217 3210 3273 sed
3241 3233 3351 3272 nec
3381 3217 3499 3274 fuit
3528 3219 3762 3292 impar;

2125 3301 2351 3374 Quique
2378 3303 2399 3337 ⁰
2429 3319 2568 3358 suos
2596 3319 2802 3360 omnes
2831 3303 2970 3359 vicit
2990 3305 3206 3377 pietate
3235 3311 3544 3378 parentes,

2127 3391 2253 3447 Non
2287 3391 2484 3446 minus
2516 3391 2766 3464 insignis
2789 3409 3004 3466 pompa
3032 3395 3304 3450 vincebat
3332 3395 3608 3451 honoris.

2129 3479 2234 3536 Cui
2265 3479 2482 3550 conjux
2509 3481 2550 3515 ¹⁰
2580 3497 2716 3553 ergo
2744 3483 2933 3538 fuerat
2963 3483 3302 3554 praenobilis
3323 3484 3470 3552 Oda,

2130 3568 2299 3624 Edita
2331 3569 2687 3624 Francorum
2720 3569 2876 3627 clara
2905 3571 2978 3626 de
3007 3572 3192 3644 stirpe
3223 3577 3564 3645 potentum,

2132 3655 2278 3713 Filia
2309 3657 2585 3730 Billungi,
2621 3658 2934 3729 cujusdam
2965 3661 3254 3734 principis
3279 3661 3442 3730 almi,

2129 3745 2317 3817 Atque
2345 3746 2508 3801 bona:
2541 3747 2708 3802 fama:
2738 3763 3033 3820 generosa:
3065 3749 3291 3806 scilicet
3324 3751 3477 3806 ZEdas
3513 3754 3556 3786 “

2135 3835 2264 3890 Haec
2294 3835 2473 3907 igitur
2502 3836 2704 3891 crebro
2737 3836 3010 3908 precibus
3042 3845 3426 3896 consueverat
3453 3841 3608 3896 Eda

2135 3923 2208 3978 Se
2237 3927 2541 3996 totamque
2571 3941 2740 3980 suam
2771 3925 3020 3982 Domino
3053 3927 3424 3985 committere
3452 3930 3648 3986 vitam
3673 3949 3690 3994 ;

2134 4011 2359 4084 Saepius
2391 4016 2566 4084 atque
2587 4012 2700 4086 piis
2731 4013 3012 4070 insistens
3043 4016 3252 4073 sedula
3280 4017 3472 4086 factis,

2139 4099 2485 4169 Promeruit,
2520 4102 2665 4158 bene
2698 4103 3006 4175 promissis
3041 4105 3250 4161 edoeta
3275 4107 3582 4178 supernis,

2135 4188 2388 4258 Discere,
2423 4189 2680 4262 baptista
2707 4189 2925 4248 Christi
2957 4193 3244 4249 referente
3274 4194 3470 4266 beato,

2136 4278 2298 4342 Quod
2328 4295 2438 4334 sua
2465 4279 2772 4351 progenies
2805 4280 2981 4338 seclis
3006 4282 3362 4354 quandoque
3397 4284 3620 4340 futuris

2138 4365 2493 4423 Possessura
2523 4369 2566 4402 ¹²
2593 4369 2740 4424 foret
2759 4369 2917 4440 juris
2946 4371 3129 4426 decus
3160 4371 3512 4442 imperialis.

2202 4455 2354 4512 Erho
2385 4460 2703 4513 nocturnas
2733 4459 3031 4530 quondam
3064 4459 3372 4518 scindente
3403 4463 3684 4518 tenebras

2045 4579 2092 4644 D
2130 4546 2358 4601 Aurora
2388 4544 2539 4602 lucis
2569 4545 2880 4618 splendore
2911 4552 3030 4603 sita:
3061 4548 3386 4619 rutilantis,

2130 4635 2254 4688 llaec
2286 4639 2577 4705 prostrata
2607 4652 2836 4691 sacram
2867 4635 3036 4692 solito
3059 4637 3253 4709 jacuit
3282 4655 3462 4695 secus
3494 4658 3681 4709 aram,

2123 4722 2426 4778 Sacratam
2467 4723 2577 4778 sub
2611 4723 2880 4796 baptista:
2903 4725 3193 4782 Johannis
3219 4727 3467 4796 honore,

2123 4810 2303 4866 Oratu
2332 4810 2624 4883 pulsando
2649 4812 2781 4885 jugi
2809 4813 3133 4885 penetralia
3162 4814 3318 4871 cceli.

2122 4898 2386 4972 Cumque
2418 4900 2575 4972 piam
2603 4901 2816 4956 studiis
2847 4907 3103 4959 mentem
3136 4902 3365 4960 laxaret
3399 4906 3460 4961 in
3495 4905 3632 4974 illis,

2122 4985 2281 5042 Vidit
2309 5004 2494 5059 prona
2520 4989 2696 5061 pedes
2729 4989 3007 5060 hominis,
3041 4993 3319 5065 proprius
3350 4994 3466 5052 sibi
3500 4994 3727 5051 stantis.

2121 5077 2202 5130 Ac
2231 5081 2526 5134 commota
2558 5095 2790 5150 parum,
2822 5079 3088 5136 volvebat
3119 5086 3354 5154 pectore
3386 5084 3662 5152 multum,

2124 5163 2265 5233 Quis
2291 5165 2439 5222 foret
2469 5165 2588 5237 ille,
2623 5185 2798 5224 suum
2832 5169 2933 5242 qui
2965 5172 3320 5229 conturbare
3352 5179 3652 5231 secretum

2199 5253 2360 5312 Vers.
2395 5255 2483 5310 40.

1718 5434 1961 5493 VARIIE
1992 5439 2416 5500 LECTIONES.

336 5525 342 5532 ’
433 5527 452 5562 ¹
481 5525 712 5610 supplet
743 5528 792 5610 1ἔ
871 5529 948 5584 ita
975 5537 1282 5610 constanter
1310 5531 1614 5610 emendavi.
1647 5533 1965 5610 Liudulfus
1989 5537 2149 5594 edi'iz'.
2225 5541 2248 5574 ³
2279 5539 2421 5596 Plixi
2455 5543 2505 5610 1,
2583 5544 2603 5578 ⁴
2631 5543 2959 5602 Pnobilium
2993 5547 3043 5602 1.
3122 5549 3142 5582 ³
3173 5547 3504 5608 Illludovici
3541 5553 3591 5608 1.
3665 5553 3780 5609 ‘11:

364 5597 669 5668 σωιῙὶσίιΒ.
703 5615 772 5720 pr

364 5669 418 5720 2.
497 5668 539 5701 ¹²
564 5670 640 5720 ita
672 5671 696 5720 1
740 5711 752 5720 .

361 5669 418 5747 2.
497 5668 539 5701 ¹²
564 5670 640 5724 ita
672 5668 752 5724 1b.
786 5671 839 5724 4.
876 5668 1264 5731 Promeritura
1295 5675 1522 5749 conjecit
1551 5677 1604 5733 3.

775 5598 1715 5699 tingi};Algigjot'juélmf(£1068!
1745 5608 1768 5662 1
1805 5609 2080 5682 supplevit
2099 5611 2154 5668 3.
2235 5614 2256 5648 ο
2285 5598 2553 5687 Quinque
2586 5598 2640 5671 4.
2675 5598 3080 5692 "io"e6iij'dx’i.
3159 5598 3634 5684 fel-665311.31:
