4050 6180
397 271 551 334 1139

391 409 586 468 Utitur
609 411 654 446 ³⁷
683 409 776 467 bis
805 409 1000 468 verbis
1028 414 1152 468 tota
1177 411 1485 467 dulcedine
1515 409 1714 467 mixtis
1749 425 1762 464 :

395 521 424 551 «
448 499 652 556 Inclite
682 516 853 574 papa,
883 501 1003 558 tuis
1033 517 1104 556 ne
1135 501 1216 555 sis
1245 501 1430 555 durus
1459 499 1808 572 peregrinis,

391 588 501 656 Qui
533 589 603 644 de
633 588 971 663 longinquis
996 594 1283 644 terrarum
1314 588 1582 644 venimus
1613 587 1731 644 oris

393 678 734 734 Muneribus
765 679 950 733 nostri
986 677 1302 734 famulatus
1335 683 1390 734 te
1419 678 1702 734 venerari.

391 767 648 823 Nitimur
674 767 937 823 ardentis
966 771 1086 822 toto
1119 767 1425 822 conamine
1457 765 1672 822 mentis

391 858 649 915 Condere
673 857 1004 914 coenobium
1028 855 1260 912 Domini
1285 856 1394 910 sub
1417 855 1634 910 honore
1655 853 2039 919 sacrandum;

391 947 555 1004 Unde
586 947 824 1020 quidem
854 946 1046 1002 visum
1078 945 1248 1000 nobis
1279 949 1369 999 est
1401 943 1652 999 maxime
1674 944 1905 1014 justum

390 1039 438 1094 A
469 1042 523 1094 te
553 1037 781 1094 consilii
812 1037 1075 1093 solamen
1108 1052 1363 1107 quaerere
1394 1033 1532 1088 certi

393 1129 466 1185 Et
493 1128 754 1184 studium
785 1125 972 1182 nostri
1001 1123 1106 1180 tibi
1140 1124 1248 1178 rite
1279 1123 1568 1196 precando
1601 1121 1792 1188 lateri,

393 1217 503 1285 Qui
533 1219 709 1290 caput
735 1213 993 1270 ecclesia:
1025 1217 1146 1269 toto
1177 1211 1500 1268 dominaris
1531 1211 1589 1266 in
1621 1210 1786 1276 orbe;

395 1309 538 1375 Quo,
573 1305 622 1362 si
652 1306 798 1360 forte
829 1303 935 1359 tibi
966 1303 1192 1375 placeat
1211 1302 1437 1357 devotio
1469 1299 1674 1367 nostri,

392 1393 686 1450 Auxilium
713 1394 1004 1466 prazbente
1033 1396 1134 1446 tua
1164 1390 1376 1464 pietate
1407 1395 1668 1462 paterna,

393 1484 556 1550 Quod
585 1481 736 1539 votis
765 1483 1048 1555 gerimus,
1085 1481 1252 1536 factis
1287 1481 1431 1536 bene
1462 1477 1856 1551 perﬁciamus.

391 1574 471 1628 Ac
501 1576 563 1628 tu
585 1573 628 1608 ³⁸
652 1603 717 1613 ——
735 1571 1044 1628 consilium
1072 1569 1252 1625 nimis
1281 1569 1488 1624 merito
1511 1567 1844 1640 flagitamus
1865 1597 1933 1606 —

393 1665 694 1738 Susceptis
723 1662 894 1720 donis
924 1661 1197 1718 clementi
1227 1664 1458 1732 pectore
1487 1659 1725 1726 nostris,

391 1755 624 1812 Scilicet
654 1757 712 1810 et
740 1751 894 1825 regis
923 1749 1264 1822 compulsus
1294 1765 1490 1804 amore
1522 1747 1814 1821 perennis,

393 1847 610 1902 Praesta
639 1848 978 1900 sanctorum
1011 1839 1182 1896 nobis
1214 1856 1380 1896 sacra
1418 1838 1684 1911 pignora,
1717 1853 1968 1909 quorum

391 1934 596 1993 Omnis
625 1933 874 1989 cmnobii
899 1931 1256 1988 constructio
1287 1929 1476 2002 possit
1504 1927 1710 1984 honori

389 2027 536 2098 Apte
575 2023 820 2096 signari,
851 2021 1034 2076 sacris
1065 2017 1407 2089 meritisque
1427 2018 1474 2052 ⁸⁹
1502 2016 1672 2071 tueri.

391 2114 581 2186 thue
611 2111 688 2168 sit
725 2111 948 2181 absque
977 2109 1124 2179 jugo
1160 2123 1363 2178 regum
1397 2122 1498 2176 per
1527 2103 1682 2160 secla
1710 2107 2036 2174 potentum,

389 2203 506 2259 Nec
535 2205 901 2257 terrenorum
933 2195 1191 2270 patiatur
1220 2195 1335 2250 vim
1369 2193 1764 2262 dominorum,

390 2291 508 2347 Hoc
538 2287 778 2345 rectoris
809 2285 1114 2359 apostolici
1145 2283 1336 2340 solum
1370 2283 1575 2338 ditioni

388 2377 804 2446 Tradimus,ad
817 2374 1245 2431 defendendum
1259 2372 1590 2445 pariterque
1602 2371 1921 2442 regendum
1936 2371 2034 2426 ιο.»

389 2469 520 2524 Hinc
550 2469 687 2523 dux.
711 2467 782 2522 Et
800 2466 838 2500 ⁴¹
865 2479 1138 2519 summus
1169 2461 1379 2534 priesul
1403 2461 1486 2516 sic
1509 2459 1746 2532 Sergius
1779 2477 1950 2516 orsus

389 2557 587 2630 Inquit
617 2571 630 2611 :
659 2577 688 2608 ‹‹
718 2557 799 2611 Te
832 2551 958 2608 miti
991 2551 1344 2623 complector
1373 2555 1623 2622 pectore,
1658 2549 1760 2617 fili,

385 2646 846 2716 Consortemque
876 2646 1038 2697 tuam
1071 2639 1288 2713 pariter
1313 2637 1669 2710 complector
1697 2638 2032 2708 amandam,

385 2737 573 2808 Atque
601 2733 716 2806 piis
746 2731 960 2790 studiis
990 2731 1253 2803 gaudens
1283 2728 1619 2800 congaudeo
1647 2726 1876 2794 vestris,

385 2823 503 2880 Nec
527 2823 694 2879 vobis
723 2821 894 2878 credo
916 2820 1005 2874 fas
1034 2835 1163 2875 esse
1183 2819 1228 2852 "
1257 2833 1469 2890 negare
1501 2815 1702 2888 petita.

385 2912 490 2969 Hic
519 2913 636 2967 duo
665 2914 920 2967 rectores
951 2909 1183 2962 fuerant
1213 2905 1529 2977 aliquando
1559 2907 1844 2976 potentes,

386 3001 602 3058 Przesul
631 2999 979 3056 Anastasius
1008 2997 1164 3052 sedis
1195 2995 1606 3051 sanctissimus
1639 2994 1840 3066 hujus,

385 3093 456 3147 Et
485 3089 913 3163 coapostolicus
943 3103 1106 3142 sacer
1135 3083 1509 3139 Innocentius
1538 3083 1695 3153 ejus;

1169 277 1696 341 HROTSUITHAE
1743 276 2116 344 MONIALIS
2163 279 2977 351 GANDl‘IltSHElMENSIS.

3655 298 3812 360 1140

2067 411 2126 481 Α
2155 413 2289 469 Mox
2319 431 2737 489 responsurum
2770 419 2956 490 factis,
2987 421 3201 494 inquit,
3235 427 3544 500 studiosis,

2153 504 2262 570 Qui
2295 503 2442 560 foret
2470 505 2712 563 ecclesia
2743 509 2958 581 dignus
2988 528 3122 568 mox
3151 516 3522 576 aediﬁcanda.

2154 591 2228 648 Ut
2258 592 2368 648 fert
2396 593 2714 652 multorum
2745 601 3034 656 sententia
3061 619 3191 660 vere
3211 607 3254 641 ‘7
3285 608 3610 680 scientum,

2155 681 2423 738 Proxima
2451 687 2710 742 cmnobio
2744 687 2930 744 fuerat
2963 695 3103 746 tunc
3135 693 3362 764 silvula,
3399 698 3603 757 cincta
3623 703 3672 736 ⁸³

2153 769 2414 827 Collibus
2446 775 2758 842 umbrosis,
2793 779 3007 849 quibus
3038 785 3096 836 et
3125 799 3232 838 nos
3259 785 3566 858 cingimur
3593 789 3782 863 ipsis;

2153 859 2386 914 Necnon
2420 861 2479 917 in
2513 863 2657 919 silva
2685 865 2874 922 fuerat
2903 867 3016 924 sita
3050 872 3291 941 parvula
3318 875 3479 944 villa,

2154 947 2218 1002 ln
2248 966 2363 1020 qua
2395 950 2645 1007 Liudulfi
2678 953 2831 1010 soliti
2861 957 3156 1016 stabulare
3185 963 3442 1033 subulci,

2153 1036 2310 1094 Intra
2339 1045 2506 1112 septa
2535 1041 2639 1097 viri
2671 1046 2982 1116 cujusdam
3011 1047 3166 1104 lassa
3197 1053 3384 1123 quieti

2152 1125 2404 1198 Corpora
2435 1133 2735 1188 nocturnis
2767 1151 2876 1190 sua
2904 1151 3283 1208 composuere
3314 1143 3426 1199 sub
3457 1145 3654 1215 horis,

2151 1215 2301 1306 llum
2335 1218 2446 1273 sibi
2478 1221 2826 1279 commissos
2855 1225 3143 1282 debebant
3166 1246 3407 1300 pascere
3437 1251 3681 1306 porcos.

2151 1304 2255 1360 Hic
2287 1308 2606 1378 quondam,
2640 1327 2772 1366 cum
2805 1320 3143 1371 sanctorum
3174 1304 3508 1379 venerabile
3540 1325 3774 1382 festum

2150 1394 2318 1485 Esset
2347 1404 2691 1485 cunctorum
2723 1417 2857 1457 mox
2885 1409 3017 1476 post
3049 1405 3297 1462 biduum
3330 1410 3796 1485 celebrandum,

2151 1483 2271 1538 Sub
2302 1484 2488 1542 noctis
2520 1486 2706 1544 claras
2736 1491 2996 1548 tenebris
3027 1495 3229 1552 ardere
3259 1496 3538 1556 lucernas

2151 1572 2214 1627 In
2247 1572 2394 1629 silva
2423 1576 2642 1633 multas
2673 1578 2784 1651 ipsi
2815 1581 3008 1638 videre
3043 1583 3300 1642 subulci.

2149 1661 2253 1718 His
2283 1663 2443 1732 visis,
2477 1668 2672 1722 cuncti
2704 1667 3071 1728 mirabantur
3099 1676 3437 1746 stupefacti,

2149 1751 2296 1816 Quid
2329 1770 2476 1810 nova
2507 1755 2870 1828 splendentis
2901 1759 3069 1816 vellet
3100 1763 3211 1820 sibi
3241 1763 3392 1822 visio
3424 1767 3605 1836 lucis,

2150 1839 2296 1896 Miro
2329 1847 2649 1900 nocturnas
2678 1846 2954 1904 scindens
2982 1849 3293 1922 splendore
3321 1855 3609 1913 tenebras
3633 1877 3649 1926 ;

2151 1928 2386 2002 Hocque
2415 1932 2630 1988 domus
2655 1934 2804 2004 patri
2837 1945 3220 1994 narraverunt
3249 1944 3608 2014 tremefacti,

2151 2015 2614 2108 Demonstrando
2645 2021 2858 2094 locum,
2881 2042 3056 2098 quem
3085 2027 3182 2084 lux
3214 2031 3561 2102 perfuderat
3590 2034 3823 2108 ipsum.

2150 2107 2256 2172 Qui
2289 2107 2416 2164 visu
2449 2109 2603 2166 clare
2624 2111 2668 2146 δί’
2696 2113 2938 2185 cupiens
2967 2117 3166 2173 audita
3197 2120 3474 2190 probare,

2147 2195 2321 2251 Extra
2352 2201 2503 2256 tecta
2531 2200 2744 2256 domus
2775 2201 2892 2259 illis
2923 2203 3196 2264 habitans
3232 2211 3522 2276 sociatus,

2151 2284 2486 2342 lnsomncm
2517 2289 2692 2362 coepit
2719 2297 2946 2348 noctem
2973 2311 3202 2352 servare
3234 2307 3618 2371 sequentem,

2149 2375 2272 2430 Non
2295 2377 2340 2411 ⁵ο
2370 2376 2652 2434 claudens
2683 2381 2883 2437 oculos
2911 2399 3118 2440 somno
3157 2389 3442 2445 suadente
3472 2399 3791 2464 gravatos,

2147 2463 2339 2520 Donec
2372 2484 2688 2524 succensas
2719 2487 2924 2527 rursus
2954 2472 3196 2530 rutilare
3226 2475 3503 2536 lucernas

2144 2553 2328 2609 Aucte
2359 2555 2657 2614 vincentes
2687 2576 2928 2615 numero
2959 2561 3152 2619 videre
3176 2565 3424 2636 priores,

2147 2641 2277 2732 Ipso
2306 2643 2520 2716 quippe
2551 2644 2698 2715 loco,
2728 2647 2828 2702 sed
2861 2649 3054 2720 prisco
3085 2668 3264 2724 quam
3297 2655 3466 2727 prius
3489 2659 3533 2693 ⁸¹
3572 2659 3764 2732 hora;

2145 2731 2372 2788 Ominis
2403 2731 2512 2789 hoc
2543 2734 2779 2806 signum
2814 2737 3000 2795 felicis
3029 2757 3285 2814 namque
3315 2761 3599 2804 serenum

2144 2819 2217 2909 Ut
2247 2820 2497 2878 Phcebus
2529 2825 2723 2881 radios
2754 2829 3067 2901 spargebat
3096 2831 3169 2886 ab
3201 2833 3413 2890 aethere
3443 2837 3708 2909 primos,

2145 2908 2234 2965 Fit
2267 2915 2492 2980 notum,
2527 2912 2685 2969 fama
2706 2917 2934 2972 cunctis
2965 2919 3246 2990 prodente
3268 2923 3559 2993 jocunda.

2144 2999 2258 3054 Nec
2289 2999 2531 3056 latuisse
2561 3002 2770 3058 ducem
2796 3004 3042 3078 dignum
3076 3010 3269 3081 potuit
3299 3011 3684 3083 Liudulfum,

2141 3090 2323 3144 Aures
2354 3091 2454 3144 sed
2486 3091 2662 3148 citius
2693 3093 2846 3148 dicto
2877 3094 3215 3166 pulsaverat
3242 3101 3390 3171 ejus.

385 3181 491 3248 Qui
528 3153 660 3252 post
688 3183 979 3252 pastorem
1013 3175 1244 3230 Petrum
1291 3171 1652 3244 Paulumque
1683 3171 2030 3244 magistrum
2065 3153 2108 3220 α
2143 3177 2387 3250 Ipseque
2417 3185 2646 3236 sacrata
2677 3182 2808 3236 festi
2835 3153 2971 3238 mox
3003 3153 3386 3245 noctefu'turi

384 3269 654 3325 Ecclesiae
685 3265 910 3322 meritis
940 3263 1198 3320 celebres
1227 3261 1440 3316 fulsere
1470 3261 1792 3332 supremis;

387 3361 646 3424 Quorum
675 3359 798 3411 tam
829 3370 1044 3424 magna
1075 3354 1380 3406 servantur
1408 3366 1648 3420 corpora
1677 3365 1818 3404 cura

377 3447 633 3502 Actenus
663 3461 697 3498 a
727 3442 954 3498 cunctis
985 3441 1164 3510 hujus
1194 3437 1516 3492 rectoribus
1545 3435 1729 3506 urbis,

379 3537 452 3592 Ut
481 3551 587 3590 nec
618 3530 966 3606 particulam
999 3528 1313 3600 quisquam
1355 3527 1710 3582 subtraxerit
1739 3543 2022 3600 unquam,

379 3623 553 3680 Pleno
579 3623 978 3679 membrorum
1011 3633 1254 3672 numero
1287 3621 1621 3671 remanente
1651 3633 1972 3673 sacrorum.

373 3713 484 3769 Sed
518 3712 656 3786 quia
678 3713 813 3784 jure
844 3707 956 3782 piis
986 3705 1299 3762 concedere
1330 3705 1510 3760 debeo
1540 3703 1689 3759 votis
1717 3705 1780 3772 ‘3,

370 3804 692 3860 Amborum
722 3801 836 3872 (41)
864 3796 1028 3854 vobis
1059 3795 1286 3851 donabo
1319 3794 1563 3867 pignora
1591 3794 1794 3867 gratis,

369 3891 722 3966 Corporibus
752 3887 937 3945 sacris
967 3884 1200 3941 abscisa
1227 3884 1273 3918 “
1302 3887 1568 3954 patenter
1595 3883 1668 3938 ab
1699 3882 1874 3956 ipsis;

367 3981 430 4038 Si
460 3982 828 4038 sacramento
859 3973 1224 4030 confirmatis
1253 3971 1398 4026 mihi
1429 3971 1602 4039 facto,

367 4071 497 4126 Haec
529 4070 590 4124 in
621 4066 869 4124 caanobii
900 4062 1161 4120 venerari
1185 4063 1314 4132 jam
1346 4059 1650 4116 memorati

367 4159 508 4215 Fine
537 4163 712 4213 tenus
735 4153 955 4226 templo
985 4151 1159 4208 vestri
1189 4149 1518 4204 munimine
1549 4149 1592 4183 ‘5
1622 4149 1794 4218 facto,

365 4247 544 4303 Nocte
571 4245 780 4317 dieque
809 4242 992 4300 sacris
1023 4239 1142 4296 illic
1174 4237 1586 4294 resonantibus
1619 4239 1872 4311 hymnis,

363 4335 601 4392 Necnon
629 4348 874 4389 accenso
907 4327 1180 4402 prmelaro
1210 4325 1434 4382 lumine
1464 4344 1714 4399 semper.

363 4425 482 4481 Hoc
511 4428 569 4480 et
599 4419 902 4496 apostolici
925 4418 1102 4490 juris,
1137 4416 1290 4471 sicut
1319 4420 1375 4470 et
1404 4415 1676 4487 petiistis,

360 4511 702 4569 Cmnobium
735 4506 916 4565 nostri
950 4505 1330 4578 designamus
1361 4502 1587 4571 ditioni,

357 4601 431 4658 Ut
449 4603 493 4636 ⁴⁶
519 4605 880 4656 terrenorum
912 4595 989 4652 sit
1019 4608 1292 4650 securum
1323 4592 1717 4650 dominorum.
1742 4618 1769 4645 ››

355 4691 457 4746 His
488 4691 606 4746 dux
635 4685 942 4762 promissis
970 4683 1202 4738 lmtatus
1233 4681 1426 4748 corde,
1458 4682 1724 4739 verendis

353 4778 646 4836 Mandatis
675 4794 737 4832 se
768 4774 1063 4849 pontificis
1094 4771 1315 4830 summi
1345 4769 1466 4826 fore
1495 4771 1679 4828 sacris

422 4867 587 4923 Vers.
621 4867 744 4922 182.
794 4928 804 4933 _

2140 3267 2468 3322 Observans
2499 3275 2690 3338 caute,
2721 3269 2770 3326 si
2805 3271 3124 3345 quicquam
3157 3282 3359 3348 postea
3390 3280 3510 3337 tale

2139 3354 2376 3412 leitus
2407 3357 2626 3413 ostensi
2657 3365 3011 3417 monstraret
3029 3363 3075 3398 ⁸³
3105 3365 3251 3422 visio
3282 3367 3457 3441 signi,

2137 3445 2282 3500 Cum
2313 3445 2516 3501 multis
2547 3445 2754 3502 silvam
2787 3466 3004 3520 pernox
3033 3463 3413 3526 conspexerat
3442 3458 3672 3532 ipsam.

2136 3536 2250 3590 Nec
2281 3552 2466 3600 mora,
2498 3553 2634 3591 cum
2667 3537 2880 3594 nebula
2907 3544 3096 3598 terras
3127 3559 3233 3600 nos
3265 3549 3490 3602 texerat
3518 3553 3679 3618 atra,

2134 3623 2402 3696 Undique
2433 3622 2718 3681 silvestris
2745 3643 2848 3698 per
2873 3643 3084 3700 gyrum
3116 3631 3369 3704 denique
3399 3635 3596 3705 vallis,

2133 3715 2195 3770 In
2227 3732 2342 3786 quo
2375 3715 2744 3771 fundandum
2777 3716 2966 3773 fuerat
2996 3721 3310 3790 prmnobile
3336 3726 3663 3798 templum,

2130 3803 2343 3859 Ordine
2372 3803 2658 3875 disposito
2689 3810 3013 3862 cernuntur
3043 3808 3271 3867 fumiua
3298 3811 3500 3884 plura:

2127 3895 2262 3958 Quae
2293 3891 2471 3948 simul
2503 3893 2778 3949 arboreas
2807 3895 3052 3952 umbras
3081 3899 3390 3972 noctisque
3419 3906 3706 3964 tenebras

2125 3980 2288 4038 Clare
2319 3981 2590 4054 pollentis
2621 3983 2972 4040 scindebant
3001 3985 3131 4043 luce
3161 3988 3392 4045 nitoris.

2125 4069 2268 4126 Hinc
2300 4069 2477 4126 simul
2510 4073 2768 4126 astantes
2797 4071 3046 4128 Domino
3078 4073 3315 4132 laudem
3349 4078 3705 4154 referentes,

2121 4158 2338 4214 Omnes
2367 4174 2495 4213 esse
2524 4157 2718 4213 locum
2751 4159 3068 4216 firmabant
3095 4163 3600 4225 sanctiﬁcandum

2120 4247 2260 4318 Ejus
2291 4247 2363 4302 ad
2395 4247 2766 4318 obsequium,
2799 4247 2902 4320 qui
2927 4247 3057 4305 luce
3088 4251 3416 4324 repleverat
3445 4255 3644 4324 illum,

2117 4338 2189 4392 At
2219 4336 2335 4391 dux
2364 4335 2582 4392 caelesti
2615 4352 2731 4391 non
2763 4335 3029 4408 ingratus
3059 4338 3284 4410 pietati,

2115 4425 2436 4480 Arboribus
2467 4440 2602 4479 mox
2631 4423 2879 4480 succisis
2909 4426 3217 4500 spinisque
3249 4431 3512 4501 rejectis,

2037 4522 2082 4588 ι)
2115 4517 2532 4585 Consensuque
2561 4529 2681 4568 sua:
2711 4512 2932 4568 dilectae
2962 4516 3236 4590 conjugis
3267 4519 3427 4590 Odze,

2113 4603 2362 4658 Omnino
2393 4600 2604 4657 vallem
2634 4601 2908 4656 mandari
2930 4604 3118 4675 jussit
3147 4609 3432 4678 eandem;

2109 4691 2562 4762 Silvestremque
2581 4689 2776 4745 locum
2801 4691 3017 4746 Faunis
3044 4696 3454 4770 monstrisque
3485 4701 3773 4774 repletum

2109 4779 2268 4837 Fecit
2296 4778 2647 4834 mandatum
2677 4777 2890 4836 divinis
2920 4778 3198 4838 laudibus
3229 4789 3464 4858 aptum.

2171 4869 2341 4925 .Vers.
2373 4869 2500 4924 232.

1701 4987 1939 5046 VARl/E
1979 4994 2398 5052 LECTIONES.

415 5091 460 5126 ετ
493 5093 567 5147 ita
599 5089 784 5169 ιςίὺρ,
816 5086 1138 5169 matiam.
1163 5084 1480 5169 Utique};
1491 5085 1563 5141 Ut
1592 5085 1772 5169 igitur
1803 5089 1912 5169 1b._
1969 5091 2024 5169 ξε.
2044 5094 2123 5148 ita
2148 5093 2198 5169 _1_.
2234 5092 2326 5146 1b.
2353 5090 2654 5169 I.e_ibnit_ius
2683 5090 3232 5169 agendumproponit
3257 5098 3394 5169 Arte
3426 5102 3770 5159 consilium-

348 5179 483 5290 ?“0:
518 5159 659 5236 9³⁸οά
708 5162 759 5214 [‘-
794 5160 1002 5230 νθσίρίί·
1078 5157 1124 5191 ³³
1155 5158 1230 5212 ita
1275 5157 1416 5229 00"}.-
1535 5157 1867 5240 {nc’ntisque
1894 5163 1942 5216 1.
1978 5163 2068 5218 1b.
2145 5162 2527 5246 ‘°.regundum
2555 5163 2605 5217 4.
2685 5157 2730 5196 ⁴ῖ
2757 5164 2830 5218 At
2875 5157 3144 5222 Leilmih'o
3189 5168 3460 5227 suadazte
3488 5157 3565 5228 ἐξ
3600 5157 3770 5231 "(Ea

385 5235 441 5289 b.
476 5235 515 5289 f.
549 5251 600 5290 e.
635 5250 685 5288 c.
721 5233 771 5286 1.
848 5231 892 5264 ‘3
922 5237 1038 5290 post
1062 5229 1384 5283 Amborum
1415 5227 1762 5290 distinguunt
1787 5233 1838 5286 3.
1877 5233 1928 5287 4.
2005 5235 2050 5268 ⁴⁴
2079 5235 2279 5290 abusa
2311 5237 2362 5290 1,
2397 5235 2487 5290 ιι),
2521 5234 2574 5288 4,
2651 5233 2696 5268 ιδ
2727 5236 2803 5289 ita
2835 5235 2924 5290 η).
2957 5237 3011 5290 3.
3046 5238 3292 5290 numine
3326 5243 3376 5290 L
3459 5244 3506 5278 ιε
3537 5243 3610 5290 nt
3636 5248 3764 5290 mli.

385 5235 441 5289 δ’
470 5227 771 5318 cuca!’
848 5227 1038 5318 ῗ-Ροεί
1062 5227 1392 5318 Αηξδφιᾞῐῐξ
1415 5227 1838 5318 άίκξξηρᾳαηίεῧ.
1973 5227 2362 5318 ““nabeisavll.
2391 5234 2574 5318 1b.”1i.
2643 5233 2696 5318 ff
2727 5236 2803 5318 ita
2835 5235 2924 5290 1b.
2957 5237 3433 5318 3..num‘ine
3459 5244 3506 5278 ‘5
3532 5227 3610 5301 Ut
3636 5227 3764 5318 qﬁ}:

345 5306 480 5382 dam
519 5309 571 5382 t._
605 5306 656 5359 1.
689 5303 781 5382 1b.
826 5301 1065 5382 .‘7_'vera
1113 5302 1253 5382 conj.
1281 5301 1334 5354 3.
1501 5301 1652 5382 M3_ita
1699 5303 2006 5382 cnwpdayit
2045 5307 2098 5372 3,
2141 5312 2352 5382 cuncta
2383 5307 2432 5360 1.
2471 5305 2560 5382 1b.
2639 5306 2684 5339 ιθ
2713 5304 2866 5382 claro
2916 5309 3145 5382 conject?
3169 5311 3225 5365 3.
3305 5313 3350 5347 ⁵ο
3381 5313 3558 5374 Nunc
3588 5301 3758 5374 ibi}.

343 5378 382 5412 ⁵⁸
417 5379 495 5432 ita
526 5377 616 5432 1b.
651 5375 785 5448 plus
818 5375 867 5428 1.
896 5377 1122 5445 fortasse
1148 5372 1340 5443 prisca
1369 5371 1694 5442 legendum;
1727 5373 1824 5428 sed
1860 5374 2021 5446 prius
2051 5371 2227 5448 quam
2261 5378 2454 5450 prisca
2483 5376 2644 5430 hora.
2721 5378 2766 5411 ⁵³
2795 5371 3136 5434 monstrarit
3171 5382 3220 5435 1.

1918 5491 2150 5552 NOT/E.

413 5582 526 5654 (41)
557 5581 790 5640 Scilicet
817 5577 1159 5654 praesulum.
