4050 6180
227 336 354 400 1141
968 327 1285 394 CARMEN
1329 333 1431 396 DE
1477 330 1856 395 PRIMORD.
1902 326 2220 395 GCENOB.
2270 324 2873 395 GANDEBSHEIM.
3486 330 3642 400 1142

228 472 373 540 Hine,
409 485 555 543 quos
586 464 780 541 poscit
808 482 977 539 opus,
1002 467 1167 539 prius
1190 467 1681 540 acquirens‘asibi
1702 482 1864 521 sum-
1891 465 1949 533 Α
1980 465 2195 523 Omnia
2225 463 2538 520 materiam
2570 470 2816 535 possent
2844 467 3093 529 traxisse
3112 468 3424 546 petrinam.

1671 554 1857 628 [ptus,
1974 556 2121 612 Hinc
2153 553 2349 626 magis
2379 556 2559 622 atque
2590 556 2787 627 magis
2817 562 2937 615 toto
2972 563 3280 619 conamine
3318 561 3533 619 mentis

227 650 476 708 Pretinus
506 646 767 703 ecclesiis
798 646 1123 703 construxit
1153 646 1370 702 mmnia
1400 645 1655 717 pulchris
1686 644 1751 709 “,
1974 646 2249 703 Faetores
2278 639 2505 711 templi,
2540 640 2781 701 Domini
2813 649 2923 704 sub
2956 650 3174 707 honore
3204 652 3496 720 sacrandi,

226 743 343 810 Quae
374 736 654 811 splendor
683 736 834 792 lueis
860 735 1189 807 designavit
1214 735 1535 791 rutilantis.
1973 734 2283 791 Instabant
2313 728 2474 800 operi
2508 745 2647 785 mox
2678 739 2846 791 nocte
2877 738 3089 811 dieque
3115 741 3353 797 recenti.

226 831 327 887 Hac
351 829 529 901 igitur
560 842 743 882 causa
777 826 968 881 fuerat
999 825 1042 859 ⁵⁵
1066 826 1193 896 jam
1220 828 1408 896 coepta
1436 823 1714 880 secundo.
2046 824 2158 879 Sed
2191 823 2313 877 dux
2342 817 2679 887 Liudulfus,
2716 826 2944 895 primus
2978 829 3075 900 qui
3111 829 3376 885 conditor
3405 831 3532 901 ejus

225 917 461 975 Camobii
493 916 604 971 sub
637 915 857 971 honore
879 913 983 969 Dei
1014 914 1371 969 constructio
1403 912 1609 967 nostri.
1972 912 2180 968 Extitit
2209 914 2268 966 et
2300 923 2443 963 cura
2473 907 2649 977 cujus
2684 917 2968 984 processit
2996 919 3157 990 origo

227 1009 432 1065 Interea
460 1005 686 1076 lapides
717 1007 1023 1059 structura:
1054 1004 1464 1058 convenientes
1973 1001 2179 1057 Omnis
2211 999 2526 1055 structura}
2558 1002 2836 1066 precibus
2866 1007 3243 1075 poscentibus
3275 1006 3428 1073 Odea,

228 1097 339 1152 Non
369 1098 607 1166 potuere
638 1092 785 1148 locis
813 1090 1073 1147 nancisci
1100 1108 1340 1163 prorsus
1374 1091 1432 1145 in
1467 1089 1582 1143 illis
1606 1108 1617 1151 ;
1973 1088 2124 1145 Proh
2148 1084 2349 1143 dolor!
2376 1082 2449 1137 ad
2467 1100 2777 1145 summum
2797 1109 2911 1147 non
2929 1094 3095 1149 duxit
3112 1112 3261 1166 opus
3278 1096 3635 1152 studiosum.

232 1186 375 1242 Unde
405 1198 631 1237 moram
661 1179 865 1253 templi
898 1180 1121 1252 patitur
1150 1179 1423 1250 perfectio
1451 1177 1643 1249 coepti.
1974 1178 2087 1234 Sed
2120 1172 2413 1232 naturalis
2448 1188 2599 1229 szeva
2631 1179 2825 1234 tactus
2859 1198 2997 1237 nece
3031 1183 3238 1239 mortis

229 1273 524 1331 Abbatissa
553 1271 657 1326 sed
686 1288 720 1325 a
748 1255 997 1325 Domino
1030 1285 1273 1340 sperans
1313 1266 1685 1323 llathumoda
1972 1268 2213 1341 Cogitur
2245 1268 2384 1321 ante
2414 1278 2589 1318 suum
2626 1266 2831 1325 factori
2866 1272 3104 1327 reddere
3136 1273 3339 1327 flatum
3364 1274 3638 1344 (an.866),

233 1364 531 1434 Impctrare
562 1359 675 1414 fide
703 1358 974 1414 credente
1005 1375 1067 1414 se
1091 1358 1133 1392 ⁵⁸
1163 1358 1361 1413 omnia
1390 1373 1582 1429 posse,
1972 1359 2161 1424 Quam
2193 1354 2456 1428 perfecta
2472 1352 2686 1411 domus
2709 1359 2937 1414 Domini
2963 1361 3111 1416 foret
3132 1360 3333 1417 inclita
3357 1378 3633 1434 prorsus;

231 1450 542 1522 Frangebat
563 1463 691 1503 sese
718 1446 898 1501 nimio
932 1462 1188 1518 persaepe
1220 1446 1437 1513 labore,
1852 1494 1855 1497 .
1971 1445 2403 1515 Commisitque
2436 1459 2555 1498 suae
2586 1462 2732 1501 carm
2766 1450 3068 1505 moriendo
3102 1449 3335 1519 relictae,

230 1540 387 1596 Nocte
416 1536 627 1608 dieque
658 1536 773 1591 Deo
807 1534 990 1590 sacris
1020 1534 1234 1590 studiis
1268 1533 1643 1599 famulando;
1970 1538 2158 1608 Atque
2190 1533 2319 1591 suis
2355 1532 2533 1601 natis,
2564 1535 2817 1594 ducibus
2850 1555 3029 1610 supra
3055 1540 3415 1607 memoratis,

228 1629 292 1684 Et
315 1626 714 1697 subjectarum
747 1621 950 1678 multis
975 1623 1058 1678 illi
1090 1623 1346 1691 sociatis,
1971 1624 2179 1680 Totius
2212 1621 2439 1678 infandi
2464 1622 2507 1656 ⁶⁷
2538 1625 2771 1694 pondus
2804 1643 3124 1699 curamque
3153 1628 3387 1695 laboris,

228 1715 450 1773 Coelitus
483 1711 685 1768 auxilii
722 1711 887 1783 petiit
918 1711 1209 1767 solamina
1238 1712 1395 1779 ferri,
1968 1714 2231 1769 Exorans
2262 1710 2413 1767 votis
2445 1716 2508 1766 ut
2540 1715 2900 1785 complerent
2931 1715 3212 1773 studiosis

229 1807 302 1862 Ne
328 1820 438 1860 non
471 1801 797 1874 perfectum
830 1805 1157 1856 remaneret
1188 1818 1335 1872 opus
1367 1801 1512 1856 bene
1543 1804 1820 1873 coeptum.
1890 1838 1940 1904 B
1970 1802 2219 1858 Omnem
2252 1800 2501 1857 cmnobii
2531 1807 2894 1858 structuram
2929 1805 3287 1876 perficiendi.

227 1896 330 1951 Nec
357 1908 540 1958 mora,
575 1888 869 1945 caelestem
905 1906 1083 1960 quam
1116 1890 1414 1961 quaircbat
1444 1890 1718 1960 pietatem
1890 1888 1939 1904 "
1974 1890 2157 1963 Cujus
2190 1892 2249 1945 in
2284 1889 2528 1962 antiquo
2557 1907 2772 1963 corpus
2803 1894 3130 1949 venerabile
3161 1895 3378 1965 templo

227 1982 406 2041 Sensit
434 1979 642 2036 adesse
671 1979 713 2013 ⁵⁷
746 1977 870 2033 suis
895 1977 1044 2033 votis
1078 1981 1411 2049 promptam
1441 1977 1484 2011 ⁵⁸
1515 1976 1798 2033 misereri.
1974 1981 2141 2036 Tunc
2171 1977 2395 2050 gremio
2427 1983 2593 2034 terrm
2624 1982 3104 2037 commendatum
3145 1982 3253 2037 fuit
3282 1987 3447 2054 apte;

226 2072 360 2127 Nam
383 2067 709 2141 jejunando
741 2066 922 2121 sacris
954 2066 1346 2137 precibusque
1370 2066 1630 2121 vacando
1974 2066 2124 2124 Ossa
2154 2069 2256 2124 sed
2291 2083 2583 2123 annorum
2616 2073 2749 2139 post
2777 2069 3061 2125 decursus
3088 2070 3421 2142 aliquorum

226 2159 361 2216 Cum
381 2158 674 2230 prostrata
702 2155 795 2210 die
826 2154 1080 2225 quadam
1104 2153 1295 2224 jaeuit
1323 2170 1493 2209 secus
1535 2170 1719 2221 aram,
1975 2159 2127 2213 Sunt
2152 2157 2262 2213 hac
2291 2157 2335 2192 ⁸⁸
2367 2157 2426 2211 in
2458 2155 2705 2212 ecclesia
2736 2156 3025 2213 translata
3055 2157 3303 2215 locanda
3345 2158 3592 2214 novella.

223 2246 386 2304 Vocis
414 2248 758 2310 mansuetas,
790 2242 834 2276 ‘9
866 2240 1108 2298 monitis
1139 2241 1292 2297 exire
1309 2242 1557 2312 jubetur
1977 2248 2195 2302 Forsan
2227 2246 2300 2301 ad
2332 2246 2441 2302 hoc
2471 2247 2515 2281 5°
2546 2244 2715 2301 illum
2750 2247 2972 2302 mundo
3004 2247 3159 2303 Deus
3190 2246 3436 2303 abstulit
3457 2247 3593 2315 isto,

224 2340 405 2410 Atque
436 2334 603 2406 sequi
633 2331 950 2399 volucrem,
985 2347 1163 2402 quam
1194 2332 1239 2365 ⁶⁰
1261 2332 1389 2402 jam
1434 2347 1744 2404 progressa
1774 2346 1863 2386 se-
1975 2335 2128 2390 Dum
2158 2335 2253 2389 vix
2282 2336 2326 2369 ⁷ο
2356 2334 2545 2389 astatis
2578 2333 2769 2388 febres
2801 2335 2841 2368 ⁷¹
2876 2335 3071 2408 tetigit
3103 2335 3448 2404 mediocres,

454 2428 461 2437 ’
1608 2418 1864 2493 [dentem
1976 2423 2231 2479 Illustris
2258 2424 2487 2478 domnae
2519 2425 2652 2493 post
2682 2422 2804 2476 hinc
2837 2427 2900 2478 ut
2929 2422 3163 2495 plenius
3197 2425 3330 2480 Odm

222 2517 485 2573 cerneret
512 2512 574 2567 in
605 2509 728 2567 saxi
759 2509 1071 2582 cujusdam
1102 2507 1315 2563 vertice
1348 2508 1569 2581 magni.
1784 2564 1793 2577 .
1976 2515 2141 2571 Mens
2171 2513 2402 2568 intenta
2424 2513 2468 2547 ⁷²
2498 2512 2635 2578 Deo,
2670 2516 2870 2582 posset
2899 2515 3148 2569 tractare
3180 2531 3460 2586 superna,

222 2606 464 2679 Ipsaque
494 2599 888 2673 complectens
919 2597 1117 2653 animo
1150 2601 1435 2669 praecepto
1466 2602 1692 2669 parato,
1974 2604 2193 2675 Expers
2224 2600 2477 2657 carnalis
2508 2600 2691 2655 totius
2724 2617 2968 2671 prorsus
3000 2602 3239 2659 amoris.

222 2693 545 2759 Egreditur,
579 2688 753 2745 dictis
780 2688 1024 2744 credens
1054 2702 1122 2741 ex
1152 2686 1325 2741 corde
1347 2686 1650 2757 jubentis;
1976 2692 2092 2748 Nec
2122 2696 2320 2745 tamen
2353 2688 2555 2745 auxilii
2588 2686 2851 2744 solamen
2878 2689 3131 2761 denegat
3162 2690 3271 2758 illi,

219 2785 297 2839 Ac
326 2778 697 2838 cementariis
729 2793 929 2832 secum
961 2773 1219 2847 sumptis
1250 2774 1397 2829 bene
1427 2773 1627 2847 gnaris
1976 2780 2089 2837 Sed
2121 2778 2435 2851 praestabat
2465 2793 2635 2857 opem
2666 2776 2838 2832 solita
2862 2776 3080 2849 pietate
3105 2783 3418 2845 recentem,

220 2870 472 2928 Perrexit
497 2868 671 2925 citius
702 2882 815 2939 quo
848 2864 1016 2921 duxit
1046 2862 1301 2936 Spiritus
1334 2862 1548 2932 almus,
1974 2871 2100 2935 Qua
2127 2868 2172 2901 ⁷³
2200 2865 2441 2922 suffulta
2472 2882 2609 2922 suas
2640 2869 2837 2938 posset
2865 2864 3151 2922 ditescere
3183 2885 3410 2923 nonnas

218 2961 409 3017 Donec
438 2957 509 3013 ad
536 2959 793 3028 emptum
822 2955 864 2989 ⁶¹
897 2952 1149 3024 perrexit
1180 2951 1377 3007 nobile
1407 2952 1718 3024 templum.
1974 2954 2264 3013 Omnibus
2292 2953 2384 3010 his
2414 2955 2609 3021 rebus,
2643 2959 2841 3009 noster
2868 2955 3107 3025 quibus,
3129 2954 3355 3028 indiget
3385 2973 3549 3012 usus.

219 3049 343 3105 Illic
372 3044 749 3103 candidulam
779 3042 924 3098 vidit
955 3041 1209 3098 residere
1241 3040 1576 3097 columbam
1974 3048 2124 3117 Ergo
2155 3044 2245 3100 sui
2278 3048 2497 3112 natam,
2531 3042 2857 3114 Liutgardaa
2888 3044 2933 3076 7‘
2961 3044 3199 3099 nomine
3239 3045 3478 3111 dictam,

218 3139 285 3193 In
320 3132 608 3207 designati
638 3134 683 3167 ⁶²
714 3131 988 3204 pramelso
1019 3129 1232 3185 vertice
1262 3129 1422 3198 saxi;
1912 3206 1915 3207 ν
1973 3136 2135 3191 Nutu
2166 3131 2470 3189 clementis
2498 3132 2651 3205 regis
2681 3136 2994 3203 praestante
3025 3134 3320 3204 perennis,

215 3228 354 3292 Quae
387 3206 519 3279 mox
547 3221 819 3294 expansis
851 3218 1099 3274 volitans
1129 3223 1505 3290 praecesserat
1533 3218 1663 3295 alis,
1894 3206 1937 3273 C
1975 3222 2163 3295 Elegit
2183 3221 2378 3277 clarus
2410 3222 2764 3277 Francorum
2795 3237 2893 3275 rex
2914 3221 3271 3277 Ludowicus

216 3316 528 3385 Temperat
560 3315 733 3382 atque
763 3326 938 3364 suum
969 3325 1085 3363 non
1110 3313 1275 3363 sueto
1307 3324 1468 3364 more
1495 3307 1755 3364 volatum
1976 3311 2158 3384 Regni
2190 3314 2521 3366 consortem
2551 3310 2789 3365 sibimet
2837 3308 3178 3382 sociamque
3208 3312 3254 3344 ⁷⁵
3284 3328 3620 3383 perennem,

216 3403 423 3466 Posset
452 3405 517 3456 ut
545 3401 590 3435 ⁸³
620 3416 819 3455 aereos
848 3399 893 3433 ⁶⁴
924 3398 1143 3452 directo
1176 3397 1414 3452 tramite
1454 3396 1651 3452 sulcos
1976 3401 2157 3458 Filius
2190 3399 2348 3456 illius
2378 3400 2510 3470 (42),
2544 3399 2713 3471 cujus
2746 3399 2897 3453 dono
2932 3398 3242 3456 Liudult‘us

213 3492 366 3548 Cum
393 3488 567 3546 sociis
595 3487 913 3560 gradiendo
947 3486 1110 3557 sequi
1144 3484 1489 3558 virguncula
1519 3485 1756 3541 Christi.
1976 3489 2249 3561 Suscepit
2278 3488 2537 3560 primum
2570 3486 2814 3559 propria}
2847 3487 3037 3558 gentis
3064 3488 3453 3545 dominatum.

211 3581 483 3651 Cumque
516 3575 790 3633 columba
818 3575 1013 3629 locum
1036 3572 1284 3629 volitans
1303 3574 1560 3629 venisset
1580 3576 1653 3629 ad
1674 3573 1863 3642 illum,
1976 3582 2111 3645 Quae
2146 3577 2349 3649 regina
2381 3576 2619 3648 quidem
2651 3576 2819 3629 nobis
2851 3576 2922 3630 ad
2953 3578 3402 3648 prosperitatem

210 3671 404 3736 Quem
434 3683 589 3721 nunc
621 3681 737 3719 non
760 3662 1016 3719 sterilem
1037 3661 1266 3734 magnis
1284 3662 1504 3717 scimus
1522 3663 1640 3718 fore
1661 3664 1863 3735 petris,
1978 3669 2174 3735 Facta,
2207 3683 2325 3720 sua:
2356 3666 2599 3735 dignum
2632 3668 2846 3718 sancta:
2878 3665 3051 3718 matri
3095 3665 3446 3721 famulatum

209 3756 588 3813 Descendens
621 3757 837 3808 terram
868 3757 1055 3806 rostro
1088 3756 1457 3823 percusserat
1488 3750 1673 3816 illam,
1978 3757 2238 3821 Praestat,
2270 3770 2439 3825 opem
2472 3754 2516 3786 ⁷6
2548 3751 2700 3823 regis
2727 3752 3012 3822 prmbens,
3048 3752 3267 3824 proprii
3298 3754 3569 3821 senioris,

208 3846 340 3904 Sub
371 3845 539 3915 cujus
567 3841 791 3914 lapides
822 3840 1120 3896 latuerunt
1149 3856 1358 3913 aggere
1397 3839 1613 3912 plures.
1976 3842 2277 3915 Multaque
2303 3844 2345 3877 ⁷⁷
2379 3839 2638 3896 cmnobio
2669 3839 2940 3911 promisit
2973 3840 3282 3895 commoda
3326 3844 3526 3897 nostro
3557 3843 3622 3897 ⁷⁸.

208 3937 340 4001 Quo
372 3937 533 3988 certa
557 3932 603 3966 ⁵⁵
630 3930 754 3986 viso
786 3928 999 3986 Christi
1030 3928 1381 4001 dignissima
1410 3928 1573 4001 virgo
2051 3933 2276 3988 Interea
2306 3929 2519 3985 Christi
2550 3928 2710 4000 virgo
2743 3926 2880 3982 felix
2911 3926 3302 3982 Hatbumoda.

206 4022 553 4081 Emundarc
581 4019 776 4075 locum
809 4018 999 4075 socios
1028 4022 1378 4090 praeceperat
1406 4018 1623 4090 ipsum,
1977 4024 2124 4079 Cum
2146 4016 2349 4093 gregis
2377 4018 2644 4073 undenos
2677 4032 2879 4071 curam
2911 4014 3001 4069 bis
3034 4020 3296 4088 gesserat
3327 4033 3534 4087 annos,

206 4110 589 4181 Tellurisque
619 4123 856 4180 gravem
887 4106 1160 4162 fodiendo
1191 4106 1456 4162 scindere
1488 4106 1700 4163 molem
1731 4109 1794 4161 ⁸³.
1979 4111 2153 4169 Ocius
2183 4109 2244 4163 in
2275 4107 2505 4164 Christo
2537 4104 2796 4161 moriens
2816 4103 3086 4159 transivit
3108 4103 3181 4159 ad
3203 4108 3363 4161 astra
3378 4108 3627 4178 (αη874),

206 4204 342 4270 Quo
376 4199 547 4267 facto,
581 4200 894 4270 praestante
922 4196 1019 4269 pia
1048 4196 1310 4252 bonitate
1342 4212 1615 4267 superna,
1979 4200 2282 4270 Gerbergae
2313 4199 2580 4251 tenerum
2612 4192 2910 4250 commisit
2940 4191 3087 4248 ovile
3119 4195 3462 4266 regendum.

203 4289 400 4362 Copia
428 4302 777 4360 magnarum
809 4287 1171 4341 monstratur
1201 4283 1389 4338 multa
1428 4288 1760 4357 petrarum;
1981 4290 2111 4345 Hinc
2142 4287 2255 4342 fuit
2283 4284 2497 4340 illustri
2531 4283 2767 4338 cuidam
2798 4282 3170 4354 nimiumque
3199 4284 3421 4354 potenti

202 4378 385 4436 Unde
417 4375 758 4432 monasterii
790 4391 923 4431 cum
955 4372 1171 4444 templo
1206 4372 1421 4429 moenia
1450 4375 1621 4445 empti
1981 4378 2345 4449 Desponsata
2373 4374 2514 4441 viro,
2550 4372 2884 4429 Bernhardo
2915 4372 2959 4406 5°
2991 4370 3227 4427 nomine
3253 4371 3408 4429 dicto
3443 4390 3455 4425 :

283 4466 456 4522 Vers.
488 4465 614 4520 275.
1898 4454 1948 4519 D
2048 4466 2212 4521 Vers.
2247 4464 2373 4518 320.

1577 4561 1816 4621 VARI/E
1853 4562 2269 4625 LECTIONES.

280 4664 333 4697 ⁵³
363 4662 680 4734 adquirens
712 4662 762 4714 4.
840 4661 891 4734 “7
914 4659 1135 4734 pulcre.
1171 4659 1587 4734 Desiderantur
1615 4678 1818 4719 versus
1844 4665 2127 4721 deﬁciunt
2157 4662 2276 4734 duo
2304 4660 2567 4734 carmina
2602 4660 2651 4713 1.
2684 4659 2739 4712 1b
2772 4657 2920 4734 Quod
2950 4658 3002 4711 3.
3123 4656 3350 4734 duobus
3378 4655 3625 4734 versibus

194 4736 445 4805 accepit,
459 4728 677 4787 'addcns
705 4733 893 4786 sensui
916 4728 1001 4785 hit
1031 4732 1210 4787 deesse
1237 4730 1293 4785 4.
1325 4730 1477 4786 addit
1500 4748 1512 4785 :
1539 4732 1602 4787 In
1633 4737 2034 4809 manuscripto
2056 4730 2371 4806 antiquiori
2395 4731 2509 4785 duo
2531 4746 2735 4784 versus
2758 4728 2959 4809 minus
2977 4732 3130 4784 recte
3152 4728 3354 4800 scripti
3376 4732 3630 4797 exstant,

191 4806 348 4861 ideo
382 4802 705 4860 caneellati.
740 4802 885 4860 Hinc
914 4817 1077 4856 error
1106 4806 1290 4857 ortus.
1322 4833 1391 4842 —
1412 4802 1563 4858 Certe
1592 4805 1740 4861 nihil
1769 4806 1947 4863 deesse
1975 4808 2208 4863 videtur.
2286 4804 2330 4837 ⁸⁵
2355 4803 2501 4857 deest
2528 4802 2577 4855 1.
2611 4800 2761 4855 adest
2794 4801 2869 4872 1'3.
2905 4816 3038 4854 nisu
3057 4800 3298 4872 conjecit
3323 4801 3377 4854 3.
3456 4801 3500 4851 δρ
3526 4816 3631 4872 vox

192 4877 366 4933 deest
396 4877 446 4930 1.
482 4876 560 4930 1⁷³.
593 4877 822 4949 extat2.
892 4873 943 4949 f7
967 4875 1138 4949 _itag2_.
1172 4874 1244 4928 ad
1277 4890 1405 4928 sese
1440 4875 1488 4928 1.
1524 4877 1619 4949 11).Δ
1683 4878 1726 4912 ⁵⁸
1757 4883 2094 4949 promptum
2135 4878 2205 4932 Ib.
2288 4875 2333 4909 ⁵⁵
2363 4873 2684 4949 dulcisan
2900 4888 2979 4925 m.
3013 4870 3106 4949 die
3146 4869 3408 4949 quadam
3444 4870 3627 4949 iacuit

193 4964 393 5005 secus
422 4962 596 5018 aram,
620 4947 669 4999 1.
709 4946 782 5018 1⁸³.
816 4962 850 4999 ιι
877 4944 1149 5018 _Lcibn_itio
1184 4952 1481 5018 correctum
1509 4947 1659 5000 utin
1685 4943 1853 5005 tacita.
1928 4943 1973 4985 5°
1999 4951 2077 5005 ita
2128 4951 2177 5002 1.
2210 4962 2382 5018 quem
2430 4946 2513 5018 ib.
2544 4945 2598 4998 3.
2632 4945 2694 5018 4.
2762 4943 3155 5018 “__incoaptum
3199 4943 3430 5018 corrigit
3454 4944 3519 5018 3.»
3582 4943 3632 5018 9³

202 5022 299 5075 ita
329 5017 638 5089 2,3.A1ndc
676 5015 893 5089 signati
922 5015 975 5070 4.
1012 5016 1092 5069 11).
1127 5016 1178 5070 4.
1254 5016 1299 5049 ⁸³
1330 5016 1505 5089 Posse
1551 5021 1691 5074 tunc
1732 5022 1782 5075 1.
1819 5023 1896 5076 1b.
1973 5021 2019 5055 °‘
2047 5014 2329 5076 aethereos
2377 5018 2431 5070 4.
2459 5015 2603 5070 deest
2627 5015 2727 5089 A1”.
2806 5014 2851 5047 ⁸⁵
2883 5019 3039 5089 certo
3087 5016 3223 5085 conj.
3255 5015 3542 5089 3._recepit
3571 5014 3625 5068 4.

199 5089 316 5148 sed
345 5088 419 5147 ad
445 5087 605 5160 virgo
636 5084 981 5160 cerei-endam
1007 5094 1103 5154 cst,
1135 5095 1301 5160 metro
1325 5087 1453 5160 licet
1482 5090 1670 5160 invito.
1748 5092 1793 5127 ⁶⁶
1822 5092 2009 5149 Primo
2042 5094 2118 5148 ita
2138 5088 2364 5147 eandem
2404 5086 2725 5160 sententiain
2754 5086 3047 5160 retulerat
3083 5084 3242 5160 poeta
3269 5103 3296 5160 :_
3314 5085 3385 5160 Et
3414 5084 3629 5160 molem

192 5167 391 5219 terra:
422 5155 924 5215 circumfodiendo
957 5174 1172 5213 secare.
1246 5159 1289 5192 ⁸⁷
1322 5158 1566 5214 infantis
1600 5162 1647 5215 1.
1687 5162 1768 5217 1b.
1801 5162 2056 5236 ingentis
2086 5165 2224 5234 conj.
2257 5161 2309 5214 3.
2346 5158 2545 5229 recepit
2574 5160 2604 5211 4
2677 5157 2720 5191 ⁵⁸
2752 5155 2831 5211 ibi
2866 5158 2916 5210 4.
2993 5158 3038 5191 ⁶⁹
3071 5155 3144 5211 ita
3177 5158 3316 5260 conj.
3349 5156 3402 5210 3.
3437 5156 3631 5213 adhuc

198 5235 221 5260 ι
302 5233 372 5260 Α).
471 5232 515 5260 1o
550 5247 591 5260 η.
645 5247 679 5260 υ
736 5232 755 5260 Α
863 5232 903 5260 τι
938 5230 1083 5260 nm...
1267 5230 1577 5260 ωηλζηηνάη
1615 5235 1732 5260 mm:
1785 5235 1817 5260 ι)
1915 5236 1960 5260 π
1987 5237 2059 5260 ι...
2094 5237 2151 5260 ιι,
2210 5232 2488 5260 ξηιηηιηιη
2530 5231 2546 5260 4
2656 5229 2699 5260 73
2726 5230 2799 5260 nn
2860 5230 2914 5260 n.
2969 5229 3102 5260 num
3146 5228 3165 5260 4
3297 5228 3317 5259 ι
3346 5224 3628 5260 Intumui...

197 5235 261 5289 1.
301 5233 395 5304 _1b_.
471 5232 515 5265 ⁷ο
545 5247 613 5304 ξε.
645 5247 700 5304 v.
736 5232 835 5304 1.“
863 5232 904 5265 ⁷¹
938 5230 1122 5304 fines._
1153 5271 1164 5282 .
1193 5270 1224 5304 Α.
1267 5230 1579 5285 mediocris
1610 5235 1752 5304 conj.
1784 5235 1838 5289 3.
1866 5224 1960 5269 "7'
1985 5237 2063 5289 ita
2094 5224 2492 5287 1b."intentata
2530 5231 2577 5282 1.
2631 5229 2699 5304 _73
2721 5230 2803 5304 ita
2823 5230 2934 5304 _lb.
2969 5229 3105 5292 Qua)
3133 5228 3196 5304 _1.
3268 5224 3630 5304 “__lutg§rdzs

196 5305 260 5360 1.
300 5302 604 5374 luitgarda
636 5303 717 5356 1b.
795 5302 839 5335 ⁷⁵
870 5303 977 5374 ἱιιιλ
1004 5301 1143 5372 conj.
1186 5301 1238 5354 3.
1291 5317 1636 5374 sacramque
1684 5298 1731 5357 1⁷.
1786 5306 1868 5360 1b.
1945 5306 1989 5340 7°
2022 5308 2097 5361 ita
2120 5307 2172 5359 3.
2209 5301 2798 5374 lacunamﬂemptevits
2823 5300 2912 5374 Et
2941 5304 3076 5353 nato
3122 5299 3171 5352 4.
3205 5298 3537 5374 conjiciafP.
3572 5316 3628 5374 ς).

190 5369 496 5433 destina.
532 5375 613 5428 1b.
691 5374 734 5407 ⁷⁷
767 5375 844 5428 ita
871 5374 926 5427 3.
961 5369 1215 5427 lacunam
1270 5373 1466 5444 explet.
1506 5369 1764 5430 Plurima
1792 5378 1846 5430 4.
1924 5376 1966 5411 ⁷⁸
1999 5380 2198 5433 nostra
2232 5377 2281 5430 1.
2318 5374 2399 5427 1b.
2476 5372 2521 5405 ⁷⁷
2548 5369 2839 5426 Bernrado
2887 5372 2940 5424 3.
2994 5371 3253 5425 correxit.
3305 5385 3374 5422 cx
3428 5373 3485 5424 2.
3530 5369 3630 5425 ubi
3706 5411 3711 5419 .

190 5456 407 5504 tamen
434 5454 487 5501 et
513 5444 833 5517 Garburgis
866 5445 1082 5516 legitur.

1818 5536 2052 5595 NOTIE.

282 5635 415 5709 (42)
443 5632 720 5692 Ludovici
752 5630 1110 5690 Germanici.
