  <div class='ocr_page' id='page_1' title='image "/cluster/home/n/w/nwhite01/storage/ocr_20150623/137/hvd.32044054759972/582.png"; bbox 0 0 4050 6180; ppageno 0'>
   <div class='ocr_carea' id='block_1_1' title="bbox 220 286 378 351">
    <p class='ocr_par' dir='ltr' id='par_1_1' title="bbox 220 286 378 351">
     <span class='ocr_line' id='line_1_1' title="bbox 220 286 378 351; baseline -0.019 -1"><span class='ocrx_word' id='word_1_1' title='bbox 220 286 378 351; x_wconf 74' lang='grc'>1145</span> 
     </span>
    </p>
   </div>
   <div class='ocr_carea' id='block_1_2' title="bbox 216 415 1682 494">
    <p class='ocr_par' dir='ltr' id='par_1_2' title="bbox 216 415 1682 494">
     <span class='ocr_line' id='line_1_2' title="bbox 216 415 1682 494; baseline -0.003 -15"><span class='ocrx_word' id='word_1_2' title='bbox 216 422 386 479; x_wconf 86' lang='lat' dir='ltr'>Nunc</span> <span class='ocrx_word' id='word_1_3' title='bbox 414 422 635 476; x_wconf 89' lang='lat' dir='ltr'>terrore</span> <span class='ocrx_word' id='word_1_4' title='bbox 667 434 807 475; x_wconf 91' lang='lat' dir='ltr'>suas</span> <span class='ocrx_word' id='word_1_5' title='bbox 830 415 1102 490; x_wconf 84' lang='lat' dir='ltr'>prohibet</span> <span class='ocrx_word' id='word_1_6' title='bbox 1129 418 1468 494; x_wconf 88' lang='lat' dir='ltr'>delinquere</span> <span class='ocrx_word' id='word_1_7' title='bbox 1493 425 1682 487; x_wconf 90' lang='lat' dir='ltr'>natas,</span> 
     </span>
    </p>
   </div>
   <div class='ocr_carea' id='block_1_3' title="bbox 217 506 1713 577">
    <p class='ocr_par' dir='ltr' id='par_1_3' title="bbox 217 506 1713 577">
     <span class='ocr_line' id='line_1_3' title="bbox 217 506 1713 577; baseline -0.003 -8"><span class='ocrx_word' id='word_1_8' title='bbox 217 514 384 570; x_wconf 81' lang='lat' dir='ltr'>Nunc</span> <span class='ocrx_word' id='word_1_9' title='bbox 413 509 593 566; x_wconf 88' lang='lat' dir='ltr'>etiam</span> <span class='ocrx_word' id='word_1_10' title='bbox 626 506 869 564; x_wconf 83' lang='lat' dir='ltr'>monitis</span> <span class='ocrx_word' id='word_1_11' title='bbox 900 507 1056 562; x_wconf 90' lang='lat' dir='ltr'>bona</span> <span class='ocrx_word' id='word_1_12' title='bbox 1075 508 1220 564; x_wconf 84' lang='lat' dir='ltr'>velle</span> <span class='ocrx_word' id='word_1_13' title='bbox 1252 511 1457 566; x_wconf 82' lang='lat' dir='ltr'>suadet</span> <span class='ocrx_word' id='word_1_14' title='bbox 1487 509 1713 577; x_wconf 83' lang='lat' dir='ltr'>amicis,</span> 
     </span>
    </p>
   </div>
   <div class='ocr_carea' id='block_1_4' title="bbox 219 597 1706 666">
    <p class='ocr_par' dir='ltr' id='par_1_4' title="bbox 219 597 1706 666">
     <span class='ocr_line' id='line_1_4' title="bbox 219 597 1706 666; baseline -0.003 -8"><span class='ocrx_word' id='word_1_15' title='bbox 219 602 312 659; x_wconf 92' lang='lat' dir='ltr'>Sic</span> <span class='ocrx_word' id='word_1_16' title='bbox 343 601 466 655; x_wconf 66' lang='lat' dir='ltr'>haec</span> <span class='ocrx_word' id='word_1_17' title='bbox 495 603 703 656; x_wconf 91' lang='lat' dir='ltr'>sancta</span> <span class='ocrx_word' id='word_1_18' title='bbox 734 613 875 653; x_wconf 90' lang='lat' dir='ltr'>suas</span> <span class='ocrx_word' id='word_1_19' title='bbox 907 613 1075 653; x_wconf 91' lang='lat' dir='ltr'>caras</span> <span class='ocrx_word' id='word_1_20' title='bbox 1106 597 1384 655; x_wconf 83' lang='lat' dir='ltr'>instruxit</span> <span class='ocrx_word' id='word_1_21' title='bbox 1413 599 1706 666; x_wconf 86' lang='lat' dir='ltr'>alumnas,</span> 
     </span>
    </p>
   </div>
   <div class='ocr_carea' id='block_1_5' title="bbox 216 687 1660 762">
    <p class='ocr_par' dir='ltr' id='par_1_5' title="bbox 216 687 1660 762">
     <span class='ocr_line' id='line_1_5' title="bbox 216 687 1660 762; baseline -0.003 -15"><span class='ocrx_word' id='word_1_22' title='bbox 216 691 381 749; x_wconf 87' lang='lat' dir='ltr'>Nunc</span> <span class='ocrx_word' id='word_1_23' title='bbox 412 687 820 745; x_wconf 90' lang='lat' dir='ltr'>dominatricis</span> <span class='ocrx_word' id='word_1_24' title='bbox 857 687 1197 743; x_wconf 88' lang='lat' dir='ltr'>mandando</span> <span class='ocrx_word' id='word_1_25' title='bbox 1220 689 1355 760; x_wconf 83' lang='lat' dir='ltr'>jure</span> <span class='ocrx_word' id='word_1_26' title='bbox 1387 689 1660 762; x_wconf 90' lang='lat' dir='ltr'>potentis,</span> 
     </span>
    </p>
   </div>
   <div class='ocr_carea' id='block_1_6' title="bbox 215 775 1610 844">
    <p class='ocr_par' dir='ltr' id='par_1_6' title="bbox 215 775 1610 844">
     <span class='ocr_line' id='line_1_6' title="bbox 215 775 1610 844; baseline -0.001 -8"><span class='ocrx_word' id='word_1_27' title='bbox 215 781 381 837; x_wconf 82' lang='lat' dir='ltr'>Nunc</span> <span class='ocrx_word' id='word_1_28' title='bbox 410 778 589 834; x_wconf 89' lang='lat' dir='ltr'>etiam</span> <span class='ocrx_word' id='word_1_29' title='bbox 621 776 830 833; x_wconf 82' lang='lat' dir='ltr'>matris</span> <span class='ocrx_word' id='word_1_30' title='bbox 860 775 1174 831; x_wconf 88' lang='lat' dir='ltr'>mulcendo</span> <span class='ocrx_word' id='word_1_31' title='bbox 1201 795 1361 834; x_wconf 89' lang='lat' dir='ltr'>more</span> <span class='ocrx_word' id='word_1_32' title='bbox 1393 779 1610 844; x_wconf 87' lang='lat' dir='ltr'>suavis,</span> 
     </span>
    </p>
   </div>
   <div class='ocr_carea' id='block_1_7' title="bbox 216 865 1679 936">
    <p class='ocr_par' dir='ltr' id='par_1_7' title="bbox 216 865 1679 936">
     <span class='ocr_line' id='line_1_7' title="bbox 216 865 1679 936; baseline -0.003 -11"><span class='ocrx_word' id='word_1_33' title='bbox 216 872 338 936; x_wconf 86' lang='lat' dir='ltr'>Quo</span> <span class='ocrx_word' id='word_1_34' title='bbox 368 868 434 904; x_wconf 81' lang='grc'>¹⁰⁶</span> <span class='ocrx_word' id='word_1_35' title='bbox 463 867 585 923; x_wconf 90' lang='lat' dir='ltr'>vita</span> <span class='ocrx_word' id='word_1_36' title='bbox 612 866 791 924; x_wconf 87' lang='lat' dir='ltr'>simili</span> <span class='ocrx_word' id='word_1_37' title='bbox 816 868 1041 921; x_wconf 71' lang='lat' dir='ltr'>cunctae</span> <span class='ocrx_word' id='word_1_38' title='bbox 1065 865 1131 899; x_wconf 80' lang='grc'>¹⁰⁷</span> <span class='ocrx_word' id='word_1_39' title='bbox 1158 867 1552 922; x_wconf 80' lang='lat' dir='ltr'>communiter</span> <span class='ocrx_word' id='word_1_40' title='bbox 1578 866 1679 921; x_wconf 91' lang='lat' dir='ltr'>uni</span> 
     </span>
    </p>
   </div>
   <div class='ocr_carea' id='block_1_8' title="bbox 213 953 1503 1030">
    <p class='ocr_par' dir='ltr' id='par_1_8' title="bbox 213 953 1503 1030">
     <span class='ocr_line' id='line_1_8' title="bbox 213 953 1503 1030; baseline -0.005 -14"><span class='ocrx_word' id='word_1_41' title='bbox 213 958 511 1016; x_wconf 87' lang='lat' dir='ltr'>Servirent</span> <span class='ocrx_word' id='word_1_42' title='bbox 541 957 688 1030; x_wconf 87' lang='lat' dir='ltr'>regi,</span> <span class='ocrx_word' id='word_1_43' title='bbox 712 953 978 1029; x_wconf 89' lang='lat' dir='ltr'>jubilant</span> <span class='ocrx_word' id='word_1_44' title='bbox 1010 953 1103 1008; x_wconf 92' lang='lat' dir='ltr'>cui</span> <span class='ocrx_word' id='word_1_45' title='bbox 1137 955 1336 1012; x_wconf 83' lang='lat' dir='ltr'>sidera</span> <span class='ocrx_word' id='word_1_46' title='bbox 1355 955 1503 1012; x_wconf 75' lang='lat' dir='ltr'>cmli.</span> 
     </span>
    </p>
   </div>
   <div class='ocr_carea' id='block_1_9' title="bbox 215 1042 1463 1120">
    <p class='ocr_par' dir='ltr' id='par_1_9' title="bbox 215 1042 1463 1120">
     <span class='ocr_line' id='line_1_9' title="bbox 215 1042 1463 1120; baseline -0.004 -15"><span class='ocrx_word' id='word_1_47' title='bbox 215 1048 497 1105; x_wconf 69' lang='lat' dir='ltr'>Przeterca</span> <span class='ocrx_word' id='word_1_48' title='bbox 528 1064 675 1120; x_wconf 88' lang='lat' dir='ltr'>quas</span> <span class='ocrx_word' id='word_1_49' title='bbox 698 1049 965 1100; x_wconf 68' lang='lat' dir='ltr'>maternae</span> <span class='ocrx_word' id='word_1_50' title='bbox 997 1042 1236 1114; x_wconf 88' lang='lat' dir='ltr'>pietatis</span> <span class='ocrx_word' id='word_1_51' title='bbox 1267 1062 1463 1101; x_wconf 90' lang='lat' dir='ltr'>amore</span> 
     </span>
    </p>
   </div>
   <div class='ocr_carea' id='block_1_10' title="bbox 215 1135 1501 1206">
    <p class='ocr_par' dir='ltr' id='par_1_10' title="bbox 215 1135 1501 1206">
     <span class='ocr_line' id='line_1_10' title="bbox 215 1135 1501 1206; baseline -0.005 -13"><span class='ocrx_word' id='word_1_52' title='bbox 215 1135 637 1205; x_wconf 84' lang='lat' dir='ltr'>Nutrivitvere,</span> <span class='ocrx_word' id='word_1_53' title='bbox 670 1150 885 1206; x_wconf 89' lang='lat' dir='ltr'>magno</span> <span class='ocrx_word' id='word_1_54' title='bbox 914 1137 1232 1189; x_wconf 90' lang='lat' dir='ltr'>veneratur</span> <span class='ocrx_word' id='word_1_55' title='bbox 1261 1135 1501 1201; x_wconf 83' lang='lat' dir='ltr'>honore,</span> 
     </span>
    </p>
   </div>
   <div class='ocr_carea' id='block_1_11' title="bbox 215 1223 1684 1299">
    <p class='ocr_par' dir='ltr' id='par_1_11' title="bbox 215 1223 1684 1299">
     <span class='ocr_line' id='line_1_11' title="bbox 215 1223 1684 1299; baseline -0.005 -14"><span class='ocrx_word' id='word_1_56' title='bbox 215 1227 337 1284; x_wconf 78' lang='lat' dir='ltr'>Has</span> <span class='ocrx_word' id='word_1_57' title='bbox 364 1225 524 1299; x_wconf 90' lang='lat' dir='ltr'>ipsas</span> <span class='ocrx_word' id='word_1_58' title='bbox 552 1224 858 1281; x_wconf 87' lang='lat' dir='ltr'>vocitando</span> <span class='ocrx_word' id='word_1_59' title='bbox 883 1238 1025 1277; x_wconf 87' lang='lat' dir='ltr'>suas</span> <span class='ocrx_word' id='word_1_60' title='bbox 1056 1223 1388 1294; x_wconf 68' lang='lat' dir='ltr'>saepissime</span> <span class='ocrx_word' id='word_1_61' title='bbox 1418 1224 1684 1279; x_wconf 90' lang='lat' dir='ltr'>domnas.</span> 
     </span>
    </p>
   </div>
   <div class='ocr_carea' id='block_1_12' title="bbox 213 1311 1808 1388">
    <p class='ocr_par' dir='ltr' id='par_1_12' title="bbox 213 1311 1808 1388">
     <span class='ocr_line' id='line_1_12' title="bbox 213 1311 1808 1388; baseline -0.004 -15"><span class='ocrx_word' id='word_1_62' title='bbox 213 1318 366 1373; x_wconf 83' lang='lat' dir='ltr'>Nam</span> <span class='ocrx_word' id='word_1_63' title='bbox 397 1314 627 1388; x_wconf 90' lang='lat' dir='ltr'>quoties</span> <span class='ocrx_word' id='word_1_64' title='bbox 658 1316 860 1385; x_wconf 82' lang='lat' dir='ltr'>neptes</span> <span class='ocrx_word' id='word_1_65' title='bbox 882 1312 948 1346; x_wconf 82' lang='grc'>¹⁰⁸</span> <span class='ocrx_word' id='word_1_66' title='bbox 980 1311 1109 1382; x_wconf 84' lang='lat' dir='ltr'>ejus</span> <span class='ocrx_word' id='word_1_67' title='bbox 1134 1328 1521 1385; x_wconf 82' lang='lat' dir='ltr'>proceresque</span> <span class='ocrx_word' id='word_1_68' title='bbox 1542 1315 1808 1384; x_wconf 86' lang='lat' dir='ltr'>nepotes,</span> 
     </span>
    </p>
   </div>
   <div class='ocr_carea' id='block_1_13' title="bbox 216 1401 1643 1477">
    <p class='ocr_par' dir='ltr' id='par_1_13' title="bbox 216 1401 1643 1477">
     <span class='ocr_line' id='line_1_13' title="bbox 216 1401 1643 1477; baseline -0.005 -15"><span class='ocrx_word' id='word_1_69' title='bbox 216 1408 377 1475; x_wconf 87' lang='lat' dir='ltr'>Quos</span> <span class='ocrx_word' id='word_1_70' title='bbox 408 1402 803 1477; x_wconf 66' lang='lat' dir='ltr'>praepollentis</span> <span class='ocrx_word' id='word_1_71' title='bbox 833 1401 1012 1456; x_wconf 90' lang='lat' dir='ltr'>decus</span> <span class='ocrx_word' id='word_1_72' title='bbox 1041 1401 1362 1457; x_wconf 82' lang='lat' dir='ltr'>extollebat</span> <span class='ocrx_word' id='word_1_73' title='bbox 1383 1401 1643 1469; x_wconf 88' lang='lat' dir='ltr'>honoris,</span> 
     </span>
    </p>
   </div>
   <div class='ocr_carea' id='block_1_14' title="bbox 213 1489 1696 1568">
    <p class='ocr_par' dir='ltr' id='par_1_14' title="bbox 213 1489 1696 1568">
     <span class='ocr_line' id='line_1_14' title="bbox 213 1489 1696 1568; baseline -0.004 -17"><span class='ocrx_word' id='word_1_74' title='bbox 213 1496 362 1568; x_wconf 82' lang='lat' dir='ltr'>Ejus</span> <span class='ocrx_word' id='word_1_75' title='bbox 392 1492 463 1549; x_wconf 91' lang='lat' dir='ltr'>ad</span> <span class='ocrx_word' id='word_1_76' title='bbox 495 1490 862 1564; x_wconf 90' lang='lat' dir='ltr'>implendum</span> <span class='ocrx_word' id='word_1_77' title='bbox 892 1495 1296 1546; x_wconf 88' lang='lat' dir='ltr'>convenerunt</span> <span class='ocrx_word' id='word_1_78' title='bbox 1324 1489 1696 1561; x_wconf 86' lang='lat' dir='ltr'>famulatum,</span> 
     </span>
    </p>
   </div>
   <div class='ocr_carea' id='block_1_15' title="bbox 213 1578 1466 1647">
    <p class='ocr_par' dir='ltr' id='par_1_15' title="bbox 213 1578 1466 1647">
     <span class='ocr_line' id='line_1_15' title="bbox 213 1578 1466 1647; baseline -0.006 -5"><span class='ocrx_word' id='word_1_79' title='bbox 213 1586 516 1642; x_wconf 84' lang='lat' dir='ltr'>Ccrtantes</span> <span class='ocrx_word' id='word_1_80' title='bbox 541 1579 710 1635; x_wconf 91' lang='lat' dir='ltr'>donis</span> <span class='ocrx_word' id='word_1_81' title='bbox 738 1578 898 1634; x_wconf 87' lang='lat' dir='ltr'>illam</span> <span class='ocrx_word' id='word_1_82' title='bbox 930 1578 1151 1634; x_wconf 89' lang='lat' dir='ltr'>donare</span> <span class='ocrx_word' id='word_1_83' title='bbox 1182 1578 1466 1647; x_wconf 87' lang='lat' dir='ltr'>coruscis,</span> 
     </span>
    </p>
   </div>
   <div class='ocr_carea' id='block_1_16' title="bbox 215 1668 1878 1746">
    <p class='ocr_par' dir='ltr' id='par_1_16' title="bbox 215 1668 1878 1746">
     <span class='ocr_line' id='line_1_16' title="bbox 215 1668 1878 1746; baseline -0.005 -16"><span class='ocrx_word' id='word_1_84' title='bbox 215 1671 397 1746; x_wconf 82' lang='lat' dir='ltr'>Regis</span> <span class='ocrx_word' id='word_1_85' title='bbox 425 1675 490 1727; x_wconf 92' lang='lat' dir='ltr'>ut</span> <span class='ocrx_word' id='word_1_86' title='bbox 517 1669 806 1724; x_wconf 86' lang='lat' dir='ltr'>illustrem</span> <span class='ocrx_word' id='word_1_87' title='bbox 838 1682 1075 1723; x_wconf 90' lang='lat' dir='ltr'>socrum</span> <span class='ocrx_word' id='word_1_88' title='bbox 1106 1668 1524 1740; x_wconf 87' lang='lat' dir='ltr'>propriamque</span> <span class='ocrx_word' id='word_1_89' title='bbox 1547 1671 1878 1741; x_wconf 89' lang='lat' dir='ltr'>parentem,</span> 
     </span>
    </p>
   </div>
   <div class='ocr_carea' id='block_1_17' title="bbox 216 1754 1390 1819">
    <p class='ocr_par' dir='ltr' id='par_1_17' title="bbox 216 1754 1390 1819">
     <span class='ocr_line' id='line_1_17' title="bbox 216 1754 1390 1819; baseline -0.006 0"><span class='ocrx_word' id='word_1_90' title='bbox 216 1762 357 1819; x_wconf 87' lang='lat' dir='ltr'>Illos</span> <span class='ocrx_word' id='word_1_91' title='bbox 387 1777 522 1816; x_wconf 79' lang='lat' dir='ltr'>mox</span> <span class='ocrx_word' id='word_1_92' title='bbox 548 1757 741 1814; x_wconf 86' lang='lat' dir='ltr'>verbis</span> <span class='ocrx_word' id='word_1_93' title='bbox 773 1756 937 1813; x_wconf 75' lang='lat' dir='ltr'>affari</span> <span class='ocrx_word' id='word_1_94' title='bbox 970 1754 1190 1811; x_wconf 90' lang='lat' dir='ltr'>dicitur</span> <span class='ocrx_word' id='word_1_95' title='bbox 1219 1756 1350 1813; x_wconf 85' lang='lat' dir='ltr'>istis</span> <span class='ocrx_word' id='word_1_96' title='bbox 1377 1774 1390 1812; x_wconf 88' lang='lat'>:</span> 
     </span>
    </p>
   </div>
   <div class='ocr_carea' id='block_1_18' title="bbox 217 1846 1646 1918">
    <p class='ocr_par' dir='ltr' id='par_1_18' title="bbox 217 1846 1646 1918">
     <span class='ocr_line' id='line_1_18' title="bbox 217 1846 1646 1918; baseline -0.002 -15"><span class='ocrx_word' id='word_1_97' title='bbox 217 1873 254 1903; x_wconf 81' lang='grc'>‹‹</span> <span class='ocrx_word' id='word_1_98' title='bbox 282 1852 565 1907; x_wconf 83' lang='lat' dir='ltr'>Exortans</span> <span class='ocrx_word' id='word_1_99' title='bbox 595 1862 801 1902; x_wconf 89' lang='lat' dir='ltr'>moneo</span> <span class='ocrx_word' id='word_1_100' title='bbox 832 1862 954 1913; x_wconf 90' lang='lat' dir='ltr'>vos,</span> <span class='ocrx_word' id='word_1_101' title='bbox 989 1862 1021 1900; x_wconf 93' lang='grc' dir='ltr'>ο</span> <span class='ocrx_word' id='word_1_102' title='bbox 1050 1861 1187 1901; x_wconf 88' lang='lat' dir='ltr'>mea</span> <span class='ocrx_word' id='word_1_103' title='bbox 1215 1846 1461 1918; x_wconf 90' lang='lat' dir='ltr'>pignora</span> <span class='ocrx_word' id='word_1_104' title='bbox 1492 1863 1646 1914; x_wconf 91' lang='lat' dir='ltr'>cara,</span> 
     </span>
    </p>
   </div>
   <div class='ocr_carea' id='block_1_19' title="bbox 212 1933 1592 2007">
    <p class='ocr_par' dir='ltr' id='par_1_19' title="bbox 212 1933 1592 2007">
     <span class='ocr_line' id='line_1_19' title="bbox 212 1933 1592 2007; baseline -0.004 -11"><span class='ocrx_word' id='word_1_105' title='bbox 212 1940 297 1997; x_wconf 88' lang='lat' dir='ltr'>Ut</span> <span class='ocrx_word' id='word_1_106' title='bbox 324 1936 628 1995; x_wconf 75' lang='lat' dir='ltr'>maturatis</span> <span class='ocrx_word' id='word_1_107' title='bbox 657 1933 965 2007; x_wconf 87' lang='lat' dir='ltr'>condignis</span> <span class='ocrx_word' id='word_1_108' title='bbox 994 1933 1263 2006; x_wconf 67' lang='lat' dir='ltr'>primulze</span> <span class='ocrx_word' id='word_1_109' title='bbox 1289 1935 1354 1970; x_wconf 83' lang='grc'>¹⁰⁹</span> <span class='ocrx_word' id='word_1_110' title='bbox 1382 1934 1592 1990; x_wconf 86' lang='lat' dir='ltr'>vestris</span> 
     </span>
    </p>
   </div>
   <div class='ocr_carea' id='block_1_20' title="bbox 213 2023 1624 2096">
    <p class='ocr_par' dir='ltr' id='par_1_20' title="bbox 213 2023 1624 2096">
     <span class='ocr_line' id='line_1_20' title="bbox 213 2023 1624 2096; baseline -0.006 -10"><span class='ocrx_word' id='word_1_111' title='bbox 213 2028 563 2086; x_wconf 75' lang='lat' dir='ltr'>Muneribus</span> <span class='ocrx_word' id='word_1_112' title='bbox 594 2028 825 2081; x_wconf 77' lang='lat' dir='ltr'>uestras</span> <span class='ocrx_word' id='word_1_113' title='bbox 855 2023 1015 2096; x_wconf 82' lang='lat' dir='ltr'>large</span> <span class='ocrx_word' id='word_1_114' title='bbox 1047 2023 1329 2079; x_wconf 84' lang='lat' dir='ltr'>ditescere</span> <span class='ocrx_word' id='word_1_115' title='bbox 1361 2025 1624 2096; x_wconf 48' lang='lat' dir='ltr'>domnas‘</span> 
     </span>
    </p>
   </div>
   <div class='ocr_carea' id='block_1_21' title="bbox 213 2111 1600 2187">
    <p class='ocr_par' dir='ltr' id='par_1_21' title="bbox 213 2111 1600 2187">
     <span class='ocr_line' id='line_1_21' title="bbox 213 2111 1600 2187; baseline -0.006 -12"><span class='ocrx_word' id='word_1_116' title='bbox 213 2118 327 2175; x_wconf 82' lang='lat' dir='ltr'>Hic</span> <span class='ocrx_word' id='word_1_117' title='bbox 356 2116 568 2173; x_wconf 86' lang='lat' dir='ltr'>servire</span> <span class='ocrx_word' id='word_1_118' title='bbox 597 2114 711 2187; x_wconf 91' lang='lat' dir='ltr'>piis</span> <span class='ocrx_word' id='word_1_119' title='bbox 742 2113 953 2168; x_wconf 90' lang='lat' dir='ltr'>debent</span> <span class='ocrx_word' id='word_1_120' title='bbox 986 2129 1114 2184; x_wconf 66' lang='lat' dir='ltr'>quae</span> <span class='ocrx_word' id='word_1_121' title='bbox 1146 2112 1350 2168; x_wconf 90' lang='lat' dir='ltr'>sedulo</span> <span class='ocrx_word' id='word_1_122' title='bbox 1383 2111 1600 2167; x_wconf 89' lang='lat' dir='ltr'>nostris</span> 
     </span>
    </p>
   </div>
   <div class='ocr_carea' id='block_1_22' title="bbox 987 278 2880 352">
    <p class='ocr_par' dir='ltr' id='par_1_22' title="bbox 987 278 2880 352">
     <span class='ocr_line' id='line_1_22' title="bbox 987 278 2880 352; baseline 0.004 -7"><span class='ocrx_word' id='word_1_123' title='bbox 987 280 1310 347; x_wconf 85' lang='lat' dir='ltr'><strong>CARMEN</strong></span> <span class='ocrx_word' id='word_1_124' title='bbox 1354 285 1455 348; x_wconf 91' lang='lat' dir='ltr'>DE</span> <span class='ocrx_word' id='word_1_125' title='bbox 1497 285 1875 348; x_wconf 77' lang='lat' dir='ltr'>PRIMORD.</span> <span class='ocrx_word' id='word_1_126' title='bbox 1929 278 2249 344; x_wconf 83' lang='lat' dir='ltr'>CCENOB.</span> <span class='ocrx_word' id='word_1_127' title='bbox 2297 286 2880 352; x_wconf 80' lang='lat' dir='ltr'>GANDERSHEIM.</span> 
     </span>
    </p>
   </div>
   <div class='ocr_carea' id='block_1_23' title="bbox 3458 297 3643 359">
    <p class='ocr_par' dir='ltr' id='par_1_23' title="bbox 3458 297 3643 359">
     <span class='ocr_line' id='line_1_23' title="bbox 3458 297 3643 359; baseline -0.005 -1"><span class='ocrx_word' id='word_1_128' title='bbox 3458 297 3643 359; x_wconf 72' lang='grc'>’1146</span> 
     </span>
    </p>
   </div>
   <div class='ocr_carea' id='block_1_24' title="bbox 1912 412 3503 503">
    <p class='ocr_par' dir='ltr' id='par_1_24' title="bbox 1912 412 3503 503">
     <span class='ocr_line' id='line_1_24' title="bbox 1912 412 3503 503; baseline 0.012 -34"><span class='ocrx_word' id='word_1_129' title='bbox 1912 414 1971 483; x_wconf 78' lang='grc' dir='ltr'><strong>Α</strong></span> <span class='ocrx_word' id='word_1_130' title='bbox 2000 412 2234 473; x_wconf 88' lang='lat' dir='ltr'>Necnon</span> <span class='ocrx_word' id='word_1_131' title='bbox 2257 418 2677 495; x_wconf 83' lang='lat' dir='ltr'>chyrographis</span> <span class='ocrx_word' id='word_1_132' title='bbox 2707 423 2834 495; x_wconf 80' lang='lat' dir='ltr'>ejus</span> <span class='ocrx_word' id='word_1_133' title='bbox 2864 425 2972 481; x_wconf 91' lang='lat' dir='ltr'>sub</span> <span class='ocrx_word' id='word_1_134' title='bbox 3004 426 3240 484; x_wconf 90' lang='lat' dir='ltr'>nomine</span> <span class='ocrx_word' id='word_1_135' title='bbox 3269 427 3503 503; x_wconf 87' lang='lat' dir='ltr'>scriptis</span> 
     </span>
    </p>
   </div>
   <div class='ocr_carea' id='block_1_25' title="bbox 1991 504 3475 589">
    <p class='ocr_par' dir='ltr' id='par_1_25' title="bbox 1991 504 3475 589">
     <span class='ocr_line' id='line_1_25' title="bbox 1991 504 3475 589; baseline 0.011 -29"><span class='ocrx_word' id='word_1_136' title='bbox 1991 504 2137 562; x_wconf 87' lang='lat' dir='ltr'>Jura</span> <span class='ocrx_word' id='word_1_137' title='bbox 2167 510 2503 566; x_wconf 89' lang='lat' dir='ltr'>monasterii</span> <span class='ocrx_word' id='word_1_138' title='bbox 2536 512 2867 569; x_wconf 80' lang='lat' dir='ltr'>firmaverat</span> <span class='ocrx_word' id='word_1_139' title='bbox 2895 515 3092 571; x_wconf 88' lang='lat' dir='ltr'>omnia</span> <span class='ocrx_word' id='word_1_140' title='bbox 3121 518 3305 574; x_wconf 88' lang='lat' dir='ltr'>nostri</span> <span class='ocrx_word' id='word_1_141' title='bbox 3324 521 3475 589; x_wconf 90' lang='lat'>(47);</span> 
     </span>
    </p>
   </div>
   <div class='ocr_carea' id='block_1_26' title="bbox 1992 595 3356 677">
    <p class='ocr_par' dir='ltr' id='par_1_26' title="bbox 1992 595 3356 677">
     <span class='ocr_line' id='line_1_26' title="bbox 1992 595 3356 677; baseline 0.01 -28"><span class='ocrx_word' id='word_1_142' title='bbox 1992 595 2132 665; x_wconf 88' lang='lat' dir='ltr'>Ejus</span> <span class='ocrx_word' id='word_1_143' title='bbox 2164 602 2295 669; x_wconf 91' lang='lat' dir='ltr'>post</span> <span class='ocrx_word' id='word_1_144' title='bbox 2322 615 2506 654; x_wconf 90' lang='lat' dir='ltr'>annos</span> <span class='ocrx_word' id='word_1_145' title='bbox 2539 600 2837 656; x_wconf 88' lang='lat' dir='ltr'>discessus</span> <span class='ocrx_word' id='word_1_146' title='bbox 2868 603 3118 676; x_wconf 84' lang='lat' dir='ltr'>denique</span> <span class='ocrx_word' id='word_1_147' title='bbox 3140 623 3356 677; x_wconf 90' lang='lat' dir='ltr'>paucos</span> 
     </span>
    </p>
   </div>
   <div class='ocr_carea' id='block_1_27' title="bbox 1993 684 3257 766">
    <p class='ocr_par' dir='ltr' id='par_1_27' title="bbox 1993 684 3257 766">
     <span class='ocr_line' id='line_1_27' title="bbox 1993 684 3257 766; baseline 0.008 -27"><span class='ocrx_word' id='word_1_148' title='bbox 1993 684 2339 759; x_wconf 89' lang='lat' dir='ltr'>Liudgardis</span> <span class='ocrx_word' id='word_1_149' title='bbox 2363 687 2581 759; x_wconf 83' lang='lat' dir='ltr'>regina,</span> <span class='ocrx_word' id='word_1_150' title='bbox 2617 690 2707 744; x_wconf 88' lang='lat' dir='ltr'>sui</span> <span class='ocrx_word' id='word_1_151' title='bbox 2730 690 3078 763; x_wconf 88' lang='lat' dir='ltr'>dignissima</span> <span class='ocrx_word' id='word_1_152' title='bbox 3097 696 3257 766; x_wconf 80' lang='lat' dir='ltr'>regni</span> 
     </span>
    </p>
   </div>
   <div class='ocr_carea' id='block_1_28' title="bbox 1990 772 3472 850">
    <p class='ocr_par' dir='ltr' id='par_1_28' title="bbox 1990 772 3472 850">
     <span class='ocr_line' id='line_1_28' title="bbox 1990 772 3472 850; baseline 0.009 -23"><span class='ocrx_word' id='word_1_153' title='bbox 1990 772 2263 842; x_wconf 87' lang='lat' dir='ltr'>Consors,</span> <span class='ocrx_word' id='word_1_154' title='bbox 2289 780 2588 831; x_wconf 86' lang='lat' dir='ltr'>tantorum</span> <span class='ocrx_word' id='word_1_155' title='bbox 2616 795 2741 850; x_wconf 65' lang='lat' dir='ltr'>qua;</span> <span class='ocrx_word' id='word_1_156' title='bbox 2775 780 2943 836; x_wconf 90' lang='lat' dir='ltr'>nobis</span> <span class='ocrx_word' id='word_1_157' title='bbox 2975 799 3153 837; x_wconf 86' lang='lat' dir='ltr'>causa</span> <span class='ocrx_word' id='word_1_158' title='bbox 3184 784 3472 841; x_wconf 89' lang='lat' dir='ltr'>bonorum</span> 
     </span>
    </p>
   </div>
   <div class='ocr_carea' id='block_1_29' title="bbox 1991 864 3415 943">
    <p class='ocr_par' dir='ltr' id='par_1_29' title="bbox 1991 864 3415 943">
     <span class='ocr_line' id='line_1_29' title="bbox 1991 864 3415 943; baseline 0.007 -24"><span class='ocrx_word' id='word_1_159' title='bbox 1991 864 2212 931; x_wconf 84' lang='lat' dir='ltr'>Extitit,</span> <span class='ocrx_word' id='word_1_160' title='bbox 2246 880 2275 920; x_wconf 89' lang='lat' dir='ltr'>e</span> <span class='ocrx_word' id='word_1_161' title='bbox 2299 865 2364 899; x_wconf 75' lang='lat'>“5</span> <span class='ocrx_word' id='word_1_162' title='bbox 2395 867 2616 921; x_wconf 90' lang='lat' dir='ltr'>mundo</span> <span class='ocrx_word' id='word_1_163' title='bbox 2648 868 2887 923; x_wconf 82' lang='lat' dir='ltr'>discesit</span> <span class='ocrx_word' id='word_1_164' title='bbox 2914 870 3059 943; x_wconf 90' lang='lat' dir='ltr'>proh</span> <span class='ocrx_word' id='word_1_165' title='bbox 3088 871 3276 927; x_wconf 83' lang='lat' dir='ltr'>dolor!</span> <span class='ocrx_word' id='word_1_166' title='bbox 3305 874 3415 930; x_wconf 90' lang='lat' dir='ltr'>isto</span> 
     </span>
    </p>
   </div>
   <div class='ocr_carea' id='block_1_30' title="bbox 1989 953 3503 1030">
    <p class='ocr_par' dir='ltr' id='par_1_30' title="bbox 1989 953 3503 1030">
     <span class='ocr_line' id='line_1_30' title="bbox 1989 953 3503 1030; baseline 0.007 -22"><span class='ocrx_word' id='word_1_167' title='bbox 1989 953 2114 1009; x_wconf 84' lang='lat' dir='ltr'>Non</span> <span class='ocrx_word' id='word_1_168' title='bbox 2148 954 2273 1010; x_wconf 87' lang='lat' dir='ltr'>sine</span> <span class='ocrx_word' id='word_1_169' title='bbox 2305 957 2638 1010; x_wconf 90' lang='lat' dir='ltr'>nostrarum</span> <span class='ocrx_word' id='word_1_170' title='bbox 2671 973 2882 1030; x_wconf 88' lang='lat' dir='ltr'>magno</span> <span class='ocrx_word' id='word_1_171' title='bbox 2914 976 3111 1015; x_wconf 91' lang='lat' dir='ltr'>rerum</span> <span class='ocrx_word' id='word_1_172' title='bbox 3134 962 3503 1019; x_wconf 88' lang='lat' dir='ltr'>detrimento.</span> 
     </span>
    </p>
   </div>
   <div class='ocr_carea' id='block_1_31' title="bbox 1991 1042 3391 1119">
    <p class='ocr_par' dir='ltr' id='par_1_31' title="bbox 1991 1042 3391 1119">
     <span class='ocr_line' id='line_1_31' title="bbox 1991 1042 3391 1119; baseline 0.005 -20"><span class='ocrx_word' id='word_1_173' title='bbox 1991 1044 2235 1099; x_wconf 87' lang='lat' dir='ltr'>Cuinam</span> <span class='ocrx_word' id='word_1_174' title='bbox 2269 1042 2597 1099; x_wconf 91' lang='lat' dir='ltr'>consimilis</span> <span class='ocrx_word' id='word_1_175' title='bbox 2631 1047 2916 1102; x_wconf 86' lang='lat' dir='ltr'>successit</span> <span class='ocrx_word' id='word_1_176' title='bbox 2945 1065 3124 1103; x_wconf 89' lang='lat' dir='ltr'>causa</span> <span class='ocrx_word' id='word_1_177' title='bbox 3155 1049 3391 1119; x_wconf 90' lang='lat' dir='ltr'>doloris,</span> 
     </span>
    </p>
   </div>
   <div class='ocr_carea' id='block_1_32' title="bbox 1988 1133 3391 1209">
    <p class='ocr_par' dir='ltr' id='par_1_32' title="bbox 1988 1133 3391 1209">
     <span class='ocr_line' id='line_1_32' title="bbox 1988 1133 3391 1209; baseline 0.005 -22"><span class='ocrx_word' id='word_1_178' title='bbox 1988 1133 2300 1189; x_wconf 84' lang='lat' dir='ltr'>Abbatissa</span> <span class='ocrx_word' id='word_1_179' title='bbox 2328 1133 2499 1187; x_wconf 84' lang='lat' dir='ltr'>bonis</span> <span class='ocrx_word' id='word_1_180' title='bbox 2534 1134 2790 1209; x_wconf 79' lang='lat' dir='ltr'>Gerberg</span> <span class='ocrx_word' id='word_1_181' title='bbox 2819 1136 2959 1208; x_wconf 85' lang='lat' dir='ltr'>quia</span> <span class='ocrx_word' id='word_1_182' title='bbox 2989 1138 3187 1192; x_wconf 89' lang='lat' dir='ltr'>dedita</span> <span class='ocrx_word' id='word_1_183' title='bbox 3214 1139 3391 1207; x_wconf 91' lang='lat' dir='ltr'>curis,</span> 
     </span>
    </p>
   </div>
   <div class='ocr_carea' id='block_1_33' title="bbox 1990 1222 3425 1300">
    <p class='ocr_par' dir='ltr' id='par_1_33' title="bbox 1990 1222 3425 1300">
     <span class='ocr_line' id='line_1_33' title="bbox 1990 1222 3425 1300; baseline 0.003 -23"><span class='ocrx_word' id='word_1_184' title='bbox 1990 1223 2125 1288; x_wconf 64' lang='lat' dir='ltr'>Quas</span> <span class='ocrx_word' id='word_1_185' title='bbox 2167 1222 2579 1296; x_wconf 71' lang='lat' dir='ltr'>prazdictorum</span> <span class='ocrx_word' id='word_1_186' title='bbox 2612 1224 2852 1280; x_wconf 75' lang='lat' dir='ltr'>suffulta</span> <span class='ocrx_word' id='word_1_187' title='bbox 2873 1226 3176 1297; x_wconf 87' lang='lat' dir='ltr'>juvamine</span> <span class='ocrx_word' id='word_1_188' title='bbox 3199 1244 3425 1300; x_wconf 90' lang='lat' dir='ltr'>regum,</span> 
     </span>
    </p>
   </div>
   <div class='ocr_carea' id='block_1_34' title="bbox 1989 1308 3358 1386">
    <p class='ocr_par' dir='ltr' id='par_1_34' title="bbox 1989 1308 3358 1386">
     <span class='ocr_line' id='line_1_34' title="bbox 1989 1308 3358 1386; baseline 0.002 -20"><span class='ocrx_word' id='word_1_189' title='bbox 1989 1310 2225 1368; x_wconf 85' lang='lat' dir='ltr'>Necnon</span> <span class='ocrx_word' id='word_1_190' title='bbox 2257 1308 2470 1382; x_wconf 67' lang='lat' dir='ltr'>regina:</span> <span class='ocrx_word' id='word_1_191' title='bbox 2502 1328 2780 1384; x_wconf 89' lang='lat' dir='ltr'>germano</span> <span class='ocrx_word' id='word_1_192' title='bbox 2813 1315 3023 1370; x_wconf 77' lang='lat' dir='ltr'>fmdere</span> <span class='ocrx_word' id='word_1_193' title='bbox 3041 1316 3261 1386; x_wconf 66' lang='lat' dir='ltr'>juncta:</span> <span class='ocrx_word' id='word_1_194' title='bbox 3295 1318 3358 1352; x_wconf 71' lang='grc' dir='ltr'>ηδ</span> 
     </span>
    </p>
   </div>
   <div class='ocr_carea' id='block_1_35' title="bbox 1989 1399 3283 1476">
    <p class='ocr_par' dir='ltr' id='par_1_35' title="bbox 1989 1399 3283 1476">
     <span class='ocr_line' id='line_1_35' title="bbox 1989 1399 3283 1476; baseline 0.004 -21"><span class='ocrx_word' id='word_1_195' title='bbox 1989 1399 2331 1457; x_wconf 88' lang='lat' dir='ltr'>Cocnobium</span> <span class='ocrx_word' id='word_1_196' title='bbox 2365 1400 2535 1456; x_wconf 90' lang='lat' dir='ltr'>donis</span> <span class='ocrx_word' id='word_1_197' title='bbox 2566 1402 2790 1457; x_wconf 88' lang='lat' dir='ltr'>ornavit</span> <span class='ocrx_word' id='word_1_198' title='bbox 2818 1420 2968 1476; x_wconf 73' lang='lat' dir='ltr'>smpe</span> <span class='ocrx_word' id='word_1_199' title='bbox 3000 1405 3283 1472; x_wconf 88' lang='lat' dir='ltr'>coruscis,</span> 
     </span>
    </p>
   </div>
   <div class='ocr_carea' id='block_1_36' title="bbox 1989 1489 3643 1567">
    <p class='ocr_par' dir='ltr' id='par_1_36' title="bbox 1989 1489 3643 1567">
     <span class='ocr_line' id='line_1_36' title="bbox 1989 1489 3643 1567; baseline 0.004 -22"><span class='ocrx_word' id='word_1_200' title='bbox 1989 1489 2206 1546; x_wconf 90' lang='lat' dir='ltr'>Usibus</span> <span class='ocrx_word' id='word_1_201' title='bbox 2235 1493 2293 1545; x_wconf 89' lang='lat' dir='ltr'>et</span> <span class='ocrx_word' id='word_1_202' title='bbox 2323 1493 2615 1561; x_wconf 81' lang='lat' dir='ltr'>quaestum</span> <span class='ocrx_word' id='word_1_203' title='bbox 2649 1491 2863 1547; x_wconf 90' lang='lat' dir='ltr'>nostris</span> <span class='ocrx_word' id='word_1_204' title='bbox 2903 1494 3309 1564; x_wconf 86' lang='lat' dir='ltr'>superaddidit</span> <span class='ocrx_word' id='word_1_205' title='bbox 3353 1495 3643 1567; x_wconf 89' lang='lat' dir='ltr'>amplum,</span> 
     </span>
    </p>
   </div>
   <div class='ocr_carea' id='block_1_37' title="bbox 1988 1578 3613 1656">
    <p class='ocr_par' dir='ltr' id='par_1_37' title="bbox 1988 1578 3613 1656">
     <span class='ocr_line' id='line_1_37' title="bbox 1988 1578 3613 1656; baseline 0.004 -23"><span class='ocrx_word' id='word_1_206' title='bbox 1988 1578 2306 1652; x_wconf 88' lang='lat' dir='ltr'>Postquam</span> <span class='ocrx_word' id='word_1_207' title='bbox 2338 1578 2429 1634; x_wconf 90' lang='lat' dir='ltr'>bis</span> <span class='ocrx_word' id='word_1_208' title='bbox 2461 1580 2642 1636; x_wconf 89' lang='lat' dir='ltr'>denos</span> <span class='ocrx_word' id='word_1_209' title='bbox 2673 1580 2842 1636; x_wconf 88' lang='lat' dir='ltr'>binos</span> <span class='ocrx_word' id='word_1_210' title='bbox 2874 1596 3107 1653; x_wconf 87' lang='lat' dir='ltr'>quoque</span> <span class='ocrx_word' id='word_1_211' title='bbox 3137 1584 3369 1654; x_wconf 64' lang='lat' dir='ltr'>praefuit</span> <span class='ocrx_word' id='word_1_212' title='bbox 3398 1601 3613 1656; x_wconf 80' lang='lat' dir='ltr'>annos,-</span> 
     </span>
    </p>
   </div>
   <div class='ocr_carea' id='block_1_38' title="bbox 1988 1667 3221 1743">
    <p class='ocr_par' dir='ltr' id='par_1_38' title="bbox 1988 1667 3221 1743">
     <span class='ocr_line' id='line_1_38' title="bbox 1988 1667 3221 1743; baseline 0.002 -20"><span class='ocrx_word' id='word_1_213' title='bbox 1988 1668 2192 1724; x_wconf 83' lang='lat' dir='ltr'>Officio</span> <span class='ocrx_word' id='word_1_214' title='bbox 2222 1667 2345 1723; x_wconf 89' lang='lat' dir='ltr'>vice</span> <span class='ocrx_word' id='word_1_215' title='bbox 2366 1668 2626 1724; x_wconf 89' lang='lat' dir='ltr'>rectricis</span> <span class='ocrx_word' id='word_1_216' title='bbox 2657 1670 2960 1741; x_wconf 86' lang='lat' dir='ltr'>perfuncta</span> <span class='ocrx_word' id='word_1_217' title='bbox 2991 1671 3221 1743; x_wconf 89' lang='lat' dir='ltr'>prioris,</span> 
     </span>
    </p>
   </div>
   <div class='ocr_carea' id='block_1_39' title="bbox 1906 1756 3391 1859">
    <p class='ocr_par' dir='ltr' id='par_1_39' title="bbox 1906 1756 3391 1859">
     <span class='ocr_line' id='line_1_39' title="bbox 1906 1756 3391 1859; baseline 0.003 -48"><span class='ocrx_word' id='word_1_218' title='bbox 1906 1794 1957 1859; x_wconf 83' lang='lat' dir='ltr'><strong>B</strong></span> <span class='ocrx_word' id='word_1_219' title='bbox 1988 1756 2345 1829; x_wconf 78' lang='lat' dir='ltr'>Deposito“7</span> <span class='ocrx_word' id='word_1_220' title='bbox 2376 1756 2599 1830; x_wconf 81' lang='lat' dir='ltr'>fragilis</span> <span class='ocrx_word' id='word_1_221' title='bbox 2631 1757 2861 1814; x_wconf 89' lang='lat' dir='ltr'>mortali</span> <span class='ocrx_word' id='word_1_222' title='bbox 2893 1761 3145 1831; x_wconf 88' lang='lat' dir='ltr'>pondere</span> <span class='ocrx_word' id='word_1_223' title='bbox 3176 1762 3391 1830; x_wconf 89' lang='lat' dir='ltr'>carnis,</span> 
     </span>
    </p>
   </div>
   <div class='ocr_carea' id='block_1_40' title="bbox 1989 1846 3640 1923">
    <p class='ocr_par' dir='ltr' id='par_1_40' title="bbox 1989 1846 3640 1923">
     <span class='ocr_line' id='line_1_40' title="bbox 1989 1846 3640 1923; baseline 0.005 -22"><span class='ocrx_word' id='word_1_224' title='bbox 1989 1846 2215 1902; x_wconf 89' lang='lat' dir='ltr'>Factori</span> <span class='ocrx_word' id='word_1_225' title='bbox 2230 1847 2433 1902; x_wconf 86' lang='lat' dir='ltr'>flatum</span> <span class='ocrx_word' id='word_1_226' title='bbox 2452 1848 2732 1903; x_wconf 88' lang='lat' dir='ltr'>reddebat</span> <span class='ocrx_word' id='word_1_227' title='bbox 2749 1849 2821 1903; x_wconf 89' lang='lat' dir='ltr'>ab</span> <span class='ocrx_word' id='word_1_228' title='bbox 2841 1848 3017 1905; x_wconf 76' lang='lat' dir='ltr'>aethre</span> <span class='ocrx_word' id='word_1_229' title='bbox 3034 1855 3329 1923; x_wconf 89' lang='lat' dir='ltr'>receptum</span> <span class='ocrx_word' id='word_1_230' title='bbox 3349 1854 3465 1921; x_wconf 87' lang='lat' dir='ltr'>(an.</span> <span class='ocrx_word' id='word_1_231' title='bbox 3482 1853 3640 1923; x_wconf 87' lang='lat'>896);</span> 
     </span>
    </p>
   </div>
   <div class='ocr_carea' id='block_1_41' title="bbox 1986 1934 3159 2006">
    <p class='ocr_par' dir='ltr' id='par_1_41' title="bbox 1986 1934 3159 2006">
     <span class='ocr_line' id='line_1_41' title="bbox 1986 1934 3159 2006; baseline 0.003 -16"><span class='ocrx_word' id='word_1_232' title='bbox 1986 1934 2389 2006; x_wconf 90' lang='lat' dir='ltr'>Orbatumque</span> <span class='ocrx_word' id='word_1_233' title='bbox 2420 1936 2511 1991; x_wconf 92' lang='lat' dir='ltr'>sui</span> <span class='ocrx_word' id='word_1_234' title='bbox 2541 1935 2766 1990; x_wconf 90' lang='lat' dir='ltr'>dimisit</span> <span class='ocrx_word' id='word_1_235' title='bbox 2796 1937 2943 1991; x_wconf 88' lang='lat' dir='ltr'>ovile</span> <span class='ocrx_word' id='word_1_236' title='bbox 2975 1938 3159 1993; x_wconf 89' lang='lat' dir='ltr'>sorori</span> 
     </span>
    </p>
   </div>
   <div class='ocr_carea' id='block_1_42' title="bbox 1986 2021 3426 2096">
    <p class='ocr_par' dir='ltr' id='par_1_42' title="bbox 1986 2021 3426 2096">
     <span class='ocr_line' id='line_1_42' title="bbox 1986 2021 3426 2096; baseline 0.004 -19"><span class='ocrx_word' id='word_1_237' title='bbox 1986 2021 2292 2078; x_wconf 70' lang='lat' dir='ltr'>Christina:</span> <span class='ocrx_word' id='word_1_238' title='bbox 2315 2023 2748 2095; x_wconf 85' lang='lat' dir='ltr'>procurandum</span> <span class='ocrx_word' id='word_1_239' title='bbox 2771 2027 3088 2096; x_wconf 76' lang='lat' dir='ltr'>sancteque</span> <span class='ocrx_word' id='word_1_240' title='bbox 3118 2028 3426 2083; x_wconf 87' lang='lat' dir='ltr'>tuendum.</span> 
     </span>
    </p>
   </div>
   <div class='ocr_carea' id='block_1_43' title="bbox 2057 2112 3408 2183">
    <p class='ocr_par' dir='ltr' id='par_1_43' title="bbox 2057 2112 3408 2183">
     <span class='ocr_line' id='line_1_43' title="bbox 2057 2112 3408 2183; baseline 0.003 -17"><span class='ocrx_word' id='word_1_241' title='bbox 2057 2114 2192 2177; x_wconf 71' lang='lat' dir='ltr'>Qua:</span> <span class='ocrx_word' id='word_1_242' title='bbox 2225 2112 2599 2183; x_wconf 67' lang='lat' dir='ltr'>praefatarum</span> <span class='ocrx_word' id='word_1_243' title='bbox 2632 2128 2823 2167; x_wconf 87' lang='lat' dir='ltr'>mores</span> <span class='ocrx_word' id='word_1_244' title='bbox 2855 2115 3132 2168; x_wconf 88' lang='lat' dir='ltr'>sectando</span> <span class='ocrx_word' id='word_1_245' title='bbox 3164 2131 3408 2171; x_wconf 88' lang='lat' dir='ltr'>suorum</span> 
     </span>
    </p>
   </div>
   <div class='ocr_carea' id='block_1_44' title="bbox 212 2200 3514 2276">
    <p class='ocr_par' dir='ltr' id='par_1_44' title="bbox 212 2200 3514 2276">
     <span class='ocr_line' id='line_1_44' title="bbox 212 2200 3514 2276; baseline -0.001 -13"><span class='ocrx_word' id='word_1_246' title='bbox 212 2205 506 2273; x_wconf 85' lang='lat' dir='ltr'>Patronis,</span> <span class='ocrx_word' id='word_1_247' title='bbox 526 2219 779 2276; x_wconf 89' lang='lat' dir='ltr'>quorum</span> <span class='ocrx_word' id='word_1_248' title='bbox 811 2200 1058 2267; x_wconf 91' lang='lat' dir='ltr'>meritis,</span> <span class='ocrx_word' id='word_1_249' title='bbox 1089 2201 1363 2273; x_wconf 90' lang='lat' dir='ltr'>precibus</span> <span class='ocrx_word' id='word_1_250' title='bbox 1404 2218 1639 2273; x_wconf 89' lang='lat' dir='ltr'>quoque</span> <span class='ocrx_word' id='word_1_251' title='bbox 1684 2202 1873 2256; x_wconf 88' lang='lat' dir='ltr'>sacris</span> <span class='ocrx_word' id='word_1_252' title='bbox 1983 2201 2174 2272; x_wconf 90' lang='lat' dir='ltr'>Atque</span> <span class='ocrx_word' id='word_1_253' title='bbox 2200 2200 2289 2256; x_wconf 91' lang='lat' dir='ltr'>sui</span> <span class='ocrx_word' id='word_1_254' title='bbox 2321 2200 2500 2255; x_wconf 89' lang='lat' dir='ltr'>vitam</span> <span class='ocrx_word' id='word_1_255' title='bbox 2531 2202 2677 2256; x_wconf 90' lang='lat' dir='ltr'>bene</span> <span class='ocrx_word' id='word_1_256' title='bbox 2709 2201 3168 2273; x_wconf 70' lang='lat' dir='ltr'>przcmeditando</span> <span class='ocrx_word' id='word_1_257' title='bbox 3201 2206 3514 2276; x_wconf 82' lang='lat' dir='ltr'>gerendam</span> 
     </span>
    </p>
   </div>
   <div class='ocr_carea' id='block_1_45' title="bbox 215 2288 1413 2362">
    <p class='ocr_par' dir='ltr' id='par_1_45' title="bbox 215 2288 1413 2362">
     <span class='ocr_line' id='line_1_45' title="bbox 215 2288 1413 2362; baseline -0.006 -10"><span class='ocrx_word' id='word_1_258' title='bbox 215 2298 545 2353; x_wconf 87' lang='lat' dir='ltr'>Successus</span> <span class='ocrx_word' id='word_1_259' title='bbox 573 2291 743 2347; x_wconf 88' lang='lat' dir='ltr'>nobis</span> <span class='ocrx_word' id='word_1_260' title='bbox 774 2293 983 2362; x_wconf 65' lang='lat' dir='ltr'>optata:</span> <span class='ocrx_word' id='word_1_261' title='bbox 1005 2288 1413 2362; x_wconf 89' lang='lat' dir='ltr'>prosperitatis</span> 
     </span>
    </p>
   </div>
   <div class='ocr_carea' id='block_1_46' title="bbox 214 2378 1604 2454">
    <p class='ocr_par' dir='ltr' id='par_1_46' title="bbox 214 2378 1604 2454">
     <span class='ocr_line' id='line_1_46' title="bbox 214 2378 1604 2454; baseline -0.006 -14"><span class='ocrx_word' id='word_1_262' title='bbox 214 2385 456 2441; x_wconf 85' lang='lat' dir='ltr'>Necnon</span> <span class='ocrx_word' id='word_1_263' title='bbox 489 2379 701 2454; x_wconf 88' lang='lat' dir='ltr'>regalis</span> <span class='ocrx_word' id='word_1_264' title='bbox 731 2380 908 2435; x_wconf 89' lang='lat' dir='ltr'>decus</span> <span class='ocrx_word' id='word_1_265' title='bbox 938 2379 1253 2434; x_wconf 88' lang='lat' dir='ltr'>accedebat</span> <span class='ocrx_word' id='word_1_266' title='bbox 1282 2378 1542 2434; x_wconf 89' lang='lat' dir='ltr'>honoris.</span> <span class='ocrx_word' id='word_1_267' title='bbox 1576 2399 1604 2427; x_wconf 87' lang='grc'><strong>››</strong></span> 
     </span>
    </p>
   </div>
   <div class='ocr_carea' id='block_1_47' title="bbox 214 2469 1728 2540">
    <p class='ocr_par' dir='ltr' id='par_1_47' title="bbox 214 2469 1728 2540">
     <span class='ocr_line' id='line_1_47' title="bbox 214 2469 1728 2540; baseline -0.005 -11"><span class='ocrx_word' id='word_1_268' title='bbox 214 2474 341 2533; x_wconf 82' lang='lat' dir='ltr'>Hac</span> <span class='ocrx_word' id='word_1_269' title='bbox 371 2471 593 2526; x_wconf 89' lang='lat' dir='ltr'>ratione</span> <span class='ocrx_word' id='word_1_270' title='bbox 625 2485 793 2524; x_wconf 89' lang='lat' dir='ltr'>suam</span> <span class='ocrx_word' id='word_1_271' title='bbox 826 2469 1069 2540; x_wconf 87' lang='lat' dir='ltr'>stirpem</span> <span class='ocrx_word' id='word_1_272' title='bbox 1094 2471 1465 2539; x_wconf 89' lang='lat' dir='ltr'>persuaserat</span> <span class='ocrx_word' id='word_1_273' title='bbox 1494 2484 1728 2523; x_wconf 90' lang='lat' dir='ltr'>omnem</span> 
     </span>
    </p>
   </div>
   <div class='ocr_carea' id='block_1_48' title="bbox 212 2555 1393 2635">
    <p class='ocr_par' dir='ltr' id='par_1_48' title="bbox 212 2555 1393 2635">
     <span class='ocr_line' id='line_1_48' title="bbox 212 2555 1393 2635; baseline -0.006 -18"><span class='ocrx_word' id='word_1_274' title='bbox 212 2562 373 2635; x_wconf 88' lang='lat' dir='ltr'>Erga</span> <span class='ocrx_word' id='word_1_275' title='bbox 398 2557 643 2616; x_wconf 71' lang='lat' dir='ltr'>cmnobii</span> <span class='ocrx_word' id='word_1_276' title='bbox 675 2556 900 2613; x_wconf 90' lang='lat' dir='ltr'>cultum</span> <span class='ocrx_word' id='word_1_277' title='bbox 934 2557 1026 2629; x_wconf 89' lang='lat' dir='ltr'>pie</span> <span class='ocrx_word' id='word_1_278' title='bbox 1060 2555 1393 2612; x_wconf 89' lang='lat' dir='ltr'>sollicitari.</span> 
     </span>
    </p>
   </div>
   <div class='ocr_carea' id='block_1_49' title="bbox 212 2644 1573 2721">
    <p class='ocr_par' dir='ltr' id='par_1_49' title="bbox 212 2644 1573 2721">
     <span class='ocr_line' id='line_1_49' title="bbox 212 2644 1573 2721; baseline -0.006 -14"><span class='ocrx_word' id='word_1_279' title='bbox 212 2653 292 2708; x_wconf 78' lang='lat' dir='ltr'>Et</span> <span class='ocrx_word' id='word_1_280' title='bbox 318 2650 461 2717; x_wconf 88' lang='lat' dir='ltr'>loca,</span> <span class='ocrx_word' id='word_1_281' title='bbox 496 2665 623 2721; x_wconf 74' lang='lat' dir='ltr'>qua:</span> <span class='ocrx_word' id='word_1_282' title='bbox 655 2645 851 2720; x_wconf 88' lang='lat' dir='ltr'>generi</span> <span class='ocrx_word' id='word_1_283' title='bbox 879 2646 1031 2700; x_wconf 90' lang='lat' dir='ltr'>dono</span> <span class='ocrx_word' id='word_1_284' title='bbox 1062 2644 1217 2716; x_wconf 85' lang='lat' dir='ltr'>regis</span> <span class='ocrx_word' id='word_1_285' title='bbox 1247 2645 1573 2701; x_wconf 89' lang='lat' dir='ltr'>Hludowici</span> 
     </span>
    </p>
   </div>
   <div class='ocr_carea' id='block_1_50' title="bbox 212 2734 1789 2809">
    <p class='ocr_par' dir='ltr' id='par_1_50' title="bbox 212 2734 1789 2809">
     <span class='ocr_line' id='line_1_50' title="bbox 212 2734 1789 2809; baseline -0.004 -12"><span class='ocrx_word' id='word_1_286' title='bbox 212 2741 572 2797; x_wconf 84' lang='lat' dir='ltr'>Possessura</span> <span class='ocrx_word' id='word_1_287' title='bbox 600 2736 837 2809; x_wconf 88' lang='lat' dir='ltr'>quidem</span> <span class='ocrx_word' id='word_1_288' title='bbox 868 2735 1171 2807; x_wconf 90' lang='lat' dir='ltr'>proprium</span> <span class='ocrx_word' id='word_1_289' title='bbox 1205 2734 1463 2806; x_wconf 88' lang='lat' dir='ltr'>suscepit</span> <span class='ocrx_word' id='word_1_290' title='bbox 1494 2735 1554 2790; x_wconf 90' lang='lat' dir='ltr'>in</span> <span class='ocrx_word' id='word_1_291' title='bbox 1588 2752 1789 2805; x_wconf 91' lang='lat' dir='ltr'>usum,</span> 
     </span>
    </p>
   </div>
   <div class='ocr_carea' id='block_1_51' title="bbox 215 2823 1529 2896">
    <p class='ocr_par' dir='ltr' id='par_1_51' title="bbox 215 2823 1529 2896">
     <span class='ocr_line' id='line_1_51' title="bbox 215 2823 1529 2896; baseline -0.005 -11"><span class='ocrx_word' id='word_1_292' title='bbox 215 2828 596 2885; x_wconf 88' lang='lat' dir='ltr'>Permittente</span> <span class='ocrx_word' id='word_1_293' title='bbox 624 2842 733 2881; x_wconf 90' lang='lat' dir='ltr'>sua</span> <span class='ocrx_word' id='word_1_294' title='bbox 762 2823 981 2896; x_wconf 90' lang='lat' dir='ltr'>pariter</span> <span class='ocrx_word' id='word_1_295' title='bbox 1010 2824 1225 2896; x_wconf 89' lang='lat' dir='ltr'>pietate</span> <span class='ocrx_word' id='word_1_296' title='bbox 1258 2823 1529 2896; x_wconf 90' lang='lat' dir='ltr'>benigna,</span> 
     </span>
    </p>
   </div>
   <div class='ocr_carea' id='block_1_52' title="bbox 212 2912 1497 2990">
    <p class='ocr_par' dir='ltr' id='par_1_52' title="bbox 212 2912 1497 2990">
     <span class='ocr_line' id='line_1_52' title="bbox 212 2912 1497 2990; baseline -0.006 -15"><span class='ocrx_word' id='word_1_297' title='bbox 212 2916 487 2976; x_wconf 71' lang='lat' dir='ltr'>Ecclesia:</span> <span class='ocrx_word' id='word_1_298' title='bbox 518 2914 670 2971; x_wconf 88' lang='lat' dir='ltr'>tradi</span> <span class='ocrx_word' id='word_1_299' title='bbox 703 2913 953 2990; x_wconf 81' lang='lat' dir='ltr'>faciebat</span> <span class='ocrx_word' id='word_1_300' title='bbox 974 2912 1497 2969; x_wconf 89' lang='lat' dir='ltr'>Gandeshemensi.</span> 
     </span>
    </p>
   </div>
   <div class='ocr_carea' id='block_1_53' title="bbox 212 3000 1663 3077">
    <p class='ocr_par' dir='ltr' id='par_1_53' title="bbox 212 3000 1663 3077">
     <span class='ocr_line' id='line_1_53' title="bbox 212 3000 1663 3077; baseline -0.005 -13"><span class='ocrx_word' id='word_1_301' title='bbox 212 3008 338 3064; x_wconf 77' lang='lat' dir='ltr'>Nec</span> <span class='ocrx_word' id='word_1_302' title='bbox 369 3023 467 3061; x_wconf 82' lang='lat' dir='ltr'>rex</span> <span class='ocrx_word' id='word_1_303' title='bbox 498 3004 623 3077; x_wconf 88' lang='lat' dir='ltr'>ipse</span> <span class='ocrx_word' id='word_1_304' title='bbox 652 3002 847 3059; x_wconf 92' lang='lat' dir='ltr'>locum</span> <span class='ocrx_word' id='word_1_305' title='bbox 878 3000 1217 3058; x_wconf 91' lang='lat' dir='ltr'>sublimavit</span> <span class='ocrx_word' id='word_1_306' title='bbox 1246 3001 1442 3057; x_wconf 90' lang='lat' dir='ltr'>minus</span> <span class='ocrx_word' id='word_1_307' title='bbox 1473 3001 1663 3071; x_wconf 90' lang='lat' dir='ltr'>illum,</span> 
     </span>
    </p>
   </div>
   <div class='ocr_carea' id='block_1_54' title="bbox 216 3090 1564 3169">
    <p class='ocr_par' dir='ltr' id='par_1_54' title="bbox 216 3090 1564 3169">
     <span class='ocr_line' id='line_1_54' title="bbox 216 3090 1564 3169; baseline -0.004 -16"><span class='ocrx_word' id='word_1_308' title='bbox 216 3094 572 3169; x_wconf 87' lang='lat' dir='ltr'>Liudgardis</span> <span class='ocrx_word' id='word_1_309' title='bbox 602 3093 700 3166; x_wconf 89' lang='lat' dir='ltr'>pia</span> <span class='ocrx_word' id='word_1_310' title='bbox 730 3091 941 3164; x_wconf 63' lang='lat' dir='ltr'>regina:</span> <span class='ocrx_word' id='word_1_311' title='bbox 973 3090 1233 3146; x_wconf 87' lang='lat' dir='ltr'>bonitate</span> <span class='ocrx_word' id='word_1_312' title='bbox 1264 3095 1564 3162; x_wconf 85' lang='lat' dir='ltr'>precante;</span> 
     </span>
    </p>
   </div>
   <div class='ocr_carea' id='block_1_55' title="bbox 214 3179 1696 3253">
    <p class='ocr_par' dir='ltr' id='par_1_55' title="bbox 214 3179 1696 3253">
     <span class='ocr_line' id='line_1_55' title="bbox 214 3179 1696 3253; baseline -0.004 -11"><span class='ocrx_word' id='word_1_313' title='bbox 214 3186 337 3243; x_wconf 88' lang='lat' dir='ltr'>Sed</span> <span class='ocrx_word' id='word_1_314' title='bbox 365 3184 603 3240; x_wconf 87' lang='lat' dir='ltr'>tradens</span> <span class='ocrx_word' id='word_1_315' title='bbox 633 3180 720 3236; x_wconf 91' lang='lat' dir='ltr'>illi</span> <span class='ocrx_word' id='word_1_316' title='bbox 742 3181 809 3216; x_wconf 88' lang='grc'>¹¹⁰</span> <span class='ocrx_word' id='word_1_317' title='bbox 838 3180 1089 3253; x_wconf 88' lang='lat' dir='ltr'>largitur</span> <span class='ocrx_word' id='word_1_318' title='bbox 1117 3179 1337 3250; x_wconf 71' lang='lat' dir='ltr'>praedia</span> <span class='ocrx_word' id='word_1_319' title='bbox 1366 3179 1555 3235; x_wconf 89' lang='lat' dir='ltr'>multa</span> <span class='ocrx_word' id='word_1_320' title='bbox 1585 3182 1696 3251; x_wconf 89' lang='lat'>(45)</span> 
     </span>
    </p>
   </div>
   <div class='ocr_carea' id='block_1_56' title="bbox 216 3267 1609 3345">
    <p class='ocr_par' dir='ltr' id='par_1_56' title="bbox 216 3267 1609 3345">
     <span class='ocr_line' id='line_1_56' title="bbox 216 3267 1609 3345; baseline -0.004 -14"><span class='ocrx_word' id='word_1_321' title='bbox 216 3275 289 3332; x_wconf 90' lang='lat' dir='ltr'>In</span> <span class='ocrx_word' id='word_1_322' title='bbox 312 3275 417 3345; x_wconf 88' lang='lat' dir='ltr'>jus</span> <span class='ocrx_word' id='word_1_323' title='bbox 447 3271 772 3343; x_wconf 71' lang='lat' dir='ltr'>Gerbergte,</span> <span class='ocrx_word' id='word_1_324' title='bbox 798 3272 1011 3325; x_wconf 70' lang='lat' dir='ltr'>nostrae</span> <span class='ocrx_word' id='word_1_325' title='bbox 1045 3267 1303 3324; x_wconf 88' lang='lat' dir='ltr'>rectricis</span> <span class='ocrx_word' id='word_1_326' title='bbox 1324 3271 1609 3341; x_wconf 58' lang='lat' dir='ltr'>amanda,</span> 
     </span>
    </p>
   </div>
   <div class='ocr_carea' id='block_1_57' title="bbox 218 3357 1481 3436">
    <p class='ocr_par' dir='ltr' id='par_1_57' title="bbox 218 3357 1481 3436">
     <span class='ocr_line' id='line_1_57' title="bbox 218 3357 1481 3436; baseline -0.005 -16"><span class='ocrx_word' id='word_1_327' title='bbox 218 3362 416 3436; x_wconf 87' lang='lat' dir='ltr'>Ipsius</span> <span class='ocrx_word' id='word_1_328' title='bbox 442 3359 690 3416; x_wconf 88' lang='lat' dir='ltr'>illustris</span> <span class='ocrx_word' id='word_1_329' title='bbox 717 3357 930 3430; x_wconf 68' lang='lat' dir='ltr'>reginae</span> <span class='ocrx_word' id='word_1_330' title='bbox 954 3373 1210 3430; x_wconf 89' lang='lat' dir='ltr'>namque</span> <span class='ocrx_word' id='word_1_331' title='bbox 1243 3358 1481 3415; x_wconf 75' lang='lat' dir='ltr'>sororis.</span> 
     </span>
    </p>
   </div>
   <div class='ocr_carea' id='block_1_58' title="bbox 213 3446 1876 3521">
    <p class='ocr_par' dir='ltr' id='par_1_58' title="bbox 213 3446 1876 3521">
     <span class='ocr_line' id='line_1_58' title="bbox 213 3446 1876 3521; baseline -0.001 -13"><span class='ocrx_word' id='word_1_332' title='bbox 213 3455 404 3520; x_wconf 84' lang='lat' dir='ltr'>Quem</span> <span class='ocrx_word' id='word_1_333' title='bbox 426 3450 487 3485; x_wconf 82' lang='grc'>¹¹¹</span> <span class='ocrx_word' id='word_1_334' title='bbox 519 3449 633 3519; x_wconf 85' lang='grc'>(46)</span> <span class='ocrx_word' id='word_1_335' title='bbox 663 3462 763 3502; x_wconf 82' lang='lat' dir='ltr'>rex</span> <span class='ocrx_word' id='word_1_336' title='bbox 787 3446 1411 3514; x_wconf 88' lang='lat' dir='ltr'>Arnnlfus,succcssor</span> <span class='ocrx_word' id='word_1_337' title='bbox 1432 3448 1655 3504; x_wconf 89' lang='lat' dir='ltr'>scilicet</span> <span class='ocrx_word' id='word_1_338' title='bbox 1696 3450 1876 3521; x_wconf 89' lang='lat' dir='ltr'>hujus</span> 
     </span>
    </p>
   </div>
   <div class='ocr_carea' id='block_1_59' title="bbox 214 3534 1607 3611">
    <p class='ocr_par' dir='ltr' id='par_1_59' title="bbox 214 3534 1607 3611">
     <span class='ocr_line' id='line_1_59' title="bbox 214 3534 1607 3611; baseline -0.004 -13"><span class='ocrx_word' id='word_1_339' title='bbox 214 3540 468 3599; x_wconf 83' lang='lat' dir='ltr'>Posthac</span> <span class='ocrx_word' id='word_1_340' title='bbox 497 3554 601 3611; x_wconf 89' lang='lat' dir='ltr'>per</span> <span class='ocrx_word' id='word_1_341' title='bbox 632 3536 920 3608; x_wconf 91' lang='lat' dir='ltr'>scriptum</span> <span class='ocrx_word' id='word_1_342' title='bbox 951 3534 1129 3608; x_wconf 89' lang='lat' dir='ltr'>regali</span> <span class='ocrx_word' id='word_1_343' title='bbox 1153 3536 1287 3606; x_wconf 89' lang='lat' dir='ltr'>jure</span> <span class='ocrx_word' id='word_1_344' title='bbox 1318 3540 1607 3592; x_wconf 89' lang='lat' dir='ltr'>statutum</span> 
     </span>
    </p>
   </div>
   <div class='ocr_carea' id='block_1_60' title="bbox 216 3625 1470 3697">
    <p class='ocr_par' dir='ltr' id='par_1_60' title="bbox 216 3625 1470 3697">
     <span class='ocr_line' id='line_1_60' title="bbox 216 3625 1470 3697; baseline -0.007 -9"><span class='ocrx_word' id='word_1_345' title='bbox 216 3631 462 3697; x_wconf 89' lang='lat' dir='ltr'>Firmat,</span> <span class='ocrx_word' id='word_1_346' title='bbox 485 3625 696 3683; x_wconf 86' lang='lat' dir='ltr'>vinetis</span> <span class='ocrx_word' id='word_1_347' title='bbox 719 3626 848 3696; x_wconf 90' lang='lat' dir='ltr'>ejus</span> <span class='ocrx_word' id='word_1_348' title='bbox 878 3626 1032 3680; x_wconf 90' lang='lat' dir='ltr'>dono</span> <span class='ocrx_word' id='word_1_349' title='bbox 1064 3625 1432 3697; x_wconf 86' lang='lat' dir='ltr'>superauctis</span> <span class='ocrx_word' id='word_1_350' title='bbox 1458 3644 1470 3693; x_wconf 91' lang='lat'><strong>;</strong></span> 
     </span>
    </p>
   </div>
   <div class='ocr_carea' id='block_1_61' title="bbox 212 3713 1576 3787">
    <p class='ocr_par' dir='ltr' id='par_1_61' title="bbox 212 3713 1576 3787">
     <span class='ocr_line' id='line_1_61' title="bbox 212 3713 1576 3787; baseline -0.005 -10"><span class='ocrx_word' id='word_1_351' title='bbox 212 3722 299 3777; x_wconf 85' lang='lat' dir='ltr'>Ac</span> <span class='ocrx_word' id='word_1_352' title='bbox 330 3718 415 3776; x_wconf 91' lang='lat' dir='ltr'>sic</span> <span class='ocrx_word' id='word_1_353' title='bbox 445 3715 705 3774; x_wconf 75' lang='lat' dir='ltr'>cmnobio</span> <span class='ocrx_word' id='word_1_354' title='bbox 727 3714 1051 3771; x_wconf 91' lang='lat' dir='ltr'>succedunt</span> <span class='ocrx_word' id='word_1_355' title='bbox 1080 3730 1358 3785; x_wconf 89' lang='lat' dir='ltr'>prospera</span> <span class='ocrx_word' id='word_1_356' title='bbox 1387 3713 1576 3787; x_wconf 90' lang='lat' dir='ltr'>plura,</span> 
     </span>
    </p>
   </div>
   <div class='ocr_carea' id='block_1_62' title="bbox 214 3802 1593 3867">
    <p class='ocr_par' dir='ltr' id='par_1_62' title="bbox 214 3802 1593 3867">
     <span class='ocr_line' id='line_1_62' title="bbox 214 3802 1593 3867; baseline -0.007 0"><span class='ocrx_word' id='word_1_357' title='bbox 214 3812 601 3867; x_wconf 91' lang='lat' dir='ltr'>Summorum</span> <span class='ocrx_word' id='word_1_358' title='bbox 635 3803 863 3860; x_wconf 90' lang='lat' dir='ltr'>meritis</span> <span class='ocrx_word' id='word_1_359' title='bbox 893 3802 1388 3859; x_wconf 88' lang='lat' dir='ltr'>intercedentibus</span> <span class='ocrx_word' id='word_1_360' title='bbox 1419 3803 1593 3859; x_wconf 90' lang='lat' dir='ltr'>almis</span> 
     </span>
    </p>
   </div>
   <div class='ocr_carea' id='block_1_63' title="bbox 215 3892 1838 3968">
    <p class='ocr_par' dir='ltr' id='par_1_63' title="bbox 215 3892 1838 3968">
     <span class='ocr_line' id='line_1_63' title="bbox 215 3892 1838 3968; baseline -0.003 -12"><span class='ocrx_word' id='word_1_361' title='bbox 215 3897 596 3966; x_wconf 79' lang='lat' dir='ltr'>Pontificum,</span> <span class='ocrx_word' id='word_1_362' title='bbox 628 3910 878 3968; x_wconf 91' lang='lat' dir='ltr'>quorum</span> <span class='ocrx_word' id='word_1_363' title='bbox 910 3896 1138 3948; x_wconf 87' lang='lat' dir='ltr'>constat</span> <span class='ocrx_word' id='word_1_364' title='bbox 1167 3893 1276 3947; x_wconf 87' lang='lat' dir='ltr'>sub</span> <span class='ocrx_word' id='word_1_365' title='bbox 1308 3892 1528 3948; x_wconf 90' lang='lat' dir='ltr'>honore</span> <span class='ocrx_word' id='word_1_366' title='bbox 1558 3893 1838 3951; x_wconf 89' lang='lat' dir='ltr'>dicatum.</span> 
     </span>
    </p>
   </div>
   <div class='ocr_carea' id='block_1_64' title="bbox 215 3981 1613 4058">
    <p class='ocr_par' dir='ltr' id='par_1_64' title="bbox 215 3981 1613 4058">
     <span class='ocr_line' id='line_1_64' title="bbox 215 3981 1613 4058; baseline -0.006 -11"><span class='ocrx_word' id='word_1_367' title='bbox 215 3988 335 4047; x_wconf 83' lang='lat' dir='ltr'>Sed</span> <span class='ocrx_word' id='word_1_368' title='bbox 367 4003 440 4042; x_wconf 89' lang='lat' dir='ltr'>ne</span> <span class='ocrx_word' id='word_1_369' title='bbox 469 3984 602 4058; x_wconf 89' lang='lat' dir='ltr'>plus</span> <span class='ocrx_word' id='word_1_370' title='bbox 625 3984 790 4055; x_wconf 90' lang='lat' dir='ltr'>justo</span> <span class='ocrx_word' id='word_1_371' title='bbox 822 3981 1055 4056; x_wconf 87' lang='lat' dir='ltr'>fragiles</span> <span class='ocrx_word' id='word_1_372' title='bbox 1086 3981 1356 4038; x_wconf 80' lang='lat' dir='ltr'>extollere</span> <span class='ocrx_word' id='word_1_373' title='bbox 1386 3986 1613 4038; x_wconf 90' lang='lat' dir='ltr'>mentes</span> 
     </span>
    </p>
   </div>
   <div class='ocr_carea' id='block_1_65' title="bbox 215 4071 1553 4143">
    <p class='ocr_par' dir='ltr' id='par_1_65' title="bbox 215 4071 1553 4143">
     <span class='ocr_line' id='line_1_65' title="bbox 215 4071 1553 4143; baseline -0.008 -6"><span class='ocrx_word' id='word_1_374' title='bbox 215 4078 508 4137; x_wconf 89' lang='lat' dir='ltr'>Suaderet</span> <span class='ocrx_word' id='word_1_375' title='bbox 533 4072 669 4130; x_wconf 89' lang='lat' dir='ltr'>talis</span> <span class='ocrx_word' id='word_1_376' title='bbox 690 4073 760 4107; x_wconf 82' lang='grc'>¹¹²</span> <span class='ocrx_word' id='word_1_377' title='bbox 784 4088 1095 4129; x_wconf 88' lang='lat' dir='ltr'>successus</span> <span class='ocrx_word' id='word_1_378' title='bbox 1125 4071 1553 4143; x_wconf 80' lang='lat' dir='ltr'>prosperitatis.</span> 
     </span>
    </p>
   </div>
   <div class='ocr_carea' id='block_1_66' title="bbox 216 4160 1571 4240">
    <p class='ocr_par' dir='ltr' id='par_1_66' title="bbox 216 4160 1571 4240">
     <span class='ocr_line' id='line_1_66' title="bbox 216 4160 1571 4240; baseline -0.007 -15"><span class='ocrx_word' id='word_1_379' title='bbox 216 4168 412 4240; x_wconf 90' lang='lat' dir='ltr'>thue</span> <span class='ocrx_word' id='word_1_380' title='bbox 438 4164 786 4238; x_wconf 87' lang='lat' dir='ltr'>probaretur</span> <span class='ocrx_word' id='word_1_381' title='bbox 816 4160 953 4216; x_wconf 84' lang='lat' dir='ltr'>felix</span> <span class='ocrx_word' id='word_1_382' title='bbox 974 4160 1159 4217; x_wconf 91' lang='lat' dir='ltr'>nostri</span> <span class='ocrx_word' id='word_1_383' title='bbox 1190 4160 1571 4229; x_wconf 83' lang='lat' dir='ltr'>dominatrix,</span> 
     </span>
    </p>
   </div>
   <div class='ocr_carea' id='block_1_67' title="bbox 214 4249 1360 4326">
    <p class='ocr_par' dir='ltr' id='par_1_67' title="bbox 214 4249 1360 4326">
     <span class='ocr_line' id='line_1_67' title="bbox 214 4249 1360 4326; baseline -0.006 -15"><span class='ocrx_word' id='word_1_384' title='bbox 214 4257 367 4314; x_wconf 85' lang='lat' dir='ltr'>Vere</span> <span class='ocrx_word' id='word_1_385' title='bbox 389 4251 599 4326; x_wconf 89' lang='lat' dir='ltr'>judicii</span> <span class='ocrx_word' id='word_1_386' title='bbox 631 4249 887 4307; x_wconf 89' lang='lat' dir='ltr'>salubris</span> <span class='ocrx_word' id='word_1_387' title='bbox 910 4266 1086 4305; x_wconf 89' lang='lat' dir='ltr'>censu</span> <span class='ocrx_word' id='word_1_388' title='bbox 1123 4250 1360 4321; x_wconf 87' lang='lat' dir='ltr'>superni</span> 
     </span>
    </p>
   </div>
   <div class='ocr_carea' id='block_1_68' title="bbox 216 4339 1587 4418">
    <p class='ocr_par' dir='ltr' id='par_1_68' title="bbox 216 4339 1587 4418">
     <span class='ocr_line' id='line_1_68' title="bbox 216 4339 1587 4418; baseline -0.006 -15"><span class='ocrx_word' id='word_1_389' title='bbox 216 4343 530 4418; x_wconf 90' lang='lat' dir='ltr'>Perplures</span> <span class='ocrx_word' id='word_1_390' title='bbox 561 4341 773 4396; x_wconf 89' lang='lat' dir='ltr'>horum</span> <span class='ocrx_word' id='word_1_391' title='bbox 804 4340 1025 4394; x_wconf 88' lang='lat' dir='ltr'>mundo</span> <span class='ocrx_word' id='word_1_392' title='bbox 1057 4339 1426 4394; x_wconf 82' lang='lat' dir='ltr'>subtraxerat</span> <span class='ocrx_word' id='word_1_393' title='bbox 1452 4340 1587 4407; x_wconf 90' lang='lat' dir='ltr'>isto,</span> 
     </span>
    </p>
   </div>
   <div class='ocr_carea' id='block_1_69' title="bbox 214 4427 1630 4503">
    <p class='ocr_par' dir='ltr' id='par_1_69' title="bbox 214 4427 1630 4503">
     <span class='ocr_line' id='line_1_69' title="bbox 214 4427 1630 4503; baseline -0.006 -11"><span class='ocrx_word' id='word_1_394' title='bbox 214 4440 480 4503; x_wconf 88' lang='lat' dir='ltr'>Quorum</span> <span class='ocrx_word' id='word_1_395' title='bbox 513 4428 843 4487; x_wconf 85' lang='lat' dir='ltr'>coenobium</span> <span class='ocrx_word' id='word_1_396' title='bbox 879 4428 1063 4483; x_wconf 83' lang='lat' dir='ltr'>fuerat</span> <span class='ocrx_word' id='word_1_397' title='bbox 1082 4427 1365 4483; x_wconf 90' lang='lat' dir='ltr'>solamine</span> <span class='ocrx_word' id='word_1_398' title='bbox 1395 4428 1630 4484; x_wconf 89' lang='lat' dir='ltr'>fultum.</span> 
     </span>
    </p>
   </div>
   <div class='ocr_carea' id='block_1_70' title="bbox 288 4515 1659 4595">
    <p class='ocr_par' dir='ltr' id='par_1_70' title="bbox 288 4515 1659 4595">
     <span class='ocr_line' id='line_1_70' title="bbox 288 4515 1659 4595; baseline -0.008 -14"><span class='ocrx_word' id='word_1_399' title='bbox 288 4525 441 4595; x_wconf 83' lang='lat' dir='ltr'>Ergo</span> <span class='ocrx_word' id='word_1_400' title='bbox 465 4536 599 4593; x_wconf 89' lang='lat' dir='ltr'>rege</span> <span class='ocrx_word' id='word_1_401' title='bbox 633 4518 724 4591; x_wconf 91' lang='lat' dir='ltr'>pie</span> <span class='ocrx_word' id='word_1_402' title='bbox 746 4519 872 4589; x_wconf 90' lang='lat' dir='ltr'>jam</span> <span class='ocrx_word' id='word_1_403' title='bbox 905 4517 1179 4572; x_wconf 87' lang='lat' dir='ltr'>defuncto</span> <span class='ocrx_word' id='word_1_404' title='bbox 1209 4515 1659 4587; x_wconf 68' lang='lat' dir='ltr'>Hludowieom,</span> 
     </span>
    </p>
   </div>
   <div class='ocr_carea' id='block_1_71' title="bbox 213 4605 1740 4685">
    <p class='ocr_par' dir='ltr' id='par_1_71' title="bbox 213 4605 1740 4685">
     <span class='ocr_line' id='line_1_71' title="bbox 213 4605 1740 4685; baseline -0.003 -15"><span class='ocrx_word' id='word_1_405' title='bbox 213 4613 328 4683; x_wconf 87' lang='lat' dir='ltr'>Qui</span> <span class='ocrx_word' id='word_1_406' title='bbox 364 4626 568 4685; x_wconf 88' lang='lat' dir='ltr'>regum</span> <span class='ocrx_word' id='word_1_407' title='bbox 589 4609 656 4644; x_wconf 79' lang='lat'>“‘</span> <span class='ocrx_word' id='word_1_408' title='bbox 682 4606 912 4680; x_wconf 90' lang='lat' dir='ltr'>primus</span> <span class='ocrx_word' id='word_1_409' title='bbox 944 4608 1175 4661; x_wconf 91' lang='lat' dir='ltr'>nostros</span> <span class='ocrx_word' id='word_1_410' title='bbox 1204 4605 1474 4661; x_wconf 89' lang='lat' dir='ltr'>tradebat</span> <span class='ocrx_word' id='word_1_411' title='bbox 1504 4606 1561 4660; x_wconf 94' lang='lat' dir='ltr'>in</span> <span class='ocrx_word' id='word_1_412' title='bbox 1595 4624 1740 4665; x_wconf 90' lang='lat' dir='ltr'>usus</span> 
     </span>
    </p>
   </div>
   <div class='ocr_carea' id='block_1_72' title="bbox 212 4693 1527 4775">
    <p class='ocr_par' dir='ltr' id='par_1_72' title="bbox 212 4693 1527 4775">
     <span class='ocr_line' id='line_1_72' title="bbox 212 4693 1527 4775; baseline -0.008 -14"><span class='ocrx_word' id='word_1_413' title='bbox 212 4700 422 4775; x_wconf 78' lang='lat' dir='ltr'>Regali</span> <span class='ocrx_word' id='word_1_414' title='bbox 447 4698 611 4772; x_wconf 89' lang='lat' dir='ltr'>prius</span> <span class='ocrx_word' id='word_1_415' title='bbox 632 4695 910 4769; x_wconf 90' lang='lat' dir='ltr'>obsequio</span> <span class='ocrx_word' id='word_1_416' title='bbox 940 4693 1068 4750; x_wconf 90' lang='lat' dir='ltr'>loca</span> <span class='ocrx_word' id='word_1_417' title='bbox 1096 4694 1291 4750; x_wconf 90' lang='lat' dir='ltr'>debita</span> <span class='ocrx_word' id='word_1_418' title='bbox 1320 4694 1527 4763; x_wconf 86' lang='lat' dir='ltr'>multa,</span> 
     </span>
    </p>
   </div>
   <div class='ocr_carea' id='block_1_73' title="bbox 286 4788 610 4846">
    <p class='ocr_par' dir='ltr' id='par_1_73' title="bbox 286 4788 610 4846">
     <span class='ocr_line' id='line_1_73' title="bbox 286 4788 610 4846; baseline -0.019 0"><span class='ocrx_word' id='word_1_419' title='bbox 286 4790 453 4846; x_wconf 85' lang='lat' dir='ltr'>Vers.</span> <span class='ocrx_word' id='word_1_420' title='bbox 486 4788 610 4843; x_wconf 83' lang='lat'>466.</span> 
     </span>
    </p>
   </div>
   <div class='ocr_carea' id='block_1_74' title="bbox 1985 2288 3281 2362">
    <p class='ocr_par' dir='ltr' id='par_1_74' title="bbox 1985 2288 3281 2362">
     <span class='ocr_line' id='line_1_74' title="bbox 1985 2288 3281 2362; baseline 0.002 -18"><span class='ocrx_word' id='word_1_421' title='bbox 1985 2288 2109 2344; x_wconf 90' lang='lat' dir='ltr'>Illis</span> <span class='ocrx_word' id='word_1_422' title='bbox 2145 2290 2207 2342; x_wconf 85' lang='lat' dir='ltr'>fit</span> <span class='ocrx_word' id='word_1_423' title='bbox 2236 2289 2447 2344; x_wconf 89' lang='lat' dir='ltr'>similis</span> <span class='ocrx_word' id='word_1_424' title='bbox 2478 2305 2702 2360; x_wconf 71' lang='lat' dir='ltr'>magna:</span> <span class='ocrx_word' id='word_1_425' title='bbox 2735 2290 2923 2345; x_wconf 86' lang='lat' dir='ltr'>forma</span> <span class='ocrx_word' id='word_1_426' title='bbox 2954 2290 3281 2362; x_wconf 86' lang='lat' dir='ltr'>probitatis,</span> 
     </span>
    </p>
   </div>
   <div class='ocr_carea' id='block_1_75' title="bbox 1984 2377 3100 2449">
    <p class='ocr_par' dir='ltr' id='par_1_75' title="bbox 1984 2377 3100 2449">
     <span class='ocr_line' id='line_1_75' title="bbox 1984 2377 3100 2449; baseline 0.005 -18"><span class='ocrx_word' id='word_1_427' title='bbox 1984 2377 2126 2444; x_wconf 85' lang='lat' dir='ltr'>Quis</span> <span class='ocrx_word' id='word_1_428' title='bbox 2148 2379 2214 2412; x_wconf 83' lang='grc'>¹¹⁸</span> <span class='ocrx_word' id='word_1_429' title='bbox 2246 2378 2356 2432; x_wconf 87' lang='lat' dir='ltr'>fuit</span> <span class='ocrx_word' id='word_1_430' title='bbox 2386 2377 2625 2449; x_wconf 65' lang='lat' dir='ltr'>aequalis</span> <span class='ocrx_word' id='word_1_431' title='bbox 2648 2378 2712 2412; x_wconf 72' lang='lat'>“9</span> <span class='ocrx_word' id='word_1_432' title='bbox 2745 2379 3100 2437; x_wconf 86' lang='lat' dir='ltr'>nobilitatis.</span> 
     </span>
    </p>
   </div>
   <div class='ocr_carea' id='block_1_76' title="bbox 1985 2465 3372 2542">
    <p class='ocr_par' dir='ltr' id='par_1_76' title="bbox 1985 2465 3372 2542">
     <span class='ocr_line' id='line_1_76' title="bbox 1985 2465 3372 2542; baseline 0.004 -20"><span class='ocrx_word' id='word_1_433' title='bbox 1985 2468 2174 2522; x_wconf 89' lang='lat' dir='ltr'>Mater</span> <span class='ocrx_word' id='word_1_434' title='bbox 2199 2471 2257 2522; x_wconf 91' lang='lat' dir='ltr'>et</span> <span class='ocrx_word' id='word_1_435' title='bbox 2288 2466 2467 2533; x_wconf 90' lang='lat' dir='ltr'>illius,</span> <span class='ocrx_word' id='word_1_436' title='bbox 2501 2465 2775 2521; x_wconf 90' lang='lat' dir='ltr'>stabilem</span> <span class='ocrx_word' id='word_1_437' title='bbox 2797 2484 3173 2542; x_wconf 90' lang='lat' dir='ltr'>corrumpere</span> <span class='ocrx_word' id='word_1_438' title='bbox 3202 2472 3372 2542; x_wconf 85' lang='lat' dir='ltr'>cujus</span> 
     </span>
    </p>
   </div>
   <div class='ocr_carea' id='block_1_77' title="bbox 1983 2555 3315 2627">
    <p class='ocr_par' dir='ltr' id='par_1_77' title="bbox 1983 2555 3315 2627">
     <span class='ocr_line' id='line_1_77' title="bbox 1983 2555 3315 2627; baseline 0.002 -16"><span class='ocrx_word' id='word_1_439' title='bbox 1983 2557 2238 2611; x_wconf 88' lang='lat' dir='ltr'>Mentem</span> <span class='ocrx_word' id='word_1_440' title='bbox 2273 2555 2567 2610; x_wconf 89' lang='lat' dir='ltr'>nullarum</span> <span class='ocrx_word' id='word_1_441' title='bbox 2594 2555 2781 2626; x_wconf 90' lang='lat' dir='ltr'>potuit</span> <span class='ocrx_word' id='word_1_442' title='bbox 2810 2559 3057 2612; x_wconf 88' lang='lat' dir='ltr'>mutatio</span> <span class='ocrx_word' id='word_1_443' title='bbox 3098 2576 3315 2627; x_wconf 86' lang='lat' dir='ltr'>rerum,</span> 
     </span>
    </p>
   </div>
   <div class='ocr_carea' id='block_1_78' title="bbox 1982 2644 3422 2718">
    <p class='ocr_par' dir='ltr' id='par_1_78' title="bbox 1982 2644 3422 2718">
     <span class='ocr_line' id='line_1_78' title="bbox 1982 2644 3422 2718; baseline 0.003 -19"><span class='ocrx_word' id='word_1_444' title='bbox 1982 2647 2107 2711; x_wconf 90' lang='lat' dir='ltr'>Quo</span> <span class='ocrx_word' id='word_1_445' title='bbox 2139 2644 2336 2700; x_wconf 91' lang='lat' dir='ltr'>minus</span> <span class='ocrx_word' id='word_1_446' title='bbox 2366 2644 2645 2716; x_wconf 91' lang='lat' dir='ltr'>obsequio</span> <span class='ocrx_word' id='word_1_447' title='bbox 2676 2644 2907 2699; x_wconf 90' lang='lat' dir='ltr'>Domini</span> <span class='ocrx_word' id='word_1_448' title='bbox 2941 2648 3103 2702; x_wconf 82' lang='lat' dir='ltr'>ﬁeret</span> <span class='ocrx_word' id='word_1_449' title='bbox 3135 2648 3422 2718; x_wconf 86' lang='lat' dir='ltr'>studiosa,</span> 
     </span>
    </p>
   </div>
   <div class='ocr_carea' id='block_1_79' title="bbox 1982 2732 3599 2810">
    <p class='ocr_par' dir='ltr' id='par_1_79' title="bbox 1982 2732 3599 2810">
     <span class='ocr_line' id='line_1_79' title="bbox 1982 2732 3599 2810; baseline 0.005 -21"><span class='ocrx_word' id='word_1_450' title='bbox 1982 2734 2260 2789; x_wconf 85' lang='lat' dir='ltr'>Provocat</span> <span class='ocrx_word' id='word_1_451' title='bbox 2288 2732 2568 2804; x_wconf 83' lang='lat' dir='ltr'>exemplis</span> <span class='ocrx_word' id='word_1_452' title='bbox 2602 2732 2784 2801; x_wconf 89' lang='lat' dir='ltr'>illam,</span> <span class='ocrx_word' id='word_1_453' title='bbox 2820 2734 3058 2792; x_wconf 89' lang='lat' dir='ltr'>monitis</span> <span class='ocrx_word' id='word_1_454' title='bbox 3091 2754 3323 2809; x_wconf 90' lang='lat' dir='ltr'>quoque</span> <span class='ocrx_word' id='word_1_455' title='bbox 3355 2741 3599 2810; x_wconf 89' lang='lat' dir='ltr'>crebris,</span> 
     </span>
    </p>
   </div>
   <div class='ocr_carea' id='block_1_80' title="bbox 1981 2822 3404 2898">
    <p class='ocr_par' dir='ltr' id='par_1_80' title="bbox 1981 2822 3404 2898">
     <span class='ocr_line' id='line_1_80' title="bbox 1981 2822 3404 2898; baseline 0.001 -18"><span class='ocrx_word' id='word_1_456' title='bbox 1981 2823 2056 2880; x_wconf 92' lang='lat' dir='ltr'>Ut</span> <span class='ocrx_word' id='word_1_457' title='bbox 2084 2840 2212 2879; x_wconf 90' lang='lat' dir='ltr'>sese</span> <span class='ocrx_word' id='word_1_458' title='bbox 2231 2840 2462 2894; x_wconf 86' lang='lat' dir='ltr'>semper</span> <span class='ocrx_word' id='word_1_459' title='bbox 2489 2822 2971 2895; x_wconf 85' lang='lat' dir='ltr'>circumspiciens</span> <span class='ocrx_word' id='word_1_460' title='bbox 3002 2826 3295 2897; x_wconf 88' lang='lat' dir='ltr'>sapienter</span> <span class='ocrx_word' id='word_1_461' title='bbox 3318 2829 3404 2898; x_wconf 76' lang='lat'>“0,</span> 
     </span>
    </p>
   </div>
   <div class='ocr_carea' id='block_1_81' title="bbox 1979 2910 3314 2987">
    <p class='ocr_par' dir='ltr' id='par_1_81' title="bbox 1979 2910 3314 2987">
     <span class='ocr_line' id='line_1_81' title="bbox 1979 2910 3314 2987; baseline 0.001 -18"><span class='ocrx_word' id='word_1_462' title='bbox 1979 2911 2377 2969; x_wconf 87' lang='lat' dir='ltr'>Commissum</span> <span class='ocrx_word' id='word_1_463' title='bbox 2409 2915 2574 2967; x_wconf 90' lang='lat' dir='ltr'>caute</span> <span class='ocrx_word' id='word_1_464' title='bbox 2603 2910 2839 2966; x_wconf 81' lang='lat' dir='ltr'>sibimet</span> <span class='ocrx_word' id='word_1_465' title='bbox 2868 2919 3122 2969; x_wconf 87' lang='lat' dir='ltr'>servaret</span> <span class='ocrx_word' id='word_1_466' title='bbox 3148 2916 3314 2987; x_wconf 86' lang='lat' dir='ltr'>ovile,</span> 
     </span>
    </p>
   </div>
   <div class='ocr_carea' id='block_1_82' title="bbox 1980 3001 3431 3071">
    <p class='ocr_par' dir='ltr' id='par_1_82' title="bbox 1980 3001 3431 3071">
     <span class='ocr_line' id='line_1_82' title="bbox 1980 3001 3431 3071; baseline 0.003 -14"><span class='ocrx_word' id='word_1_467' title='bbox 1980 3001 2217 3057; x_wconf 87' lang='lat' dir='ltr'>Necnon</span> <span class='ocrx_word' id='word_1_468' title='bbox 2249 3001 2535 3056; x_wconf 88' lang='lat' dir='ltr'>factorum</span> <span class='ocrx_word' id='word_1_469' title='bbox 2550 3001 2720 3071; x_wconf 87' lang='lat' dir='ltr'>juxta</span> <span class='ocrx_word' id='word_1_470' title='bbox 2751 3003 3025 3057; x_wconf 91' lang='lat' dir='ltr'>meritum</span> <span class='ocrx_word' id='word_1_471' title='bbox 3045 3004 3107 3037; x_wconf 84' lang='grc'>¹²¹</span> <span class='ocrx_word' id='word_1_472' title='bbox 3137 3004 3431 3062; x_wconf 86' lang='lat' dir='ltr'>variorum</span> 
     </span>
    </p>
   </div>
   <div class='ocr_carea' id='block_1_83' title="bbox 1982 3088 3435 3166">
    <p class='ocr_par' dir='ltr' id='par_1_83' title="bbox 1982 3088 3435 3166">
     <span class='ocr_line' id='line_1_83' title="bbox 1982 3088 3435 3166; baseline 0.004 -20"><span class='ocrx_word' id='word_1_473' title='bbox 1982 3088 2266 3163; x_wconf 83' lang='lat' dir='ltr'>Nunc’pie</span> <span class='ocrx_word' id='word_1_474' title='bbox 2296 3090 2595 3161; x_wconf 72' lang='lat' dir='ltr'>subiectas</span> <span class='ocrx_word' id='word_1_475' title='bbox 2627 3089 2867 3146; x_wconf 89' lang='lat' dir='ltr'>monitis</span> <span class='ocrx_word' id='word_1_476' title='bbox 2898 3091 3180 3149; x_wconf 90' lang='lat' dir='ltr'>mulceret</span> <span class='ocrx_word' id='word_1_477' title='bbox 3208 3095 3435 3166; x_wconf 83' lang='lat' dir='ltr'>amicis,</span> 
     </span>
    </p>
   </div>
   <div class='ocr_carea' id='block_1_84' title="bbox 1904 3162 3315 3252">
    <p class='ocr_par' dir='ltr' id='par_1_84' title="bbox 1904 3162 3315 3252">
     <span class='ocr_line' id='line_1_84' title="bbox 1904 3162 3315 3252; baseline 0.008 -24"><span class='ocrx_word' id='word_1_478' title='bbox 1904 3162 1948 3228; x_wconf 88' lang='lat' dir='ltr'>C</span> <span class='ocrx_word' id='word_1_479' title='bbox 1985 3180 2154 3236; x_wconf 90' lang='lat' dir='ltr'>Nunc</span> <span class='ocrx_word' id='word_1_480' title='bbox 2184 3162 2362 3234; x_wconf 91' lang='lat' dir='ltr'>etiam</span> <span class='ocrx_word' id='word_1_481' title='bbox 2391 3177 2583 3233; x_wconf 87' lang='lat' dir='ltr'>verbis</span> <span class='ocrx_word' id='word_1_482' title='bbox 2606 3179 2767 3251; x_wconf 89' lang='lat' dir='ltr'>juste</span> <span class='ocrx_word' id='word_1_483' title='bbox 2797 3183 3039 3238; x_wconf 90' lang='lat' dir='ltr'>terreret</span> <span class='ocrx_word' id='word_1_484' title='bbox 3068 3183 3315 3252; x_wconf 90' lang='lat' dir='ltr'>acerbis,</span> 
     </span>
    </p>
   </div>
   <div class='ocr_carea' id='block_1_85' title="bbox 1986 3267 3160 3340">
    <p class='ocr_par' dir='ltr' id='par_1_85' title="bbox 1986 3267 3160 3340">
     <span class='ocr_line' id='line_1_85' title="bbox 1986 3267 3160 3340; baseline 0.003 -17"><span class='ocrx_word' id='word_1_485' title='bbox 1986 3269 2068 3337; x_wconf 66' lang='lat' dir='ltr'>Ne</span> <span class='ocrx_word' id='word_1_486' title='bbox 2102 3284 2278 3340; x_wconf 90' lang='lat' dir='ltr'>quem</span> <span class='ocrx_word' id='word_1_487' title='bbox 2311 3267 2491 3322; x_wconf 90' lang='lat' dir='ltr'>divini</span> <span class='ocrx_word' id='word_1_488' title='bbox 2524 3268 2701 3323; x_wconf 90' lang='lat' dir='ltr'>ritum</span> <span class='ocrx_word' id='word_1_489' title='bbox 2733 3268 2928 3324; x_wconf 89' lang='lat' dir='ltr'>cultus</span> <span class='ocrx_word' id='word_1_490' title='bbox 2957 3270 3160 3327; x_wconf 89' lang='lat' dir='ltr'>violari</span> 
     </span>
    </p>
   </div>
   <div class='ocr_carea' id='block_1_86' title="bbox 1986 3357 3312 3433">
    <p class='ocr_par' dir='ltr' id='par_1_86' title="bbox 1986 3357 3312 3433">
     <span class='ocr_line' id='line_1_86' title="bbox 1986 3357 3312 3433; baseline 0.003 -19"><span class='ocrx_word' id='word_1_491' title='bbox 1986 3359 2249 3430; x_wconf 90' lang='lat' dir='ltr'>Torpens</span> <span class='ocrx_word' id='word_1_492' title='bbox 2275 3357 2519 3414; x_wconf 76' lang='lat' dir='ltr'>affectus</span> <span class='ocrx_word' id='word_1_493' title='bbox 2549 3358 2741 3413; x_wconf 90' lang='lat' dir='ltr'>cordis</span> <span class='ocrx_word' id='word_1_494' title='bbox 2773 3359 3135 3430; x_wconf 88' lang='lat' dir='ltr'>permitteret</span> <span class='ocrx_word' id='word_1_495' title='bbox 3164 3363 3312 3433; x_wconf 88' lang='lat' dir='ltr'>ejus.</span> 
     </span>
    </p>
   </div>
   <div class='ocr_carea' id='block_1_87' title="bbox 1986 3447 3350 3521">
    <p class='ocr_par' dir='ltr' id='par_1_87' title="bbox 1986 3447 3350 3521">
     <span class='ocr_line' id='line_1_87' title="bbox 1986 3447 3350 3521; baseline 0.003 -17"><span class='ocrx_word' id='word_1_496' title='bbox 1986 3449 2236 3521; x_wconf 88' lang='lat' dir='ltr'>Ipsaque</span> <span class='ocrx_word' id='word_1_497' title='bbox 2266 3448 2484 3503; x_wconf 88' lang='lat' dir='ltr'>domna</span> <span class='ocrx_word' id='word_1_498' title='bbox 2512 3448 2601 3503; x_wconf 90' lang='lat' dir='ltr'>sui</span> <span class='ocrx_word' id='word_1_499' title='bbox 2636 3447 2828 3503; x_wconf 87' lang='lat' dir='ltr'>studio</span> <span class='ocrx_word' id='word_1_500' title='bbox 2862 3448 3179 3507; x_wconf 88' lang='lat' dir='ltr'>laudabilis</span> <span class='ocrx_word' id='word_1_501' title='bbox 3209 3452 3350 3521; x_wconf 91' lang='lat' dir='ltr'>Oda,</span> 
     </span>
    </p>
   </div>
   <div class='ocr_carea' id='block_1_88' title="bbox 1986 3537 3395 3609">
    <p class='ocr_par' dir='ltr' id='par_1_88' title="bbox 1986 3537 3395 3609">
     <span class='ocr_line' id='line_1_88' title="bbox 1986 3537 3395 3609; baseline 0.004 -18"><span class='ocrx_word' id='word_1_502' title='bbox 1986 3540 2121 3603; x_wconf 68' lang='lat' dir='ltr'>Quae</span> <span class='ocrx_word' id='word_1_503' title='bbox 2142 3537 2314 3592; x_wconf 91' lang='lat' dir='ltr'>claris</span> <span class='ocrx_word' id='word_1_504' title='bbox 2345 3537 2660 3608; x_wconf 84' lang='lat' dir='ltr'>splendens</span> <span class='ocrx_word' id='word_1_505' title='bbox 2690 3537 2870 3591; x_wconf 90' lang='lat' dir='ltr'>radiis</span> <span class='ocrx_word' id='word_1_506' title='bbox 2903 3538 3062 3593; x_wconf 69' lang='lat' dir='ltr'>mira:</span> <span class='ocrx_word' id='word_1_507' title='bbox 3092 3540 3395 3609; x_wconf 87' lang='lat' dir='ltr'>bonitatis,</span> 
     </span>
    </p>
   </div>
   <div class='ocr_carea' id='block_1_89' title="bbox 1986 3625 3524 3701">
    <p class='ocr_par' dir='ltr' id='par_1_89' title="bbox 1986 3625 3524 3701">
     <span class='ocr_line' id='line_1_89' title="bbox 1986 3625 3524 3701; baseline 0.005 -20"><span class='ocrx_word' id='word_1_508' title='bbox 1986 3627 2088 3682; x_wconf 89' lang='lat' dir='ltr'>Sat</span> <span class='ocrx_word' id='word_1_509' title='bbox 2112 3626 2326 3681; x_wconf 87' lang='lat' dir='ltr'>dilecta</span> <span class='ocrx_word' id='word_1_510' title='bbox 2355 3625 2471 3680; x_wconf 92' lang='lat' dir='ltr'>Deo</span> <span class='ocrx_word' id='word_1_511' title='bbox 2502 3626 2709 3691; x_wconf 87' lang='lat' dir='ltr'>fuerat,</span> <span class='ocrx_word' id='word_1_512' title='bbox 2744 3625 2988 3680; x_wconf 88' lang='lat' dir='ltr'>celebris</span> <span class='ocrx_word' id='word_1_513' title='bbox 3020 3646 3251 3701; x_wconf 90' lang='lat' dir='ltr'>quoque</span> <span class='ocrx_word' id='word_1_514' title='bbox 3282 3633 3524 3701; x_wconf 89' lang='lat' dir='ltr'>mundo,</span> 
     </span>
    </p>
   </div>
   <div class='ocr_carea' id='block_1_90' title="bbox 1987 3712 3231 3787">
    <p class='ocr_par' dir='ltr' id='par_1_90' title="bbox 1987 3712 3231 3787">
     <span class='ocr_line' id='line_1_90' title="bbox 1987 3712 3231 3787; baseline 0.002 -17"><span class='ocrx_word' id='word_1_515' title='bbox 1987 3716 2228 3787; x_wconf 91' lang='lat' dir='ltr'>Semper</span> <span class='ocrx_word' id='word_1_516' title='bbox 2256 3718 2535 3769; x_wconf 67' lang='lat' dir='ltr'>materna:</span> <span class='ocrx_word' id='word_1_517' title='bbox 2565 3714 2733 3769; x_wconf 91' lang='lat' dir='ltr'>solito</span> <span class='ocrx_word' id='word_1_518' title='bbox 2766 3712 3001 3785; x_wconf 88' lang='lat' dir='ltr'>pictatis</span> <span class='ocrx_word' id='word_1_519' title='bbox 3033 3734 3231 3773; x_wconf 91' lang='lat' dir='ltr'>amore</span> 
     </span>
    </p>
   </div>
   <div class='ocr_carea' id='block_1_91' title="bbox 1986 3801 3284 3875">
    <p class='ocr_par' dir='ltr' id='par_1_91' title="bbox 1986 3801 3284 3875">
     <span class='ocr_line' id='line_1_91' title="bbox 1986 3801 3284 3875; baseline 0.002 -16"><span class='ocrx_word' id='word_1_520' title='bbox 1986 3804 2127 3875; x_wconf 89' lang='lat' dir='ltr'>Ejus</span> <span class='ocrx_word' id='word_1_521' title='bbox 2157 3801 2447 3874; x_wconf 89' lang='lat' dir='ltr'>adoptivis</span> <span class='ocrx_word' id='word_1_522' title='bbox 2479 3801 2709 3858; x_wconf 84' lang='lat' dir='ltr'>studuit</span> <span class='ocrx_word' id='word_1_523' title='bbox 2738 3803 3080 3875; x_wconf 88' lang='lat' dir='ltr'>conquirere</span> <span class='ocrx_word' id='word_1_524' title='bbox 3110 3806 3284 3874; x_wconf 90' lang='lat' dir='ltr'>natis,</span> 
     </span>
    </p>
   </div>
   <div class='ocr_carea' id='block_1_92' title="bbox 1986 3891 3488 3965">
    <p class='ocr_par' dir='ltr' id='par_1_92' title="bbox 1986 3891 3488 3965">
     <span class='ocr_line' id='line_1_92' title="bbox 1986 3891 3488 3965; baseline 0.004 -19"><span class='ocrx_word' id='word_1_525' title='bbox 1986 3891 2273 3965; x_wconf 87' lang='lat' dir='ltr'>Quicquid</span> <span class='ocrx_word' id='word_1_526' title='bbox 2306 3907 2636 3947; x_wconf 88' lang='lat' dir='ltr'>nonnarum</span> <span class='ocrx_word' id='word_1_527' title='bbox 2667 3891 2977 3962; x_wconf 87' lang='lat' dir='ltr'>deposcere</span> <span class='ocrx_word' id='word_1_528' title='bbox 3008 3894 3254 3949; x_wconf 90' lang='lat' dir='ltr'>sciverat</span> <span class='ocrx_word' id='word_1_529' title='bbox 3282 3912 3488 3965; x_wconf 88' lang='lat' dir='ltr'>usum;</span> 
     </span>
    </p>
   </div>
   <div class='ocr_carea' id='block_1_93' title="bbox 1986 3979 3399 4054">
    <p class='ocr_par' dir='ltr' id='par_1_93' title="bbox 1986 3979 3399 4054">
     <span class='ocr_line' id='line_1_93' title="bbox 1986 3979 3399 4054; baseline 0.001 -15"><span class='ocrx_word' id='word_1_530' title='bbox 1986 3980 2361 4052; x_wconf 89' lang='lat' dir='ltr'>Oddonisque</span> <span class='ocrx_word' id='word_1_531' title='bbox 2383 3982 2450 4016; x_wconf 81' lang='grc'>¹²²</span> <span class='ocrx_word' id='word_1_532' title='bbox 2480 3980 2647 4036; x_wconf 91' lang='lat' dir='ltr'>ducis</span> <span class='ocrx_word' id='word_1_533' title='bbox 2678 3979 2820 4035; x_wconf 90' lang='lat' dir='ltr'>clari</span> <span class='ocrx_word' id='word_1_534' title='bbox 2851 3981 3077 4038; x_wconf 86' lang='lat' dir='ltr'>devotio</span> <span class='ocrx_word' id='word_1_535' title='bbox 3108 3985 3351 4054; x_wconf 91' lang='lat' dir='ltr'>grandis</span> <span class='ocrx_word' id='word_1_536' title='bbox 3391 3994 3399 4003; x_wconf 88' lang='lat'><strong>&#39;</strong></span> 
     </span>
    </p>
   </div>
   <div class='ocr_carea' id='block_1_94' title="bbox 1985 4068 3329 4144">
    <p class='ocr_par' dir='ltr' id='par_1_94' title="bbox 1985 4068 3329 4144">
     <span class='ocr_line' id='line_1_94' title="bbox 1985 4068 3329 4144; baseline 0.001 -17"><span class='ocrx_word' id='word_1_537' title='bbox 1985 4070 2400 4128; x_wconf 90' lang='lat' dir='ltr'>Concordando</span> <span class='ocrx_word' id='word_1_538' title='bbox 2424 4088 2543 4126; x_wconf 71' lang='lat' dir='ltr'>sum</span> <span class='ocrx_word' id='word_1_539' title='bbox 2574 4068 2724 4124; x_wconf 86' lang='lat' dir='ltr'>votis</span> <span class='ocrx_word' id='word_1_540' title='bbox 2747 4070 2812 4104; x_wconf 80' lang='grc'>¹²³</span> <span class='ocrx_word' id='word_1_541' title='bbox 2841 4086 2985 4124; x_wconf 63' lang='grc' dir='ltr'>θοι-ξε</span> <span class='ocrx_word' id='word_1_542' title='bbox 3008 4072 3329 4144; x_wconf 89' lang='lat' dir='ltr'>genitricis,</span> 
     </span>
    </p>
   </div>
   <div class='ocr_carea' id='block_1_95' title="bbox 1982 4158 3402 4232">
    <p class='ocr_par' dir='ltr' id='par_1_95' title="bbox 1982 4158 3402 4232">
     <span class='ocr_line' id='line_1_95' title="bbox 1982 4158 3402 4232; baseline 0.001 -16"><span class='ocrx_word' id='word_1_543' title='bbox 1982 4160 2210 4217; x_wconf 81' lang='lat' dir='ltr'>Auxilio</span> <span class='ocrx_word' id='word_1_544' title='bbox 2232 4175 2461 4232; x_wconf 86' lang='lat' dir='ltr'>regum,</span> <span class='ocrx_word' id='word_1_545' title='bbox 2491 4159 2708 4230; x_wconf 92' lang='lat' dir='ltr'>quibus</span> <span class='ocrx_word' id='word_1_546' title='bbox 2737 4158 3001 4214; x_wconf 84' lang='lat' dir='ltr'>exhibuit</span> <span class='ocrx_word' id='word_1_547' title='bbox 3029 4160 3402 4231; x_wconf 88' lang='lat' dir='ltr'>famulatum,</span> 
     </span>
    </p>
   </div>
   <div class='ocr_carea' id='block_1_96' title="bbox 1984 4248 3496 4322">
    <p class='ocr_par' dir='ltr' id='par_1_96' title="bbox 1984 4248 3496 4322">
     <span class='ocr_line' id='line_1_96' title="bbox 1984 4248 3496 4322; baseline 0.001 -16"><span class='ocrx_word' id='word_1_548' title='bbox 1984 4251 2184 4322; x_wconf 91' lang='lat' dir='ltr'>Ipsum</span> <span class='ocrx_word' id='word_1_549' title='bbox 2208 4248 2535 4322; x_wconf 89' lang='lat' dir='ltr'>virgineum</span> <span class='ocrx_word' id='word_1_550' title='bbox 2567 4250 2781 4302; x_wconf 77' lang='lat' dir='ltr'>emtum</span> <span class='ocrx_word' id='word_1_551' title='bbox 2805 4248 2872 4282; x_wconf 77' lang='grc'>¹²⁴</span> <span class='ocrx_word' id='word_1_552' title='bbox 2897 4248 3109 4304; x_wconf 88' lang='lat' dir='ltr'>Christi</span> <span class='ocrx_word' id='word_1_553' title='bbox 3142 4251 3496 4308; x_wconf 89' lang='lat' dir='ltr'>famularum</span> 
     </span>
    </p>
   </div>
   <div class='ocr_carea' id='block_1_97' title="bbox 1985 4338 3381 4409">
    <p class='ocr_par' dir='ltr' id='par_1_97' title="bbox 1985 4338 3381 4409">
     <span class='ocr_line' id='line_1_97' title="bbox 1985 4338 3381 4409; baseline 0 -14"><span class='ocrx_word' id='word_1_554' title='bbox 1985 4339 2145 4395; x_wconf 85' lang='lat' dir='ltr'>Fovit</span> <span class='ocrx_word' id='word_1_555' title='bbox 2176 4338 2513 4403; x_wconf 90' lang='lat' dir='ltr'>clementer,</span> <span class='ocrx_word' id='word_1_556' title='bbox 2550 4352 2776 4391; x_wconf 81' lang='lat' dir='ltr'>necnon</span> <span class='ocrx_word' id='word_1_557' title='bbox 2808 4338 3067 4409; x_wconf 83' lang='lat' dir='ltr'>provexit</span> <span class='ocrx_word' id='word_1_558' title='bbox 3096 4344 3381 4395; x_wconf 88' lang='lat' dir='ltr'>amanter.</span> 
     </span>
    </p>
   </div>
   <div class='ocr_carea' id='block_1_98' title="bbox 1984 4424 3291 4501">
    <p class='ocr_par' dir='ltr' id='par_1_98' title="bbox 1984 4424 3291 4501">
     <span class='ocr_line' id='line_1_98' title="bbox 1984 4424 3291 4501; baseline -0.001 -17"><span class='ocrx_word' id='word_1_559' title='bbox 1984 4430 2099 4484; x_wconf 92' lang='lat' dir='ltr'>Nec</span> <span class='ocrx_word' id='word_1_560' title='bbox 2130 4425 2374 4501; x_wconf 74' lang='lat' dir='ltr'>propriae</span> <span class='ocrx_word' id='word_1_561' title='bbox 2405 4426 2533 4481; x_wconf 73' lang='lat' dir='ltr'>vita:</span> <span class='ocrx_word' id='word_1_562' title='bbox 2564 4424 2830 4496; x_wconf 89' lang='lat' dir='ltr'>compelli</span> <span class='ocrx_word' id='word_1_563' title='bbox 2861 4426 3049 4497; x_wconf 90' lang='lat' dir='ltr'>quivit</span> <span class='ocrx_word' id='word_1_564' title='bbox 3075 4444 3291 4495; x_wconf 89' lang='lat' dir='ltr'>amore,</span> 
     </span>
    </p>
   </div>
   <div class='ocr_carea' id='block_1_99' title="bbox 1902 4514 3294 4596">
    <p class='ocr_par' dir='ltr' id='par_1_99' title="bbox 1902 4514 3294 4596">
     <span class='ocr_line' id='line_1_99' title="bbox 1902 4514 3294 4596; baseline -0.001 -23"><span class='ocrx_word' id='word_1_565' title='bbox 1902 4532 1950 4596; x_wconf 83' lang='lat' dir='ltr'><strong>D</strong></span> <span class='ocrx_word' id='word_1_566' title='bbox 1982 4518 2055 4574; x_wconf 91' lang='lat' dir='ltr'>Ut</span> <span class='ocrx_word' id='word_1_567' title='bbox 2081 4517 2170 4572; x_wconf 90' lang='lat' dir='ltr'>vel</span> <span class='ocrx_word' id='word_1_568' title='bbox 2201 4532 2299 4571; x_wconf 87' lang='lat' dir='ltr'>eas</span> <span class='ocrx_word' id='word_1_569' title='bbox 2330 4515 2546 4570; x_wconf 89' lang='lat' dir='ltr'>damno</span> <span class='ocrx_word' id='word_1_570' title='bbox 2578 4514 2838 4569; x_wconf 69' lang='lat' dir='ltr'>laadendo</span> <span class='ocrx_word' id='word_1_571' title='bbox 2862 4518 3126 4587; x_wconf 89' lang='lat' dir='ltr'>tangeret</span> <span class='ocrx_word' id='word_1_572' title='bbox 3155 4516 3294 4584; x_wconf 92' lang='lat' dir='ltr'>ullo,</span> 
     </span>
    </p>
   </div>
   <div class='ocr_carea' id='block_1_100' title="bbox 1981 4602 3483 4676">
    <p class='ocr_par' dir='ltr' id='par_1_100' title="bbox 1981 4602 3483 4676">
     <span class='ocr_line' id='line_1_100' title="bbox 1981 4602 3483 4676; baseline 0.001 -16"><span class='ocrx_word' id='word_1_573' title='bbox 1981 4606 2082 4662; x_wconf 91' lang='lat' dir='ltr'>Vel</span> <span class='ocrx_word' id='word_1_574' title='bbox 2106 4606 2304 4660; x_wconf 90' lang='lat' dir='ltr'>minus</span> <span class='ocrx_word' id='word_1_575' title='bbox 2333 4602 2621 4676; x_wconf 89' lang='lat' dir='ltr'>impleret,</span> <span class='ocrx_word' id='word_1_576' title='bbox 2656 4620 2782 4675; x_wconf 84' lang='lat' dir='ltr'>quae</span> <span class='ocrx_word' id='word_1_577' title='bbox 2814 4607 3000 4658; x_wconf 90' lang='lat' dir='ltr'>mater</span> <span class='ocrx_word' id='word_1_578' title='bbox 3030 4604 3208 4676; x_wconf 91' lang='lat' dir='ltr'>digna</span> <span class='ocrx_word' id='word_1_579' title='bbox 3227 4605 3483 4676; x_wconf 90' lang='lat' dir='ltr'>juberet.</span> 
     </span>
    </p>
   </div>
   <div class='ocr_carea' id='block_1_101' title="bbox 1977 4688 3331 4765">
    <p class='ocr_par' dir='ltr' id='par_1_101' title="bbox 1977 4688 3331 4765">
     <span class='ocr_line' id='line_1_101' title="bbox 1977 4688 3331 4765; baseline -0.003 -12"><span class='ocrx_word' id='word_1_580' title='bbox 1977 4699 2057 4753; x_wconf 91' lang='lat' dir='ltr'>Ac</span> <span class='ocrx_word' id='word_1_581' title='bbox 2086 4695 2171 4751; x_wconf 90' lang='lat' dir='ltr'>sic</span> <span class='ocrx_word' id='word_1_582' title='bbox 2201 4688 2489 4750; x_wconf 67' lang='lat' dir='ltr'>concessa:</span> <span class='ocrx_word' id='word_1_583' title='bbox 2520 4691 2756 4748; x_wconf 89' lang='lat' dir='ltr'>sibimet</span> <span class='ocrx_word' id='word_1_584' title='bbox 2786 4707 2889 4763; x_wconf 90' lang='lat' dir='ltr'>per</span> <span class='ocrx_word' id='word_1_585' title='bbox 2908 4695 3174 4765; x_wconf 90' lang='lat' dir='ltr'>tempora</span> <span class='ocrx_word' id='word_1_586' title='bbox 3201 4693 3331 4750; x_wconf 66' lang='lat' dir='ltr'>vita:</span> 
     </span>
    </p>
   </div>
   <div class='ocr_carea' id='block_1_102' title="bbox 2046 4779 2369 4840">
    <p class='ocr_par' dir='ltr' id='par_1_102' title="bbox 2046 4779 2369 4840">
     <span class='ocr_line' id='line_1_102' title="bbox 2046 4779 2369 4840; baseline -0.015 0"><span class='ocrx_word' id='word_1_587' title='bbox 2046 4783 2212 4840; x_wconf 79' lang='lat' dir='ltr'>Vere.</span> <span class='ocrx_word' id='word_1_588' title='bbox 2242 4779 2369 4837; x_wconf 80' lang='grc'>515.</span> 
     </span>
    </p>
   </div>
   <div class='ocr_carea' id='block_1_103' title="bbox 1577 4888 2278 4950">
    <p class='ocr_par' dir='ltr' id='par_1_103' title="bbox 1577 4888 2278 4950">
     <span class='ocr_line' id='line_1_103' title="bbox 1577 4888 2278 4950; baseline -0.006 -4"><span class='ocrx_word' id='word_1_589' title='bbox 1577 4891 1820 4949; x_wconf 79' lang='lat' dir='ltr'>VARUE</span> <span class='ocrx_word' id='word_1_590' title='bbox 1859 4888 2278 4950; x_wconf 88' lang='lat' dir='ltr'>LECTIONES.</span> 
     </span>
    </p>
   </div>
   <div class='ocr_carea' id='block_1_104' title="bbox 290 4961 1697 5056">
    <p class='ocr_par' dir='ltr' id='par_1_104' title="bbox 290 4961 1697 5056">
     <span class='ocr_line' id='line_1_104' title="bbox 290 4961 1697 5056; baseline 0.006 -11"><span class='ocrx_word' id='word_1_591' title='bbox 290 5004 361 5039; x_wconf 72' lang='grc' dir='ltr'><strong>ωδ</strong></span> <span class='ocrx_word' id='word_1_592' title='bbox 388 5001 552 5056; x_wconf 80' lang='lat' dir='ltr'>Auod</span> <span class='ocrx_word' id='word_1_593' title='bbox 586 5000 666 5054; x_wconf 78' lang='lat' dir='ltr'>1b.</span> <span class='ocrx_word' id='word_1_594' title='bbox 780 4998 844 5032; x_wconf 83' lang='grc'>¹⁰⁷</span> <span class='ocrx_word' id='word_1_595' title='bbox 878 4961 955 5052; x_wconf 68' lang='lat' dir='ltr'>ita</span> <span class='ocrx_word' id='word_1_596' title='bbox 1002 4998 1143 5056; x_wconf 81' lang='lat' dir='ltr'>coni.</span> <span class='ocrx_word' id='word_1_597' title='bbox 1183 4998 1238 5051; x_wconf 92' lang='lat'>3.</span> <span class='ocrx_word' id='word_1_598' title='bbox 1290 5000 1502 5053; x_wconf 88' lang='lat' dir='ltr'>cuncta</span> <span class='ocrx_word' id='word_1_599' title='bbox 1532 4998 1583 5052; x_wconf 92' lang='lat'>1.</span> <span class='ocrx_word' id='word_1_600' title='bbox 1619 4998 1697 5054; x_wconf 64' lang='lat' dir='ltr'>1b.</span> 
     </span>
    </p>
   </div>
   <div class='ocr_carea' id='block_1_105' title="bbox 207 5067 1265 5138">
    <p class='ocr_par' dir='ltr' id='par_1_105' title="bbox 207 5067 1265 5138">
     <span class='ocr_line' id='line_1_105' title="bbox 207 5067 1265 5138; baseline -0.011 -4"><span class='ocrx_word' id='word_1_601' title='bbox 207 5093 359 5135; x_wconf 89' lang='lat' dir='ltr'>corr.</span> <span class='ocrx_word' id='word_1_602' title='bbox 393 5074 446 5128; x_wconf 91' lang='lat'>3.</span> <span class='ocrx_word' id='word_1_603' title='bbox 562 5071 623 5105; x_wconf 81' lang='grc'>¹¹¹</span> <span class='ocrx_word' id='word_1_604' title='bbox 656 5071 791 5135; x_wconf 68' lang='lat' dir='ltr'>Qua:</span> <span class='ocrx_word' id='word_1_605' title='bbox 821 5070 959 5138; x_wconf 85' lang='lat' dir='ltr'>conj.</span> <span class='ocrx_word' id='word_1_606' title='bbox 993 5070 1047 5123; x_wconf 90' lang='lat'>3.</span> <span class='ocrx_word' id='word_1_607' title='bbox 1081 5067 1185 5123; x_wconf 88' lang='lat' dir='ltr'>Cui</span> <span class='ocrx_word' id='word_1_608' title='bbox 1216 5070 1265 5122; x_wconf 88' lang='lat'>4.</span> 
     </span>
    </p>
   </div>
   <div class='ocr_carea' id='block_1_106' title="bbox 215 5140 1231 5211">
    <p class='ocr_par' dir='ltr' id='par_1_106' title="bbox 215 5140 1231 5211">
     <span class='ocr_line' id='line_1_106' title="bbox 215 5140 1231 5211; baseline -0.012 -6"><span class='ocrx_word' id='word_1_609' title='bbox 215 5152 269 5205; x_wconf 91' lang='lat'>1.</span> <span class='ocrx_word' id='word_1_610' title='bbox 296 5143 531 5202; x_wconf 76' lang='lat' dir='ltr'>Exstitit</span> <span class='ocrx_word' id='word_1_611' title='bbox 560 5143 615 5196; x_wconf 89' lang='lat' dir='ltr'>in</span> <span class='ocrx_word' id='word_1_612' title='bbox 656 5143 737 5194; x_wconf 84' lang='lat' dir='ltr'>lb.</span> <span class='ocrx_word' id='word_1_613' title='bbox 851 5141 917 5175; x_wconf 81' lang='grc'>¹¹⁶</span> <span class='ocrx_word' id='word_1_614' title='bbox 940 5141 1148 5211; x_wconf 86' lang='lat' dir='ltr'>juncta</span> <span class='ocrx_word' id='word_1_615' title='bbox 1180 5140 1231 5193; x_wconf 94' lang='lat'>4.</span> 
     </span>
    </p>
   </div>
   <div class='ocr_carea' id='block_1_107' title="bbox 216 5213 748 5321">
    <p class='ocr_par' dir='ltr' id='par_1_107' title="bbox 216 5213 748 5321">
     <span class='ocr_line' id='line_1_107' title="bbox 216 5213 748 5321; baseline 0 0"><span class='ocrx_word' id='word_1_616' title='bbox 216 5223 286 5321; x_wconf 62' lang='lat'>3°.</span> <span class='ocrx_word' id='word_1_617' title='bbox 309 5220 373 5274; x_wconf 79' lang='lat'>“’</span> <span class='ocrx_word' id='word_1_618' title='bbox 389 5213 748 5321; x_wconf 49' lang='lat' dir='ltr'>195°f9‘iif‘3&#39;</span> 
     </span>
    </p>
   </div>
   <div class='ocr_carea' id='block_1_108' title="bbox 218 5284 798 5347">
    <p class='ocr_par' dir='ltr' id='par_1_108' title="bbox 218 5284 798 5347">
     <span class='ocr_line' id='line_1_108' title="bbox 218 5284 798 5347; baseline -0.019 0"><span class='ocrx_word' id='word_1_619' title='bbox 218 5294 309 5347; x_wconf 89' lang='lat' dir='ltr'>1b.</span> <span class='ocrx_word' id='word_1_620' title='bbox 389 5284 457 5322; x_wconf 59' lang='grc' dir='ltr'>ω</span> <span class='ocrx_word' id='word_1_621' title='bbox 486 5290 716 5342; x_wconf 89' lang='lat' dir='ltr'>castum</span> <span class='ocrx_word' id='word_1_622' title='bbox 748 5284 798 5338; x_wconf 83' lang='lat'>1.</span> 
     </span>
    </p>
   </div>
   <div class='ocr_carea' id='block_1_109' title="bbox 1812 4992 2483 5071">
    <p class='ocr_par' dir='ltr' id='par_1_109' title="bbox 1812 4992 2483 5071">
     <span class='ocr_line' id='line_1_109' title="bbox 1812 4992 2483 5071; baseline -0.018 -13"><span class='ocrx_word' id='word_1_623' title='bbox 1812 5001 1878 5035; x_wconf 82' lang='grc'>¹⁰⁸</span> <span class='ocrx_word' id='word_1_624' title='bbox 1909 4998 2101 5071; x_wconf 88' lang='lat' dir='ltr'>neptis</span> <span class='ocrx_word' id='word_1_625' title='bbox 2134 4996 2301 5071; x_wconf 73' lang='lat' dir='ltr'>1b_._</span> <span class='ocrx_word' id='word_1_626' title='bbox 2367 5064 2382 5071; x_wconf 87' lang='lat'><em>_</em></span> <span class='ocrx_word' id='word_1_627' title='bbox 2419 4992 2483 5025; x_wconf 80' lang='grc'>¹⁰⁹</span> 
     </span>
    </p>
   </div>
   <div class='ocr_carea' id='block_1_110' title="bbox 1362 5063 2660 5127">
    <p class='ocr_par' dir='ltr' id='par_1_110' title="bbox 1362 5063 2660 5127">
     <span class='ocr_line' id='line_1_110' title="bbox 1362 5063 2660 5127; baseline 0.007 -6"><span class='ocrx_word' id='word_1_628' title='bbox 1362 5070 1428 5102; x_wconf 84' lang='grc'>¹¹²</span> <span class='ocrx_word' id='word_1_629' title='bbox 1459 5069 1720 5124; x_wconf 90' lang='lat' dir='ltr'>Suadent</span> <span class='ocrx_word' id='word_1_630' title='bbox 1740 5071 1887 5127; x_wconf 89' lang='lat' dir='ltr'>tales</span> <span class='ocrx_word' id='word_1_631' title='bbox 1918 5063 2004 5127; x_wconf 60' lang='lat' dir='ltr'>1b:</span> <span class='ocrx_word' id='word_1_632' title='bbox 2036 5071 2088 5124; x_wconf 89' lang='lat'>4.</span> <span class='ocrx_word' id='word_1_633' title='bbox 2166 5066 2234 5101; x_wconf 89' lang='grc'>¹¹³</span> <span class='ocrx_word' id='word_1_634' title='bbox 2260 5064 2577 5119; x_wconf 73' lang='lat' dir='ltr'>LudOWiCO</span> <span class='ocrx_word' id='word_1_635' title='bbox 2612 5063 2660 5116; x_wconf 72' lang='grc'>1·</span> 
     </span>
    </p>
   </div>
   <div class='ocr_carea' id='block_1_111' title="bbox 1342 5141 3485 5218">
    <p class='ocr_par' dir='ltr' id='par_1_111' title="bbox 1342 5141 3485 5218">
     <span class='ocr_line' id='line_1_111' title="bbox 1342 5141 3485 5218; baseline 0.003 -6"><span class='ocrx_word' id='word_1_636' title='bbox 1439 5141 1713 5212; x_wconf 73' lang='grc' dir='ltr'>θοροείια</span> <span class='ocrx_word' id='word_1_637' title='bbox 1745 5144 1793 5197; x_wconf 75' lang='grc' dir='ltr'>ι.</span> <span class='ocrx_word' id='word_1_638' title='bbox 1830 5146 1913 5198; x_wconf 74' lang='grc' dir='ltr'>ίυ.</span> <span class='ocrx_word' id='word_1_639' title='bbox 1948 5144 1999 5197; x_wconf 71' lang='grc'>4.</span> <span class='ocrx_word' id='word_1_640' title='bbox 2114 5141 2291 5218; x_wconf 58' lang='lat' dir='ltr'>“ii”!</span> <span class='ocrx_word' id='word_1_641' title='bbox 2317 5141 2765 5218; x_wconf 49' lang='lat' dir='ltr'>meai-.9811-</span> <span class='ocrx_word' id='word_1_642' title='bbox 2803 5141 2892 5218; x_wconf 59' lang='grc' dir='ltr'>ιιι,</span> <span class='ocrx_word' id='word_1_643' title='bbox 3356 5154 3485 5218; x_wconf 55' lang='lat' dir='ltr'>Pro!</span> 
     </span>
    </p>
   </div>
   <div class='ocr_carea' id='block_1_112' title="bbox 863 5207 3621 5283">
    <p class='ocr_par' dir='ltr' id='par_1_112' title="bbox 863 5207 3621 5283">
     <span class='ocr_line' id='line_1_112' title="bbox 863 5207 3621 5283; baseline 0.005 -35"><span class='ocrx_word' id='word_1_644' title='bbox 863 5207 1303 5283; x_wconf 65' lang='lat' dir='ltr'>120&#39;sapicntiem</span> <span class='ocrx_word' id='word_1_645' title='bbox 1339 5213 1385 5266; x_wconf 62' lang='grc'>1,</span> <span class='ocrx_word' id='word_1_646' title='bbox 1428 5207 1596 5267; x_wconf 47' lang='lat' dir='ltr'>1b.‘3_</span> <span class='ocrx_word' id='word_1_647' title='bbox 1633 5213 1684 5267; x_wconf 51' lang='grc'>4,</span> <span class='ocrx_word' id='word_1_648' title='bbox 1765 5214 1825 5248; x_wconf 82' lang='lat' dir='ltr'>m</span> <span class='ocrx_word' id='word_1_649' title='bbox 1862 5216 2117 5270; x_wconf 85' lang='lat' dir='ltr'>mentem</span> <span class='ocrx_word' id='word_1_650' title='bbox 2152 5210 2233 5265; x_wconf 83' lang='lat' dir='ltr'>1b.</span> <span class='ocrx_word' id='word_1_651' title='bbox 2268 5209 2319 5262; x_wconf 88' lang='lat'>4.</span> <span class='ocrx_word' id='word_1_652' title='bbox 2399 5207 2464 5241; x_wconf 70' lang='grc'>¹²²</span> <span class='ocrx_word' id='word_1_653' title='bbox 2495 5207 2841 5277; x_wconf 85' lang='lat' dir='ltr'>Ottonisquc</span> <span class='ocrx_word' id='word_1_654' title='bbox 2876 5208 2923 5260; x_wconf 96' lang='grc'>1.</span> <span class='ocrx_word' id='word_1_655' title='bbox 2958 5210 3012 5273; x_wconf 91' lang='grc'>2,</span> <span class='ocrx_word' id='word_1_656' title='bbox 3094 5207 3157 5240; x_wconf 71' lang='grc'>³³³</span> <span class='ocrx_word' id='word_1_657' title='bbox 3180 5209 3255 5261; x_wconf 79' lang='lat' dir='ltr'>ita</span> <span class='ocrx_word' id='word_1_658' title='bbox 3287 5208 3341 5262; x_wconf 91' lang='lat'>3.</span> <span class='ocrx_word' id='word_1_659' title='bbox 3364 5208 3522 5263; x_wconf 90' lang='lat' dir='ltr'>vocis</span> <span class='ocrx_word' id='word_1_660' title='bbox 3572 5210 3621 5262; x_wconf 92' lang='lat'>1.</span> 
     </span>
    </p>
   </div>
   <div class='ocr_carea' id='block_1_113' title="bbox 3108 4993 3625 5050">
    <p class='ocr_par' dir='ltr' id='par_1_113' title="bbox 3108 4993 3625 5050">
     <span class='ocr_line' id='line_1_113' title="bbox 3108 4993 3625 5050; baseline 0.006 -3"><span class='ocrx_word' id='word_1_661' title='bbox 3108 4993 3172 5027; x_wconf 85' lang='grc'>¹¹⁰</span> <span class='ocrx_word' id='word_1_662' title='bbox 3203 4993 3287 5047; x_wconf 90' lang='lat' dir='ltr'>illi</span> <span class='ocrx_word' id='word_1_663' title='bbox 3322 4994 3370 5048; x_wconf 88' lang='lat' dir='ltr'>l.</span> <span class='ocrx_word' id='word_1_664' title='bbox 3405 4994 3489 5048; x_wconf 90' lang='lat' dir='ltr'>1b.</span> <span class='ocrx_word' id='word_1_665' title='bbox 3523 4994 3625 5050; x_wconf 91' lang='lat' dir='ltr'>illo</span> 
     </span>
    </p>
   </div>
   <div class='ocr_carea' id='block_1_114' title="bbox 2768 5063 3626 5134">
    <p class='ocr_par' dir='ltr' id='par_1_114' title="bbox 2768 5063 3626 5134">
     <span class='ocr_line' id='line_1_114' title="bbox 2768 5063 3626 5134; baseline 0.003 -17"><span class='ocrx_word' id='word_1_666' title='bbox 2768 5063 2835 5097; x_wconf 75' lang='lat'>“‘</span> <span class='ocrx_word' id='word_1_667' title='bbox 2866 5079 3058 5134; x_wconf 86' lang='lat' dir='ltr'>regem</span> <span class='ocrx_word' id='word_1_668' title='bbox 3085 5064 3165 5119; x_wconf 84' lang='lat' dir='ltr'>1b.</span> <span class='ocrx_word' id='word_1_669' title='bbox 3201 5066 3252 5119; x_wconf 91' lang='lat'>4.</span> <span class='ocrx_word' id='word_1_670' title='bbox 3334 5065 3397 5098; x_wconf 77' lang='lat'>“5</span> <span class='ocrx_word' id='word_1_671' title='bbox 3420 5065 3569 5120; x_wconf 79' lang='lat' dir='ltr'>Exiit</span> <span class='ocrx_word' id='word_1_672' title='bbox 3596 5083 3626 5121; x_wconf 91' lang='lat' dir='ltr'>e</span> 
     </span>
    </p>
   </div>
   <div class='ocr_carea' id='block_1_115' title="bbox 2114 5134 3629 5207">
    <p class='ocr_par' dir='ltr' id='par_1_115' title="bbox 2114 5134 3629 5207">
     <span class='ocr_line' id='line_1_115' title="bbox 2114 5134 3629 5207; baseline 0.001 -17"><span class='ocrx_word' id='word_1_673' title='bbox 2114 5139 2179 5173; x_wconf 66' lang='lat'>“3</span> <span class='ocrx_word' id='word_1_674' title='bbox 2212 5139 2289 5192; x_wconf 80' lang='lat' dir='ltr'>ita</span> <span class='ocrx_word' id='word_1_675' title='bbox 2317 5137 2457 5206; x_wconf 75' lang='lat' dir='ltr'>conj.</span> <span class='ocrx_word' id='word_1_676' title='bbox 2484 5136 2537 5188; x_wconf 89' lang='lat'>3.</span> <span class='ocrx_word' id='word_1_677' title='bbox 2573 5134 2683 5207; x_wconf 86' lang='lat' dir='ltr'>Qui</span> <span class='ocrx_word' id='word_1_678' title='bbox 2716 5136 2765 5188; x_wconf 89' lang='grc'>1.</span> <span class='ocrx_word' id='word_1_679' title='bbox 2803 5136 2883 5189; x_wconf 87' lang='lat' dir='ltr'>1b.</span> <span class='ocrx_word' id='word_1_680' title='bbox 2922 5135 3095 5199; x_wconf 90' lang='lat' dir='ltr'>Queis</span> <span class='ocrx_word' id='word_1_681' title='bbox 3129 5137 3179 5189; x_wconf 92' lang='lat'>4.</span> <span class='ocrx_word' id='word_1_682' title='bbox 3260 5137 3324 5169; x_wconf 71' lang='lat'>“9</span> <span class='ocrx_word' id='word_1_683' title='bbox 3356 5141 3629 5207; x_wconf 87' lang='lat' dir='ltr'>provecta</span> 
     </span>
    </p>
   </div>
   <div class='ocr_carea' id='block_1_116' title="bbox 2514 4990 2990 5063">
    <p class='ocr_par' dir='ltr' id='par_1_116' title="bbox 2514 4990 2990 5063">
     <span class='ocr_line' id='line_1_116' title="bbox 2514 4990 2990 5063; baseline 0.002 -19"><span class='ocrx_word' id='word_1_684' title='bbox 2514 4990 2771 5063; x_wconf 88' lang='lat' dir='ltr'>primula</span> <span class='ocrx_word' id='word_1_685' title='bbox 2823 4992 2903 5047; x_wconf 85' lang='lat' dir='ltr'>1b.</span> <span class='ocrx_word' id='word_1_686' title='bbox 2939 4993 2990 5046; x_wconf 92' lang='lat'>4.</span> 
     </span>
    </p>
   </div>
   <div class='ocr_carea' id='block_1_117' title="bbox 1804 5381 2039 5438">
    <p class='ocr_par' dir='ltr' id='par_1_117' title="bbox 1804 5381 2039 5438">
     <span class='ocr_line' id='line_1_117' title="bbox 1804 5381 2039 5438; baseline 0 0"><span class='ocrx_word' id='word_1_687' title='bbox 1804 5381 2039 5438; x_wconf 74' lang='lat' dir='ltr'>NOT/E.</span> 
     </span>
    </p>
   </div>
   <div class='ocr_carea' id='block_1_118' title="bbox 291 5494 1737 5570">
    <p class='ocr_par' dir='ltr' id='par_1_118' title="bbox 291 5494 1737 5570">
     <span class='ocr_line' id='line_1_118' title="bbox 291 5494 1737 5570; baseline -0.001 -15"><span class='ocrx_word' id='word_1_688' title='bbox 291 5500 408 5570; x_wconf 88' lang='lat'>(45)</span> <span class='ocrx_word' id='word_1_689' title='bbox 432 5500 496 5554; x_wconf 87' lang='lat' dir='ltr'>A.</span> <span class='ocrx_word' id='word_1_690' title='bbox 529 5499 655 5564; x_wconf 79' lang='lat'>8‘77,</span> <span class='ocrx_word' id='word_1_691' title='bbox 688 5497 928 5553; x_wconf 87' lang='lat' dir='ltr'>Januar.</span> <span class='ocrx_word' id='word_1_692' title='bbox 961 5497 1051 5551; x_wconf 84' lang='lat'>26.</span> <span class='ocrx_word' id='word_1_693' title='bbox 1081 5494 1235 5567; x_wconf 88' lang='lat' dir='ltr'>Orig.</span> <span class='ocrx_word' id='word_1_694' title='bbox 1272 5494 1460 5551; x_wconf 87' lang='lat' dir='ltr'>Guelf.</span> <span class='ocrx_word' id='word_1_695' title='bbox 1486 5495 1575 5553; x_wconf 93' lang='lat' dir='ltr'>IV.</span> <span class='ocrx_word' id='word_1_696' title='bbox 1611 5497 1737 5553; x_wconf 89' lang='lat'><strong>377.</strong></span> 
     </span>
    </p>
   </div>
   <div class='ocr_carea' id='block_1_119' title="bbox 292 5587 796 5663">
    <p class='ocr_par' dir='ltr' id='par_1_119' title="bbox 292 5587 796 5663">
     <span class='ocr_line' id='line_1_119' title="bbox 292 5587 796 5663; baseline -0.012 -18"><span class='ocrx_word' id='word_1_697' title='bbox 292 5588 405 5663; x_wconf 86' lang='lat'>(46)</span> <span class='ocrx_word' id='word_1_698' title='bbox 436 5587 561 5645; x_wconf 90' lang='lat' dir='ltr'>scil.</span> <span class='ocrx_word' id='word_1_699' title='bbox 599 5587 796 5643; x_wconf 80' lang='lat' dir='ltr'>locum.</span> 
     </span>
    </p>
   </div>
   <div class='ocr_carea' id='block_1_120' title="bbox 2048 5487 3477 5567">
    <p class='ocr_par' dir='ltr' id='par_1_120' title="bbox 2048 5487 3477 5567">
     <span class='ocr_line' id='line_1_120' title="bbox 2048 5487 3477 5567; baseline -0.002 -19"><span class='ocrx_word' id='word_1_700' title='bbox 2048 5494 2159 5567; x_wconf 86' lang='lat'>(47)</span> <span class='ocrx_word' id='word_1_701' title='bbox 2186 5494 2251 5548; x_wconf 86' lang='lat' dir='ltr'>A.</span> <span class='ocrx_word' id='word_1_702' title='bbox 2284 5493 2408 5546; x_wconf 90' lang='grc'>877.</span> <span class='ocrx_word' id='word_1_703' title='bbox 2441 5491 2682 5546; x_wconf 89' lang='lat' dir='ltr'>Januar.</span> <span class='ocrx_word' id='word_1_704' title='bbox 2705 5488 2791 5545; x_wconf 87' lang='lat'>26.</span> <span class='ocrx_word' id='word_1_705' title='bbox 2816 5487 2972 5562; x_wconf 89' lang='lat' dir='ltr'>Orig.</span> <span class='ocrx_word' id='word_1_706' title='bbox 3004 5488 3191 5545; x_wconf 85' lang='lat' dir='ltr'>Guelf.</span> <span class='ocrx_word' id='word_1_707' title='bbox 3229 5488 3319 5545; x_wconf 93' lang='lat' dir='ltr'>IV.</span> <span class='ocrx_word' id='word_1_708' title='bbox 3352 5490 3477 5545; x_wconf 89' lang='lat'>370.</span> 
     </span>
    </p>
   </div>
  </div>
