4050 6180
399 275 554 339 114Ἷ
1211 274 1739 342 HROTSUITII/E
1784 279 2156 344 MONlALIS
2204 285 2992 350 GANDERSHEIMENSIS
3663 291 3818 352 1148

399 409 572 468 Omni
602 407 876 466 ferventis
909 409 1138 466 studuit
1165 411 1472 467 conamine
1503 411 1718 468 mentis
2077 419 2132 484 Α
2165 418 2322 474 Fecit
2348 419 2408 474 in
2429 419 2688 476 ecclesiae
2719 421 2930 488 medio,
2964 435 3143 494 quam
3175 423 3438 479 stuxerat
3464 420 3617 496 ipse.

393 497 668 556 Cmnobio
699 502 1077 570 patronorum
1108 499 1362 570 praebere
1397 516 1639 555 suorum
2161 505 2286 562 illic
2309 513 2647 565 nostrarum
2679 511 2871 566 studio
2901 515 3162 566 certante
3183 529 3478 580 sororum,

395 587 589 660 Ipsius
611 585 808 642 auxilii
841 603 1071 660 semper
1099 587 1389 643 tutamina
1411 589 1550 644 certi
1573 607 1585 656 ;
2155 594 2464 653 Continuis
2493 599 2765 670 precibus
2784 597 3036 655 dilectus
3068 599 3311 672 spiritus
3341 602 3474 672 ejus

393 677 512 732 Nec
540 675 664 732 vice
694 675 975 731 terribilis
1004 676 1184 732 metui
1219 676 1384 748 petiit
1406 679 1470 712 ¹²⁵
1501 678 1766 745 senioris,
2156 683 2399 757 Semper
2423 685 2776 742 Celsithroni
2800 688 2864 723 13°
2893 689 3342 744 commendatur
3375 689 3604 760 pietati,

391 764 502 822 Sed
535 765 682 820 bene
711 765 1004 821 mansueti
1035 765 1314 837 genitoris
1345 767 1416 821 ad
1441 767 1627 822 instar
1656 768 1862 822 amari.
2154 774 2278 840 Quo
2303 775 2400 829 det
2417 775 2479 808 ³³⁷
2502 775 2554 830 ei
2584 777 2843 848 requiem
2873 776 3131 833 clemens
3161 778 3288 832 sine
3315 779 3434 833 ﬁne
3465 795 3826 850 perennem.

388 852 553 910 Unde
576 853 702 908 loco
733 870 848 909 non
880 853 1174 909 immerito
1204 855 1530 926 permansit
1560 855 1616 909 in
1647 855 1744 910 illo
2226 861 2459 918 Scilicet
2489 868 2624 920 ante
2644 865 2768 920 dies
2798 870 2927 920 octo
2953 865 3194 921 totidem
3225 884 3462 938 quoque
3494 873 3728 936 noctes,

391 943 684 998 Hactenus
713 943 963 1016 insignis
982 942 1112 998 laus
1143 942 1301 998 illius
1324 943 1578 1014 pietatis.
2154 951 2339 1016 Quam
2372 953 2539 1008 ducis
2570 969 2812 1009 occasus
2842 954 3196 1010 miserabilis
3226 953 3444 1010 accidit
3465 955 3680 1028 hujus,

387 1032 506 1088 Nos
535 1048 767 1104 quoque
799 1037 1071 1104 permota:
1105 1036 1278 1088 tanta:
1310 1033 1616 1088 dulcedine
1647 1033 1838 1101 famae,
2153 1037 2345 1110 Ipsius
2377 1045 2531 1108 nato,
2558 1041 2676 1113 regi
2709 1043 3062 1114 quandoque
3095 1043 3315 1110 futuro,

384 1121 646 1177 Necdum
677 1121 958 1176 maternis
989 1138 1116 1192 quae
1146 1125 1287 1176 tunc
1317 1137 1416 1176 cru
1426 1123 1623 1193 pimus
1648 1123 1710 1156 ¹²⁶
1743 1121 1905 1191 alvis,
2152 1128 2425 1185 Nascitur
2448 1131 2692 1186 Ilenrico
2723 1133 2984 1188 famosus
3015 1132 3172 1189 ﬁlius
3203 1133 3392 1200 Oddo,

389 1210 501 1267 Sed
536 1209 760 1266 fuimus
793 1226 926 1266 vere
957 1209 1130 1282 longe
1153 1215 1285 1282 post
1307 1215 1567 1282 tempore
1589 1215 1756 1276 natrc,
2151 1217 2259 1282 Qui
2291 1217 2402 1273 fuit
2428 1219 2650 1276 electus
2679 1221 2833 1294 regis
2857 1221 3068 1294 pietate
3100 1223 3376 1294 perennis

385 1298 616 1354 Hautm
639 1297 1012 1354 minusillius
1035 1303 1372 1354 constanter
1393 1315 1588 1354 amore
1619 1299 2041 1386 flagramus'”,
2153 1305 2384 1362 Primus
2415 1311 2710 1365 Saxonum
2740 1327 2839 1366 rex
2869 1316 3000 1383 post
3027 1317 3250 1383 patrem
3284 1318 3684 1370 strenuomm
3749 1337 3770 1352 υ

384 1389 570 1455 Quam
603 1386 703 1460 qui
735 1391 1084 1459 praesentem
1112 1386 1664 1459 contemplabantur
1683 1388 1934 1443 eundem
2149 1395 2450 1467 Augustus
2484 1399 2888 1456 Romanorum‘
2913 1401 3244 1474 pariterque
3274 1407 3618 1474 potentum.

378 1478 567 1564 Atque
590 1493 716 1564 sua:
744 1476 914 1564 donis
947 1476 1298 1564 ditabantur
1329 1476 1582 1548 pietatis.
2222 1485 2524 1542 Mensibus
2546 1486 2682 1543 hinc
2712 1489 2873 1544 senis
2894 1505 3066 1545 cursu
3098 1490 3378 1547 volitante
3408 1494 3678 1564 peractis
3703 1495 3826 1561 (An.

451 1563 556 1621 Hic
585 1563 764 1638 igitur
792 1562 929 1620 talis
959 1563 1248 1654 prmclarm
1282 1564 1371 1619 vir
1401 1564 1662 1654 pietatis,
3409 1562 3428 1564 τ
3473 1581 3634 1654 [913.
3673 1581 3830 1650 Mai.)

379 1653 484 1723 Qui
518 1654 650 1727 pius
671 1655 737 1688 ¹²⁹
767 1652 1044 1710 urbicolis
1073 1653 1280 1710 tribuit
1312 1655 1466 1710 bona
1487 1653 1627 1708 talia
1657 1654 1895 1722 nostris,
2150 1661 2301 1718 Dum
2330 1663 2509 1720 decus
2531 1664 2636 1720 hoc
2660 1666 2806 1721 tanti
2825 1667 2887 1702 ¹³⁸
2919 1666 3141 1722 clarum
3173 1669 3411 1740 generis
3448 1652 3570 1725 fuit
3599 1676 3826 1739 ortum,

377 1745 560 1855 gorte
587 1743 680 1845 sui
711 1747 958 1855 matrem
991 1743 1174 1855 nostri
1199 1743 1598 1844 domnamque
1631 1748 1926 1855 pothtpm
2064 1790 2112 1855 Β
2247 1769 2361 1852 quo
2391 1753 2525 1808 lenta
2545 1753 2744 1824 procul
2777 1755 2954 1810 dubio
2984 1756 3272 1855 promissa
3298 1757 3532 1830 repleta

377 1831 782 1890 Praeveniendo
805 1831 982 1904 prior,
1013 1831 1174 1887 vetiti
1203 1849 1306 1904 pro
1337 1832 1584 1888 crimine
1601 1831 1760 1904 pomi
1785 1833 1872 1902 ’30,
2064 1831 2112 1855 ”
2145 1837 2360 1896 Christi
2382 1843 2649 1914 baptista:
2675 1843 2996 1899 creduntur
3025 1843 3302 1917 primitus
3331 1862 3489 1916 esse,

375 1923 538 1990 Quod
559 1921 948 1994 protoplastes
979 1922 1362 1992 degustavere
1392 1925 1682 1992 parentes,
2142 1929 2322 1984 Istius
2349 1929 2567 2004 exigua:
2599 1949 2723 2004 qua:
2755 1949 2890 1988 mox
2919 1933 2978 1988 in
3007 1934 3219 1989 vertice
3248 1935 3431 1990 Musm

371 2009 618 2068 Exuitur
647 2009 930 2066 membris
961 2009 1172 2065 limoso
1205 2011 1457 2065 stamine
1489 2010 1681 2077 textis,
2141 2018 2296 2073 {Edze
2319 2019 2386 2054 ¹³⁹
2415 2035 2672 2091 namque
2700 2037 2818 2076 sua:
2850 2021 3091 2077 memini
3123 2023 3242 2078 fore
3272 2022 3415 2079 dicti
3442 2027 3722 2096 parenti,

371 2109 480 2168 Pro
511 2107 702 2164 dolori
730 2112 908 2180 atque
939 2107 1086 2164 seris
1139 2107 1353 2162 clausit
1382 2125 1492 2163 sua
1526 2107 1754 2163 lumina
1777 2108 1837 2142 ¹³¹
1873 2124 2033 2162 mor-
2141 2105 2266 2162 Oda
2295 2106 2472 2164 nimis
2496 2106 2651 2175 felix,
2687 2109 2870 2165 nostri
2894 2126 3029 2182 spes
3061 2110 3440 2180 dominatrix,

1308 2197 1403 2263 [tis
1435 2196 1549 2268 (an.
1581 2198 1707 2251 912.
1737 2197 1869 2252 Νου.
1893 2196 2029 2267 30.),
2139 2195 2333 2260 Quum
2355 2195 2547 2252 decies
2579 2197 2758 2252 denos
2789 2203 3014 2270 septem
3043 2215 3277 2271 quoque
3297 2201 3529 2256 vixerat
3559 2220 3787 2271 annos,

371 2287 536 2344 Cmtu
559 2288 897 2342 nostrarum
921 2283 1397 2341 eircumvallante
1427 2302 1694 2340 sororum
2139 2283 2332 2340 Vitam
2361 2286 2476 2342 ﬁne
2497 2286 2649 2342 bono
2680 2303 3100 2343 consummans
3123 2289 3190 2323 ἰθ
3210 2291 3429 2346 transit
3457 2291 3538 2345 ad
3595 2299 3792 2360 astra,

371 2373 664 2432 Pernimio
699 2373 902 2430 domni
935 2373 1074 2429 ﬂetu
1105 2373 1319 2428 lectum
1347 2373 1636 2429 morituri.
2140 2373 2499 2445 Exspectans
2529 2391 2632 2446 spe
2661 2373 2812 2430 felici
2842 2379 3075 2448 tempus
3107 2377 3392 2432 redeundi

369 2463 554 2536 Cujus
583 2463 657 2520 ad
687 2461 965 2535 exequias
988 2478 1223 2518 summo
1254 2461 1387 2518 nisu
1417 2461 1798 2518 celebrandas
2141 2460 2361 2530 Flatus,
2397 2466 2571 2536 atque
2603 2464 2943 2537 rcsurgendi
2973 2465 3044 2520 de
3073 2465 3310 2538 pulvere
3339 2466 3508 2538 pleni

369 2551 638 2626 Undique
668 2555 959 2608 nostrates
979 2551 1092 2623 (48)
1115 2551 1520 2607 conﬂuxerunt
1549 2550 2026 2638 lacrimantesm’
2138 2548 2409 2623 Corporis
2439 2551 2498 2608 in
2530 2552 2778 2622 tumulo,
2813 2554 2967 2626 quod
3000 2571 3154 2610 nunc
3185 2555 3294 2610 sub
3334 2557 3611 2630 tegmine
3666 2561 3820 2617 duro

367 2642 557 2715 Atque
583 2640 676 2698 sui
706 2639 932 2696 lethum
968 2639 1087 2696 cari
1119 2640 1368 2698 senioris
1401 2657 1670 2696 amarum
2135 2638 2313 2694 Juxta
2340 2644 2616 2697 natarum
2648 2642 2962 2714 resquiscit
2982 2643 3154 2698 busta
3183 2659 3448 2703 suarum.

369 2731 586 2788 Omnes
615 2728 950 2786 immodicis
980 2727 1198 2801 pariter
1225 2729 1430 2785 ﬂevere
1461 2728 1756 2784 lamentis.
2206 2727 2323 2784 Nec
2349 2727 2663 2798 Cbristina,
2698 2729 2821 2786 suis
2853 2747 2979 2803 quae
3011 2728 3137 2786 sola
3163 2733 3452 2790 remansit
3478 2733 3784 2806 alumnis,

368 2821 481 2878 Sed
513 2819 738 2875 luctum
772 2833 1102 2892 procerum,
1131 2817 1287 2891 vulgi
1319 2819 1654 2890 pariterque
1677 2816 2024 2885 lamentum,
2133 2815 2266 2872 Jam
2298 2821 2438 2872 tunc
2467 2817 2747 2874 instantis
2777 2820 3019 2892 grandis
3049 2820 3294 2876 dulcedo
3327 2822 3576 2892 doloris,

375 2909 520 2966 Vicit
547 2923 880 2964 nonnarum
913 2905 1251 2962 miseranda
1287 2905 1524 2978 querela
1544 2922 1817 2974 suarum;
2134 2904 2272 2961 Plus
2303 2923 2478 2978 quam
2511 2907 2605 2962 bis
2627 2911 2822 2965 ternos
2851 2913 2984 2980 post
3003 2913 3250 2966 matrem
3281 2910 3506 2968 vixerat
3535 2931 3778 2986 annos;

367 3000 504 3066 Quin
531 3014 634 3071 pro
663 2997 893 3052 defectu
915 2995 1130 3051 mentis
1154 2995 1220 3030 ¹³³
1239 2995 1410 3051 solito
1433 2993 1738 3051 muliebris
2133 2993 2244 3050 Sed
2267 2995 2517 3050 reddens
2547 2996 2828 3052 animam.
2865 2998 3103 3054 Factorc
3130 3004 3373 3056 vocante
3413 3001 3662 3059 beatam
3697 3007 3818 3076 (an.

364 3087 571 3142 Vivere
592 3089 955 3158 spernentes,
991 3085 1284 3156 citiusque
1314 3083 1462 3141 mori
1493 3083 1816 3156 cupientes,
2060 3158 2094 3167 _
3628 3093 3810 3167 [919),

365 3176 432 3233 In
461 3174 841 3230 lacrumando
873 3173 1117 3228 modum
1147 3171 1456 3228 voluerunt
1486 3189 1700 3244 ponere
1731 3172 1983 3228 nullum.
2051 3158 2094 3224 C
2131 3172 2410 3246 Jungitur
2439 3174 2496 3228 in
2529 3173 2678 3230 lucis
2708 3175 2898 3248 patria
2927 3177 3204 3251 pacisque
3236 3180 3518 3250 perennis

367 3265 514 3322 Hinc
543 3261 727 3336 patris
755 3263 1020 3334 ejusdem
1051 3261 1166 3317 cari
1193 3261 1534 3332 dominique
1563 3261 1800 3333 benigni
2003 3331 2022 3344 ν
2123 3262 2266 3333 Ejus
2287 3263 2615 3334 germanis,
2648 3280 2897 3336 quarum
2925 3265 3185 3345 pollebat
3213 3267 3452 3324 honoris

365 3353 590 3424 Corpus
619 3368 722 3423 per
748 3350 1010 3405 triduum
1045 3349 1469 3404 conservabant
1497 3349 1872 3404 inhumatum
2123 3350 2300 3406 Heres
2322 3353 2378 3405 et
2407 3357 2624 3406 sanctas
2646 3353 2918 3408 sectatrix
2948 3353 3153 3410 inclita
3183 3355 3333 3411 vitae.

365 3441 482 3498 Ceu
513 3455 642 3496 sese
667 3436 928 3493 lacrimis
959 3441 1260 3508 sperarent
1289 3454 1460 3509 posse
1491 3438 1702 3494 refusis
2123 3439 2278 3504 Quas
2307 3439 2480 3494 matri
2511 3444 2753 3497 cunctas
2783 3443 2843 3496 in
2865 3441 3011 3498 caelo
3041 3444 3430 3513 consociatas,

364 3528 615 3586 Extincti
639 3528 846 3584 ﬂatum
877 3524 1052 3582 citius
1081 3543 1348 3582 revocare
1378 3527 1708 3582 reductum.
2121 3525 2286 3582 Alme
2317 3527 2503 3596 Pater,
2529 3533 2724 3584 tecum
2748 3534 2960 3602 praesta
2989 3533 3247 3605 gaudere
3277 3551 3382 3606 per
3411 3553 3612 3593 aevum
3639 3541 3731 3606 "',

363 3619 625 3676 Tandem
654 3614 966 3673 consilium
998 3615 1233 3688 sapiens
1265 3614 1411 3671 satis
1437 3617 1846 3672 advenientum
2124 3614 2370 3672 Illius'“
2390 3616 2526 3672 boni
2555 3619 2820 3674 mercede
2849 3621 3184 3691 perenniter
3203 3623 3311 3690 uti,

362 3707 693 3764 Decernens
719 3721 882 3761 vanaa
900 3704 968 3738 ¹³⁴
997 3703 1118 3776 spsi
1151 3704 1360 3760 debere
1389 3705 1582 3772 reniti,
2122 3705 2286 3771 Quod
2316 3709 2466 3762 retro
2488 3711 2700 3762 cuncta
2721 3708 2839 3764 tuis
2870 3711 3112 3766 servasti
3135 3711 3337 3768 secula
3366 3716 3550 3784 caris,

360 3795 536 3854 Ocius
566 3793 624 3850 in
652 3793 881 3850 tumulo
913 3810 1028 3849 non
1062 3793 1284 3866 absque
1314 3793 1509 3850 dolore
1539 3797 1760 3866 parato,
2121 3795 2246 3860 Quo
2277 3799 2333 3850 te
2361 3811 2494 3850 cum
2527 3796 2669 3851 Nato
2701 3813 2924 3853 necnon
2957 3816 3094 3854 cum
3129 3801 3394 3858 Flamine
3427 3821 3606 3862 sacro

359 3885 472 3942 Sed
492 3884 654 3940 luctu
683 3880 869 3938 nimio
895 3881 1405 3938 circumstantium
1425 3881 1494 3917 ³³³
1521 3883 1871 3954 madefacto,
2121 3881 2325 3939 Solum
2355 3887 2638 3940 rectorem
2666 3885 2920 3943 cmlestis
2949 3885 3387 3960 imperitantem

360 3972 624 4030 Membra
651 3971 820 4028 ducis
851 3969 1000 4028 tanti
1029 3971 1203 4045 digne
1235 3971 1521 4028 servanda
1550 3969 1728 4028 locari
2121 3971 2610 4030 Dulci1“laetitiaa
2639 3973 2950 4032 laudemus
2973 3978 3041 4012 ‘“
3066 3995 3204 4034 voce
3226 3979 3534 4051 jocundaa.

429 4061 593 4118 Vers.
627 4061 756 4117 555.

2190 4060 2356 4118 Vers.
2379 4062 2504 4119 594.

1707 4176 1948 4232 νΑΗΙᾸΞ
1989 4176 2405 4234 LECTIONES.

429 4291 496 4374 '1‘
524 4291 600 4347 ita
631 4291 793 4374 ip.‘4.
826 4289 1019 4374 potuit
1050 4291 1098 4344 1.
1258 4292 1356 4374 “1‘”
1387 4293 1721 4374 ita_cq_nj..3.
1754 4293 2376 4374 nunquerumpimus
2412 4295 2463 4350 1.
2503 4312 2810 4374 nunquam
2870 4297 3235 4374 rumpimus“
3260 4301 3320 4374 11)
3432 4303 3501 4336 ³³⁷
3536 4303 3702 4362 lianc
3733 4309 3783 4362 1.

359 4362 422 4442 ἷξε
443 4361 678 4442 flagrari
711 4363 761 4442 1.
836 4361 912 4442 m-
934 4361 1178 4442 prius__i.
1353 4363 1491 4442 poni
1524 4361 1611 4442 11).Δ
1638 4364 1716 4442 4.-
1796 4361 1970 4442 “ﬂia:
1999 4361 2318 4442 lightning.
2355 4365 2406 4420 1.
2502 4365 2570 4442 ¹ῗ²
2599 4361 2991 4442 la'crymantes
3007 4361 3099 4442 .1,
3170 4371 3238 4406 ¹³³
3270 4373 3350 4427 ita
3377 4375 3436 4428 2.
3471 4361 3710 4432 meritis
3730 4361 3782 4432 1.

357 4433 441 4506 11).
519 4431 686 4506 “fita
712 4433 768 4506 3.
793 4431 965 4506 varia}
984 4433 1048 4506 1.
1086 4433 1166 4506 11).
1253 4433 1319 4506 “fi
1339 4431 1829 4492 circumstantum
1853 4436 1906 4491 4.
2020 4435 2088 4471 ⁸³⁸
2119 4435 2486 4492 celsithronte
2517 4439 2571 4493 4.
2660 4431 2827 4496 ¹³⁷’ἱια
2855 4441 2909 4496 3.
2942 4441 3106 4506 Quod
3140 4445 3201 4496 et
3230 4443 3282 4498 1.
3319 4443 3407 4501 11).
3521 4448 3589 4482 ¹³⁸
3620 4431 3706 4504 ita
3723 4431 3780 4504 5.

354 4503 611 4585 hortanti
641 4505 694 4560 1.
729 4505 816 4585 1g.
860 4577 873 4585 _
929 4505 1183 4585 “fiuit.
1215 4505 1622 4585 ,λάφιιηίιληΔ
1661 4506 1728 4585 ξω
1756 4509 1835 4585 ea
1857 4507 2106 4585 porrjgo;
2135 4524 2491 4585 consumens
2521 4511 2573 4565 1.
2609 4511 2778 4567 111.4.
2871 4513 2934 4546 ιιι
2965 4503 3050 4568 'aa
3095 4515 3237 4585 conj.
3283 4515 3344 4572 3.
3392 4533 3540 4575 eum
3593 4503 3776 4576 1.15.

358 4577 423 4611 ¹⁴²
453 4575 734 4648 Illiusque
761 4576 814 4630 3.
849 4577 900 4630 4.
980 4576 1046 4610 ¹⁴³
1078 4575 1287 4632 Dulces
1322 4576 1403 4631 11).
1433 4579 1484 4632 4.
1563 4578 1630 4612 ³⁸⁸
1659 4580 1739 4634 ita
1765 4579 1820 4634 3.
1856 4575 2166 4635 laudantes
2202 4581 2250 4634 1.
2291 4581 2372 4635 11).
2493 4612 2503 4626 ο

425 4787 539 4862 (48)
569 4788 846 4846 Saxones.
1931 4703 2169 4760 NOTIE.
