4084 6190
290 310 447 374 1149

1365 302 1685 369 CARMEN
1730 309 1831 369 DE
1877 308 2146 401 GESTIS
2190 310 2525 372 OTTONIS
2568 312 2615 372 Ι.

3540 315 3697 380 1150

290 446 3694 476 MM

709 537 1133 686 CARllllN
1230 541 1360 686 [ll]
1453 538 1811 687 GESTIS
1893 539 2282 689 ODONIS
2377 544 2408 688 Ι
2501 543 3249 699 IMPERATORIS.

1782 764 2180 775 -——_—-‘————

1279 875 1351 956 Η
1372 874 2067 961 [ὶΟΤδΠΙΤΗῘΕ
2123 877 2705 965 PR/EFA'I‘IO

956 1054 1058 1112 AD
1105 1053 1585 1114 GERBERGAM
1632 1054 2129 1116 ABBATISSAM
2177 1057 3035 1122 GANDERSHEIMENSEM.

364 1215 692 1272 Gsnsancm
722 1213 936 1269 illustri
971 1211 1403 1283 abbatissae,cui
1424 1229 1529 1283 pro
1563 1212 1653 1267 sui
1686 1212 1943 1268 eminen-
1973 1214 2027 1281 Α
2054 1213 2267 1286 hisque
2296 1215 2613 1270 admodum
2637 1216 3282 1295 lacessita,competeuti
3315 1225 3373 1281 in
3404 1228 3528 1285 loco
3550 1248 3701 1303 pau-

291 1306 379 1361 tia
430 1301 740 1376 probitatis
788 1302 933 1358 haut
983 1302 1175 1358 minor
1222 1301 1535 1373 obsoquela
1562 1301 1943 1369 venerationi,

298 1409 477 1467 quam
509 1408 613 1464 pro
644 1389 861 1463 insigni
894 1389 1106 1464 regalis
1158 1393 1467 1445 stemmate
1513 1389 1942 1461 generositatis,

296 1483 589 1539 Hao'rsurr
619 1479 1174 1547 Gandeshemensis,
1207 1478 1418 1534 ultima
1448 1478 1790 1534 ultimarum
1832 1479 1943 1534 sub

297 1570 638 1643 hujusmodi
671 1585 931 1642 personae
962 1569 1220 1626 dominio
1251 1567 1652 1638 militantium,
1680 1569 1832 1640 quod
1868 1567 1946 1623 fa-

298 1659 461 1716 mula
483 1676 592 1716 crae
614 1660 700 1714 “5.

371 1749 416 1806 Ο
446 1766 576 1806 mea
605 1750 841 1817 domne,
876 1765 1003 1820 quas
1032 1747 1298 1803 rutilanti
1344 1746 1627 1820 spiritalis
1665 1747 1945 1803 varietate

295 1838 596 1913 sapientiae
625 1837 978 1911 perducetis,
1031 1854 1147 1893 non
1196 1837 1456 1911 pigescat
1484 1837 1659 1892 vestri
1709 1835 1942 1892 almita-

292 1932 411 1984 tem
441 1928 508 1964 ³⁸⁸
535 1926 912 2000 perlustrare,
943 1926 1100 1998 quod
1129 1931 1321 1982 vestra
1353 1927 1416 1960 “7
1447 1925 1776 1983 confectum
1826 1941 1942 1980 non

289 2018 355 2053 “3
385 2015 667 2090 ignoratis
695 2032 764 2072 ex
785 2014 1075 2087 jussione.
1102 2016 1161 2071 Id
1195 2014 1432 2086 quidem
1456 2013 1649 2070 oneris
1682 2013 1827 2068 mihi
1852 2014 1940 2068 in-

289 2105 591 2179 posuistis,
624 2110 690 2161 ut
719 2109 884 2177 gesta
913 2104 1147 2160 caesaris
1169 2103 1563 2177 augusti,quae
1596 2119 1701 2158 nec
1732 2102 1940 2158 auditu

291 2211 555 2268 unquam
573 2193 796 2262 affatim
808 2191 963 2248 valui
981 2192 1524 2265 colligere,mctrica
1544 2207 1941 2263 percurrerem

291 2283 606 2340 ratione.1n
625 2282 805 2354 hujus
822 2283 1035 2337 sudore
1053 2280 1479 2354 progressionis
1492 2284 1778 2353 quantum
1802 2296 1942 2335 meae

291 2371 546 2429 insciciae
589 2369 956 2427 difficultatis
1004 2370 1316 2438 obstiterit,
1368 2368 1496 2441 ipsa
1543 2369 1831 2439 conjicere
1877 2368 1944 2402 ¹⁴⁹

296 2458 575 2534 potestis;
603 2476 719 2531 qua
746 2458 869 2514 haec
898 2459 1100 2514 eadem
1123 2474 1225 2513 nec
1248 2457 1412 2530 prius
1445 2457 1663 2528 scripta
1692 2456 1941 2529 repperi,

297 2565 405 2605 nec
453 2548 527 2604 ab
575 2547 770 2620 aliquo
830 2547 1103 2620 digestim
1154 2547 1219 2581 ¹⁵⁰
1266 2546 1741 2618 sufficienterque
1788 2545 1946 2600 dicta

297 2636 504 2694 elicere
532 2636 821 2710 quivi,sed
841 2635 1018 2691 veluti
1054 2634 1103 2691 si
1131 2635 1345 2707 aliquis
1375 2633 1608 2691 nescius
1638 2634 1820 2708 ignoti
1844 2651 1947 2706 per

2055 1304 2238 1359 sando
2271 1303 2500 1372 silcsco,
2563 1322 2667 1361 nec
2719 1310 3044 1381 augustalis
3077 1315 3481 1384 proceritatem
3512 1320 3702 1376 excel-

2054 1390 2245 1447 lentiae
2276 1391 2402 1448 sine
2431 1394 2648 1451 ducatu
2680 1413 2937 1468 approno
2969 1400 3187 1456 subire.
3224 1404 3281 1459 Si
3313 1405 3467 1460 enim
3498 1408 3701 1464 facun-

2054 1480 2317 1537 dissimis
2348 1482 2907 1542 dissertissimorum
2938 1491 3263 1560 sententiis,
3294 1511 3440 1566 quas
3470 1496 3556 1552 vel
3577 1514 3703 1554 mo-

2054 1568 2127 1623 do
2155 1570 2404 1642 scriptas
2434 1572 2521 1627 vel
2553 1574 2708 1629 otius
2740 1575 2809 1629 dc
2842 1575 2935 1631 hic
2959 1578 3133 1635 rebus
3183 1599 3298 1637 non
3345 1584 3549 1641 dubito
3582 1587 3703 1644 fore

2053 1658 2417 1728 scribendas,
2452 1661 2662 1717 fuerim
2710 1663 2987 1735 animata,
3039 1667 3289 1727 fortasse
3338 1675 3706 1732 nanciscerer

2054 1747 2210 1803 unde
2242 1749 2353 1804 mei
2388 1750 2688 1807 rusticitas
2723 1752 3014 1810 velaretur
3062 1756 3504 1834 aliquantisper.
3538 1764 3706 1821 Nunc

2055 1839 2251 1891 autem
2299 1854 2471 1894 omne
2501 1838 2658 1894 latus
2691 1846 2852 1897 tanto
2903 1843 3090 1918 magis
3139 1853 3298 1904 caret
3346 1850 3704 1921 defensione,

2054 1928 2274 1995 quanto
2299 1926 2498 1983 nimus
2520 1928 2643 1983 ulla
2667 1929 2908 1986 fulcitur
2928 1935 3273 1993 auctoritate
3298 1956 3310 2006 ;
3348 1941 3502 1996 unde
3528 1941 3705 1997 etiam

2051 2029 2270 2083 vereor,
2306 2032 2399 2070 me
2430 2018 2778 2074 temeritatis
2808 2022 2972 2091 argui
3008 2024 3450 2099 tendiculasque
3491 2030 3707 2087 multo-

2053 2117 2186 2155 rum
2218 2119 2331 2157 non
2365 2103 2620 2159 devitarc
2650 2107 2984 2175 convitii,eo
3017 2111 3169 2180 quod
3204 2113 3436 2185 pompis
3469 2116 3535 2150 ¹⁵²
3554 2117 3704 2174 face-

2052 2194 2123 2244 tae
2146 2191 2500 2247 urbanitatis
2532 2195 2872 2265 exponenda
2910 2196 3300 2269 eloquentius,
3316 2219 3706 2278 praesumpse-

2053 2279 2165 2333 rim
2199 2280 2580 2336 dehonestare
2606 2282 2812 2337 inculti
2835 2284 3052 2342 vilitate
3074 2289 3379 2345 sermonis.
3417 2291 3478 2347 Si
3510 2297 3705 2350 tamen

2053 2384 2208 2422 sanae
2240 2369 2455 2424 montis
2486 2387 2726 2426 examen
2758 2375 3091 2443 accesserit,
3118 2393 3243 2449 quae
3269 2396 3361 2435 res
3393 2385 3547 2436 recte
3570 2398 3707 2454 pen-

2053 2473 2182 2512 sare
2214 2474 2329 2512 non
2361 2460 2566 2528 nescit,
2601 2465 2820 2532 quanto
2853 2480 3026 2518 sexus
3058 2465 3318 2538 fragilior
3345 2469 3709 2544 scientiaque

2054 2545 2267 2616 minor,
2318 2550 2480 2603 tanta
2531 2549 2699 2604 venia
2749 2550 2857 2605 erit
2914 2552 3168 2621 facilior;
3201 2558 3523 2626 praesertim
3569 2577 3706 2616 cum

2056 2652 2171 2690 non
2204 2636 2268 2670 ¹⁵³
2299 2653 2441 2691 meae
2474 2638 2973 2711 praesumptionis,
3004 2643 3100 2696 sed
3137 2648 3398 2700 vestrum
3434 2647 3499 2682 1“
3529 2665 3710 2706 causa

301 2725 676 2782 latitudinem
705 2723 892 2780 saltus
922 2724 1133 2793 iturus,
1163 2724 1261 2779 ubi
1295 2723 1487 2779 omnis
1518 2725 1730 2779 semita
1768 2722 1943 2779 nivali
2046 2722 2337 2795 jussionis
2356 2725 2535 2797 hujus
2552 2730 2777 2782 stamen
2799 2728 3066 2800 opusculi
3090 2734 3363 2803 cmperim
3385 2735 3709 2793 ordiri.Cur

298 2814 589 2871 densitate
618 2812 911 2870 velaretur
936 2814 1209 2879 obducta,
1236 2812 1445 2886 bicque
1474 2812 1636 2868 nullo
1669 2813 1944 2880 duce,sed

298 2902 422 2960 solo
456 2903 1033 2977 praemonstrantium
1065 2905 1210 2958 nutu
1243 2901 1702 2970 inductus,nunc
1732 2919 1835 2973 per
1854 2902 1947 2956 de-

295 2992 389 3049 via
417 2997 659 3061 erraret,
694 3008 850 3047 nunc
898 2992 1038 3047 recti
1087 2991 1381 3046 tramitem
1422 2990 1585 3045 callis
1634 2989 1946 3062 improvise

297 3081 643 3148 incurreret,
675 3081 858 3136 donec
888 3081 1125 3136 tandem
1156 3096 1395 3136 emensa
1443 3079 1694 3135 arboreae
1726 3080 1943 3135 medie-

300 3175 419 3227 tate
463 3168 893 3243 spissitudinis,
926 3169 1119 3224 locum
1170 3172 1377 3240 optatae
1428 3168 1946 3240 comprehenderet

296 3259 532 3333 quietis,
567 3257 801 3331 illicque
838 3258 1089 3332 gradum
1140 3258 1346 3330 ﬁgens,
1382 3256 1627 3313 ulterius
1673 3258 1944 3330 progredi

297 3367 413 3408 non
444 3352 1037 3422 praesumeret,usque
1069 3348 1211 3403 dum
1231 3346 1321 3402 vel
1341 3346 1454 3402 alio
1478 3346 1943 3419 superveniente,

294 3439 691 3506 induceretur,
722 3436 813 3492 vel
844 3436 1225 3510 praecedentis
1272 3436 1517 3510 vestigia
1565 3436 1945 3507 subsequere-

2054 2816 2250 2868 tamen
2281 2813 2529 2869 aliorum
2552 2816 2773 2887 juditia
2804 2817 3076 2890 formido,
3110 2837 3237 2892 quae
3267 2824 3441 2878 vestri
3490 2825 3709 2883 solum-

2056 2903 2229 2958 modo
2260 2921 2539 2971 ccnsurae,
2576 2904 2623 2960 si
2651 2905 2789 2977 quid
2830 2907 3026 2970 fefelli.
3059 2909 3308 2965 obnoxia
3350 2913 3572 2970 existo?
3618 2915 3705 2971 vel

2055 3008 2160 3046 cur
2188 3010 2475 3065 nequeam
2521 2994 2774 3050 devitarc
2824 2996 3102 3066 convicia,
3153 3016 3284 3071 quae
3335 2999 3707 3059 solummodo

2055 3078 2288 3135 silentio
2320 3082 2555 3137 studere
2588 3083 2871 3151 debeo,ne
2902 3085 2950 3140 si
2984 3087 3193 3141 seriem
3225 3105 3328 3159 pro
3361 3090 3453 3145 sui
3483 3090 3708 3147 vilitate

2056 3167 2208 3223 nulli
2240 3170 2658 3225 ostendendam
2682 3171 2855 3227 velim
2874 3172 3189 3244 propalari,
3213 3177 3421 3233 merito
3442 3179 3707 3235 omnium

2055 3258 2437 3313 succumbam
2472 3260 2907 3331 reprehensioni
2932 3262 3035 3316 “‘5?
3064 3263 3270 3321 Vestro
3293 3271 3490 3322 autem
3510 3267 3711 3323 vestri-

2055 3363 2168 3418 que
2198 3346 2670 3415 familiarissimi,
2705 3348 2797 3404 cui
2831 3349 2983 3405 hanc
3016 3353 3399 3410 rusticitatem
3432 3356 3709 3412 sanxistis

2055 3439 2471 3507 praesentatuni
2522 3438 2614 3506 iri,
2650 3438 2873 3494 scilicet
2919 3441 3353 3514 archipraesulis
3400 3445 3705 3519 Willelmi,

292 3532 413 3597 tur,
448 3559 514 3568 --
546 3526 689 3582 haut
716 3526 885 3583 aliter
912 3542 1019 3599 ego
1059 3526 1509 3599 magnificarum
1554 3523 1942 3596 prolixitatem
2046 3524 2295 3595 judicio,
2330 3528 2742 3597 quoquomodo
2772 3529 2986 3583 factum
3026 3529 3124 3600 sit,
3156 3533 3571 3590 aestimandum
3621 3552 3708 3593 re-

294 3634 493 3674 rerum
514 3617 689 3688 jussa
716 3615 964 3689 ingredi,
988 3614 1274 3688 regalium
1304 3612 1738 3685 multiplicitate
1759 3616 1947 3684 gesto-

295 3724 431 3763 rum
466 3706 730 3762 nutando
760 3709 817 3761 ct
845 3703 1155 3761 vacillante
1186 3702 1486 3776 aegerrime
1508 3700 1827 3756 transcurri
1857 3701 1942 3768 1“,

2055 3610 2279 3682 huquo.

1094 4005 1237 4087 AD
1304 4000 1878 4088 ODDONEM
1942 4003 1981 4087 1
2036 3944 2900 4088 IMPEl’tA’I‘OREM.

364 4208 595 4265 Pollens
621 4207 852 4280 imperii
884 4211 1158 4279 regnator
1188 4204 1512 4262 caesariami

292 4297 481 4365 Oddo,
516 4297 616 4370 qui
647 4296 801 4370 regis
831 4296 1046 4368 pietate
1079 4296 1302 4350 fovente
1333 4295 1604 4366 perennis

293 4386 358 4443 In
393 4384 639 4458 sceptris
672 4382 1000 4458 augustalis
1032 4382 1346 4455 praeclarus
1376 4382 1613 4438 honoris

290 4476 587 4548 Augustos
618 4490 822 4530 omnes
855 4489 1104 4546 superas
1133 4471 1347 4544 pietate
1378 4470 1620 4544 priores,

292 4566 478 4630 Quem
510 4562 709 4635 plures
737 4566 939 4636 gentes
960 4560 1181 4634 passim
1214 4564 1487 4615 metuunt
1514 4559 1867 4629 habitantes,

291 4652 638 4708 Muneribus
667 4652 844 4708 variis
877 4652 1179 4707 Romanus
1210 4650 1389 4705 donat
1415 4653 1473 4704 et
1502 4647 1659 4703 orbis
1692 4664 1704 4701 :

287 4740 585 4814 Exiguum
615 4757 834 4796 munus
864 4756 937 4795 ne
968 4755 1211 4812 spernas
1240 4736 1518 4794 carminis
1548 4736 1749 4807 hujus,

288 4830 409 4887 Iste
440 4830 542 4885 sed
571 4829 805 4886 oblatus
824 4827 1071 4884 laudum
1101 4827 1330 4900 placeat
1357 4826 1462 4882 tibi
1494 4842 1725 4893 census,

284 4922 477 4987 Quem
506 4925 801 4993 postrema
829 4918 1024 4992 gregis
1055 4916 1227 4973 solvit
1254 4915 1361 4972 tibi
1383 4914 1938 4984 Gandeshemensis,

282 5012 473 5076 Quem
493 5008 685 5065 dulcis
718 5012 953 5082 patrum
981 5005 1214 5078 collegit
1243 5021 1387 5061 cura
1417 5009 1677 5075 tuorum,

277 5097 763 5169 Continuumquc
792 5095 900 5153 tibi
933 5095 1106 5151 debet
1134 5093 1399 5149 studium
1433 5091 1779 5148 famulandi.

1970 4207 2014 4274 C
2054 4206 2269 4261 Forsan
2301 4210 2600 4278 gestorum
2632 4206 2831 4278 plures
2860 4208 3147 4279 scripsere
3178 4213 3416 4266 tuorum

2051 4294 2121 4350 Et
2149 4298 2289 4349 sunt
2308 4295 2584 4367 scripturi
2618 4299 2749 4366 post
2778 4295 2901 4351 haec
2933 4295 3185 4369 insignia
3212 4298 3419 4368 multi;

2053 4383 2162 4439 Sed
2183 4401 2297 4438 non
2320 4384 2649 4455 exemplum
2671 4385 2985 4457 quisquam
3009 4386 3153 4441 mihi
3184 4389 3434 4460 praebuit
3462 4389 3698 4459 horum,

2052 4471 2168 4527 Nec
2202 4472 2265 4506 ¹⁶⁶
2297 4471 2608 4527 scribenda
2641 4472 2805 4545 prius
2838 4474 3041 4547 scripti
3076 4476 3325 4532 docuere
3357 4476 3560 4548 libelli,

2051 4560 2242 4615 Causa
2270 4561 2372 4615 sed
2404 4566 2492 4616 est
2522 4562 2714 4633 operis
2748 4567 2979 4618 tantum
3013 4563 3240 4619 devotio
3273 4566 3506 4625 mentis.

2052 4649 2182 4703 Haec
2214 4652 2271 4703 et
2301 4649 2372 4703 ad
2405 4649 2742 4705 audendum
2784 4651 3069 4706 suadebat
3101 4668 3250 4723 opus
3280 4656 3662 4711 metuendum
3689 4676 3702 4726 ;

2050 4736 2196 4792 Nam
2230 4742 2323 4792 sat
2354 4737 2623 4807 formido,
2658 4740 2815 4811 quod
2846 4743 3008 4812 geste
3037 4739 3125 4794 tui
3156 4741 3514 4800 modulando

2051 4826 2288 4882 Incaute
2318 4826 2432 4882 sim
2464 4826 2612 4883 falsa
2641 4845 2915 4900 sequens,
2948 4845 3065 4883 non
3092 4845 3230 4885 vera
3258 4835 3555 4902 retexens;

2050 4916 2160 4972 Sed
2186 4932 2302 4969 non
2325 4914 2435 4971 hoc
2456 4916 2648 4971 suasit
2677 4916 2836 4971 mala
2856 4917 3438 4991 mismpraesumptio
3462 4923 3699 4993 mentis,

2049 5004 2164 5060 Nec
2195 5020 2430 5060 summa
2456 5005 2572 5060 veri
2606 5009 2943 5077 contempta
2972 5011 3179 5079 sponte
3208 5007 3416 5078 fefelli;

2050 5094 2162 5150 Sed
2196 5110 2287 5149 res
2313 5097 2380 5149 ut
2409 5094 2619 5166 scripsi
2649 5111 2776 5150 sese
2807 5094 2891 5150 sic
2923 5112 3166 5168 prorsus
3196 5096 3413 5153 habere

1636 5243 1877 5315 VARI/IS
1920 5245 2227 5302 LECTION
2234 5245 2340 5301 ES.

357 5400 425 5435 ¹⁴⁸
450 5403 491 5456 ἱ.
524 5416 571 5456 c.
601 5400 773 5457 herae.
871 5401 936 5440 ¹⁴⁶
965 5398 1139 5455 almic
1170 5399 1220 5453 1.

282 5541 340 5600 si

281 5628 428 5672 mei.

531 5541 597 5579 f“
630 5546 707 5602 ita
739 5546 789 5601 1.
822 5547 1029 5601 vestrae
1059 5541 1286 5598 Reuber.

1316 5398 1380 5432 “7
1414 5399 1489 5452 ita
1520 5397 1744 5453 Reubcr.
1777 5401 1966 5453 vestro
1999 5399 2049 5453 1.

277 5472 350 5544 ψ
384 5473 461 5528 αα
489 5472 773 5544 legendum
801 5488 915 5529 esse
940 5470 1538 5544 videtur,_transc_urre
1590 5470 1613 5523 1
1666 5473 2001 5544 transcurre
2026 5473 2082 5525 2.
2189 5469 2255 5544 Ψ

1394 5542 1457 5575 ¹³⁵
1487 5540 1913 5613 represensioni
1946 5542 1996 5597 1.

2147 5398 2319 5471 “fit!!!
2345 5400 2405 5453 2.
2446 5397 2494 5453 si
2530 5399 2580 5471 14.
2677 5398 2921 5471 “91141.
3023 5399 3089 5434 ¹⁵⁰
3120 5401 3197 5455 ita
3226 5403 3281 5471 2,
3315 5398 3613 5471 digestum
3645 5404 3698 5458 1.

2303 5469 2602 5542 pomposis
2627 5471 2684 5542 1.
2717 5468 2908 5524 verbis
2937 5472 3239 5542 pomposis
3262 5468 3322 5525 '2.
3383 5468 3494 5506 "‘53
3524 5474 3602 5529 ita
3640 5477 3696 5529 2.

2106 5540 2170 5575 ¹⁸⁶
2201 5542 2278 5595 ita
2307 5548 2444 5595 recte
2474 5540 2593 5595 edd.
2626 5540 2761 5609 Hec,
2797 5542 2974 5597 littera
3008 5541 3058 5597 II
3082 5540 3277 5611 'rubra,
3316 5544 3365 5596 1.
3507 5545 3571 5578 ³⁵⁷
3605 5548 3704 5601 iet
