4092 6190
280 372 427 433 1153

278 506 431 563 Binis
461 507 728 578 regnanti
760 506 1041 578 subjectis
1072 508 1293 564 scilicet
1325 509 1447 565 uni.

344 596 500 651 Inter
528 613 677 668 quos
709 597 936 668 primus
963 596 1123 651 fulsit
1155 616 1258 653 ceu
1290 598 1498 654 lucifer
1528 605 1693 655 ortus

281 687 454 752 Oddo,
492 685 717 741 micans
749 685 927 741 radiis
962 686 1207 742 nimium
1241 688 1407 743 clara:
1441 689 1743 757 bonitatis,

281 775 470 832 Gratia
504 792 678 847 quem
712 774 865 847 regis
896 767 1071 830 selita
1103 775 1314 847 pietate
1347 778 1620 849 perennis

282 866 577 920 Rectorem
612 864 765 935 plebi
799 864 1061 936 przevirlit
1084 865 1189 920 rite
1220 866 1395 921 fideli.

283 954 377 1009 Ilio
408 958 575 1007 mtate
610 954 767 1025 prior
801 954 1005 1021 fuerat,
1044 955 1267 1010 meritis
1300 974 1529 1028 quoque
1572 959 1779 1029 major,

283 1044 586 1115 Congrnus
617 1049 674 1098 et
704 1044 948 1114 sceptris
979 1044 1250 1099 defuncto
1288 1050 1447 1116 patre
1481 1048 1773 1117 gerendis.

283 1132 399 1187 Non
430 1149 577 1203 opus
608 1136 713 1199 est,
748 1132 941 1188 verbis
972 1134 1101 1203 ejus
1131 1152 1425 1188 summam
1462 1136 1766 1206 probitatis

284 1222 495 1289 Dicere,
526 1221 611 1275 vel
648 1221 807 1293 pueri
843 1222 1119 1277 meritum
1150 1222 1441 1279 laudabile
1474 1225 1640 1291 tanti,

284 1310 383 1365 Cui
406 1310 671 1365 Christus
697 1311 871 1365 talem
895 1312 1022 1382 jam
1054 1330 1210 1367 nunc
1242 1314 1503 1385 augescit
1527 1316 1587 1348 ¹τ¹
1621 1314 1922 1382 honorem,

285 1399 543 1454 Possidet
576 1404 639 1454 ut
668 1400 913 1454 Romam
944 1400 1183 1471 pollenti
1207 1402 1343 1472 jure
1374 1404 1712 1475 superbam,

285 1489 413 1553 Qua:
444 1504 683 1560 semper
705 1488 934 1544 stabilis
973 1506 1274 1545 summum
1317 1492 1506 1547 fuerat
1535 1498 1711 1565 caput
1744 1494 1923 1562 orbis,

284 1577 525 1633 Edomat
555 1581 612 1632 et
640 1581 866 1649 gentes,
901 1578 1129 1634 Christo
1163 1580 1406 1647 favente,
1442 1582 1682 1650 feroces,

286 1666 414 1731 Quae
445 1666 610 1739 prius
641 1665 946 1721 ecclesiam
978 1666 1278 1723 laniabant
1307 1687 1458 1742 smpe
1489 1677 1800 1728 sacratam.

287 1756 416 1811 Post
446 1755 602 1810 hunc
634 1755 919 1812 Henricus
941 1758 1130 1812 fuerat
1158 1758 1405 1815 feliciter
1435 1766 1618 1830 ortus,

288 1844 843 1917 Inpositoquepatris
875 1846 1136 1902 famosus
1168 1849 1400 1904 nomine
1434 1850 1605 1923 regis,

286 1934 526 1990 Provida
555 1950 730 2005 quem
762 1934 983 1990 domini
1016 1937 1234 2007 pariter
1263 1938 1551 2010 sapientia
1580 1941 1790 1996 Christi

284 2022 568 2095 Dignatur
598 2024 711 2094 (50)
742 2040 969 2079 servare
1000 2026 1208 2081 ducem
1242 2028 1454 2099 populo
1485 2030 1628 2084 bene
1660 2030 1886 2097 fortem,

288 2111 530 2183 Belliger
560 2116 625 2166 ut
655 2112 841 2181 fortis,
876 2112 1011 2168 belli
1042 2114 1418 2173 doctissimus
1450 2119 1616 2186 artis,

287 2199 531 2257 Fortiter
561 2199 868 2256 ecclesiam
899 2203 1278 2274 praemuniret
1301 2206 1741 2275 venerandam,’

285 2291 396 2346 Ceu
428 2306 636 2345 murus
657 2290 876 2363 jaculis
906 2292 1147 2348 obstans
1180 2293 1536 2351 fortissimus
1568 2296 1776 2353 hostis.

286 2379 417 2435 Post
444 2379 603 2435 hunc
634 2379 891 2435 ecclesia:
917 2386 1120 2453 pastor
1148 2383 1305 2438 Brun
1339 2384 1602 2440 nascitur
1632 2386 1819 2453 almae,

286 2467 484 2524 Gratia
512 2469 808 2542 pontiﬁcis
839 2488 1015 2542 quem
1046 2472 1212 2527 duxit
1241 2490 1477 2529 summa
1504 2476 1775 2547 perennis

289 2558 535 2632 Dignum
566 2558 838 2615 catholici
870 2577 1071 2617 curam
1103 2567 1329 2635 gestare
1360 2565 1570 2637 popelli
1597 2584 1610 2633 ;

285 2648 427 2705 Hinc
459 2665 693 2721 quoque
725 2647 922 2703 divino
955 2654 1101 2705 nutu
1133 2652 1320 2722 patris
1353 2652 1450 2723 pia
1480 2670 1622 2709 cura

290 2739 490 2810 Ipsum
517 2739 582 2772 ⁸⁷³
611 2736 845 2793 servitio
878 2737 1091 2794 Christi
1120 2738 1254 2795 fecit
1282 2740 1513 2813 religari
1536 2744 1619 2810 ηδ,

284 2828 655 2883 Abstractum
681 2826 904 2900 gremio
934 2818 1079 2883 care:
1110 2829 1359 2885 nutricis
1389 2832 1661 2902 amando,

286 2917 359 2973 Ut
387 2916 547 2990 regni
578 2917 811 2989 pompis
844 2921 1042 2988 posset
1069 2923 1339 2974 constare
1371 2920 1590 2977 relictis

287 3004 451 3063 Miles
481 3004 777 3077 stelligera
806 3021 1038 3077 semper
1067 3008 1366 3079 regnantis
1398 3009 1455 3062 in
1489 3009 1643 3066 aula.

282 3097 354 3150 At
382 3093 667 3160 Christus,
702 3094 889 3149 Patris
920 3094 1211 3166 sapientia
1240 3114 1372 3153 vera
1404 3100 1698 3169 perennis,

285 3184 557 3240 Tironem
586 3183 894 3238 refovendo
926 3201 1101 3239 suum
1124 3183 1471 3242 clementius
1502 3187 1680 3245 istum

285 3272 399 3345 Ipsi
434 3273 587 3328 dona
617 3271 777 3326 dedit
807 3276 982 3327 tanta:
1014 3274 1290 3344 prmclara
1319 3275 1558 3347 SOphize,

286 3362 447 3428 Quod
481 3378 595 3416 non
626 3366 715 3417 est
745 3360 856 3433 (51)
888 3360 988 3416 illo
1020 3362 1253 3433 penitus
1285 3366 1604 3436 sapientior
1634 3367 1791 3424 ullus

286 3450 439 3506 Inter
464 3449 741 3505 mortales
775 3450 996 3522 fragilis
1031 3452 1236 3507 mundi
1269 3453 1584 3526 sapientes.

355 3538 458 3595 His
489 3539 670 3611 igitur
697 3538 894 3611 pueris
927 3540 1106 3611 regali
1139 3558 1300 3597 more
1332 3544 1589 3611 nutritis,

286 3628 553 3699 Ipsorum
585 3628 733 3699 patri
766 3628 990 3683 famoso
1017 3630 1272 3701 denique
1302 3632 1422 3703 regi

286 3716 531 3771 Henrico
562 3715 804 3789 placuit,
839 3717 1012 3773 factis
1042 3720 1194 3789 quod
1228 3719 1340 3775 rite
1371 3720 1630 3793 replevit,

285 3804 375 3873 Ut,
407 3805 535 3860 vita:
568 3804 789 3861 calidas
821 3823 1022 3878 sospes
1053 3808 1195 3862 dum
1219 3814 1480 3881 carperet
1510 3828 1703 3880 auras,

286 3894 414 3965 Ipse
444 3912 549 3950 suo
575 3894 966 3967 primogenito
1000 3895 1236 3968 regique
1267 3897 1465 3954 futuro

282 3982 507 4038 Oddoni
539 3983 779 4055 dignam
802 3985 929 4055 jam
960 3983 1331 4057 disponsaret
1360 3988 1633 4058 amicam,

281 4072 416 4137 Qua:
446 4071 695 4145 propria:
722 4072 871 4143 proli
903 4074 1077 4145 digne
1107 4079 1305 4146 posset
1336 4077 1542 4133 sociari
1576 4080 1689 4151 (an.
1724 4079 1873 4151 929).

281 4160 443 4216 Hanc
474 4179 590 4217 non
622 4161 681 4216 in
712 4163 944 4234 proprio
969 4164 1033 4197 ‘7‘
1062 4163 1244 4219 voluit
1274 4167 1614 4239 conquirere
1645 4185 1842 4242 regno,

280 4249 471 4305 Trans
502 4266 663 4306 mare
692 4250 912 4323 legatos
942 4253 1043 4308 sed
1078 4254 1408 4311 transmisit
1437 4257 1581 4313 bene
1612 4265 1813 4316 cautos

280 4337 487 4395 Gentis
520 4340 591 4394 ad
621 4339 943 4412 Anglorum
976 4345 1189 4397 terram
1221 4347 1313 4398 sat
1342 4344 1700 4416 deliciosam,

277 4426 680 4497 Demandans,
714 4433 779 4485 ut
811 4430 1085 4487 continuo
1114 4449 1248 4487 cum
1280 4450 1521 4490 munere
1546 4437 1611 4470 ³⁷⁵
1641 4437 1822 4494 misso

276 4516 579 4573 [Edwardi
613 4516 767 4590 regis
797 4523 994 4574 natam
1022 4524 1283 4593 pctereut
1312 4522 1642 4593 Eaditham,

1351 374 1674 436 CARMEN
1723 376 1822 435 DE
1869 369 2141 438 GESTIS
2190 378 2522 439 OT'I‘QNIS
2569 379 2615 439 Ι.

1956 1876 2008 1943 Β

3531 388 3684 449 1154

1949 508 2008 578 Α,
2036 508 2216 565 Istius
2244 512 2486 585 egregia:
2519 513 2768 585 genitrix
2801 513 3129 572 clarissima
3158 518 3407 587 domnae,

2033 598 2233 654 Altera
2266 602 2366 655 sed
2399 602 2631 673 generis
2662 603 2960 659 mulier”6
2993 607 3137 661 satis
3168 607 3459 664 inferioris
3488 611 3625 679 (54).

2106 688 2235 743 ΙΙωο
2272 707 2405 743 nam
2440 691 2742 747 versiculis
2774 692 2963 764 proles
2996 712 3171 767 quam
3209 697 3472 768 scriptito
3509 699 3684 771 regis,

2036 776 2186 831 Ilmc.
2222 777 2486 849 inquam,
2524 781 2679 835 fama
2710 783 2938 837 cunctis
2971 783 3160 839 fuerat
3191 786 3337 841 bene
3368 790 3532 855 nota;

2036 866 2347 922 Nobilitate
2378 874 2607 940 potens,
2645 870 2851 941 primis
2885 872 3110 927 meritis
3142 892 3370 946 quoque
3402 874 3647 947 pollens,

2038 955 2203 1009 Edita
2238 975 2585 1027 magnorum
2622 977 2857 1014 summo
2889 962 2957 1015 de
2992 963 3251 1033 germine
3283 983 3507 1036 regum.

2036 1046 2217 1115 Cujus
2250 1047 2524 1117 praeclaro
2559 1048 2734 1103 facies
2767 1051 3016 1105 candore
3047 1069 3271 1120 serena,

2038 1134 2270 1205 ltrgalis
2301 1136 2498 1189 forma:
2530 1136 2677 1189 miro
2712 1138 2989 1193 rutilabat
3021 1139 3266 1208 honore;

2039 1224 2283 1294 Ipsaque
2313 1226 2581 1295 perfecta:
2616 1226 2795 1279 radiis
2828 1226 3056 1297 fulgens
3089 1228 3389 1295 bonitatis,

2038 1312 2100 1365 In
2132 1312 2319 1382 patria
2351 1311 2484 1367 talis
2516 1313 2728 1367 meruit
2758 1315 3046 1385 prmconia
3082 1316 3292 1384 laudis,

2037 1400 2109 1455 Ut
2143 1402 2261 1456 lore
2283 1401 2508 1472 judicio
2538 1401 2726 1474 plebis
2758 1403 3094 1458 decernitur
3124 1406 3319 1460 omnis

2037 1488 2271 1562 Optima
2302 1495 2671 1559 cunctarum,
2705 1508 2833 1563 quae
2875 1496 3014 1547 tunc
3060 1494 3310 1560 fuerant,
3346 1494 3684 1553 mulierum.

2039 1580 2151 1634 Nec
2184 1578 2399 1634 mirum
2434 1580 2659 1636 meritis
2691 1581 2738 1636 si
2778 1580 3009 1637 lucebat
3038 1583 3184 1638 bene
3215 1583 3443 1655 primis,

2039 1669 2287 1724 Germcn
2320 1674 2656 1723 sanctorum
2690 1686 2865 1740 quam
2893 1670 3253 1741 producebat
3280 1690 3549 1743 avorum;

2039 1756 2198 1811 Hanc
2229 1756 2470 1811 tradunt
2500 1773 2637 1829 ergo
2670 1762 2869 1812 natam
2902 1757 2972 1812 de
2998 1758 3177 1831 stirpe
3209 1760 3378 1816 beata

2040 1845 2299 1903 Oswaldi
2334 1846 2505 1918 regis,
2540 1846 2771 1901 laudem
2804 1848 2975 1917 cujus
3006 1848 3164 1903 canit
3193 1850 3373 1919 oxbis,

2037 1937 2109 1990 Se
2140 1935 2279 2007 quia
2311 1935 2651 1990 subdiderat
2691 1936 2862 1990 morti
2905 1953 3008 2007 pro
3050 1936 3284 1995 nomine
3314 1939 3527 1997 Christi
3549 1942 3685 2015 (55).

2107 2028 2178 2079 At
2210 2024 2363 2095 regis
2394 2024 2577 2078 nostri
2610 2025 2906 2079 venientes
2936 2026 3187 2098 denique
3217 2028 3385 2084 missi

2035 2107 2123 2169 Ad
2154 2114 2391 2167 fratrem
2424 2114 2651 2167 domne:
2674 2114 2801 2184 jam
2834 2118 2972 2169 tunc
3001 2115 3310 2172 residentis
3338 2117 3398 2173 in
3429 2137 3578 2188 arce,

2039 2203 2124 2258 Illi
2162 2202 2483 2272 nudabant,
2518 2218 2903 2275 quiscumque
2933 2208 3157 2259 secreta
3186 2206 3465 2264 ferebant.

2039 2294 2172 2357 Quae
2204 2291 2315 2346 sibi
2346 2297 2605 2364 percerte
2636 2297 2933 2364 comperta
2964 2294 3108 2350 satis
3135 2294 3424 2367 placuere,

2040 2382 2288 2453 Moxque
2320 2398 2437 2436 suae
2470 2380 2625 2435 dulci
2659 2382 2935 2437 narrabat
2964 2400 3101 2438 voce
3132 2385 3337 2455 sorori,

1949 2543 1961 2553 .
2038 2471 2323 2525 Exortans
2352 2469 2513 2525 illam
2546 2470 2663 2543 regi
2696 2487 2897 2541 parere
2928 2472 3108 2540 ﬁdeli,

2041 2558 2206 2614 Illam
2237 2559 2337 2630 qui
2373 2558 2617 2631 propria:
2649 2558 2797 2630 proli
2827 2558 3011 2614 voluit
3040 2562 3272 2618 sociari.

2040 2651 2303 2721 Cumque
2333 2665 2449 2703 suae
2483 2647 2722 2703 monitis
2753 2647 2935 2703 menti
2966 2647 3280 2706 instillaret
3306 2652 3513 2710 amicis

2041 2738 2301 2795 Oddonis
2332 2737 2588 2803 dulcem,
2620 2736 2783 2809 pueri
2813 2736 3045 2809 regalis,
3077 2755 3357 2809 amorem,

2043 2826 2286 2900 Collegit
2317 2827 2656 2882 innumeras
2689 2843 2923 2882 summo
2956 2828 3264 2884 conamine
3293 2846 3487 2903 gazas.

2040 2920 2145 2972 Ast
2167 2918 2267 2972 ubi
2297 2916 2523 2972 collecti
2550 2916 2743 2971 visum
2775 2915 2963 2971 fuerat
2987 2916 3132 2972 satis
3162 2918 3296 2990 ipsi,

2044 3006 2383 3062 Praedictam
2416 3004 2592 3061 sociis
2624 3005 2902 3060 domnam
2930 3006 3348 3064 comitantibus
3377 3009 3530 3081 aptis

2042 3097 2231 3152 Trans
2262 3112 2421 3150 mare
2452 3098 2710 3165 percerte
2742 3110 2975 3149 summo
3006 3094 3217 3150 direxit
3244 3096 3463 3154 honore

2041 3186 2390 3243 Condonans
2421 3183 2502 3237 illi
2536 3200 2708 3255 gazas
2741 3183 2991 3237 nimium
3027 3185 3341 3256 preciosas.

2042 3275 2276 3329 Necnon
2300 3289 2640 3345 germanam
2662 3289 2861 3327 secum
2886 3273 3219 3329 transmisit
3240 3275 3484 3331 Adivam
3518 3278 3650 3349 (56),

2043 3367 2176 3430 Quae
2212 3362 2321 3417 fuit
2346 3360 2530 3416 aetatis
2563 3360 2753 3415 meriti
2782 3360 3112 3432 pariterque
3144 3363 3410 3432 minoris,

2043 3456 2164 3520 Quo
2196 3452 2281 3508 sic
2314 3452 2596 3521 majorem
2628 3467 2870 3522 prorsus
2901 3451 3188 3507 conferret
3218 3452 3497 3509 honorem

2042 3542 2287 3609 Oddoni,
2323 3545 2456 3596 nato
2493 3538 2699 3594 famosi
2730 3538 2885 3611 regis
2916 3541 3189 3609 amando,

2041 3631 2284 3703 Egregie
2314 3630 2483 3684 binas
2514 3628 2713 3698 stirpis
2745 3628 3029 3683 mittendo
3061 3630 3307 3701 puellas,

2042 3721 2114 3777 Ut
2142 3721 2253 3776 sibi
2286 3736 2463 3791 quam
2494 3716 2665 3773 vellet
2692 3734 2972 3788 sponsam
3002 3717 3161 3774 licito
3193 3720 3442 3777 sociarat

2037 3813 2290 3881 Aspectu
2322 3806 2511 3879 primo
2534 3806 2634 3861 sed
2666 3821 2802 3860 mox
2830 3804 2998 3860 Eadit
3024 3809 3373 3877 veneranda,

2038 3900 2178 3956 Jure
2209 3895 2446 3970 placens
2476 3894 2705 3950 cunctis
2735 3893 2941 3950 habitu
2975 3895 3038 3929 “7
3070 3912 3318 3952 summa:
3349 3897 3650 3965 bonitatis,

2040 3987 2239 4060 Regali
2273 3991 2409 4041 nato
2440 3989 2715 4040 censetur
2743 3999 2998 4055 congrue
3028 3984 3225 4055 digna.

2040 4079 2171 4135 Haec
2202 4076 2285 4131 illi
2317 4074 2547 4130 dulcem
2579 4072 2804 4145 peperit
2833 4071 3162 4129 clarissima
3192 4074 3415 4145 prolem

2037 4166 2286 4226 Nomine
2320 4162 2681 4229 Liudulfum,
2714 4160 2893 4216 tantis
2923 4162 3288 4235 genitoribus
3318 4169 3544 4236 aptum,

2040 4259 2223 4323 Quem
2255 4253 2508 4328 populus
2541 4249 2746 4307 merito
2780 4250 2983 4306 dilexit
3013 4267 3210 4309 amore
3243 4252 3473 4322 tenello,

2038 4348 2335 4418 Exoptans
2365 4340 2699 4415 prolongari
2730 4339 2909 4395 vitam
2941 4340 3084 4396 satis
3114 4340 3250 4414 ipsi.

2112 4435 2295 4492 Histis
2327 4433 2411 4488 sic
2442 4430 2680 4497 habitis,
2712 4429 2972 4486 instabat
3003 4430 3254 4502 denique
3287 4430 3421 4486 finis

2040 4522 2270 4582 Henrici
2301 4520 2474 4593 regis,
2509 4520 2679 4590 cujus
2710 4523 2959 4574 mortem
2990 4519 3172 4591 gemit
3202 4519 3396 4575 omnis

277 4606 416 4670 Qua:
447 4609 609 4678 patre
629 4607 741 4680 (52)
775 4607 1046 4664 defuncto
1069 4610 1186 4679 iam
1211 4614 1349 4665 tunc
1380 4612 1672 4668 residebat
1693 4614 1752 4670 in
1775 4615 1929 4684 aula,
1960 4610 2011 4678 D
2039 4614 2201 4671 Illius
2233 4610 2476 4683 imperio
2507 4607 2760 4681 populus
2781 4607 3021 4679 juriquc
3052 4608 3352 4664 subactus.

276 4694 479 4750 Fratre
510 4697 621 4768 (53)
653 4714 761 4753 suo
794 4697 956 4768 regni
989 4703 1284 4770 sceptrum
1314 4706 1580 4772 gestante
1609 4707 1866 4775 paterni;

273 4784 463 4848 Quem
495 4785 717 4856 peperit
750 4787 868 4859 regi
901 4804 1140 4844 consors
1174 4807 1289 4845 non
1319 4790 1521 4847 inclita
1553 4794 1735 4866 regni,

350 4871 513 4928 Vers.
541 4876 630 4929 80.

2042 4710 2163 4772 Quo
2198 4719 2332 4757 nam
2364 4699 2637 4755 defuncto
2670 4698 2779 4768 (an.
2814 4697 2963 4764 936),
3000 4713 3243 4767 regnum
3284 4702 3621 4770 susceperat
3656 4706 3665 4716 '

2040 4792 2320 4866 Ejusdem
2353 4786 2780 4861 primogenitus
2807 4784 2958 4857 regis
2980 4786 3367 4854 venerandus,
3481 4786 3686 4859 [Oddo,

2111 4884 2275 4939 Vers.
2311 4880 2432 4935 129.

1633 5011 1876 5071 VARIIE
1915 5011 2332 5075 LECTIONES.

352 5097 1117 5197 :‘ﬁapges‘sit‘ILA-Tﬂeif.
1152 5108 1335 5197 versui
1354 5107 1495 5197 huic
1517 5119 1831 5197 :8qu1,11th
1860 5115 2174 5197 ρνέεηιὶειίε.
2253 5108 2319 5143 ¹⁷³
2348 5101 2571 5175 religali
2607 5102 2658 5156 1.
2737 5100 2802 5134 ‘7‘
2832 5099 3067 5171 propria
3100 5100 3149 5153 1.
3230 5099 3294 5133 "5
3326 5100 3403 5155 ita
3429 5099 3689 5166 restituo;

270 5184 593 5225 commune
626 5172 676 5227 1.
710 5172 1039 5230 tardamine
1057 5180 1111 5229 2.
1193 5178 1255 5212 ³⁷⁸
1287 5178 1481 5233 milier
1512 5182 1561 5234 1.
1589 5172 1603 5181 ’
1641 5184 1705 5218 “7
1736 5172 1975 5244 habitus
2007 5188 2061 5243 1.

1853 5311 2089 5369 ΝΟΤΔΕ.

349 5393 465 5462 (50)
491 5393 553 5450 Id
586 5399 676 5451 est
706 5396 947 5462 dignata
972 5403 1080 5457 est.

348 5466 460 5547 (5.1)
491 5467 580 5547 At}
608 5466 733 5547 loco
758 5466 907 5541 fuit?
950 5473 1211 5547 Przesens
1240 5491 1419 5547 supra
1447 5493 1501 5531 v.
1537 5477 1607 5531 49
1644 5478 1930 5535 usitatum

268 5534 526 5619 dubium
553 5538 711 5605 facit,
734 5534 933 5619 utrum
956 5543 1051 5601 hic
1074 5546 1143 5601 de
1164 5546 1289 5601 vivo
1314 5534 1388 5602 an
1414 5548 1482 5602 de
1508 5548 1632 5619 jam
1657 5534 1930 5608 defuncto

270 5605 553 5663 Brunone
583 5627 775 5667 sermo
807 5614 903 5670 sit.

351 5678 464 5759 $2)
493 5680 841 5745 Eadwardo.

2134 5390 2685 5478 53)£Ethelstano.‘
2786 5467 2826 5478 _
2888 5468 2902 5478 .
3121 5466 3144 5478 ⁸
3187 5466 3198 5478 ο

2134 5408 2225 5472 53)
2257 5408 2639 5459 lEtbclstano.

2113 5408 2223 5551 i534)
2254 5472 2536 5551 Ecgvina;
2571 5466 3230 5551 m'ater‘EadgithmAfpit
3260 5464 3519 5521 Elﬂcda.

2113 5476 2201 5551 (54
2254 5476 2536 5545 Ecgvina;
2571 5476 2758 5550 mater
2788 5476 3085 5539 Eadgitha:
3116 5476 3230 5522 fuit
3260 5476 3428 5521 {little

2110 5476 2223 5619 (55i
2255 5547 2339 5621 (ἓῖ-
2371 5538 2922 5621 ἓεδ.ίὲἕη.¹¹¹.εί;-Α.η8¹·
2944 5556 3041 5621 ,ων
3073 5540 3185 5621 279.-
3309 5608 3324 5621 .
3372 5608 3386 5621 .
3416 5607 3428 5621 .

2252 5616 2337 5675 Cf.
2371 5610 2650 5674 Willelmi
2696 5608 3000 5669 Malmesb.
3053 5614 3111 5667 et
3161 5608 3435 5685 Ingulphi
3486 5624 3687 5666 narra-

2039 5692 2250 5757 tiones.
