4084 6190
375 369 530 430 1155
1144 361 1676 425 IlRO'l‘SUl'I‘l-le
1718 359 1988 423 MONIAl

2168 361 2962 424 iANDEltSHElMENSIS.
3621 359 3781 422 1156

375 503 445 558 Et
472 506 602 558 voto
633 502 829 556 cuncti
855 501 982 572 jam
1013 497 1397 570 respondente
1427 493 1662 568 popelli,
2047 494 2104 562 Α
2131 493 2212 549 Ex
2237 494 2552 568 improviso
2585 495 2826 551 mittens
2858 495 2970 550 sub
3000 500 3168 552 nocte
3199 493 3437 569 nigella,

377 592 668 666 Unguitur
697 591 755 646 in
787 605 1004 662 regem,
1029 587 1258 642 Christo
1287 588 1619 657 prmstante,
1644 586 1960 656 potentem.
2131 583 2308 640 Duxit
2337 583 2630 656 captivum
2663 584 2900 640 fratrem
2939 583 3090 658 regis
3120 600 3494 658 generosum,

375 682 478 738 Cui
509 698 607 736 rex
635 677 892 752 gratiolae
922 675 1048 732 cmli
1081 673 1435 730 munuscula
1465 678 1640 729 tantae
2133 673 2465 740 llenricum,
2498 673 2706 729 vinclis
2738 672 2968 744 palmas
2997 673 3337 746 stringendi)
3366 672 3630 730 cruentis

375 769 649 836 Contulit,
685 771 749 822 ut
777 765 951 838 digne
981 763 1210 819 cunctis
1241 762 1656 838 celeberrimus
1692 761 1816 833 ipse
2131 763 2272 834 Ejus
2303 761 2664 828 candidolas,
2697 761 3058 818 ornamentis
3089 763 3278 835 magis
3309 765 3507 834 aptas;

373 861 678 914 Gestorum
713 837 880 928 reges
911 855 1068 908 fama
1097 851 1448 924 prmcelleret
1479 837 1705 916 omnes,
2130 854 2317 924 Atque
2349 869 2488 907 suas
2518 868 2692 922 gazas
2723 851 3068 923 disperdens
3101 852 3514 909 innumerosas
3539 853 3608 887 ⁸⁸⁸

371 950 634 1004 Oceanus
667 944 866 1001 reﬂuis
898 960 1046 1015 quos
1069 944 1192 1015 jam
1228 941 1585 996 circumfluit
1616 941 1812 994 undis.
2129 942 2212 995 Ad
2247 959 2354 998 sua
2383 958 2517 996 mox
2549 940 2770 1012 prolem
2804 957 3002 996 secum
3034 939 3278 996 deduxit
3307 940 3574 1007 herilem,

373 1043 618 1108 Insuper
648 1053 678 1089 e
708 1033 888 1089 tantis
918 1033 1112 1104 ipsum
1147 1047 1311 1084 sacra
1343 1031 1543 1084 dextra
1575 1027 1828 1100 potentis
2130 1031 2328 1086 Utitur
2358 1033 2422 1085 ut
2453 1031 2610 1086 socio
2642 1031 2861 1102 proprii
2891 1030 3116 1086 domini
3147 1046 3381 1102 quoque
3411 1035 3567 1086 nato.

372 1125 630 1198 Protegit
659 1121 890 1178 insidiis
921 1119 1149 1176 occulta
1180 1119 1382 1173 fraude
1413 1117 1650 1190 paratis.
2129 1123 2251 1186 Quo
2286 1137 2384 1175 rex
2415 1123 2735 1192 comperto,
2771 1135 3024 1176 mmrens
3054 1119 3165 1175 sub
3197 1120 3366 1175 corde
3396 1124 3641 1185 secreto,

371 1217 441 1271 Et
468 1221 588 1270 tam
621 1211 950 1285 magnificis
981 1213 1148 1264 ornat
1179 1225 1432 1280 persaepe
1460 1205 1800 1278 triumphis.
1841 1223 1857 1240 ι
2128 1209 2368 1265 Dellevit
2398 1208 2586 1264 tristis
2617 1207 2870 1263 nimium
2902 1207 3232 1264 miserabile
3262 1208 3511 1275 factum;

370 1306 445 1362 Ut
475 1305 698 1370 credas,
733 1317 926 1373 regem
957 1299 1138 1354 David
1169 1313 1411 1370 regnare
1443 1295 1694 1362 fidelem,
2124 1299 2234 1354 Vix
2263 1315 2496 1371 quoque
2543 1297 2808 1368 germani
2850 1298 3132 1353 damnum
3163 1297 3402 1370 paciens
3430 1313 3603 1371 grave
3629 1297 3774 1365 carl,

367 1396 499 1451 Jam
533 1408 689 1448 nunc
721 1389 982 1462 antiquis
1013 1387 1332 1460 fulgentem
1363 1385 1471 1440 rite
1503 1383 1842 1456 triumphis.
2125 1387 2330 1444 Nobile
2359 1403 2494 1442 mox
2518 1385 2762 1442 Abrahae
2796 1387 3015 1442 factum
3046 1387 3317 1459 sequitur
3345 1385 3708 1459 patriarcha,

368 1485 484 1542 Nec
515 1482 704 1538 solum
737 1483 940 1552 gentes
972 1475 1150 1532 frenis
1181 1477 1443 1532 moderat
1471 1473 1771 1542 bonitatis,
2125 1477 2288 1544 Quod
2320 1476 2608 1532 miserans
2637 1475 2757 1550 egit
2785 1475 2926 1532 dum
2961 1475 3107 1531 Loth
3137 1491 3206 1531 ex
3235 1474 3404 1532 hoste
3434 1475 3717 1544 redemit;

369 1577 506 1641 Qua:
539 1571 704 1645 prius
736 1567 980 1642 imperio
1010 1565 1196 1638 patris
1225 1565 1508 1620 dederant
1537 1580 1644 1618 sua
1671 1561 1838 1630 colla,
2125 1565 2528 1638 Militibusque
2558 1564 2684 1621 suis
2714 1581 2948 1621 summo
2977 1564 3284 1621 conamine
3311 1563 3500 1634 lectis,

367 1663 480 1720 Sed
513 1659 698 1716 multo
730 1657 928 1732 plures
957 1660 1112 1710 certe
1143 1654 1254 1710 sibi
1285 1653 1540 1709 vindicat
1568 1651 1713 1724 ipse,
2123 1657 2357 1712 Necnon
2389 1653 2706 1710 immodica
2735 1659 2860 1710 tota
2888 1655 2959 1710 de
2987 1657 3162 1728 gente
3189 1658 3442 1722 caterva,

367 1751 639 1808 Subdens
667 1747 916 1821 gentiles
945 1743 1159 1800 Christi
1193 1742 1375 1798 servis
1408 1741 1680 1809 ditiones,
2123 1746 2344 1818 Pompa
2371 1743 2552 1818 regali
2577 1743 2768 1816 pergit
2797 1742 3088 1799 solamina
3117 1743 3280 1800 fratri

366 1842 490 1907 Quo
523 1856 634 1912 pax
663 1835 918 1892 ecclesias
951 1833 1197 1889 ﬁeret?"
1230 1830 1490 1887 stabilita
1519 1833 1778 1886 sacrata}.
2042 1863 2091 1928 Β
2123 1836 2314 1902 Ferre,
2349 1834 2458 1890 sub
2491 1833 2713 1906 ingenti
2744 1833 2937 1888 cordis
2965 1832 3267 1906 languore,
3300 1832 3498 1890 dolore
3522 1833 3610 1887 ¹⁶³.

363 1929 449 1985 Ad
481 1927 700 1984 bellum
733 1928 887 1980 certe
917 1923 1146 1994 quoties
1177 1925 1538 1994 processerat
1568 1920 1712 1992 ipse,
2043 1920 2088 1928 ”
2121 1923 2234 1978 Nec
2265 1939 2448 1991 mora,
2481 1939 2654 1995 quem
2683 1921 2841 1978 venit
2870 1921 3109 1978 fratrem
3142 1921 3418 1992 refovere,
3451 1922 3722 1991 redemit,

364 2019 492 2074 Non
523 2017 631 2072 fuit
652 2017 718 2050 ¹⁷⁹
748 2013 1019 2086 populus,
1055 2009 1322 2083 quamvis
1348 2009 1561 2064 virtute
1592 2007 1902 2080 superbus,
2119 2014 2400 2068 Auctores
2432 2011 2580 2068 tanti
2610 2010 3173 2084 condcmpnavitque
3203 2009 3400 2084 piacli,

365 2107 597 2162 Laedere
628 2103 727 2176 qui
760 2107 958 2174 posset
986 2099 1072 2156 vel
1099 2115 1448 2170 exsuperare
1477 2096 1694 2152 valerat
2121 2101 2500 2172 Suspendens
2533 2101 2820 2173 quosdam
2851 2099 3011 2174 ligno
3043 2100 3305 2173 reprobis
3336 2105 3625 2173 reparato,

365 2196 564 2268 Ipsum
597 2190 848 2248 cmlcstis
881 2189 1094 2244 fultum
1127 2187 1411 2243 solamine
1442 2187 1624 2259 regis;
2120 2191 2412 2257 Quosdam
2446 2191 2516 2245 de
2548 2190 2738 2262 patria
2767 2191 3057 2246 mandans
3087 2189 3385 2246 discedere
3414 2207 3569 2246 cara.

363 2285 506 2354 Ejus
537 2298 642 2338 nec
672 2281 849 2336 cessit
876 2278 1008 2334 telis
1039 2276 1324 2332 exercitus
1353 2275 1512 2344 ullis,
2191 2279 2312 2352 (An.
2329 2279 2595 2351 939.)I~Iis
2616 2280 2763 2334 bene
2780 2277 3082 2352 dispositis
3101 2295 3255 2351 regis
3267 2279 3443 2350 jussu
3461 2279 3771 2352 sapientis,

363 2373 432 2428 Ni
465 2389 573 2427 sua
603 2369 972 2442 supernendo
1004 2368 1198 2422 forsan
1232 2364 1451 2437 regalia
1471 2365 1643 2436 jussa
2120 2367 2368 2424 Protulit
2396 2367 2621 2440 antiqui
2653 2384 2889 2422 rursum
2922 2366 3078 2422 mala
3107 2367 3268 2422 fraus
3299 2367 3525 2423 inimici

365 2461 488 2517 lllic
517 2463 824 2533 pugnaret,
857 2474 972 2528 quo
1004 2473 1103 2510 rex
1133 2455 1290 2510 idem
1323 2453 1673 2526 prohiberet.
2120 2457 2426 2514 Inventum
2459 2455 2696 2512 sceleris
2728 2455 2917 2528 primo
2948 2473 3120 2530 mage
3148 2455 3560 2525 deterioris'“,

431 2553 504 2606 At
529 2551 648 2604 dux
679 2545 982 2610 lIenricus,
1014 2544 1195 2598 frater
1223 2543 1378 2616 regis
1408 2542 1795 2607 venerandus,
2120 2545 2360 2601 Cunctis
2380 2545 2738 2601 horrendum
2761 2543 2932 2601 scclis
2953 2545 3020 2580 ¹⁸⁵
3041 2545 3365 2618 meritoque
3386 2547 3770 2619 stupendum.

364 2640 638 2710 Princeps
670 2637 727 2691 in
761 2652 940 2708 regno
971 2634 1160 2688 fuerat
1190 2636 1330 2688 tunc
1362 2648 1570 2702 nempe
1601 2631 1798 2704 quieto
2119 2633 2382 2707 Denique
2413 2633 2729 2706 prmdictus
2768 2638 3083 2706 postquam
3127 2634 3360 2690 rediens
3389 2635 3775 2694 Evurbardus

364 2729 499 2784 Post
529 2743 742 2800 regem,
778 2723 929 2796 plebi
964 2721 1170 2776 merito
1202 2719 1547 2776 venerabilis
1576 2719 1769 2788 omni;
2121 2723 2338 2779 Praeses
2369 2723 2442 2778 ab
2472 2722 2662 2790 exilio,
2697 2723 2946 2795 patriam
2978 2723 3278 2780 remeabat
3296 2725 3363 2759 ¹⁸⁶
3392 2725 3736 2794 amandum,

365 2817 472 2884 Qui
503 2815 614 2871 sibi
649 2813 936 2885 condigne
966 2810 1134 2882 legali
1159 2809 1358 2880 junxit
1387 2825 1584 2864 amore
2120 2814 2238 2869 Hoc
2269 2813 2382 2868 sibi
2411 2811 2670 2885 graciola
2697 2812 2853 2884 regis
2881 2816 3192 2884 praestante
3221 2813 3495 2888 benigna,

363 2903 586 2961 Arnulﬁ
622 2907 844 2958 natam.
871 2905 986 2969 (an.
1011 2900 1160 2968 938),
1186 2898 1352 2954 ducis
1383 2897 1620 2970 egregii,
1645 2913 2009 2971 generosam,
2121 2899 2450 2956 Gislbertho
2479 2899 2678 2954 comiti
2710 2899 2917 2956 vinclis
2948 2900 3206 2956 sociatus
3235 2903 3472 2970 amoris,

363 2993 609 3050 Nomine
639 2991 942 3057 .ludittam,
974 2987 1172 3043 vultus
1203 2987 1513 3060 splendore
1543 3003 1847 3042 coruscam
2120 2987 2444 3044 Consilium
2475 2989 2733 3055 dederat,
2759 2989 2913 3060 quod
2937 3007 3052 3044 non
3084 2987 3191 3044 tibi
3212 2989 3441 3046 Christe
3469 2990 3773 3064 placebat!

363 3085 441 3138 Ac
474 3081 696 3154 fulgore
727 3077 915 3152 magis
945 3081 1168 3133 cunctae
1199 3075 1444 3130 nitidam
1477 3075 1777 3132 bonitatis.
2120 3078 2194 3134 Ut
2225 3081 2500 3149 caperent
2520 3079 2754 3149 justum
2783 3095 2977 3150 regem
3010 3077 3240 3134 Domini
3274 3079 3674 3150 benedictum,

363 3171 466 3227 His
496 3171 579 3226 ita
609 3169 871 3241 digestis,
906 3168 1094 3222 fuerat
1123 3183 1234 3238 pax
1263 3166 1523 3238 undique
1556 3165 1772 3220 nostris
2027 3209 2086 3241 ..-
2120 3168 2189 3222 Et
2219 3167 2373 3238 quod
2406 3165 2560 3238 plus,
2585 3167 2752 3237 justo
2783 3182 2898 3222 non
2921 3165 3150 3237 justam
3177 3167 3295 3222 vim
3328 3167 3616 3237 faciendo,

361 3260 446 3316 Ad
482 3231 716 3331 tempus
746 3231 1044 3312 modicum
1075 3231 1358 3326 libitoque
1388 3231 1586 3308 minus
1617 3253 1965 3327 popularum
2041 3231 2086 3298 (ἶ
2121 3231 2293 3312 Illum
2324 3231 2459 3310 mox
2484 3231 2717 3328 proprio
2747 3231 3116 3327 deprivarent
3145 3255 3296 3312 male
3325 3273 3522 3330 regno.

365 3347 656 3404 Bellorum
688 3349 844 3402 certe
876 3361 1024 3399 saevo
1057 3343 1326 3414 clangore
1356 3347 1604 3398 tacente.
2121 3345 2239 3400 Hoc
2269 3361 2503 3418 quoque
2534 3343 2845 3400 consilium
2878 3361 3147 3418 perversa
3174 3350 3368 3402 mente
3397 3351 3696 3420 repertum

435 3436 479 3492 0
511 3452 690 3508 quam
719 3431 1110 3504 trunquillum
1151 3431 1348 3486 ridens
1378 3431 1689 3487 deduceret
1717 3449 1902 3488 aevum
2121 3433 2364 3490 Henrico
2395 3433 2549 3507 regis
2581 3433 2745 3490 fratri
2777 3451 3014 3490 suasere
3044 3433 3266 3504 fideles,

366 3528 686 3583 Fortunata
715 3523 861 3579 satis
896 3526 1106 3578 nostrae
1139 3538 1230 3577 res
1259 3521 1494 3593 publica
1523 3521 1737 3593 gentis,
2121 3523 2442 3580 Mulcentes
2472 3521 2725 3578 nimium
2753 3523 2948 3578 verbis
2979 3521 3176 3596 ipsum
3206 3523 3360 3582 male
3384 3523 3642 3594 blandis,

361 3618 496 3682 Qua;
523 3613 700 3670 nimis
731 3611 978 3685 imperio
1011 3611 1164 3683 regis
1196 3609 1418 3682 regitur
1447 3611 1750 3682 sapientis,
2120 3613 2242 3678 Quo
2273 3611 2438 3684 prius
2469 3611 2698 3667 illatum
2728 3611 2909 3668 nollet
2931 3613 3058 3684 jam
3089 3612 3330 3671 reddere
3360 3613 3673 3681 damnum,

361 3704 421 3761 Si
453 3721 567 3760 non
599 3701 826 3774 antiqui
858 3699 1015 3756 mala
1042 3699 1330 3756 calliditas
1359 3699 1583 3756 inimici
2121 3703 2390 3774 Ipsorum
2419 3699 2572 3756 votis
2603 3701 2703 3756 sed
2735 3699 2868 3774 plus
2905 3701 3161 3774 parendo
3191 3701 3479 3771 nefandis,

359 3793 647 3850 Turbaret
679 3795 946 3846 nostrum
979 3793 1204 3844 secreta
1228 3789 1431 3844 fraude
1461 3805 1732 3844 serenum
1759 3789 1772 3844 Ξ
2119 3791 2454 3862 Susciperet
2487 3805 2755 3863 regnum,
2787 3787 3029 3862 depulso
3061 3789 3256 3858 fratre,
3290 3793 3634 3865 regendum.

359 3882 621 3955 Denique
652 3879 895 3937 devictis
921 3878 1288 3952 aligenorum
1307 3878 1376 3913 ¹⁸⁰
1404 3878 1548 3933 bene
1579 3877 1731 3946 telis,
2118 3880 2225 3946 Qui
2259 3877 2410 3936 male
2439 3877 2723 3934 blanditie
2750 3879 2986 3935 tandem
3018 3879 3210 3935 vietus
3239 3881 3522 3950 suadelis,

358 3971 630 4028 Exoritur
656 3968 874 4025 nostris
903 3967 1098 4022 subito
1129 3966 1424 4021 discordia
1450 3965 1635 4034 fortis,
2119 3970 2226 4026 Pro
2263 3968 2464 4024 dolorl
2518 3967 2781 4040 ipsorum
2833 3983 2894 4023 se
2941 3967 3212 4040 promisit
3260 3969 3382 4026 fore
3432 3976 3773 4045 promptum

361 4061 613 4116 Laeserat
641 4062 700 4115 et
730 4057 960 4130 plebem
993 4054 1215 4111 bellum
1245 4053 1410 4111 civile
1437 4055 1668 4111 fidelem
2114 4057 2301 4126 Votis,
2333 4073 2400 4112 ac
2430 4055 2616 4112 firmis
2647 4055 2757 4112 hoc
2786 4056 3232 4113 confirmaverat
3262 4057 3442 4128 orsis;

361 4149 498 4204 Plus
531 4164 706 4220 quam
740 4145 1028 4202 bellorum
1061 4149 1360 4200 structura
1391 4144 1665 4217 frequens
1691 4147 2004 4204 variorum.
2117 4147 2229 4203 Sed
2259 4162 2428 4219 spero
2459 4148 2633 4214 certe,
2668 4160 2784 4200 non
2817 4160 2880 4200 se
2909 4144 2994 4200 sic
3025 4145 3200 4200 corde
3224 4149 3443 4216 tenere,

360 4237 550 4309 Hujus
579 4253 760 4292 causa
787 4233 928 4289 mali
963 4234 1153 4290 fuerat
1182 4251 1297 4288 non
1328 4250 1504 4306 parva
1533 4233 1766 4290 dolendi
2116 4235 2237 4292 Illis
2267 4249 2621 4292 consensum
2654 4234 2756 4290 sed
2787 4233 2840 4288 vi
2874 4233 3130 4306 praebere
3155 4239 3441 4294 coactum.

359 4325 622 4399 Denique
655 4323 961 4381 conflictus
991 4325 1361 4395 quorundam
1393 4339 1508 4377 non
1540 4324 1895 4394 moderatus,
2115 4326 2222 4392 Qui
2254 4323 2406 4380 male
2435 4340 2692 4396 namque
2723 4322 2849 4396 spei
2879 4339 3072 4378 vacuas
3103 4323 3389 4381 solamine
3417 4329 3598 4400 capti,

360 4416 442 4472 Ex
467 4415 685 4488 quibus
716 4412 962 4469 Henrico
993 4411 1258 4484 quaedam
1290 4428 1425 4483 pars
1455 4417 1650 4470 mente
1683 4413 1936 4488 benigna
2114 4414 2440 4488 Sperabant
2467 4428 2664 4486 regem
2695 4410 2942 4485 populos
2972 4411 3112 4468 olim
3143 4412 3548 4472 dominantem

362 4502 599 4564 Devovit
631 4501 784 4575 regis
811 4500 974 4556 fratri
995 4501 1057 4535 ¹⁸¹
1081 4501 1184 4572 jus
1215 4500 1604 4569 vernulitatis,
2114 4505 2382 4578 Ipsorum
2413 4500 2603 4574 fragili
2635 4499 2809 4556 citius
2839 4501 3194 4574 subjungere
3215 4501 3374 4574 juri;

364 4593 503 4648 Pars
533 4590 870 4648 Evurhardo
903 4589 1099 4645 comiti
1133 4589 1395 4644 studium
1427 4589 1772 4648 famulandi.
2035 4601 2084 4666 D
2115 4595 2228 4651 Sed
2260 4609 2358 4648 rex
2387 4592 2458 4647 de
2491 4589 2672 4656 ccelis,
2699 4590 2883 4662 judex
2911 4589 3287 4662 aequissimus
3318 4591 3498 4662 orbis,

360 4682 433 4736 At
463 4696 598 4736 cum
631 4679 882 4752 quisque
913 4679 1004 4734 sui
1037 4681 1257 4750 pet-cret
1284 4677 1572 4734 solamina
1602 4680 1826 4751 domui,
2120 4684 2474 4739 Cunctorum
2506 4678 2668 4735 solus
2696 4679 2795 4751 qui
2829 4679 3126 4753 cognoscit
3155 4681 3444 4753 cogitatus

364 4769 510 4826 Hinc
539 4767 768 4842 gravior
797 4767 1052 4823 dominis
1084 4767 1377 4822 discordia
1410 4768 1671 4824 nascitur
1699 4769 1864 4842 ipsis.
2122 4773 2396 4844 Vanaque
2419 4771 2484 4804 ³⁸⁷
2512 4766 2776 4824 mortalis
2808 4768 2960 4840 potis
2989 4772 3078 4824 est
3098 4767 3432 4843 disperdere
3461 4772 3680 4841 cordis,

363 4860 625 4914 Tandem
661 4861 916 4928 percorte
947 4856 1216 4910 conﬂictu
1253 4857 1676 4928 progrediente,
2120 4862 2531 4917 Commentum
2561 4857 2710 4912 tanti
2741 4855 2977 4912 sceleris
3005 4856 3219 4914 virtute
3249 4860 3504 4931 potentis

365 4947 682 5005 Prwdictus
712 4962 924 5018 praises
956 4944 1108 4999 male
1138 4943 1408 5000 collectas
1438 4944 1696 5018 legiones
2121 4952 2342 5007 Dextra:
2375 4946 2678 5018 confregit,
2711 4963 2830 5018 qua
2858 4951 3071 5001 cuncta
3099 4951 3294 5003 creata
3321 4949 3562 5018 creavit;

365 5038 498 5093 Mox
525 5037 596 5092 ad
630 5033 938 5091 castellum
971 5033 1237 5088 Baduliki
1270 5034 1380 5106 (57)
1412 5035 1761 5106 capiendum
2121 5039 2356 5096 Scilicet
2385 5035 2630 5092 insidias
2661 5034 2878 5091 cbristo
2911 5034 3139 5090 Domini
3168 5036 3233 5070 ¹⁸⁸
3265 5043 3564 5110 reparatas

434 5125 598 5182 Vers.
635 5125 754 5180 181.
1993 5131 1998 5134 ·

1993 5131 1998 5134 ’
2190 5127 2355 5184 Vers.
2387 5126 2510 5182 233.

1721 5240 1962 5300 VARle
2001 5201 2416 5304 LECTIONES.

437 5344 502 5378 "3
534 5342 669 5397 ﬁere
703 5341 754 5394 1.
833 5339 898 5374 “9
928 5337 1134 5413 Nullus
1159 5342 1288 5413 erat
1315 5341 1370 5413 2.
1449 5337 1938 5413 lt‘ftalienigenum
1964 5347 2019 5400 2.
2097 5345 2159 5382 ¹⁸¹
2192 5347 2270 5400 ita
2298 5345 2352 5397 2.
2383 5339 2506 5413 regi
2527 5339 2735 5413 fratris
2770 5340 2818 5394 1.
2897 5339 2964 5374 ¹³²
2994 5340 3405 5413 innumerosos
3437 5344 3489 5399 1.
3565 5343 3636 5378 ⁸⁸³
3663 5344 3775 5401 do-

367 5414 506 5472 lenti
535 5418 590 5469 2.
669 5413 736 5488 {3‘
763 5413 857 5488 ita
883 5415 937 5488 2.
992 5410 1394 5488 deteriores_1._
1441 5409 1540 5488 Αξδξ
1561 5409 1750 5488 ita}:
1790 5414 2046 5488 sedisg1.
2125 5416 2190 5452 ¹⁸⁶
2221 5409 2482 5470 remebat
2516 5412 2564 5466 1.
2642 5412 2706 5446 ¹⁸⁷
2738 5413 2814 5467 ita
2860 5413 3106 5484 corrigo;
3156 5412 3281 5473 Eua
3332 5429 3589 5488 namque
3623 5417 3672 5471 1.
3704 5445 3776 5459 —-

367 5489 631 5554 Quanam
660 5487 712 5538 2.
794 5483 858 5518 ’⁸⁸
891 5483 966 5538 ita
994 5483 1241 5554 corrigo;
1273 5481 1476 5538 christi
1508 5482 1746 5539 domino
1779 5485 1805 5540 1
1837 5493 1892 5542 et
1917 5485 2038 5544 edd.

439 5663 551 5744 (57)
583 5659 799 5732 Belike,
828 5677 860 5718 e
891 5660 1132 5720 meridie
1162 5659 1414 5720 civitatis
1447 5661 1774 5742 Lippstadt.
1951 5593 2186 5655 ΝΟΤίΕ.
