4050 6180
206 319 342 381 115Ἱ
1270 314 1587 379 CARMEN
1633 308 1735 374 DE
1779 313 1805 374 ί

2001 311 2054 373 ἱε
2102 315 2440 383 O'I‘TONIS
2484 320 2534 384 Ι.
3445 328 3600 387 1158

205 453 369 510 Vertit
396 452 456 506 in
488 452 760 506 auctores
792 450 939 506 tanti
973 452 1296 523 meritoque
1328 448 1499 522 piacli
1526 466 1539 511 ;
1868 446 1925 514 Α
1955 446 2072 504 Nec
2102 466 2289 520 mora,
2323 469 2637 525 percussus
2667 453 2841 525 periit
2869 453 3082 526 gladiis
3114 457 3514 526 Evurhardus,

208 541 409 614 Quique
440 555 547 596 suo
579 537 828 611 laqueos
858 538 1094 594 domino
1123 539 1362 594 tendere
1384 535 1696 609 malignos,
1953 534 2327 597 Gislberhtus
2359 541 2523 597 saevis
2554 541 2785 613 fugiens
2816 558 3050 614 quoque
3094 545 3379 619 mergitur
3406 548 3602 603 undis.

207 630 278 686 Ex
303 629 442 703 ipsis
471 626 583 701 ipsi
617 628 881 698 primum
915 632 1055 683 sunt
1080 626 1403 699 illaqueati.
1950 623 2025 679 At
2057 643 2157 682 rex
2186 628 2409 684 interea
2438 630 2624 685 nescit
2651 635 2771 685 tam
2804 631 2977 686 fortia
3006 632 3176 702 bella,

270 719 381 774 Non
412 734 504 772 me
526 715 660 789 plus
693 717 854 772 licito
888 720 1060 772 tanta:
1091 716 1307 788 sophia:
1337 715 1457 770 fore
1490 714 1762 785 18"jacto,
1952 713 2167 771 Averso
2201 716 2407 789 quidni
2440 719 2551 789 (60)
2584 717 2844 773 residens
2876 719 2931 772 in
2965 718 3159 776 littore
3192 722 3354 790 Reni,

208 808 269 862 Ut
293 823 512 879 sperem
547 805 717 877 plene
750 805 944 860 verbis
976 805 1200 859 edicere
1232 806 1298 839 ¹⁹⁰
1328 820 1520 875 posse,
1955 802 2071 858 Nec
2104 810 2245 860 tunc
2280 806 2475 860 auxilii
2511 807 2678 861 scivit
2707 806 2995 863 solamina
3024 810 3193 877 tanti,

205 899 413 963 Quanta
443 893 717 966 graciolm
751 893 1024 948 Christus
1053 893 1264 947 virtute
1295 908 1558 963 superum
1952 890 2109 959 Jam,
2143 895 2458 949 miserante
2490 896 2625 960 Deo,
2660 894 2854 950 subito
2884 912 3023 951 casu
3051 898 3162 952 sibi
3196 897 3398 954 missa.

208 984 412 1056 Smpius
442 982 602 1037 hunc
635 983 831 1054 ipsum
861 999 1055 1053 regem
1092 981 1265 1053 digne
1294 980 1662 1034 benedictum
1954 979 2218 1054 Denique
2252 983 2392 1036 dum
2422 1000 2628 1054 pugna:
2661 982 2845 1038 sensit
2875 983 3217 1040 discrimina
3243 991 3418 1042 tanta:

209 1071 347 1128 Fecit
375 1069 737 1142 multiplices
769 1070 996 1125 salvum
1028 1058 1630 1142 percurrere’fraudcs
1956 1067 2111 1123 Haut
2140 1071 2405 1142 gaudens
2432 1070 2805 1124 inimicorum
2838 1071 2909 1125 de
2942 1076 3127 1126 morte
3159 1090 3425 1142 suorum,

206 1161 421 1216 Necnon
452 1158 701 1214 insidias
732 1157 935 1214 hostili
966 1161 1128 1229 parte
1160 1160 1431 1229 paratas;
1956 1157 2069 1212 Sed
2102 1158 2236 1230 plus
2267 1162 2563 1213 tantorum
2596 1175 2848 1213 mmrens
2879 1159 2950 1213 de
2981 1161 3153 1215 corde
3181 1161 3461 1231 virorum,

206 1249 304 1305 Sed
332 1264 435 1303 nec
464 1247 574 1302 hoc
606 1246 832 1321 fragilis
863 1248 952 1302 fas
985 1263 1113 1301 esse
1145 1261 1275 1301 reor
1304 1245 1569 1301 mulieris
1956 1246 2225 1319 Sumpsit
2261 1264 2375 1301 non
2400 1247 2961 1316 modicum,Davidis
2983 1264 3143 1304 more
3165 1248 3605 1319 "ﬂlamentum,

205 1338 345 1394 Inter
373 1334 619 1391 emnobii
652 1334 853 1406 positae
886 1339 1110 1391 secreta
1140 1335 1346 1406 quieti,
1956 1335 2066 1400 Qui
2098 1354 2275 1407 super
2302 1336 2559 1391 occisum
2591 1335 2778 1391 doluit
2797 1352 2992 1408 regem
3024 1336 3116 1408 pie
3148 1336 3414 1394 Saulum.

202 1426 271 1483 Ut
296 1424 508 1481 bellum
539 1424 738 1493 dictet,
774 1426 931 1497 quod
958 1442 1075 1480 non
1106 1440 1457 1497 cognoscere
1491 1426 1662 1480 debet
1695 1439 1707 1478 :
2028 1426 2131 1480 Ast
2160 1425 2259 1481 ubi
2291 1424 2537 1480 victores
2563 1424 2679 1480 laeti
2710 1441 2936 1493 venere,
2970 1424 3233 1482 videntes

202 1515 320 1571 Haec
348 1512 739 1586 perfectorum
772 1518 914 1569 sunt
944 1514 1343 1569 conservanda
1373 1512 1653 1569 virorum.
1957 1512 2101 1569 Ilius
2132 1513 2279 1569 fusis
2302 1513 2531 1569 vultum
2563 1513 2824 1569 lacrimis
2852 1514 3267 1581 madefactum,

200 1601 545 1674 Principium
588 1601 745 1673 quod
797 1606 1145 1657 cunctorum
1183 1602 1318 1657 finis
1351 1618 1583 1674 quoque
1614 1618 1842 1674 regum,
1958 1602 2111 1658 llaut
2140 1606 2342 1674 aptum
2372 1606 2535 1658 tanto
2566 1601 2791 1658 luctum
2817 1602 3010 1657 dixere
3036 1603 3357 1675 triumpho,

201 1693 308 1747 lloc
337 1691 466 1746 dico
492 1689 707 1757 solum,
740 1694 895 1746 recte
925 1691 1081 1763 quod
1114 1690 1304 1745 dicere
1335 1707 1599 1762 possum.
1957 1690 2070 1746 Sed
2106 1691 2268 1746 reddi
2296 1694 2490 1762 grates
2521 1691 2639 1763 regi
2674 1692 2881 1747 debere
2912 1692 3173 1764 perenni,

201 1776 397 1886 Sudori
429 1775 564 1848 quis
594 1776 864 1886 “'posse
895 1776 1057 1886 dedit
1087 1766 1376 1886 sapientia
1404 1778 1622 1886 mentis
1876 1822 1925 1886 Β
1957 1779 2068 1846 Qui
2097 1783 2240 1886 tunc
2271 1777 2501 1886 impleri
2532 1780 2669 1835 fecit
2699 1780 2912 1878 pietate
2942 1780 3099 1836 fideli

199 1865 394 1923 Omnia
424 1865 767 1938 compositis
798 1865 1097 1937 sapienter
1122 1865 1314 1921 dicere
1341 1866 1581 1922 verbis?
1876 1865 1925 1886 ν
1957 1868 2121 1935 Quod
2156 1871 2312 1938 patet
2343 1868 2400 1922 in
2432 1867 2578 1922 libro
2610 1868 2763 1940 regis
2796 1868 3081 1940 scriptum
3115 1869 3465 1941 Salomonis,

198 1955 302 2023 Qui
332 1953 491 2010 solus
521 1970 755 2026 semper
783 1953 919 2009 fecit
946 1953 1216 2008 miranda
1247 1959 1530 2025 potenter.
1957 1956 2240 2022 Dicentis,
2267 1957 2498 2026 justum
2531 1957 2603 2010 de
2633 1955 2881 2011 tristicia
2908 1956 3279 2013 liberandum

197 2043 417 2116 Quique
443 2041 621 2113 David
654 2058 850 2115 regem
883 2042 1054 2098 toties
1087 2042 1157 2098 de
1185 2043 1389 2098 fraude
1418 2044 1650 2099 ﬁdelem
1958 2044 2195 2099 Necnon
2226 2042 2515 2115 injustum
2547 2060 2650 2115 pro
2673 2045 2839 2115 justo
2870 2061 3005 2100 mox
3034 2046 3155 2100 fore
3179 2047 3441 2104 dandum
3473 2051 3610 2120 (6i).

198 2131 459 2203 Eripiens
484 2130 665 2199 Sauli,
700 2136 998 2203 sceptrum
1031 2130 1194 2203 regni
1226 2131 1388 2186 dedit
1417 2131 1550 2202 ipsi,
1962 2131 2061 2187 llis
2092 2135 2347 2187 mentem
2381 2132 2534 2204 regis
2567 2132 2950 2188 demulcendo
2982 2133 3264 2205 suadelis,

194 2221 359 2277 Hunc
389 2218 607 2292 pariter
636 2235 833 2291 regem
865 2218 979 2291 (58)
1010 2218 1189 2273 David
1239 2219 1453 2291 pietate
1502 2224 1845 2291 sequentem
1959 2221 2160 2292 Ipsum
2188 2220 2498 2275 tristiciam
2532 2225 2748 2293 cogunt
2778 2222 3066 2294 deponere
3094 2227 3345 2295 tantam,

195 2307 443 2365 Protexit
472 2309 543 2364 de
573 2307 830 2363 millenis
856 2323 1112 2380 persape
1142 2306 1396 2379 periclis.
1957 2310 2028 2364 Et
2059 2310 2205 2364 bene
2232 2308 2453 2364 victrici
2486 2310 2952 2381 congaudentem
2985 2310 3201 2383 legioni

197 2396 455 2470 Denique
484 2413 619 2452 cum
650 2396 829 2465 solus,
865 2413 1157 2469 perpauco
1190 2396 1376 2453 milite
1407 2402 1633 2470 septus,
1960 2399 2031 2453 Se
2054 2401 2187 2470 post
2209 2396 2363 2452 bella
2392 2398 2516 2452 suis
2551 2397 2835 2454 blandum
2868 2399 3125 2469 praebere
3156 2400 3469 2459 ministris.

194 2487 367 2543 Esset
394 2486 467 2541 ab
498 2485 757 2542 adversis
787 2485 1188 2543 circumdatus
1213 2486 1475 2559 undique
1505 2487 1740 2554 turmis,
1957 2487 2065 2552 Qui
2099 2502 2235 2541 nam
2264 2484 2534 2541 laeticiam
2564 2485 2728 2542 vultu
2752 2491 3090 2544 monstrans
3119 2491 3506 2561 moderatam,

204 2575 447 2647 Insuper
476 2578 650 2646 atque
681 2575 880 2648 fugam
910 2574 1157 2647 propriae
1207 2575 1390 2646 partis
1440 2576 1592 2631 male
1634 2577 1848 2631 factam
1959 2576 2070 2632 Sed
2104 2575 2254 2630 clam
2289 2575 2632 2630 subtristcm
2661 2592 2901 2630 servans
2932 2576 2989 2630 in
3020 2578 3191 2632 corde
3221 2579 3484 2636 dolorem

201 2663 436 2719 Pectore
467 2663 735 2719 maerenti
769 2664 947 2719 ferret
977 2662 1345 2734 nimiumque
1376 2664 1620 2732 dolenti,
1960 2664 2263 2721 Reddebat
2293 2667 2520 2735 gratres
2550 2663 2668 2718 imo
2700 2664 2771 2719 de
2802 2668 3031 2736 pectore
3060 2664 3312 2734 Christo,

195 2752 442 2809 Credere
472 2770 577 2809 nec
604 2754 810 2825 paucis
840 2769 969 2810 sese
997 2758 1377 2825 praesumeret
1406 2752 1570 2827 ipsis,
1960 2752 2087 2807 Non
2117 2751 2357 2806 dederat
2387 2751 2640 2822 propriis
2670 2750 2865 2823 ipsum
2896 2752 3037 2824 quia
3064 2756 3204 2808 tunc
3233 2753 3491 2813 inimicis

197 2841 371 2898 Illum
402 2842 502 2914 qui
534 2842 776 2914 reliquis
809 2860 925 2898 non
958 2843 1265 2898 deseruere
1298 2842 1565 2914 relapsis,
1961 2839 2242 2905 Prmdam,
2279 2839 2380 2893 sed
2413 2839 2615 2893 dextra
2644 2838 2896 2910 protegit
2925 2839 3032 2894 rite
3065 2857 3338 2912 superna.

197 2931 313 2987 Sed
336 2936 496 2987 ratus
525 2935 777 3000 tantum,
809 2949 871 2988 se
902 2948 1036 2987 mox
1065 2931 1317 3003 graviter
1346 2931 1696 2988 moriturum
1727 2950 1739 2987 :
1963 2927 2153 3001 Ipsius
2184 2926 2422 2982 titulum
2456 2928 2604 2982 tanti
2636 2927 2980 3000 clarumque
3006 2928 3295 3001 triumphi

194 3020 371 3076 Otius
402 3019 602 3075 auxilii
634 3018 818 3076 fultus
848 3020 1061 3075 virtute
1092 3020 1351 3092 superni,
1962 3017 2086 3072 Non
2119 3016 2254 3081 sibi,
2286 3017 2387 3071 sed
2420 3015 2634 3071 Christi
2665 3016 2992 3088 designavit
3021 3018 3237 3088 pietate
3265 3020 3349 3075 ‘9’.

192 3109 445 3166 Miratur
472 3110 655 3164 turbae
686 3127 747 3164 se
765 3110 892 3180 jam
926 3126 1204 3181 superare
1232 3113 1483 3164 eruentae
1998 3104 2479 3177 (An.941.)llisita
2492 3104 3061 3177 digestis,modicum
3079 3111 3313 3180 tempus
3331 3110 3613 3182 requievit

190 3199 418 3254 Tantas
449 3198 669 3271 absque
695 3216 814 3255 suae
847 3198 1084 3254 fraudes
1115 3196 1452 3253 discrimine
1482 3199 1630 3252 vita).
1877 3191 1921 3257 C
1959 3193 2158 3250 Civilis
2186 3193 2321 3248 belli
2354 3192 2607 3265 populus
2639 3192 2958 3251 luctamine
2984 3194 3199 3251 lassus.

187 3287 270 3343 At
294 3286 347 3342 si
376 3287 523 3342 forte
554 3303 716 3354 suos,
750 3304 948 3359 pugna
978 3290 1271 3342 crescente
1303 3286 1561 3354 sinistra,
1961 3283 2072 3339 Sed
2105 3298 2208 3338 nec
2235 3283 2319 3339 sic
2349 3282 2558 3338 veteris
2588 3283 2765 3338 finem
2792 3285 3050 3356 sumpsit
3080 3284 3250 3342 dolus
3281 3287 3491 3357 hostis,

183 3374 432 3430 Audivit
459 3376 648 3432 socios
678 3375 855 3431 lzetali
884 3375 1123 3431 vulnere
1152 3374 1342 3444 laesos,
1960 3371 2068 3438 Qui
2099 3388 2329 3443 semper
2357 3371 2591 3445 fragiles
2622 3376 2871 3443 temptat
2897 3378 3224 3445 pervertere
3254 3381 3501 3446 mentes,

185 3463 462 3519 Priedicti
494 3464 647 3536 regis
673 3463 990 3520 lacrimans
1024 3480 1157 3519 mox
1187 3464 1372 3520 utitur
1391 3465 1563 3532 orsis,
1960 3461 2096 3516 Post
2126 3461 2344 3516 factum
2375 3460 2603 3517 facinus
2624 3464 2880 3518 suadens
2911 3463 3306 3535 superaddere
3334 3466 3523 3536 pejus.

184 3552 334 3619 Quae
362 3568 601 3608 merens
631 3552 792 3617 dixit,
828 3552 984 3608 tristi
1014 3569 1148 3608 cum
1174 3557 1407 3625 pectore
1436 3552 1618 3608 sensit
1961 3550 2165 3604 Fertur
2190 3553 2448 3621 percerte
2479 3551 2849 3620 quorundam
2883 3556 3117 3623 pectora
3152 3552 3218 3588 '9‘
3249 3553 3362 3608 bile

183 3639 420 3697 Ictibus
450 3640 698 3713 angelici
730 3642 1013 3713 pOpulum
1041 3640 1219 3713 gladii
1252 3642 1579 3714 periturum
1611 3658 1624 3696 :
1958 3638 2147 3693 Tanto
2177 3636 2437 3709 pestiferi
2462 3638 2698 3692 tandem
2726 3643 3030 3709 penetrare
3058 3642 3287 3711 veneni,

184 3749 218 3778 ‹‹
252 3728 364 3797 En,
399 3728 500 3800 qui
529 3730 780 3801 peccavi,
812 3730 979 3798 dixit,
1008 3729 1350 3802 facinusque
1380 3728 1575 3803 peregi
1603 3730 1738 3803 (59),
1958 3725 2032 3782 Ut
2062 3730 2310 3782 mortem
2343 3724 2465 3797 regi
2494 3723 2707 3780 vellent
2737 3726 2951 3783 inferre
2981 3726 3160 3797 ﬁdeli,

182 3815 344 3872 Hinc
376 3832 483 3889 ego
510 3816 777 3873 vindictae
809 3818 1024 3890 dignus
1058 3835 1189 3874 sum
1222 3818 1474 3890 denique
1504 3821 1679 3874 tantae
1705 3818 1717 3873 Ξ
1960 3814 2149 3887 Ipsius
2176 3819 2232 3870 et
2261 3814 2499 3869 fratrem
2526 3812 2742 3886 populo
2773 3832 3109 3887 praeponere
3141 3833 3335 3891 regem
3361 3837 3374 3887 ;

182 3904 259 3960 Hi
293 3905 440 3976 quid
472 3906 732 3962 fecerunt
760 3906 1046 3962 damnum
1077 3906 1176 3979 qui
1209 3907 1322 3962 tale
1353 3906 1659 3962 tulerunt?
1957 3904 2073 3959 Nec
2105 3903 2353 3959 timuere
2383 3903 2537 3959 diem
2569 3903 2799 3975 paschae
2830 3904 3028 3976 (April.
3066 3906 3155 3973 18)
3178 3913 3452 3963 sanctum
3480 3925 3610 3965 ma-

179 3993 330 4050 Jam
352 3994 795 4063 nunc,Christe,
811 3996 930 4051 tuis
950 4012 1193 4068 parcens
1212 3996 1488 4052 miserere
1508 3995 1845 4069 redemptis,
1958 3993 2018 4049 Si
2049 3996 2249 4065 posset
2279 3992 2403 4047 fieri
2435 3993 2563 4048 fuso
2595 4009 2730 4047 cum
2762 3993 3048 4066 sanguine
3070 3995 3245 4065 justi.
3366 3995 3607 4070 [culare,

160 4081 275 4156 .Ne
311 4086 544 4154 premat
570 4082 833 4139 insontes
856 4084 1021 4155 justo
1048 4083 1182 4156 plus
1213 4084 1298 4139 vis
1328 4084 1605 4140 inimica!
1638 4105 1668 4135 ››
1958 4082 2069 4137 Sed
2102 4098 2216 4137 non
2248 4080 2547 4137 consensit
2576 4080 2723 4137 tanti
2752 4082 3070 4139 commissa
3100 4084 3277 4155 piacli

176 4171 314 4226 llas
346 4170 530 4243 igitur
556 4171 826 4243 perculas
860 4171 1147 4228 miserans
1178 4173 1376 4228 divina
1404 4176 1682 4245 potestas,
1954 4173 2155 4243 Agnus
2186 4169 2497 4242 paschalis,
2531 4170 2631 4242 qui
2660 4187 2762 4242 pro
2793 4170 2963 4226 nobis
2991 4172 3351 4230 redimendis

174 4259 476 4316 Parcebat
506 4259 660 4334 regis
689 4260 864 4317 solita
892 4261 1107 4334 pietate
1139 4262 1452 4330 ministris,
1957 4260 2031 4315 Se
2060 4259 2221 4315 dedit
2244 4257 2497 4313 electum
2528 4258 2680 4330 patri
2714 4259 2971 4316 moriens
3003 4260 3416 4319 holocaustum
3449 4283 3462 4332 ;

170 4348 255 4403 Et
287 4348 455 4404 dedit
482 4352 747 4421 optatum
781 4349 1069 4406 miserans
1097 4368 1168 4406 ex
1196 4351 1362 4407 hoste
1391 4351 1781 4423 triumphum,
1957 4348 2067 4404 Sed
2098 4365 2233 4402 mox
2261 4346 2572 4402 consilium
2602 4347 2831 4404 cunctis
2862 4349 3103 4405 nudavit
3132 4366 3357 4419 eorum,

168 4436 210 4492 J
216 4440 364 4492 usto
396 4437 703 4508 praedictos
732 4438 978 4495 comites
1006 4439 1270 4495 examine
1301 4438 1570 4511 perdens.
1955 4438 2025 4492 Et
2055 4437 2139 4493 sic
2170 4435 2422 4492 insontis
2454 4435 2713 4491 salvatus
2742 4441 2869 4492 erat
2896 4437 3042 4493 bene
3072 4439 3315 4511 sanguis
3342 4457 3356 4507 ;

165 4525 325 4597 Ipso
358 4541 614 4597 namque
646 4526 759 4597 die,
794 4544 910 4599 quo
942 4527 1167 4600 decepti
1203 4544 1386 4583 vacua
1416 4544 1538 4599 spe,
1879 4562 1926 4626 Β
1960 4525 2185 4598 Quique
2217 4523 2298 4580 rei
2332 4523 2531 4596 placiti
2565 4525 2629 4559 ¹⁹δ
2662 4529 2800 4579 sunt
2829 4524 3049 4581 inventi
3078 4525 3372 4597 scelerosi,

164 4614 510 4686 Speravere
540 4615 664 4671 suis
696 4616 1217 4689 constringendum
1251 4617 1370 4672 fore
1400 4616 1607 4672 vinclis
1879 4612 1923 4626 "
1959 4616 2065 4671 Pro
2097 4613 2335 4670 modulo
2367 4613 2548 4685 culpae
2579 4612 2766 4685 poenis
2798 4614 3155 4670 damnantur
3181 4615 3398 4672 amaris
3431 4634 3443 4672 :

162 4703 433 4776 Regem,
466 4704 568 4776 qui
599 4705 807 4761 merito
840 4706 1030 4762 tenuit
1060 4704 1280 4779 regalia
1310 4711 1560 4778 sceptra,
1957 4703 2203 4772 Quidam
2228 4703 2455 4775 judicio
2483 4702 2687 4775 quidni
2720 4703 2936 4759 dantur
2970 4705 3034 4740 ¹⁹⁶
3064 4705 3319 4778 capitali,

157 4791 261 4846 Ex
298 4791 601 4863 inproviso
633 4811 847 4864 praeses
878 4801 1225 4868 proruperat
1256 4795 1399 4863 Udo,
1956 4794 2204 4861 Quidam
2235 4793 2306 4848 de
2337 4792 2527 4864 patria
2555 4791 2726 4864 longe
2757 4791 3058 4864 pelluntur
3089 4794 3361 4849 amanda.

149 4878 549 4937 Adducendo
581 4882 817 4953 quidem
849 4882 1098 4938 multam
1131 4901 1331 4940 secum
1363 4884 1675 4956 legionem,
2028 4883 2163 4938 Post
2192 4881 2313 4937 haec
2351 4882 2629 4936 Henricus
2657 4882 2836 4937 frater
2866 4883 3019 4955 regis
3050 4899 3389 4955 generosus,

148 4969 255 5023 Ac
295 4966 483 5024 subiit
510 4968 769 5026 validum
799 4971 930 5027 forti
961 4971 1277 5028 luctamine
1308 4972 1548 5027 bellum.
1953 4970 2167 5027 Christi
2199 4970 2443 5043 gratiola
2474 4974 2670 5025 tactus
2700 4971 2808 5026 sub
2840 4972 3011 5027 corde
3045 4977 3288 5039 secreto,

244 5055 428 5112 Vers.
458 5060 584 5116 285.
2024 5060 2187 5116 Vers.
2220 5060 2344 5115 337.

1548 5157 1788 5215 VARI/Ii
1826 5157 2245 5216 LECTIONES.

243 5252 328 5330 ξδ’
358 5253 438 5330 itq
461 5258 518 5330 2.
553 5255 701 5330 forte
732 5258 784 5312 1.
882 5257 947 5293 ¹⁹⁰
968 5275 1019 5314 v.
1055 5274 1147 5313 me
1179 5275 1226 5313 e.
1257 5261 1312 5313 2.
1410 5258 1472 5330 '9?
1503 5256 1738 5330 Sudori.
1772 5258 1907 5330 quis
1940 5258 1993 5330 1.
2069 5256 2265 5330 Α¹⁹²μὶζίι
2293 5257 2541 5330 2,_mere
2572 5255 2662 5330 1.”
2722 5256 2788 5290 ¹⁹⁵
2818 5256 2857 5330 i_.
2891 5273 2938 5312 ε.
2973 5256 3193 5329 pietati.
3271 5258 3337 5293 ¹⁹⁴
3364 5259 3442 5316 ita
3474 5259 3524 5316 1.
3555 5268 3608 5316 et

137 5325 605 5397 Schurzﬂeisch.
649 5330 716 5365 ³9⁵
746 5331 822 5385 ita
857 5331 881 5383 1
914 5330 1044 5385 bene
1068 5348 1079 5397 ;
1105 5330 1158 5383 Ιι.
1194 5346 1241 5385 e.
1277 5333 1334 5383 et
1365 5329 1467 5401 qui
1498 5328 1715 5389 inventi
1746 5325 1888 5385 sunt
1917 5327 1998 5385 rei
2030 5327 2227 5400 placiti
2261 5326 2555 5382 scelerosi.
2602 5328 2666 5361 ¹⁹⁶
2698 5325 3180 5384 condemnentur
3208 5332 3263 5384 2.

1779 5426 2015 5492 NOTE.

240 5522 374 5597 (58)
405 5522 695 5597 (_)_ttonem.
1218 5560 1227 5567 κ
2025 5523 2137 5597 (60)
2166 5525 2210 5597 ζ.
2243 5539 2293 5579 e.
2328 5521 2588 5597 quidem.

240 5594 376 5673 (59)
412 5595 463 5654 ll
491 5595 650 5658 Sam.
681 5614 832 5672 xxw,
868 5599 952 5656 17.
2027 5594 2136 5673 (61)
2164 5595 2325 5654 Prov.
2357 5610 2434 5669 χι,
2465 5596 2519 5653 8.
