4084 6190
443 355 598 414 1159
1241 348 1773 410 IlltOTSUlTII/E
1818 345 2195 408 MONIALIS
2241 345 3038 408 GANDERSHEIMENSIS
3140 377 3146 383 -
3689 342 3853 406 1160

443 489 654 542 Secum
684 483 950 540 tractavit
979 497 1329 552 summoque
1359 480 1554 536 dolore
1586 479 1842 547 revolvit,
2114 483 2171 550 Α
2201 477 2540 551 Inpugnans
2586 481 2822 551 gentem
2869 479 3097 534 cunctis
3117 481 3272 534 retro
3293 493 3546 550 namque
3575 474 3853 534 rebellem

442 577 654 631 Contra
677 573 981 646 justiciam
1013 569 1292 642 quiequid
1324 573 1646 642 pertecerat
1676 585 1959 640 unquam.
2198 566 2450 636 Scilicet,
2482 571 2540 623 et
2569 567 2771 639 spoliis
2803 583 2998 622 rerum
3031 568 3217 639 captis
3246 567 3564 634 variarum,

445 667 559 720 Iloc
590 679 822 734 quoque
852 659 1082 714 deflevit
1113 657 1310 714 nimiis
1344 675 1599 730 persaepe
1630 657 1925 725 lamentis,
2197 658 2353 722 Quas
2384 655 2495 712 sibi
2525 673 2871 712 communes
2901 655 3265 729 collegerunt
3294 656 3460 728 prius
3488 655 3691 713 hostes

441 753 602 820 Quod
635 750 786 806 male
816 747 1095 804 blanditis
1126 748 1336 802 horum
1369 747 1547 802 cessit
1575 745 1856 815 suadelis,
2197 743 2366 802 Orbis
2396 744 2698 817 perplures
2729 746 3101 801 devastantes
3130 744 3417 818 regiones,

441 843 636 913 Ipsum
669 839 767 911 qui
797 837 989 892 verbis
1019 841 1405 908 corruperunt
1434 835 1748 890 simulatis.
2196 831 2411 888 Uxores
2450 850 2781 905 procerum,
2815 831 3048 890 soboles
3092 833 3288 905 rapuit
3333 851 3567 906 quoque
3603 832 3848 900 dulces;

438 932 546 986 Sed
579 927 846 1002 quamvis
876 926 1052 981 talem
1087 927 1260 981 ferret
1289 926 1398 980 sub
1429 925 1602 980 corde
1631 924 1912 987 dolorem,
2195 923 2264 976 Et
2295 922 2378 977 sic
2410 921 2717 994 prostratis
2750 922 2922 978 rediit
2949 923 3215 995 gaudens
3245 923 3524 978 inimicis.

436 1020 788 1076 Prmscntare
820 1022 1014 1071 tamen
1047 1013 1227 1088 spacii
1260 1031 1361 1086 per
1383 1018 1644 1086 tempora
1675 1012 1834 1084 longi
2267 1011 2399 1067 lstis
2431 1013 2500 1046 ²⁰²
2530 1011 2614 1066 sic
2647 1010 2884 1079 habitis,
2919 1017 3232 1084 properata
3260 1011 3489 1068 diecula
3518 1011 3704 1068 tristis

435 1109 561 1164 Non
595 1124 656 1160 se
687 1105 862 1177 regali
897 1104 1287 1176 przesumebat
1318 1101 1481 1157 faciei
1507 1120 1520 1169 ;
2192 1098 3017 1172 Venerat(Jan.26),ingcntem
3033 1101 3252 1157 nostris
3273 1101 3540 1174 augendo
3561 1099 3847 1166 dolorem,

434 1198 660 1252 Absens
689 1195 788 1249 sed
821 1193 1013 1248 cordis
1045 1192 1238 1247 studio
1271 1194 1508 1246 florente
1538 1189 1789 1245 dolentis
2193 1187 2256 1241 In
2288 1206 2406 1260 qua
2434 1189 2788 1262 praefulgens
2821 1189 3048 1244 meritis
3077 1190 3280 1263 regina
3309 1189 3604 1263 supremis

435 1285 707 1358 Optabat,
735 1281 912 1337 veniae
943 1279 1069 1335 dari
1101 1297 1318 1335 munus
1351 1278 1460 1335 sibi
1491 1277 1680 1334 dulce.
2191 1276 2344 1330 /Edit
2373 1277 2678 1348 praesentis
2707 1277 2832 1332 vitm
2865 1277 3136 1334 discessit
3163 1279 3236 1334 ab
3269 1278 3450 1347 horis,

435 1373 696 1430 Tandem
727 1374 984 1442 percerte
1013 1368 1145 1423 forti
1178 1367 1439 1430 (levictus
1471 1383 1692 1433 amore,
2191 1363 2382 1436 Ipsius
2414 1365 2658 1438 imperio
2688 1366 2848 1438 genti
2880 1365 3100 1423 faciens
3130 1366 3442 1422 famulanti

434 1461 594 1518 Illico
626 1458 914 1532 pcenalem
945 1456 1154 1530 proicit
1185 1457 1255 1511 de
1284 1456 1456 1512 corde
1482 1455 1776 1520 timorem,
2189 1451 2524 1508 Tristiciam
2555 1470 2779 1510 necnon
2812 1452 3062 1509 nimium
3095 1453 3288 1510 cordis
3317 1453 3645 1509 cruciatum

431 1551 502 1606 Et
533 1550 642 1606 sub
673 1545 976 1604 nocturnis
1007 1543 1255 1600 nimium
1288 1547 1507 1600 secreto
1539 1541 1798 1598 tenebris
2187 1541 2330 1613 Ejus
2361 1543 2421 1598 in
2443 1543 2730 1612 abcessu;
2764 1559 2978 1615 magno
3011 1561 3190 1616 quam
3223 1543 3476 1616 denique
3507 1542 3672 1599 luctu

429 1638 778 1704 Adveniens,
812 1636 871 1691 in
904 1633 1156 1707 regalem
1191 1650 1252 1689 se
1277 1631 1529 1688 contulit
1559 1631 1763 1686 urbem
1787 1631 1929 1701 (Dec.
1961 1628 2076 1700 25),
2186 1629 2258 1686 Et
2289 1648 2404 1686 non
2435 1630 2709 1688 inmerito
2740 1631 2897 1687 ﬂevit
2927 1631 3230 1703 plebecula
3251 1636 3483 1700 cuncta,

432 1729 495 1784 In
529 1745 647 1800 qua
672 1725 924 1782 natalem
955 1723 1109 1796 regis
1141 1723 1435 1777 celebrare
1468 1719 1740 1793 perennis
2188 1721 2372 1786 Quam
2405 1719 2540 1792 plus
2572 1724 2848 1776 maternae
2879 1720 3022 1776 fovit
3049 1719 3287 1794 pietatis
3318 1736 3536 1789 amore,

431 1817 549 1873 Rex
573 1816 706 1888 pius
736 1813 1034 1885 obsequiis
1064 1811 1238 1883 cmpit
1265 1809 1670 1882 sollempniter
1694 1807 1845 1880 aptis
1869 1827 1882 1876 ;
2108 1857 2156 1923 Β
2187 1809 2372 1875 Quam
2404 1807 2810 1864 dominatricis
2832 1808 3021 1880 jussis
3048 1809 3440 1882 confringeret
3466 1809 3636 1866 artis.

431 1907 472 1923 ἢ
625 1905 684 1923 ’19
735 1920 830 1923 me-
869 1902 988 1923 “-3-
1027 1899 1378 1923 ___‘_-.-_L:--
1411 1898 1688 1923 __--:--:-
2187 1895 2285 1923 1‘“:
2320 1895 2451 1923 I:--e
2487 1914 2512 1923 -
2547 1895 2772 1923 [ηιμ-ξηιλ
2807 1898 3062 1923 _-...-:-.-
3100 1897 3224 1923 ηε..-
3259 1899 3371 1923 ιε..-
3400 1914 3636 1923 _-_-__..

428 1905 837 1979 Depositisque
866 1902 990 1958 suis
1021 1899 1380 1957 ornamentis
1411 1898 1710 1971 prcciosis,
2108 1895 2156 1923 ”
2187 1895 2288 1952 Cui
2319 1895 2455 1952 licet
2485 1914 2520 1952 a
2547 1895 2776 1953 Christo
2807 1898 3067 1970 requiem
3099 1897 3226 1954 sine
3257 1899 3374 1954 ﬁne
3400 1914 3722 1971 perennem

429 1994 726 2067 Simplicis
755 1998 812 2048 et
843 1990 1033 2046 tenuis
1064 1989 1280 2044 fruitur
1306 1987 1592 2044 velamine
1614 1987 1812 2054 vestis,
2185 1985 2416 2041 Necnon
2449 1984 2712 2041 laetitiam
2736 1987 2918 2058 justis
2949 1991 3102 2044 retro
3135 1991 3465 2060 reparatam

429 2085 588 2140 Inter
617 2084 681 2118 ¹⁰⁷
713 2084 972 2136 sacratos
1003 2077 1190 2134 noctis
1219 2075 1566 2132 venerabilis
1597 2075 1846 2146 hymnos
2187 2073 2452 2130 Przestari
2485 2073 2659 2130 citius
2680 2076 2808 2147 jam
2841 2091 2956 2130 non
2987 2075 3340 2132 dubitaverit
3361 2075 3540 2144 ullus,

431 2174 660 2228 Intrans
692 2169 930 2225 nudatis
963 2167 1162 2238 templi
1194 2183 1360 2221 sacra
1387 2164 1593 2219 limina
1623 2162 1858 2236 plantis.
2185 2162 2292 2230 Qui
2326 2163 2604 2218 meritum
2633 2163 2761 2218 vita:
2793 2165 2962 2220 scivit
2989 2163 3284 2221 laudabile
3305 2169 3480 2222 castis

428 2262 543 2318 Nec
572 2259 768 2315 horret
797 2256 1008 2312 hiemis
1039 2272 1255 2310 saevum
1284 2253 1470 2327 frigus
1501 2251 1790 2317 furientis,
2185 2251 2377 2324 Ipsius
2405 2268 2473 2308 ac
2503 2252 2706 2308 mitem
2735 2253 2921 2326 gessit
2947 2270 3125 2326 quam
3155 2253 3409 2326 denique
3435 2259 3733 2322 mentem;

429 2351 539 2407 Sed
573 2365 755 2422 prono
786 2363 1012 2402 sacram
1035 2345 1197 2398 vultu
1231 2348 1558 2416 prostratus
1591 2342 1663 2397 ad
1688 2358 1872 2409 aram,
2181 2341 2448 2396 Attamen
2481 2340 2752 2397 humanae
2781 2359 2886 2415 pro
2911 2343 3333 2399 consuetudine
3358 2361 3549 2399 causa

426 2441 650 2511 Corpus
681 2435 937 2508 frigores:
968 2431 1208 2489 sociavit
1237 2431 1430 2487 nobile
1451 2436 1637 2495 terra},
2181 2428 2308 2483 Non
2339 2429 2836 2502 mirum,populus
2868 2429 3164 2503 planctum
3183 2431 3235 2488 si
3256 2433 3511 2504 sumpsit
3538 2450 3838 2500 amarum,

426 2529 522 2585 Sic
550 2527 634 2583 sic
662 2523 960 2581 mmrentis
988 2527 1110 2578 toto
1143 2521 1449 2577 conamine
1479 2519 1672 2575 cordis
2181 2517 2334 2573 Dum
2362 2519 2475 2574 sibi
2501 2524 2622 2574 tam
2652 2519 2848 2576 subito
2883 2522 3074 2576 fuerat
3095 2538 3228 2594 spes
3258 2525 3424 2578 tanta
3452 2527 3726 2579 retracta.

423 2618 716 2689 ExOptans
745 2613 924 2668 veniae
955 2612 1074 2666 dux
1105 2609 1366 2682 prmstari
1399 2607 1509 2664 sibi
1542 2624 1760 2663 munus
1791 2608 1874 2661 ωδ.
2180 2607 2250 2662 Et
2270 2607 2447 2664 facies
2477 2608 2706 2664 domnae
2733 2609 2986 2666 nimium
3020 2609 3232 2682 regalis
3262 2612 3531 2667 amanda:

422 2709 546 2774 Quo
577 2722 675 2760 rex
704 2706 1023 2774 comperto,
1054 2699 1243 2755 victus
1276 2699 1486 2770 pietate
1515 2697 1768 2769 benigna
2180 2695 2416 2752 Necnon
2447 2698 2697 2769 subjecti
2728 2697 3084 2772 praefulgens
3111 2698 3300 2771 gloria
3331 2700 3496 2772 regni

423 2793 818 2864 Instantisque
850 2807 1075 2845 memor
1107 2787 1236 2842 festi
1267 2786 1494 2842 cunctis
1518 2785 1853 2854 venerandi,
2181 2783 2492 2841 Mandatur
2520 2789 2708 2854 terrm,
2743 2787 2966 2859 gremio
2997 2788 3284 2844 servanda
3310 2789 3421 2844 sub
3449 2787 3670 2862 amplo,

421 2884 484 2939 In
517 2900 632 2955 quo
663 2879 930 2936 cwlicnlaa
960 2894 1162 2950 pacem
1195 2877 1414 2932 mundo
1446 2875 1725 2942 cecinere,
2179 2873 2372 2929 Donec
2402 2880 2692 2948 assurgat,
2726 2892 2842 2932 non
2873 2881 3336 2950 corruptumque
3368 2883 3654 2948 resumat,

422 2971 562 3028 Laeti
592 2987 725 3043 rege
755 2986 862 3024 suo
892 2973 1094 3023 tenera
1123 2966 1194 3020 de
1223 2965 1448 3038 virgine
1472 2969 1608 3020 nato
2179 2963 2342 3030 Quod
2374 2980 2533 3019 nunc
2562 2963 2813 3020 includit
2843 2965 3133 3034 tumulus,
3166 2967 3482 3038 praenobile
3512 2984 3735 3040 corpus

419 3061 492 3118 Ut
521 3060 613 3133 pie
644 3059 892 3115 salvaret
922 3055 1212 3110 mundum
1245 3053 1450 3109 merito
1483 3053 1830 3125 periturum,
2181 3053 2308 3107 llmc
2338 3051 2521 3125 igitur
2549 3069 2796 3125 puerum
2829 3071 3013 3128 supra
3040 3055 3246 3127 paucis
3275 3060 3674 3112 memoratum

418 3151 526 3206 Pro
551 3148 664 3204 diei
695 3151 869 3204 tantae
897 3162 1099 3218 pacem
1133 3143 1422 3216 portantis
1450 3143 1666 3198 honore
2175 3139 2398 3196 Acriter
2425 3141 2696 3198 orbatum
2728 3142 3062 3200 dimittebat
3089 3144 3448 3214 Liudulfum,

416 3237 746 3305 Condoluit,
780 3236 1069 3291 miserans
1101 3233 1265 3305 fratri
1296 3231 1614 3288 commissa
1645 3230 1867 3298 fatenti,
2095 3226 2138 3294 C
2177 3229 2431 3287 Feminei
2465 3229 2698 3287 dulcem
2730 3249 2904 3288 sexus
2937 3250 3114 3289 unam
3147 3251 3383 3306 quoque
3413 3233 3668 3308 prolem,

413 3329 601 3400 Atque
631 3342 799 3382 suam
833 3324 924 3396 pie
954 3321 1263 3395 gratiolam
1294 3319 1583 3376 concessit
1610 3319 1941 3374 habendam
2172 3318 2416 3375 Nomine
2446 3319 2861 3392 Liudgardam,
2897 3339 3134 3378 summa
3164 3323 3426 3380 bonitate
3485 3339 3831 3394 coruscam,

417 3415 506 3471 Illi
539 3431 673 3470 cum
701 3412 882 3468 venias
912 3411 1124 3465 dilecto
1156 3424 1398 3464 munere
1427 3407 1610 3480 plenae
1637 3425 1650 3476 ;
2172 3407 2434 3464 Moribus
2463 3413 2520 3464 et
2549 3409 2695 3465 facie
2726 3410 2980 3466 similem
3011 3412 3185 3468 matri
3207 3414 3571 3469 veneranda.

414 3504 650 3560 Necnon
669 3505 800 3574 post
815 3499 1037 3572 aliquot
1057 3497 1230 3570 spatii
1252 3495 1620 3568 tempuscula
1635 3495 1795 3568 parvi
1812 3495 2059 3566 (an.946)
2170 3495 2234 3552 In
2266 3514 2414 3569 quas
2444 3502 2702 3570 percerte
2733 3499 2964 3556 soboles
2995 3518 3131 3556 mox
3161 3501 3363 3574 stirpis
3395 3503 3665 3558 amanda

414 3592 606 3665 Ipsius
627 3589 750 3663 juri
780 3604 1046 3662 proceres
1078 3587 1208 3658 subj
1219 3590 1462 3642 uexerat
1491 3602 1694 3642 omnes
2167 3585 2388 3642 Ati'cctu
2419 3586 2612 3643 condis
2641 3587 2895 3660 populus
2914 3589 2982 3624 ²⁰³
3011 3589 3320 3646 deducitur
3346 3589 3544 3646 omnis

415 3682 672 3738 Famosze
704 3678 953 3734 nimium
987 3677 1176 3750 gentis
1209 3675 1630 3747 Bajoariorum,
2169 3673 2402 3748 Magno,
2433 3691 2538 3748 pro
2568 3675 2792 3733 meritis
2823 3677 3076 3733 summis
3108 3678 3416 3750 utriusque
3447 3679 3734 3752 parentis.

411 3771 613 3842 Ipsum
645 3783 854 3840 nempe
884 3767 1093 3821 ducem
1127 3764 1334 3820 merito
1365 3764 1628 3820 faciendo
1659 3767 1976 3836 potentem.
2168 3763 2281 3820 Sed
2312 3763 2500 3837 magis
2532 3780 2598 3820 ac
2621 3765 2785 3836 juste
2817 3765 2975 3822 dulci
3006 3766 3266 3824 fervebat
3295 3784 3492 3824 amore

409 3860 480 3915 Et
507 3861 640 3932 post
667 3857 790 3913 haec
821 3855 976 3910 ultra
1007 3855 1196 3910 fuerat
1226 3853 1520 3910 discordia
1550 3851 1714 3908 nulla
2167 3853 2318 3927 Ergo
2348 3853 2601 3927 regalem
2631 3871 2882 3927 puerum
2913 3855 3220 3912 dominum
3254 3857 3621 3926 Liudull'um,

409 3948 566 4005 Inter
593 3963 712 4014 eos,
746 3943 962 4000 animis
992 3943 1247 3998 fraterno
1281 3943 1489 3998 foedere
1511 3941 1757 4012 junctis.
2167 3942 2369 4014 Ipsum
2400 3959 2503 4015 spe
2533 3943 2748 4000 mentis
2769 3947 2890 4000 tota
2919 3943 3260 4018 complexus
3292 3945 3568 4002 amantis.

405 4039 738 4108 Avaresque
768 4035 834 4070 1”
855 4033 966 4105 (62)
997 4049 1098 4104 per
1127 4031 1284 4086 hunc
1314 4031 1447 4086 saevi
1478 4029 1800 4102 saepissime
1828 4030 1984 4098 victi,
2169 4031 2388 4104 Ilioque
2416 4031 2529 4090 sibi
2560 4033 2856 4090 naturales
2885 4033 3128 4090 imitans
3158 4034 3306 4092 bene
3335 4051 3552 4103 mores,

410 4125 546 4180 Post
573 4124 695 4180 haec
724 4121 985 4178 Oddonis
1014 4121 1081 4156 ²⁰⁰
1111 4136 1356 4192 regnum
1388 4119 1541 4192 regis
1571 4119 1895 4192 spatiosum
2165 4121 2448 4178 Extiterat
2477 4122 2704 4178 cunctis
2734 4121 2988 4181 blandus
3018 4123 3330 4180 dulcedine
3359 4124 3598 4193 mentis,

409 4213 535 4270 Non
566 4212 787 4268 laedunt
816 4209 946 4266 telis
976 4214 1256 4265 consueto
1286 4225 1448 4265 more
1477 4207 1755 4278 cruentis,
2166 4211 2532 4281 Mansuetus,
2562 4210 2844 4282 clemens,
2879 4212 3148 4281 humilis,
3180 4212 3555 4287 nimiumque
3603 4212 3820 4272 ﬁdelis.

409 4303 672 4375 Tangere
701 4315 807 4356 nec
839 4298 1240 4372 contingentes
1273 4298 1492 4354 audent
1519 4297 1810 4367 nationes,
2165 4301 2311 4358 [line
2341 4317 2574 4374 quoque
2601 4299 2940 4375 graciolam,
2969 4301 3199 4359 Christo
3219 4305 3534 4375 praestante
3562 4301 3824 4376 benigno

406 4391 489 4448 Ex
516 4396 734 4448 terrore
764 4388 932 4446 ducis
962 4387 1107 4444 tanti
1137 4387 1388 4442 nimium
1419 4385 1778 4454 tremefacti;
1965 4405 1970 4411 ·
2165 4391 2414 4446 Tantam
2446 4389 2788 4464 promeruit,
2821 4391 3090 4448 meritam
3123 4391 3417 4464 digneque
3443 4391 3664 4465 recepit

406 4481 510 4538 Hic
539 4481 682 4554 quia
710 4478 1016 4553 prudentis
1047 4479 1283 4532 functus
1309 4475 1630 4532 valitudine
1659 4475 1895 4546 mentis,
2165 4479 2450 4536 Gentibus
2476 4478 2537 4535 in
2566 4480 2635 4515 ²⁰⁸
2665 4480 2894 4537 cunctis
2925 4481 3110 4553 patris
3137 4480 3384 4554 imperio
3410 4479 3692 4554 religatis,

407 4569 509 4626 His
537 4569 844 4626 hominum
875 4566 1156 4668 monstris
1189 4564 1357 4668 bel‘lis
1384 4566 1624 4668 obstans
1653 4565 1896 4643 iteratis,
2083 4601 2132 4668 D
2168 4569 2238 4626 Ut
2265 4569 2622 4642 quicumque
2649 4587 2768 4626 suae
2799 4568 2998 4626 saltim
3028 4569 3387 4643 perpaucula
3416 4570 3584 4626 fama

404 4659 491 4714 Ad
521 4675 629 4714 nos
659 4655 938 4730 pergendi
966 4655 1143 4711 calles
1175 4652 1493 4710 secluserat
1522 4670 1746 4709 omnes.
2083 4652 2128 4668 ¹¹
2159 4657 2415 4714 Verbula
2443 4657 2771 4730 conciperet
2799 4657 3041 4715 latebris
3070 4659 3423 4732 propensius
3454 4659 3637 4728 auris,

407 4749 654 4821 Insuper
682 4752 740 4804 et
765 4745 1012 4818 primus,
1041 4743 1254 4799 Christi
1283 4743 1352 4798 de
1382 4743 1447 4778 ²⁰¹
1481 4742 1718 4800 nomine
1747 4749 1929 4814 tutus,
2163 4747 2356 4820 Ipsius
2384 4747 2443 4804 in
2475 4747 2706 4804 dulcem
2740 4752 2900 4805 totus
2930 4752 3234 4821 raperetur
3262 4764 3546 4818 amorem,

403 4838 702 4894 Audenter
729 4852 863 4891 cum
895 4834 1171 4905 subjectae
1204 4831 1390 4905 plebis
1416 4831 1643 4906 legione
2157 4837 2475 4894 Absentem
2505 4853 2790 4894 venerans
2818 4837 3033 4892 animis
3063 4835 3372 4892 dominum
3395 4837 3700 4894 studiosis.

404 4927 683 5000 Ejusdem
711 4922 908 4998 populi
941 4923 1190 5009 patriam
1220 4921 1385 4995 petiit
1415 4919 1707 4991 scelerosi,
2159 4927 2344 4994 Quem
2375 4929 2539 5000 pater
2565 4925 2855 5000 egregius,
2888 4943 2986 4982 rex
3013 4931 3072 4982 et
3101 4925 3297 4983 senior
3320 4925 3706 4995 venerandus,

477 5013 643 5072 Vers.
671 5015 798 5070 388.

2228 5015 2394 5072 Vere.
2427 5015 2549 5071 439.

1756 5136 1997 5197 VARIE
2035 5140 2456 5200 LECTIONES.

477 5269 542 5307 1"
571 5269 647 5326 ita
676 5270 713 5323 2
742 5266 936 5347 Iter}.
1005 5265 1178 5347 tfinita
1207 5263 1458 5334 corrigo,-
1490 5262 1784 5347 Exoptans
1833 5267 2094 5347 praestari
2129 5266 2334 5347 Afr-enisi
2391 5281 2638 5347 munus,
2663 5265 2775 5322 sibi
2830 5265 2949 5347 dux
2980 5267 3032 5322 1.
3066 5266 3234 5347 (letter
3261 5264 3814 5347 enigndqf_:_Opt_ans

406 5360 464 5416 p.
488 5359 550 5416 _v.
582 5357 668 5396 m.
697 5337 1004 5416 s._du‘lcis.‘
1033 5337 1462 5416 1"MAvarosque
1491 5351 1632 5416 corr.
1663 5337 1994 5416 Avaresque
2028 5341 2078 5416 1_.
2105 5340 2197 5416 _'°°
2227 5337 2454 5416 Qttonis
2485 5337 2534 5393 1.
2576 5338 2640 5374 ²⁰¹
2669 5354 2849 5395 vocem
2879 5341 3093 5396 inserui
3121 5360 3141 5408 ;
3169 5339 3318 5398 bene
3343 5341 3398 5395 2.
3465 5339 3538 5374 ²⁰¹
3561 5337 3672 5398 Eoi:
3697 5339 3815 5398 ιοω

405 5405 574 5472 codex
591 5429 702 5470 non
731 5410 1042 5482 distinguit.
1083 5410 1152 5443 ὀδ
1182 5409 1258 5464 ita
1285 5410 1338 5463 2.
1369 5405 1572 5481 populi
1606 5408 1656 5464 1.
1698 5409 1766 5444 ²⁰⁴
1795 5410 1874 5467 ita
1896 5405 1930 5467 1
1962 5419 2016 5468 ει
2029 5411 2296 5482 Scitum/1.

1987 5535 2222 5598 NOT/E.

480 5639 592 5721 (62)
622 5635 682 5697 1d
712 5639 802 5698 est
828 5634 1030 5714 Ungri.
