4092 6190
297 310 447 371 1161
1363 312 1680 373 CARMEN
1725 313 1827 372 DE
1873 314 1913 373 G

2087 313 2142 373 lS
2190 314 2525 376 OTTONIS
2570 316 2620 377 Ι.
3548 320 3703 381 1162

295 442 529 498 Dilectae
561 441 765 497 matris
797 446 1044 497 mortem
1070 442 1323 515 graviter
1352 445 1699 517 pacientem,
1971 447 2026 511 Α
2063 445 2229 501 Fudit
2259 445 2318 502 in
2344 446 2636 503 insontem
2669 451 3004 504 concretum
3036 448 3252 522 quippe
3283 449 3558 518 furorem,

291 530 517 585 Atfectu
542 530 732 601 patrio
764 546 989 586 necnon
1023 532 1239 604 pietate
1271 533 1524 606 benigna
2057 535 2348 606 Injustum
2377 536 2495 590 vim
2523 536 2735 608 reginae
2767 537 2988 591 faciens
3012 537 3434 607 Ethelhcithae,

294 619 482 691 Digne
511 620 581 654 ²⁰⁵
610 624 869 691 percertc
891 621 1019 691 jam
1048 620 1388 677 sublimavit
1418 622 1656 689 honore,
2056 626 2190 689 Quae
2222 641 2475 695 regnans
2502 624 2585 679 illi
2618 626 2902 681 damnum
2932 642 3047 681 non
3077 627 3289 682 fecerat
3316 626 3526 684 ullum.

291 707 552 779 Subjecti
587 708 805 763 faciens
836 708 999 781 regni
1030 709 1204 781 digne
1238 710 1550 766 dominari.
2056 712 2172 770 Nec
2203 713 2394 769 solum
2426 713 2593 769 celsae
2616 714 2826 769 solium
2860 714 2971 771 sibi
3002 713 3249 787 proripit
3278 715 3444 783 aulae,

292 797 525 852 Necnon
564 796 955 869 Liudgardam
989 797 1167 853 simili
1201 816 1382 855 causa
1410 802 1799 855 venerandam
2056 801 2167 855 Sed
2200 800 2376 855 simul
2405 801 2592 856 aerarii
2624 802 2899 858 claustris
2930 803 3058 872 ejus
3087 803 3382 871 reseratis,

293 885 473 940 Unica
503 885 737 941 feminei
768 903 896 957 quae
928 902 1061 958 spes
1093 904 1266 943 sexus
1295 889 1405 943 fuit
1436 889 1537 955 illi,
2055 889 2239 944 Omne
2269 891 2423 961 quod
2456 891 2677 945 invenit
2706 893 2907 945 dextra
2939 891 3177 945 tollebat
3207 909 3398 959 avara,

288 974 554 1029 Graciola
581 974 752 1046 parili
784 975 981 1042 coluit,
1018 977 1295 1048 provexit,
1331 979 1570 1033 amavit.
2055 980 2275 1032 Aurum
2308 995 2441 1032 cum
2473 978 2725 1049 gemmis
2750 969 3153 1049 varii’gencris
3187 997 3420 1051 quoque
3451 981 3630 1053 gazis,

290 1063 450 1118 Hanc
481 1079 713 1135 quoque
744 1064 1007 1120 Conrado
1037 1065 1245 1121 vinclis
1275 1068 1517 1121 sociavit
1548 1068 1786 1134 ameris,
2056 1066 2289 1123 Necnon
2325 1066 2536 1139 regalis
2565 1072 2787 1121 sertum
2821 1066 3135 1139 praenebile
3172 1068 3397 1125 frontis.

291 1152 534 1224 Egregie
561 1156 915 1225 strenueque
945 1154 1103 1220 duci,
1137 1155 1383 1210 nimium
1417 1173 1651 1227 quoque
1684 1156 1834 1223 forti,
2056 1159 2311 1209 Ornatus
2342 1172 2447 1210 nec
2478 1155 2826 1228 particulam
2857 1156 3164 1211 dimiserat
3193 1155 3398 1225 ullam,

292 1242 531 1296 Munere
561 1242 662 1313 qui
699 1242 833 1297 talis
865 1243 1082 1315 dignus
1113 1246 1421 1299 constabat
1452 1245 1711 1301 honoris.
2058 1244 2172 1302 Nec
2206 1244 2403 1298 timuit
2432 1244 2681 1316 propriis
2712 1244 2874 1299 illam
2908 1244 3157 1316 spoliare
3187 1246 3496 1311 ministris,

292 1331 480 1402 thue
509 1347 616 1385 suo
647 1330 821 1385 subdi
845 1336 980 1386 nate
1009 1333 1078 1367 ²⁰⁶
1109 1332 1323 1388 faceret
1354 1332 1626 1389 Liudulfe
2055 1333 2366 1405 Obsequiis
2395 1350 2627 1405 quoque
2659 1334 2924 1405 personis
2955 1333 3249 1406 regalibus
3280 1334 3455 1407 aptis,

292 1418 544 1475 Multum
571 1420 785 1477 devotae
818 1420 1071 1492 perfecte
1098 1420 1313 1477 mentis
1346 1437 1545 1477 amere
2056 1422 2372 1495 Regalique
2402 1425 2730 1495 potentatu,
2768 1422 3103 1478 miserabile
3137 1422 3334 1479 dictu!

293 1509 647 1566 Francorum
679 1508 870 1580 gentis
902 1510 1173 1565 dominos
1205 1510 1539 1583 praenobilis
1566 1509 1772 1579 almes,
2056 1511 2355 1567 Postremo
2385 1527 2616 1585 quoque
2646 1511 2922 1584 pergendi
2954 1511 3290 1585 pariterque
3319 1514 3595 1569 manendi

291 1597 525 1655 Necnon
555 1597 838 1670 primates
868 1598 1188 1654 Sueverum
1215 1599 1437 1655 scilicet
1465 1616 1694 1664 omnes,
2055 1602 2179 1668 Que
2201 1600 2735 1668 vellet,libertatem
2761 1600 2911 1656 male
2943 1601 3193 1672 denegat
3221 1618 3455 1657 omnem
3470 1601 3700 1672 (1413.951

293 1687 407 1759 Ipsi
438 1684 610 1759 legali
642 1686 1067 1759 praepulchram
1101 1689 1313 1744 foedere
1337 1689 1510 1762 jungi
2055 1690 2249 1746 Solam
2269 1706 2403 1745 cum
2420 1689 2546 1745 sola
2565 1690 2938 1745 committens
2956 1705 3211 1761 namque
3227 1689 3700 1765 puella[Apr.20).

290 1773 448 1829 Idam
471 1773 675 1845 jussit,
708 1774 1049 1831 Herimanni
1083 1781 1279 1832 natam
1312 1776 1479 1833 ducis
1503 1777 1663 1841 almi,
1976 1817 2022 1882 Β
2054 1780 2407 1836 Servandam
2438 1778 2671 1834 cuidam
2694 1778 2894 1834 comiti
2928 1795 3036 1834 sua
3056 1778 3228 1851 jussa
3254 1780 3545 1851 sequenti,

293 1862 398 1929 Qui
430 1863 539 1921 fuit
570 1862 817 1919 illustris
847 1864 1120 1937 princeps
1152 1867 1209 1921 in
1244 1866 1509 1939 partibus
1541 1865 1677 1921 illis.
1978 1862 2022 1882 ”
2053 1870 2159 1935 Qui
2180 1869 2367 1940 jussis
2399 1872 2603 1941 captus
2635 1868 2786 1940 regis
2820 1885 2934 1923 non
2961 1869 3127 1939 justa
3149 1867 3437 1938 jubentis,

294 1952 421 2007 Ilaec
453 1968 682 2024 quoque
712 1952 924 2024 regalis
955 1953 1462 2034 fuerat-consortia
1496 1954 1676 2027 prolis
2053 1958 2177 2014 Non
2210 1958 2417 2013 metuit
2446 1957 2741 2029 prepriam
2778 1957 2960 2029 culpae
2993 1957 3117 2012 sine
3150 1956 3392 2013 crimine
3422 1958 3701 2015 domnam

293 2038 399 2094 Pro
424 2039 651 2097 meritis
684 2040 928 2112 propriae
959 2041 1271 2111 probitatis
1302 2043 1481 2113 digna
1512 2042 1725 2109 subire,
2052 2045 2322 2102 Clausam
2354 2047 2635 2101 carcereis
2667 2044 2939 2101 claustris
2971 2062 3201 2101 servare
3233 2045 3465 2115 cubitis,

289 2131 369 2184 Ac
399 2128 520 2185 vice
550 2128 760 2202 reginae
792 2146 1025 2186 summo
1056 2136 1365 2187 veneratur
1392 2133 1506 2201 (63)
1541 2132 1778 2199 honore,
2051 2135 2282 2190 Circum
2316 2133 2546 2190 diffusis
2577 2135 2888 2190 custodum
2921 2134 3173 2208 denique
3205 2134 3436 2204 turmis,

292 2218 447 2292 Rege
466 2219 713 2290 jubentc
744 2220 982 2291 quidem
1017 2237 1119 2292 per
1149 2226 1488 2277 consuetam
1521 2222 1795 2294 pietatem
2052 2224 2124 2280 Ut
2154 2240 2280 2279 mes
2313 2238 2592 2295 personas
2623 2225 2711 2277 est
2741 2221 2956 2277 servari
2988 2220 3326 2278 sceleresas.

292 2305 457 2362 Illam
492 2324 598 2362 nec
627 2307 891 2364 habitare
920 2308 1065 2364 locis
1094 2308 1281 2365 voluit
1309 2310 1631 2382 segregatis
2050 2313 2155 2369 Sed
2186 2311 2287 2384 qui
2318 2312 2391 2367 de
2420 2310 2625 2366 vinclis
2658 2311 2889 2366 Petrum
2922 2310 3165 2366 tollebat
3189 2312 3450 2383 Herodis,

292 2396 411 2451 Rex
440 2396 619 2464 idem,
652 2397 776 2452 nati
805 2396 979 2470 digne
1011 2415 1334 2454 succensus
1366 2414 1582 2466 amere,
2053 2403 2232 2470 Ilanc,
2263 2401 2499 2472 quando
2528 2399 2732 2465 voluit,
2765 2399 2892 2454 miti
2921 2399 3133 2471 pietate
3164 2401 3430 2457 redemit.

292 2483 403 2540 Sed
436 2501 544 2540 ceu
573 2484 837 2557 reginam
867 2503 1114 2559 regnum
1146 2487 1396 2543 transire
1426 2504 1528 2560 per
1547 2487 1832 2559 amplum,
2050 2491 2214 2546 Certe
2244 2490 2386 2544 dum
2416 2489 2592 2544 variis
2619 2488 2816 2544 animo
2849 2489 2997 2544 feret
3028 2489 3201 2544 anxia
3221 2490 3380 2547 curis

291 2574 413 2639 Quo
444 2573 528 2629 sic
560 2572 811 2630 dilectus
838 2574 1079 2631 sentiret
1110 2574 1267 2631 filius
1297 2576 1426 2648 ejus
2052 2578 2340 2651 Nullaque
2370 2595 2504 2651 spes
2535 2577 2771 2632 sibimet
2802 2577 2941 2632 certi
2975 2576 3283 2632 selaminis
3316 2584 3491 2647 esset,

291 2661 485 2717 Dultia
514 2662 781 2735 gracielae
808 2680 1040 2736 semper
1068 2665 1422 2721 munuscula
1453 2681 1699 2737 magnae,
2052 2664 3045 2738 PraesulAdhelhardus(66),factum
3060 2665 3280 2721 deflens
3293 2666 3696 2724 miserandum

294 2752 406 2824 Ipsi
439 2769 575 2807 cum
610 2770 827 2825 sponsa
857 2754 1019 2827 regni
1051 2755 1308 2811 sociatus
1338 2755 1398 2810 in
1428 2755 1582 2811 aula.
2049 2756 2271 2829 Vixque
2301 2773 2419 2811 sua:
2452 2756 2736 2809 damnum
2767 2770 2912 2809 carae
2943 2753 3179 2825 paciens
3230 2770 3404 2827 grave
3446 2757 3695 2822 domnae,

294 2841 520 2898 Interea
548 2858 647 2898 rex
672 2840 917 2899 Italicus
946 2843 1184 2916 gravido
1217 2844 1549 2899 lllotharius
2052 2846 2138 2901 Illi
2172 2844 2781 2901 transmisit'missum
2816 2860 2950 2898 mox
2980 2860 3235 2915 namque
3266 2849 3578 2914 secretum,

295 2930 549 2986 Infectus
579 2931 807 2999 morbo,
841 2933 1062 2988 munde
1122 2932 1396 2987 discessit
1444 2934 1516 2987 ab
1549 2934 1659 2987 iste
1688 2937 1804 3002 (an.
1834 2935 1943 2988 950
2050 2935 2239 3007 thue
2270 2935 2469 3006 fugam
2500 2937 2732 3006 caperet
2764 2933 3004 2989 monitis
3035 2932 3223 2988 suasit
3254 2934 3536 2990 studiosis

292 3019 471 3074 Italiae
504 3036 708 3091 regum
738 3020 1014 3092 linquens
1041 3022 1251 3077 merito
1284 3022 1941 3096 retinendumlNev.22.)
2047 3025 2126 3078 Ac
2160 3027 2375 3095 peteret
2406 3022 2590 3076 muris
2621 3022 2825 3076 urbem
2858 3023 3138 3077 structam
3169 3021 3313 3076 bene
3346 3021 3553 3089 ﬁrmis,

291 3109 545 3164 Summae
578 3110 789 3182 reginae
821 3110 931 3165 sibi
965 3127 1142 3182 quam
1176 3110 1416 3165 sociavit
1443 3128 1663 3179 amore,
2050 3116 2184 3180 Quae
2217 3115 2392 3184 caput
2424 3110 2611 3182 ipsius
2642 3110 2948 3165 constabat
2978 3110 3393 3181 pontificatus;

293 3198 466 3270 Regis
498 3198 750 3255 Rethulfi
784 3199 972 3255 fuerat
999 3217 1126 3272 quae
1159 3199 1279 3256 filia
1308 3200 1527 3273 magni,
1968 3187 2011 3253 C
2054 3201 2152 3256 llic
2183 3200 2309 3255 loca
2341 3199 2593 3272 praesidii
2625 3199 2916 3254 mandans
2946 3197 3246 3253 tutissima
3276 3199 3438 3266 certi,

293 3286 461 3342 Edita
490 3304 838 3361 magnorum
867 3288 1040 3362 longe
1067 3290 1138 3345 de
1164 3293 1472 3345 stemmate
1506 3306 1708 3363 regum
1736 3309 1749 3358 ;
2053 3290 2138 3346 Illi
2161 3288 2518 3362 condignum
2551 3304 2785 3361 quoque
2813 3287 3057 3360 praeberi
3091 3286 3461 3343 famulatum.

293 3375 396 3431 Cui
428 3393 639 3432 nomen
670 3375 892 3433 clarum
925 3376 1165 3434 dictavit
1193 3395 1431 3434 summa
1459 3384 1767 3451 parentum
1800 3398 1807 3403 ο
2053 3378 2149 3435 llis
2181 3394 2318 3434 nam
2348 3377 2571 3450 regales
2594 3376 2832 3432 monitis
2864 3376 3235 3457 pulsantibus
3265 3393 3457 3444 aures,

292 3463 602 3532 Nobilitas,
632 3464 792 3521 illam
825 3465 997 3538 digne
1026 3467 1289 3523 vecitans
1323 3467 1793 3524 lEthelheitham.
2052 3468 2254 3529 Inclita
2284 3469 2354 3523 de
2384 3466 2735 3523 mandatelis
2767 3466 2834 3500 ²⁰⁸
2866 3465 3068 3538 regina
3098 3464 3370 3538 benignis

288 3553 416 3608 Haec
442 3570 674 3627 quoque
701 3554 911 3627 regalis
942 3556 1141 3611 formae
1169 3555 1446 3628 prmelara
1477 3557 1702 3624 decere,
2050 3557 2275 3624 Laetior,
2310 3561 2542 3629 exoptat
2570 3555 2778 3611 vinclis
2810 3554 3123 3610 abselviter
3154 3554 3297 3609 artis
3326 3572 3339 3623 ;

286 3644 476 3714 Atque
506 3659 626 3698 sua:
656 3642 852 3700 causis
880 3659 1140 3715 personae
1172 3644 1375 3699 sedula
1406 3644 1598 3717 dignis
2047 3646 2194 3711 Quid
2228 3645 2441 3699 faceret
2467 3648 2662 3698 tamen
2696 3644 2942 3714 ignorat,
2978 3642 3116 3713 quia
3148 3642 3311 3697 nulla
3341 3644 3579 3716 patebat

226 3749 233 3757 ·
288 3730 479 3786 Factis
508 3730 689 3803 regali
721 3732 1023 3803 respondit
1053 3730 1364 3787 nobilitati.
2044 3734 2254 3799 Janua,
2287 3750 2415 3805 quae
2445 3749 2651 3787 somno
2684 3732 2903 3803 pressis
2935 3730 3279 3785 custodibus
3311 3730 3428 3787 alte

287 3816 522 3875 Scilicet
550 3818 783 3892 ingenio
816 3820 1005 3876 fuerat
1033 3819 1347 3893 praelucida
1376 3824 1562 3888 tante,
2046 3820 2211 3876 Illam
2245 3819 2546 3875 nocturnis
2573 3822 2868 3892 pateretur
2897 3816 3057 3872 abire
3089 3817 3199 3872 sub
3230 3817 3298 3852 ²⁰⁹
3326 3816 3505 3874 heris.

285 3905 357 3961 Ut
387 3911 585 3979 posset
617 3925 864 3982 regnum
885 3909 1059 3982 digne
1092 3910 1309 3966 rexisse
1341 3910 1630 3979 relictum,
2046 3910 2151 3965 Sec
2183 3926 2286 3964 nec
2317 3924 2627 3981 personam
2660 3924 2839 3962 causa
2867 3904 3272 3961 famulaminis
3301 3903 3482 3961 ullam

284 3995 344 4052 Si
374 4012 517 4069 gens
544 3996 675 4070 ipsa
703 3996 903 4054 dolum
935 4014 1071 4054 mox
1101 4015 1215 4054 non
1247 3999 1494 4055 dictaret
1522 4015 1811 4055 amarum.
2044 3998 2379 4069 Subjectam
2407 3997 2519 4052 sibi
2553 3994 2834 4052 carcereis
2857 3993 3116 4067 possedit
3146 3993 3205 4049 in
3236 3993 3443 4061 antris,

283 4084 547 4157 Denique
574 4086 874 4154 defuncto,
909 4103 1086 4159 quem
1119 4086 1378 4160 praedixi,
1415 4086 1740 4156 lllutharie,
2046 4087 2236 4159 Ipsius
2268 4085 2581 4158 implendis
2614 4088 2769 4141 esset
2799 4100 2927 4157 qua:
2958 4082 3163 4139 sedula
3184 4082 3395 4155 jussis,

284 4172 423 4230 Pars
455 4175 723 4247 quadam
755 4175 945 4249 plebis
977 4176 1186 4245 fuerat,
1221 4192 1348 4249 quae
1380 4181 1532 4233 retro
1558 4177 1790 4234 rebellis
2045 4175 2114 4232 Ni
2145 4175 2541 4248 supradictam
2576 4173 2945 4229 solummodo
2979 4187 3233 4244 namque
3262 4170 3517 4245 puellam

284 4262 591 4336 Menteque
621 4270 894 4338 perversa
922 4265 1176 4338 propriis
1204 4264 1462 4321 dominis
1493 4266 1751 4335 inimica,
2044 4263 2276 4322 Necnon
2311 4263 2716 4337 presbyterum
2750 4262 2876 4317 vitae
2910 4260 3224 4317 laudabilis
3255 4277 3461 4317 unum.

283 4350 564 4408 Restituit
587 4353 907 4427 Beringarii
936 4370 1182 4427 regnum
1213 4353 1442 4422 ditioni,
2044 4353 2142 4408 llis
2174 4353 2275 4408 ubi
2306 4352 2601 4408 continuis
2628 4354 2888 4407 narraret
2916 4354 3126 4406 cuncta
3149 4349 3443 4418 lamentis,

281 4440 446 4505 Quod
476 4444 640 4513 patre
669 4442 783 4515 (64)
813 4442 1086 4499 defuncto
1136 4446 1370 4515 raptum
1418 4441 1701 4499 violenter
1730 4445 1802 4499 ab
1833 4445 1932 4501 illo
2044 4444 2180 4510 Quae
2214 4457 2466 4497 moerens
2497 4440 2695 4496 animo
2727 4439 2981 4495 multum
3011 4437 3277 4494 volvebat
3303 4439 3371 4474 ²¹⁰
3400 4453 3620 4506 amare,

281 4528 434 4584 Olim
466 4546 570 4602 per
599 4546 812 4587 manus
844 4531 999 4604 regis
1028 4530 1258 4587 devenit
1286 4532 1352 4566 ²⁰⁷
1384 4532 1496 4604 (65)
1529 4532 1806 4604 llugonis.
1968 4558 2011 4623 Β
2041 4530 2171 4586 Voti
2203 4530 2535 4586 communis
2566 4529 2782 4623 placito
2805 4530 2998 4623 vis-um
3031 4527 3141 4623 fuit
3170 4525 3311 4623 illis,

280 4615 491 4688 Optate
517 4622 670 4675 certe
699 4620 800 4692 qui
833 4619 1186 4676 sublimatus
1216 4621 1436 4676 honore
1466 4622 1610 4690 (Dec.
1645 4624 1753 4692 15),
1968 4614 2005 4623 ”
2048 4622 2159 4676 Res
2187 4620 2399 4676 melius
2429 4620 2595 4687 verti,
2630 4618 2822 4675 studio
2856 4617 2904 4673 si
2939 4617 3082 4671 forte
3112 4614 3313 4671 latenti

280 4705 509 4779 Detegit
540 4708 769 4764 invidiae
795 4708 1076 4781 quicquid
1108 4710 1219 4765 sub
1249 4713 1477 4781 pectere
1507 4711 1659 4766 tristi
2046 4710 2167 4765 Sub
2200 4714 2353 4764 terra
2384 4709 2604 4764 foveam
2637 4708 2894 4762 facerent
2927 4705 3196 4761 fodiendo
3229 4709 3532 4775 secretam,

278 4794 493 4862 Gessit,
524 4795 666 4852 dum
696 4797 860 4869 regni
889 4798 1125 4854 deflevit
1154 4800 1372 4855 damna
1402 4800 1627 4871 paterni
1656 4819 1669 4868 ;
2046 4799 2152 4853 Per
2181 4814 2360 4870 quam
2393 4798 2463 4851 de
2494 4796 2702 4851 vinclis
2735 4799 2977 4867 possent
3003 4794 3245 4849 evadere
3277 4794 3460 4849 duris.

281 4883 552 4956 Felleque
582 4886 717 4957 plus
738 4887 903 4959 justo
934 4888 1126 4944 cordis
1158 4905 1477 4944 succensus
1508 4906 1728 4959 amare,
2048 4888 2174 4943 llaec
2203 4887 2284 4941 ita
2314 4891 2571 4958 percerte
2602 4888 2835 4941 constat
2865 4882 3155 4955 completa
3185 4882 3366 4939 fuisse

351 4971 517 5028 Vers.
550 4974 674 5030 490.

2115 4976 2279 5033 Vers.
2307 4977 2433 5032 541.
3330 4980 3342 4987 ⁷

1633 5102 1876 5162 VARI/ﬁ
1924 5082 2341 5161 LECTIONES.

348 5194 423 5278 ἐξ
634 5197 816 5282 Signo
969 5201 1037 5236 ὀε
1059 5201 1147 5282 [te
1174 5204 1242 5282 2...
1264 5200 1593 5282 subolinate
1626 5203 1677 5282 1.
1745 5202 1919 5282 ὀἶμα
1948 5204 2005 5282 22
2029 5218 2139 5282 pax
2159 5203 2280 5274 jam
2308 5216 2487 5266 erasa,
2516 5200 2690 5272 fuisse
2736 5197 2950 5282 videtur
2981 5196 3288 5282 .dederat.‘
3325 5195 3510 5282 ’κλέεα
3555 5201 3699 5282 recte

274 5267 751 5397 ξςέιὲἰῦἰεὲὼηέἷιῗ
773 5290 809 5397 ;t
825 5271 1142 5399 qemendat
1172 5272 1279 5328 elis
1314 5276 1362 5329 1.
1398 5274 1764 5330 demandans
1790 5267 1912 5330 Elis
1942 5273 2061 5330 edd.
2094 5267 2329 5346 quonam
2375 5267 2560 5337 sensa,
2604 5273 2805 5327 nescio.
2870 5271 2938 5304 ²⁰⁹
2970 5272 3043 5325 ita
3074 5273 3128 5325 2.
3162 5269 3234 5325 ab
3269 5269 3293 5323 1
3325 5286 3338 5337 ;
3369 5268 3442 5339 cf.
3477 5283 3529 5323 υ.
3562 5267 3690 5324 548.

532 5381 543 5394 .
578 5356 610 5395 v
674 5357 705 5397 e
749 5358 783 5397 a
879 5384 892 5397 .

532 5381 543 5394 .
578 5356 809 5397 νοιθοειι
840 5356 892 5397 1.

1878 5443 2110 5502 NOT/E.

353 5533 468 5681 {63;
499 5535 806 5611 Deponens
837 5540 1265 5624 significatione
1296 5542 1550 5615 passiva.
2122 5542 2233 5614 (65)
2266 5539 2625 5626 Scil."plebs.
2650 5612 2658 5623 .

374 5606 446 5663 64
493 5610 631 5678 Avo,
669 5611 1014 5681 Berengarlo
1047 5614 1090 5670 Ι.
2122 5617 2235 5681 (66)
2269 5614 2430 5681 Regii
2464 5613 2658 5681 Lepidi

374 5606 467 5681 64)
493 5606 631 5678 Avo,
669 5606 1014 5685 Bcrengario
1047 5614 1090 5670 Ι.
1296 5606 1314 5615 ’
2269 5606 2683 5689 Regii-Lepidi.

601 5744 868 5813 Parnm"
913 5747 1228 5814 CXXXVII
3295 5746 3371 5815 37
3560 5828 3592 5832 ,,
3656 5796 3699 5829 ..ι
