4092 6190
348 269 500 333 1163
1156 262 1686 327 HIlOTSUlTH/E
1731 259 1964 324 MONIA

2149 256 2303 320 GAN
2315 253 2934 320 DERSHElMENSIS
3593 253 3751 317 1164

343 403 541 468 Ocius,
573 400 788 457 auxilio
819 398 1033 455 Christi
1063 402 1346 472 praesente
1378 397 1638 470 benigni.
2019 393 2077 462 Α
2102 394 2364 466 Augusto
2395 392 2495 448 sed
2530 391 2776 460 Romani
2809 407 2964 447 nunc
2995 390 3246 464 denique
3273 391 3460 466 regni,

345 494 494 553 Nam
525 494 696 547 caute
725 491 887 546 fovea
909 489 1079 561 juxta
1106 487 1388 560 placitum
1420 490 1709 558 reparata,
2105 481 2339 540 Nullam
2365 481 2624 537 dicentes
2653 479 2831 536 aliam
2860 480 3179 536 consistere
3207 480 3448 554 dignam

349 581 588 638 Advenit
615 579 868 636 libertati
898 594 1011 633 nox
1037 580 1172 648 apta
1203 576 1418 632 recenti
1448 575 1607 648 (Aug.
1639 575 1755 648 20),
2107 573 2283 628 Tecta
2313 572 2423 628 sub
2457 571 2650 644 ipsius
2675 569 2923 625 thalami
2951 569 3171 643 regalia
3197 571 3334 626 duci

351 675 417 728 ln
449 689 564 744 qua
593 671 734 725 dum
767 683 1008 722 somnus
1037 665 1224 738 plebis
1255 668 1616 737 perserperet
1643 665 1706 698 ²¹¹
1741 667 1922 729 artus,
2109 661 2248 716 Post
2276 661 2501 716 obitum
2535 659 2785 715 domina;
2815 659 3076 714 ﬂendum
3101 658 3330 716 cunctis
3361 661 3642 718 Eadithaz.

354 763 607 818 Tantum
638 774 772 814 eum
803 756 980 812 sociis
1011 755 1214 827 regina
1243 753 1511 826 piissima
1539 753 1696 809 binis
1719 753 1787 786 ²¹²
2109 750 2179 804 Et
2207 766 2307 804 rex
2334 748 2566 804 laetatus
2596 752 2772 803 tanta;
2803 747 3110 804 dulcedine
3139 749 3328 817 fama),

355 849 674 906 Custodum
709 847 943 902 fraudes
973 845 1205 918 fugiens
1234 847 1496 898 evaserat
1525 859 1748 907 omnes,
2113 837 2346 894 Pectore
2375 837 2643 893 volvebat
2672 837 2848 893 tacito
2876 854 2982 910 per
3009 842 3272 910 tempora
3300 839 3496 913 longa,

354 941 542 1011 Atque
570 937 672 992 viae
705 935 960 1006 spatium
992 932 1179 988 noctis
1209 932 1318 988 sub
1349 936 1609 1003 tempore
1638 934 1865 985 tantum
2113 928 2236 994 Quo
2260 931 2427 998 pacto
2459 925 2572 980 sibi
2604 926 2865 998 reginam
2897 927 3279 1000 conjungeret
3304 928 3500 998 istam,

359 1026 698 1093 Pertransit,
733 1022 947 1096 plantis
977 1025 1268 1093 quantum
1294 1020 1447 1077 valet
1479 1037 1615 1092 ergo
1647 1018 1894 1074 tenellis.
2115 1017 2248 1080 Quae
2282 1013 2392 1070 fuit
2423 1014 2659 1070 insidiis
2687 1014 2840 1087 regis
2868 1015 3231 1072 circumdata
3257 1020 3455 1076 tantis.

358 1117 472 1173 Sed
501 1132 636 1170 mox
665 1118 731 1168 ut
760 1111 962 1168 scissis
984 1112 1160 1166 cessit
1190 1129 1304 1166 nox
1331 1111 1497 1166 furva
1521 1112 1591 1145 "3
1621 1109 1896 1176 tenebris,
2115 1103 2288 1158 Venit
2315 1107 2373 1158 et
2402 1103 2462 1158 in
2495 1108 2772 1170 mentem,
2805 1104 3148 1176 praedictum
3179 1107 3431 1180 denique
3458 1126 3680 1184 regem,

357 1207 548 1276 Atque
575 1201 746 1275 polus
773 1199 952 1256 radiis
983 1199 1158 1272 cmpit
1186 1199 1500 1271 pallescere
1532 1198 1693 1266 solis,
2117 1191 2225 1258 Qui
2255 1192 2553 1264 quondam
2584 1192 2791 1278 patriis
2823 1192 3011 1249 fuerat
3039 1193 3324 1267 depulsus
3353 1197 3428 1252 ab
3455 1197 3612 1254 arvis

358 1292 738 1350 Abscondens
768 1289 826 1345 in
859 1289 1098 1346 secretis
1128 1306 1190 1345 se
1221 1289 1450 1344 cautius
1479 1287 1686 1355 antris,
2117 1282 2259 1354 Ejus
2289 1286 2346 1337 et
2375 1281 2590 1337 auxilio
2616 1281 2792 1338 citius
2823 1281 3140 1340 miserante
3168 1285 3465 1354 reduetus,

362 1383 530 1442 Nunc
558 1384 732 1452 vagat
757 1378 818 1434 in
849 1377 1031 1446 silvis,
1065 1377 1258 1434 latitat
1287 1394 1442 1432 nunc
1474 1376 1728 1448 denique
1757 1375 1936 1432 sulcis
2121 1371 2420 1443 Ingratum
2451 1371 2572 1427 fore
2602 1387 2760 1426 nunc
2787 1371 2956 1428 donis
2986 1375 3161 1429 tantas
3192 1373 3425 1446 pietatis
3452 1393 3467 1445 ;

359 1473 518 1528 Inter
545 1474 806 1526 maturas
835 1469 902 1502 ²¹⁴
931 1466 1154 1522 Cereris
1185 1465 1500 1522 crescentis
1529 1465 1760 1534 aristas,
2123 1459 2267 1516 llinc
2291 1475 2524 1532 quoque
2541 1476 2676 1516 mox
2691 1460 2918 1517 aditum
2937 1461 3174 1520 sibimet
3195 1465 3526 1536 providerat
3541 1471 3778 1541 aptum,

362 1561 554 1617 Donec
584 1575 698 1615 nox
727 1555 914 1613 solitis
945 1555 1175 1611 rediens
1205 1555 1412 1611 induta
1435 1553 1716 1622 tenebris,
2122 1548 2315 1621 Ipsius
2345 1548 2616 1606 Italicum
2638 1549 2763 1622 juri
2793 1551 3151 1625 subjungere
3179 1569 3449 1626 regnum.

364 1647 597 1721 Obtegit
625 1661 864 1702 rursum
895 1642 1107 1700 nebulo
1136 1648 1354 1699 terram
1387 1643 1694 1698 tenebroso
1729 1659 1742 1696 :
2126 1640 2242 1694 [loc
2274 1639 2373 1696 ubi
2405 1638 2696 1711 colloquio
2723 1640 2910 1696 sensit
2937 1647 3214 1698 narrante
3244 1649 3488 1716 paterno

365 1739 531 1794 Tunc
556 1737 762 1792 iterato
790 1733 945 1791 viam
975 1733 1204 1790 studuit
1231 1748 1567 1830 percurrere
1598 1735 1868 1824 emptam.
2047 1761 2096 1830 Β
2126 1727 2316 1830 Patris
2345 1743 2710 1830 amor‘verus
2740 1745 2876 1801 spes
2903 1733 2962 1784 et
2989 1729 3200 1803 gentis,
3237 1731 3569 1805 Liudulfus,

368 1823 933 1898 Denique'custodes
963 1821 1124 1878 illam
1157 1839 1273 1878 non
1306 1813 1715 1888 invenientes,‘
2047 1813 2096 1830 ⁸’
2131 1815 2258 1876 Non
2289 1833 2398 1873 sua
2426 1815 2770 1887 sollicitans,
2805 1817 2992 1890 patris
3021 1819 3125 1876 sed
3156 1823 3466 1880 commoda
3493 1828 3784 1898 tractans,

369 1913 698 1973 Narrabant
727 1912 944 1968 factum
972 1910 1172 1966 comiti
1205 1909 1480 1964 nuntium
1511 1908 1577 1942 ²¹⁶
1611 1905 1954 1974 tremefacti,
2131 1905 2462 1978 Praepaucis
2493 1923 2692 1963 secum
2725 1907 2892 1964 sotiis
2922 1912 3144 1965 secreto
3171 1913 3507 1984 resumptis,

371 2003 523 2060 Cura
551 2002 646 2058 cui
677 2000 1085 2057 conservanda:
1117 1998 1228 2053 fuit
1259 1997 1445 2052 indita
1475 1997 1724 2052 domnae.
2131 1994 2362 2052 Italiam
2393 1996 2576 2068 petiit,
2612 1995 2863 2068 fortique
2893 2013 3073 2053 manu
3105 2000 3447 2070 penetravit,

377 2093 484 2160 Qui
517 2097 735 2148 terrore
765 2089 955 2162 gravis
987 2103 1300 2159 percussus
1326 2087 1498 2141 corde
1528 2085 1777 2150 timoris,
2131 2085 2414 2141 Exortans
2445 2085 2629 2158 patris
2660 2085 2904 2158 imperio
2929 2086 3213 2158 populum
3244 2089 3384 2146 dare
3414 2091 3631 2150 collum
3657 2113 3673 2164 ;

378 2181 570 2254 Pergit
594 2195 728 2236 cum
761 2177 928 2234 sotiis
957 2176 1116 2232 illam
1149 2175 1484 2248 perquirere
1516 2173 1756 2242 multis;
2132 2173 2378 2246 Moxque
2438 2173 2589 2230 redit
2633 2172 2858 2230 clarum
2909 2175 3164 2232 referens
3193 2177 3322 2234 sine
3349 2185 3536 2238 marte
3567 2183 3784 2240 trium-

376 2273 446 2326 Et
475 2286 611 2326 cum
643 2268 933 2334 deficeret,
968 2282 1072 2321 nec
1094 2267 1222 2338 jam
1253 2265 1554 2320 dinoscere
1577 2267 1794 2335 posset,
3474 2271 3710 2344 [plana],

376 2363 500 2427 Quo
530 2356 730 2430 regina
760 2373 935 2411 suum
965 2355 1162 2410 tulerit
1191 2353 1520 2408 clarissima
1549 2369 1842 2424 gressum,
2130 2355 2253 2420 Quo
2285 2369 2382 2408 rex
2412 2357 2732 2426 comperto,
2765 2353 2996 2426 populis
3026 2358 3426 2426 narrantibus,
3457 2359 3622 2417 Oddo
3651 2364 3746 2432 ἰθ,

375 2445 594 2504 Detulit
622 2445 696 2501 ad
727 2460 920 2516 regem
951 2442 1356 2516 Beringarium
1389 2441 1631 2496 timidus
1661 2457 1805 2495 rem.
2130 2439 2314 2496 Corde
2343 2457 2521 2514 super
2549 2445 2754 2496 natum
2785 2441 2914 2498 lazto
2943 2443 3263 2514 plaudebat
3289 2449 3633 2519 amandum,

378 2537 481 2592 llic
511 2550 746 2608 quoque
775 2531 1052 2588 continuo
1082 2529 1325 2586 nimiam
1359 2545 1674 2585 conversus
1703 2529 1764 2584 in
1793 2529 1964 2599 iram,
2129 2530 2324 2604 Ipsius
2353 2549 2534 2588 causa
2563 2531 2808 2604 quijam
2842 2531 3182 2590 discrimine
3203 2539 3368 2592 ιῑιῐιῐο

373 2625 844 2694 Circumquaque
874 2637 1014 2676 suos
1044 2617 1238 2676 subito
1269 2617 1539 2672 mittebat
1569 2615 1863 2686 alumnos,
2125 2622 2416 2676 Audacter
2441 2620 2625 2677 subiit
2643 2625 2875 2694 gentem
2908 2621 3200 2679 turbando
3225 2624 3496 2682 ferocem.

373 2711 720 2785 Praecipiens
751 2709 885 2766 illos
915 2707 1146 2764 nullum
1171 2706 1424 2763 transire
1452 2704 1746 2773 locellum,
2129 2709 2316 2782 thue
2347 2709 2514 2766 labor
2541 2709 2678 2766 talis
2708 2727 2824 2766 non
2855 2710 3236 2768 frustraretur
3263 2716 3502 2786 amoris,

371 2803 484 2860 Sed
515 2805 685 2858 caute
715 2801 956 2855 cunctas
979 2799 1105 2870 jam
1138 2795 1494 2868 perlustrare
1521 2795 1777 2852 latebras
1805 2796 1894 2864 ²¹⁶,
2130 2799 2258 2870 Ipse
2287 2799 2525 2872 quidem
2555 2803 2790 2871 gentem
2821 2799 3072 2856 festinus
3101 2801 3283 2859 adivit
3309 2806 3579 2876 eandem,

371 2892 430 2949 Si
461 2892 659 2948 forsan
688 2888 928 2946 latebris
960 2887 1160 2960 regina
1184 2885 1392 2942 lateret
1420 2885 1479 2941 in
1510 2884 1672 2954 ullis,
2129 2887 2322 2945 Plebis
2352 2905 2468 2945 non
2498 2904 2677 2960 parva
2705 2887 2953 2962 propriae
2982 2890 3302 2949 comitante
3331 2899 3585 2963 caterva,

370 2981 616 3054 Ipseque
647 2995 782 3035 cum
813 2975 980 3033 fortis
1009 2975 1278 3048 sequitur
1305 2975 1480 3030 turba
1509 2973 1776 3047 legionis,
2129 2977 2362 3052 Regalis
2391 2993 2618 3050 pompae
2647 2977 2805 3033 vario
2837 2983 3226 3053 comptusque
3255 2983 3480 3052 decore,

369 3069 487 3126 Ceu
510 3069 610 3141 qui
641 3066 766 3122 vult
794 3065 991 3122 hostes
1017 3063 1167 3120 bello
1201 3079 1478 3135 superare
1509 3063 1748 3131 feroces,
2055 3131 2090 3141 _
2124 3066 2372 3140 Alpibus
2403 3065 2696 3122 aecinctas
2726 3065 2862 3122 altis
2891 3066 3212 3126 intraverat
3241 3071 3438 3128 horas.

368 3159 440 3214 Et
467 3131 670 3230 rapido
699 3159 954 3228 segetem
985 3170 1161 3210 cursu
1192 3131 1520 3225 peragravit
1549 3153 1816 3220 eandem,
2047 3131 2092 3200 C
2132 3131 2232 3210 llis
2263 3152 2638 3226 Beringarius
2665 3155 2982 3228 compertis
3009 3156 3080 3191 ¹²⁰
3107 3157 3570 3232 obstupefactus,

369 3247 434 3304 In
464 3246 634 3318 cujus
665 3243 848 3302 sulcis
877 3242 1052 3299 latuit
1080 3246 1220 3298 tunc
1250 3241 1468 3296 domna
1497 3241 1751 3296 recurvis
2130 3243 2258 3301 Non
2290 3240 2510 3298 bellum
2543 3241 2724 3298 movit
2753 3241 2894 3315 regi,
2929 3259 3044 3299 non
3075 3244 3281 3304 obvius
3309 3247 3446 3316 exit,

369 3337 498 3392 Ilaec
529 3350 706 3408 quam
737 3331 1058 3404 quaerebat,
1091 3329 1317 3386 Cereris
1346 3331 1611 3384 contecta
1640 3328 1750 3384 sub
1781 3327 1912 3387 alis.
2129 3331 2242 3388 Sed
2273 3347 2336 3388 se
2364 3329 2710 3388 salvandum
2743 3330 2982 3388 castello
3013 3333 3281 3406 protinus
3309 3341 3444 3410 apto

359 3423 605 3481 Scilicet
626 3423 736 3494 (67)
757 3420 876 3475 huc
907 3419 1164 3488 illucque
1193 3417 1388 3472 locum
1415 3422 1780 3489 percurreret
1799 3419 2028 3504 ipsum,
2130 3419 2352 3490 Intulit,
2381 3418 2444 3475 in
2475 3419 2620 3476 tutis
2648 3420 2840 3492 posito
2870 3419 3176 3495 ﬁrmisque
3204 3423 3446 3483 locellis.

362 3513 429 3569 In
459 3527 575 3584 quo
607 3526 724 3564 non
755 3523 931 3580 parvo
953 3506 1145 3578 jacuit
1173 3508 1396 3562 terrore
1425 3510 1684 3580 gravata,
2125 3511 2200 3566 At
2227 3525 2326 3565 rex
2355 3508 2618 3564 famosus
2649 3511 2864 3577 noster,
2896 3508 3109 3568 virtute
3137 3515 3449 3586 superbus,

362 3603 435 3658 Et
463 3597 734 3674 quamvis
763 3594 1214 3667 circumpositos
1245 3594 1584 3668 disjungere
1613 3595 1841 3655 culmos
2124 3599 2417 3654 Audacter
2444 3596 2589 3654 satis
2617 3597 2850 3670 ignotas
2880 3601 3223 3671 pertransiit
3251 3602 3450 3670 horas,

363 3689 604 3749 Nisibus
631 3689 863 3774 extenta
887 3682 1114 3774 cunctis
1138 3687 1254 3774 tam
1261 3683 1509 3756 ptaverit
1536 3683 1728 3774 hasta,
2125 3687 2311 3744 Italici
2342 3686 2580 3760 Papiam
2604 3686 2767 3760 regni
2788 3686 2942 3761 cepit
2971 3705 3204 3762 quoque
3229 3691 3586 3753 domum”:
3608 3699 3780 3774 (δεμ,

361 3779 489 3838 Non
518 3779 716 3833 tamen
745 3772 988 3842 invenit,
1018 3771 1238 3863 Christi
1269 3788 1448 3863 quam
1479 3771 1670 3844 gratia
1697 3775 1860 3863 texit.
3620 3771 3780 3863 [23).

357 3869 464 3924 Ast
491 3865 592 3922 ubi
625 3863 906 3920 confusus
935 3859 1126 3929 rediit,
1161 3860 1413 3915 nimium
1447 3877 1680 3933 quoque
1711 3862 1925 3938 lassus,
2122 3868 2248 3936 Qua
2276 3869 2431 3922 certe
2459 3868 2649 3938 capta,
2682 3865 2879 3922 cuncti
2907 3867 3066 3923 velut
3095 3869 3331 3943 agmine
3361 3872 3516 3931 facto

359 3955 575 4014 Praesul
600 3953 969 4012 Adelhardus
1000 3967 1136 4006 mox
1163 3949 1400 4006 advenit
1423 3951 1810 4022 venerandus,
2119 3957 2454 4024 Quaerentes
2483 3969 2682 4026 regem,
2705 3969 2976 4026 proceres
3006 3973 3213 4014 venere
3243 3966 3556 4033 recentem,

358 4045 711 4116 Induxitque
739 4056 907 4098 suam
942 4038 1219 4114 gaudenti
1251 4041 1480 4111 pectore
1504 4039 1784 4097 domnam
2117 4043 2547 4114 Certabantque
2575 4059 2682 4099 suo
2706 4042 2830 4113 juri
2861 4060 2924 4101 se
2953 4044 3205 4104 subdere
3232 4065 3450 4122 magno

357 4135 520 4192 Intra
547 4146 804 4204 namque
829 4147 948 4185 suae
979 4145 1180 4184 muros
1212 4127 1376 4184 urbis
1409 4128 1554 4184 bene
1585 4127 1806 4198 ﬁrmos,
2115 4135 2272 4202 Quos
2301 4148 2440 4187 nam
2471 4147 2630 4187 more
2661 4147 2769 4187 suo
2801 4133 3065 4207 suscepit
3094 4139 3290 4193 mente
3320 4137 3597 4213 benigna,

357 4223 577 4295 Ilioque
607 4219 720 4276 sibi
750 4219 924 4292 digne
952 4223 1070 4274 toto
1099 4216 1333 4274 servivit
1359 4215 1596 4285 honore,
2115 4221 2466 4279 Promittens
2498 4219 2644 4292 ipsis
2674 4220 2804 4290 ejus
2833 4237 3058 4278 munus
3077 4223 3334 4296 pietatis.

352 4313 546 4370 Donec
577 4310 860 4382 majorem
889 4307 1118 4363 Christo
1149 4306 1464 4362 miserante
1493 4306 1760 4364 decorem
2111 4310 2172 4368 Si
2203 4314 2336 4384 post
2367 4309 2488 4366 haec
2517 4307 2602 4364 illi
2633 4309 2922 4366 servirent
2951 4317 3142 4370 mente
3172 4313 3352 4371 fideli.

353 4399 537 4474 Regni
569 4398 848 4470 suscepit,
882 4396 1107 4470 pridem
1139 4411 1316 4466 quam
1347 4399 1554 4451 Incesta
1583 4397 1835 4470 reliquit.
2111 4399 2246 4457 Istis
2276 4397 2361 4455 sic
2391 4397 2632 4463 habitis,
2665 4397 2867 4454 crebro
2898 4401 3244 4460 tractamine
3274 4405 3466 4463 cordis

350 4490 613 4561 Denique
644 4483 1232 4587 nostratesqui‘dam,
1267 4488 1406 4587 tnunc
1435 4485 1815 4556 experientes,
2028 4522 2074 4587 D
2107 4489 2338 4562 Regium
2368 4485 2512 4543 satis
2541 4485 2783 4559 egregias
2814 4503 3039 4544 memor
3061 4486 3570 4564 est'zEdelheithaa,

349 4579 632 4652 Reginam
663 4575 898 4632 domino
929 4571 1250 4630 desolatam
1278 4573 1399 4627 fore
1431 4589 1582 4642 08w,
2028 4571 2072 4587 "
2105 4575 2378 4652 Regalem
2411 4579 2566 4632 certe
2595 4575 2840 4648 cupiens
2869 4579 3222 4652 quandoque
3251 4581 3446 4638 videre

346 4668 528 4738 Cujus
559 4663 910 4740 praedulcem
939 4665 1322 4734 gustavcrunt
1349 4661 1624 4733 pietatem
2099 4667 2294 4740 Ipsius
2325 4665 2555 4734 faciem,
2589 4665 2760 4736 cujus
2793 4665 2998 4722 didicit
3027 4667 3370 4726 bonitatem.

345 4757 588 4825 Quando
616 4756 681 4790 "7
711 4771 815 4826 per
844 4750 1072 4809 Italiam
1105 4753 1402 4822 cmperunt
1432 4766 1668 4823 pergere
1719 4753 1984 4824 Romam,
2097 4755 2260 4813 Unde
2290 4753 2528 4828 quidem
2561 4753 2910 4810 mandatelis
2941 4755 3010 4790 ²²²
3035 4757 3318 4815 secretius
3349 4759 3518 4831 actis,

343 4846 486 4917 Ejus
511 4845 578 4878 ²¹⁷
611 4840 997 4916 multiplicem
1024 4839 1246 4895 recitati
1277 4843 1415 4894 sunt
1445 4839 1719 4912 pietatem
2095 4847 2230 4914 Qua;
2257 4845 2488 4900 fuerant
2513 4842 2676 4916 pacis
2705 4859 2930 4900 necnon
2961 4846 3272 4918 praedulcia
3301 4849 3520 4906 amoris

341 4932 614 4990 Crebrius
643 4931 870 4987 Oddoni
898 4931 985 4999 "3,
1021 4945 1234 5002 magno
1265 4934 1406 4984 tunc
1435 4928 1689 5002 denique
1719 4931 1860 5004 regi,
2094 4935 2214 4992 Sub
2246 4933 2414 5006 signo
2441 4931 2574 4988 fidei
2608 4931 2789 4988 ﬁrmae
2821 4933 3202 4992 mandaverat
3231 4935 3336 4992 illi.

409 5022 574 5078 Vers.
606 5021 732 5078 593.
1032 5056 1040 5065 α
2161 5021 2326 5078 Vers.
2359 5021 2485 5077 643.

1683 5116 1924 5176 VARIz‘E
1971 5118 2392 5176 LECTIONES.

404 5221 470 5257 ²¹¹
501 5222 578 5276 ita
603 5234 788 5293 om;
821 5217 1184 5293 ριόεξονρθιδοι
1206 5215 1267 5293 ,ίο
1337 5212 1605 5293 m_b0{1_i_8
1634 5231 1776 5293 0077'.
1809 5215 1966 5274 binis
1999 5218 2088 5293 1‘.__
2116 5217 2188 5254 ²¹³
2213 5217 2446 5293 debeas
2481 5219 2782 5293 2.“_surua
2839 5219 2888 5274 1.
2938 5221 3110 5293 etiam,
3149 5220 3330 5277 surda
3374 5222 3517 5293 ferri
3541 5233 3742 5293 posset.

331 5292 399 5327 ²¹⁴
431 5295 505 5349 ita
535 5291 742 5348 Rcuber
766 5285 1073 5346 θὴιθηάαυϊι
1101 5289 1364 5341 maturos
1397 5286 1447 5339 1.
1515 5285 1582 5320 ²¹⁵
1614 5286 1868 5344 multum
1899 5293 1954 5345 2.
2023 5289 2091 5324 ²¹⁶
2122 5290 2395 5346 tenebras
2422 5291 2477 5344 2.
2541 5288 2608 5324 ²¹⁷
2639 5289 2699 5344 hi
2727 5289 2834 5346 duo
2862 5307 3049 5347 versus
3078 5292 3272 5348 (terunt
3295 5285 3506 5349 in'edd.
3541 5285 3614 5330 δη
3644 5295 3747 5352 0t-

331 5365 453 5419 toni
485 5365 534 5418 1.
575 5364 644 5398 ²¹⁰
672 5363 804 5417 Otto
837 5362 884 5416 1.
953 5360 1020 5393 ²²⁰
1049 5361 1385 5430 compertus
1415 5372 1555 5412 corr.
1591 5361 1904 5432 compertis
1936 5362 1987 5416 1.
2051 5361 2118 5396 ²²¹
2149 5361 2452 5418 dominam
2488 5361 2539 5417 1.
2603 5361 2672 5395 ²²²
2702 5362 2943 5418 mandat
2975 5379 2988 5420 :
3023 5361 3130 5419 clis
3159 5365 3184 5418 1
3213 5382 3226 5433 ;
3261 5381 3310 5420 v.
3347 5367 3498 5438 infra
3524 5383 3578 5423 υ.
3609 5368 3742 5425 651.

1917 5457 2152 5518 ΝΟΤὶΕ.

405 5558 516 5638 (67)
547 5558 610 5615 Id
639 5561 728 5615 est
754 5558 893 5614 Nam
923 5558 1067 5616 licet.
