4084 6190
1946 268 1964 297 Ι

339 359 495 418 1165
1416 364 1735 429 CARMEN
1783 364 1881 425 DE
1930 366 2203 427 GESTIS
2249 368 2583 430 OTTONIS
2630 368 2678 428 Ι.
3592 374 3746 432 1166

338 490 456 547 Hoc
488 506 723 563 quoque
754 490 1013 549 suadelis
1046 493 1463 552 exhortabatur
1493 497 1722 565 amicis,
2019 508 2075 574 Α
2105 500 2222 556 Hac
2252 501 2319 535 ²²⁵
2348 501 2432 556 itu
2464 500 2674 556 lzeticia
2705 501 2900 574 dignis
2928 502 3101 557 rebus
3133 501 3444 569 celebrata,

339 579 413 635 Ut
441 578 614 635 celeri
647 579 886 652 Papiam
917 598 1095 637 cursu
1124 587 1363 654 peteret,
1391 586 1739 658 populosam
2100 588 2346 644 Advenit
2374 589 2493 643 dux
2521 589 2825 645 Conradus
2855 606 2991 645 cum
3022 607 3163 662 pace
3192 607 3479 656 reversus,

338 666 573 736 Urbem,
608 685 787 741 quam
814 686 949 725 cum
982 670 1233 728 tristicia
1260 672 1487 731 dimisit
1517 692 1738 743 amara,
2098 678 2409 732 Adducens
2442 678 2846 751 Beringarium
2879 695 3061 750 supra
3092 682 3506 749 memoratum,

337 759 480 825 Quo,
516 762 828 830 prmslante
860 777 1025 815 sacra
1056 761 1209 833 regis
1239 763 1455 835 pietate
1486 764 1779 836 perennis,
2100 765 2290 836 Ipsius
2319 765 2535 837 ingenii
2568 766 2919 838 captum,sic
2952 770 3073 822 arte
3106 768 3404 839 profundi,

337 846 440 900 llic
475 847 645 901 modo
676 846 993 903 sublimem
1024 851 1289 921 gaudens
1319 856 1581 924 captaret
1609 853 1915 918 honorem,
2100 854 2292 909 Gratis
2323 858 2388 909 ut
2418 855 2644 909 Oddoni
2676 856 2743 889 ²²⁶
2776 856 2931 909 venit
2962 874 3023 911 se
3054 857 3303 912 subdere
3336 856 3477 929 regi.

336 936 458 1000 Quo
490 934 653 1007 prius
687 935 982 1007 ingentem
1026 937 1213 993 fuerat
1243 956 1521 1012 perpessa
1562 940 1842 997 dolorem.
2098 943 2263 997 Tunc
2295 943 2449 998 idem
2484 961 2599 1011 rex,
2635 944 2735 1015 qui
2768 962 2999 1017 semper
3032 944 3163 999 fecit
3197 945 3507 1016 sapienter,

336 1023 439 1078 His
479 1024 829 1079 mandatelis
858 1026 1035 1081 cessit
1067 1028 1270 1103 regina
1300 1029 1591 1100 benignis,
2098 1031 2262 1087 IIunc
2294 1049 2487 1103 regem
2522 1037 2676 1087 certe
2706 1032 2883 1105 digno
2916 1034 3180 1105 suscepit
3211 1034 3449 1102 honore,

335 1112 405 1167 Et
432 1129 547 1183 quo
570 1112 743 1183 jussa
774 1113 905 1179 fuit,
938 1116 1155 1186 pariter
1184 1116 1599 1174 comitantibus
1633 1118 1737 1173 ivit
2098 1120 2432 1176 Restituens
2465 1120 2545 1175 illi
2581 1121 2796 1177 sublati
2830 1120 3091 1176 culmina
3122 1122 3283 1193 regni

337 1199 651 1256 Permultis
677 1202 1080 1273 subjectorum
1108 1205 1312 1260 cuneis
1346 1206 1721 1278 populorum.
2097 1209 2213 1263 Ista
2241 1213 2497 1281 percerte
2532 1214 2759 1266 tantum
2794 1210 2904 1265 sub
2937 1209 3292 1280 conditione,

335 1290 410 1346 Ut
441 1308 541 1346 rex
571 1290 678 1347 hos
707 1292 913 1359 sensit,
937 1295 1107 1365 cujus
1142 1296 1521 1352 mandamine
1552 1296 1731 1365 venit,
2097 1297 2169 1354 Ut
2199 1302 2333 1370 post
2360 1298 2481 1353 hazc
2512 1299 2709 1354 causis
2742 1316 2858 1354 non
2890 1298 3316 1354 contradicerct
3345 1299 3483 1356 ullis

336 1379 528 1451 Ipsius
558 1380 870 1436 Henricum
903 1381 1140 1439 fratrem
1172 1385 1446 1457 praecepit
1483 1386 1804 1441 amandum
2094 1384 2287 1457 Ipsius
2320 1387 2568 1459 imperio
2601 1387 2806 1442 multis
2838 1386 3008 1460 longe
3041 1389 3357 1444 metuendo
3387 1391 3475 1455 3",

335 1468 525 1540 Hujus
552 1468 612 1524 in
644 1486 954 1526 occursum
986 1474 1211 1545 regredi
1242 1477 1407 1532 trans
1436 1474 1609 1531 litora
1641 1475 1804 1539 Padi.
2095 1474 2205 1529 Sed
2239 1491 2345 1531 ceu
2376 1476 2681 1547 subjectus
2699 1476 2888 1548 jussis
2921 1479 3077 1531 esset
3107 1476 3431 1534 studiosus.

335 1556 410 1612 Ut
439 1556 853 1614 sublimandan
885 1559 1049 1632 regni
1080 1560 1489 1633 splendoribus
1521 1580 1696 1619 seram
1730 1563 1839 1635 (68)
2094 1562 2211 1618 Hoc
2240 1579 2474 1636 quoque
2505 1564 2773 1621 sollicitis
2805 1565 3059 1620 decrevit
3090 1565 3342 1631 maxime
3372 1566 3568 1637 dictis,

334 1644 506 1702 Tanti
538 1648 898 1719 compositus
928 1649 1095 1705 ducis
1124 1650 1192 1684 ³³³
1222 1656 1457 1707 ornaret
1489 1651 1834 1707 famulatus.
2093 1651 2167 1707 Ut
2196 1656 2329 1724 post
2358 1652 2478 1709 haec
2509 1652 2794 1725 populum
2826 1658 3052 1725 regeret
3079 1653 3427 1711 clementius
3458 1655 3674 1728 ipsum,

334 1735 441 1801 Qui
473 1736 669 1791 studio
700 1738 917 1793 mentis
945 1742 1233 1811 praecepta
1261 1757 1515 1812 sequens
1549 1740 1821 1807 senioris,
2092 1741 2274 1805 Quem
2308 1741 2472 1813 prius
2505 1741 2749 1813 imperio
2782 1742 3035 1797 nimium
3066 1742 3349 1815 corripuit
3378 1744 3446 1779 ²²⁸
3470 1762 3692 1800 amaro.

2092 1828 2198 1894 Qui
2233 1846 2294 1885 se
2326 1829 2695 1902 complendis
2716 1830 3008 1887 simulans
3029 1836 3372 1905 promptum
3396 1832 3516 1890 fore
3532 1834 3746 1907 jussis,

2090 1917 2266 1974 Ocius
2297 1918 2602 1986 abscessit,
2636 1920 2888 1991 patriam
2920 1919 3207 1992 laetusque
3236 1920 3453 1993 petivii.

332 1825 644 1897 Egreditur
673 1829 827 1882 certe
858 1843 993 1881 cum
1024 1828 1207 1901 regali
1239 1828 1487 1901 legione,

332 1913 653 1987 Castraque
681 1914 893 1988 reginae
918 1917 1183 1988 gaudens
1211 1918 1406 1989 pettiit
1434 1918 1797 1986 venerandis,

334 2003 399 2058 1n
430 2003 563 2075 quis
593 2020 728 2059 cum
762 2003 929 2061 sotiis
954 2006 1245 2062 residebat
1276 2007 1528 2079 denique
1559 2006 1786 2078 multis,
2089 2008 2193 2062 Ast
2222 2005 2321 2061 ubi
2355 2006 2669 2063 sublimem
2701 2008 2865 2079 regni
2896 2009 3236 2080 possederat
3266 2026 3481 2078 arcem,

2012 1879 2060 1943 B

333 2090 498 2148 Illam
529 2093 816 2166 condigne
845 2110 1078 2150 summo
1110 2096 1424 2152 comitatus
1454 2096 1691 2164 honore,
2091 2095 2288 2151 Lassus
2320 2094 2580 2152 suadelis
2612 2097 2980 2168 quorundam
3017 2113 3271 2168 namque
3312 2097 3569 2155 sinistris

333 2181 524 2238 Donec
556 2182 734 2256 regali
767 2188 1144 2256 praesentaret
1172 2185 1361 2241 faciei.
2091 2183 2220 2239 Mox
2250 2183 2466 2250 infelici
2498 2186 2764 2257 graviora
2796 2185 3034 2257 quidem
3060 2186 3209 2258 juga
3238 2186 3397 2257 genti

332 2272 467 2337 Qua:
498 2272 704 2328 merito
736 2274 854 2346 regi
888 2274 1086 2330 statim
1108 2273 1330 2347 placuit
1359 2275 1504 2330 satis
1530 2274 1664 2347 ipsi,
2092 2272 2288 2341 Infert,
2323 2273 2374 2328 vi
2410 2290 2624 2346 magna
2655 2290 2757 2345 pro
2790 2274 3064 2346 despectu
3099 2273 3211 2329 sibi
3244 2275 3397 2331 facta
3427 2277 3514 2345 m,

332 2359 694 2433 Eligiturque
724 2362 816 2418 sui
848 2379 1087 2419 consors
1120 2363 1469 2436 dignissima
1497 2364 1681 2436 regni.
2088 2361 2160 2416 Sc
2192 2378 2437 2433 regnum
2470 2362 2656 2433 pretio
2688 2366 3027 2418 contestans
3059 2379 3252 2419 emere
3283 2380 3521 2437 magno,

329 2450 493 2505 Tunc
521 2451 591 2485 ²²⁴
619 2468 719 2507 rex
748 2468 810 2506 se
842 2451 1094 2507 novitate
1127 2451 1206 2507 rei
1241 2468 1487 2508 cernens
1519 2452 1775 2520 retineri,
2088 2450 2203 2505 Nec
2231 2450 2350 2505 fore
2381 2449 2740 2522 culpandum
2773 2451 2821 2506 si
2847 2453 2953 2523 jus
2984 2452 3254 2524 fregisset
3284 2470 3551 2524 avorum,

330 2539 616 2611 Tempore
646 2556 717 2594 ne
747 2540 969 2611 patrias
998 2540 1258 2596 instante
1291 2541 1506 2597 rediret
1536 2541 1608 2596 ad
1640 2558 1794 2608 oras,
2087 2539 2197 2594 Sed
2232 2539 2422 2611 magis
2452 2539 2681 2595 Oddoni
2712 2540 2780 2574 ²³⁰
2810 2539 2993 2612 culpae
3025 2542 3303 2596 meritum
3330 2543 3611 2614 reputari.

330 2626 673 2683 Liudulfum
703 2627 925 2700 placuit
954 2646 1156 2685 carum
1187 2629 1539 2702 praemittere
1572 2634 1796 2695 natum,
1885 2625 1890 2630 ’
2088 2627 2203 2699 Ipsi
2237 2628 2516 2700 primates
2546 2627 2737 2700 plebis
2770 2629 2870 2700 qui
2893 2630 3168 2685 venderet
3198 2646 3425 2685 omnes.

332 2717 405 2773 Ut
432 2733 578 2789 gens
607 2717 903 2785 Saxonum
935 2716 1102 2773 fortis
1128 2717 1400 2774 volitaret
1431 2718 1501 2773 ad
1524 2717 1691 2772 illum
2087 2715 2217 2770 Haec
2250 2733 2341 2771 res
2373 2717 2445 2771 ad
2478 2732 2674 2789 regem
2705 2734 2841 2773 mox
2872 2721 2935 2772 ut
2963 2717 3226 2789 pervenit
3255 2718 3529 2787 eundem,

328 2807 399 2861 Et
428 2822 675 2879 regnum
705 2806 817 2861 sub
849 2810 1093 2880 patrono
1125 2811 1308 2863 staret
1337 2802 1483 2862 bene
1513 2811 1697 2875 tanto,
2087 2804 2151 2859 In
2182 2805 2587 2878 Beringarium
2611 2807 2781 2878 justa
2811 2807 3188 2862 succenditur
3218 2806 3324 2875 ira,

327 2894 434 2962 Qui
466 2911 680 2967 parens
699 2895 889 2967 jussis
920 2896 1127 2951 devota
1156 2899 1348 2951 mente
1380 2895 1661 2967 parentis,
2085 2892 2269 2949 Corde
2300 2911 2479 2966 super
2508 2895 2707 2968 populi
2740 2895 2973 2952 damnis
3004 2912 3255 2951 moerens
3286 2895 3626 2965 miserandi,

324 2983 411 3038 Ad
444 2982 695 3055 patriam
727 2982 900 3039 rediit
929 3001 1131 3040 curam
1164 2984 1442 3058 regnique
1474 2984 1714 3057 recepit,
2087 2982 2150 3037 In
2180 2982 2510 3055 meliusque
2533 2984 3495 3041 statummstuduitmconvertere
3519 3001 3735 3041 rerum.

325 3070 538 3128 Omnia
566 3072 885 3145 prudenter
914 3090 1138 3130 necnon
1171 3072 1419 3129 nimium
1448 3072 1598 3145 sapit
1613 3077 1744 3128 nter
2085 3072 2154 3127 Et
2186 3072 2398 3129 faceret
2427 3072 2625 3141 citius,
2660 3072 2877 3130 Christi
2908 3073 3240 3129 munimine
3270 3072 3475 3142 fultus,

325 3160 659 3234 Complens,
693 3162 753 3217 in
786 3161 975 3235 patria
1005 3179 1131 3234 quae
1163 3167 1303 3218 tunc
1333 3162 1565 3218 fuerant
1595 3162 1880 3217 facienda.
2085 3159 2141 3216 Si
2182 3177 2296 3216 non
2329 3161 2575 3216 fortuna:
2603 3166 2851 3218 restaret
2882 3179 3062 3218 causa
3091 3162 3363 3217 sinistrae.

327 3249 554 3305 Interea
580 3251 697 3306 dux
729 3250 1034 3320 Henricus,
1068 3251 1223 3323 regis
1251 3251 1618 3307 venerandus
2004 3249 2047 3315 C
2086 3249 2350 3322 Namque
2381 3251 2588 3306 decore
2619 3251 2710 3306 sui
2744 3251 2987 3306 florente
3016 3268 3121 3323 per
3148 3251 3347 3307 omnia
3378 3250 3563 3324 regni,

327 3337 549 3407 Frater,
570 3337 630 3393 in
664 3338 830 3395 Italia
859 3339 1049 3396 cordis
1081 3339 1388 3397 conamine
1418 3356 1652 3397 summo
2082 3338 2229 3395 Cum
2262 3355 2325 3394 se
2356 3340 2634 3411 gauderet
2664 3339 2892 3396 cuuctis
2924 3339 3144 3413 fulgere
3175 3340 3471 3409 secundis,

324 3426 637 3499 Obsequiis
665 3444 902 3501 operam
933 3429 1117 3503 gessit
1146 3429 1442 3503 regalibus
1471 3433 1694 3503 aptam,
2083 3427 2330 3483 Protulit
2361 3428 2587 3499 antiqui
2620 3432 2892 3484 renovata
2921 3427 3049 3484 lues
3080 3428 3304 3484 inimici

322 3513 589 3569 Offitium
621 3531 739 3571 non
768 3516 1030 3590 germani
1060 3516 1431 3573 solummodo
1453 3517 1569 3573 cari
2083 3517 2329 3572 Fraudis
2357 3522 2759 3572 commentum
2778 3518 3007 3573 cunctis
3025 3535 3127 3590 per
3147 3518 3303 3575 secla
3321 3518 3730 3591 dolendum”,

324 3603 440 3659 Sed
472 3620 641 3678 mage
663 3606 765 3677 jus
795 3606 941 3662 servi
974 3606 1171 3662 studio
1203 3605 1550 3678 complendo
1583 3606 1842 3679 benigni.
2079 3604 2212 3660 Jam
2240 3608 2380 3659 tunc
2411 3605 2720 3676 paciﬁcum
2749 3610 3045 3677 temptans
3075 3607 3433 3664 confundere
3461 3626 3730 3682 regnum.

320 3692 468 3749 Hinc
498 3711 614 3749 non
646 3694 938 3751 immerito
970 3695 1088 3768 regi
1121 3693 1343 3767 placuit
1371 3694 1515 3751 satis
1549 3694 1681 3766 ipsi,
2082 3692 2198 3747 Hoc
2228 3696 2292 3747 ut
2322 3693 2669 3763 quantocius
2701 3699 2900 3765 posset
2931 3699 3161 3764 patrare
3187 3694 3506 3767 malignus,

318 3782 425 3839 Est
453 3798 685 3855 quoque
715 3782 927 3855 reginas
953 3783 1208 3839 fraterno
1228 3784 1473 3856 junctus
1507 3799 1725 3855 amore,
2080 3781 2263 3853 Regni
2298 3785 2550 3837 rectores
2580 3781 2838 3853 primum
2868 3781 3205 3837 turbaverat
3233 3799 3459 3852 omnes,

318 3870 662 3943 Aﬂ'ectuque
691 3870 786 3943 pio
816 3871 1010 3928 fuerat
1040 3871 1290 3929 dilectus
1320 3872 1392 3928 ab
1425 3870 1547 3927 illa.
2079 3871 2334 3942 Sperans
2363 3869 2667 3926 interitum
2700 3868 2888 3941 plebis
2920 3886 3054 3925 mox
3082 3887 3212 3926 esse
3235 3871 3523 3928 futurum.

319 3961 489 4017 Tunc
518 3976 617 4016 rex
648 3958 914 4017 Italicum
945 3965 1352 4034 peragraverat
1389 3961 1650 4033 undique
1698 3977 1966 4033 regnum,
2016 3996 2017 3999 η
2079 3959 2339 4032 Denique
2369 3959 2577 4015 famosi
2607 3963 2781 4014 natus
2812 3958 2966 4031 regis
2998 3958 3309 4016 Liudulfus
3339 3961 3459 4032 (An.
3495 3961 3625 4034 953)

322 4049 610 4106 Primates
641 4049 804 4123 regni
832 4050 1078 4123 propriae
1111 4050 1372 4106 subdens
1404 4048 1609 4105 ditioni
1640 4049 1858 4121 (An.95,
2080 4048 2151 4105 Ut
2175 4049 2443 4121 cognovit
2474 4047 2742 4104 amicitiae
2774 4047 2960 4121 signis
2994 4047 3136 4104 satis
3159 4049 3336 4123 aptis,

322 4138 426 4194 His
456 4154 690 4211 quoque
718 4137 1026 4212 completis
1048 4140 1220 4211 juxto
1249 4143 1565 4210 votumque
1596 4137 1822 4207 locatis,
2077 4140 2307 4205 Quanto
2333 4138 2595 4210 perfecta:
2628 4136 2762 4192 fidei
2790 4136 2993 4192 dilexit
3022 4153 3221 4194 amore

321 4227 404 4284 Ne
436 4226 809 4301 Beringarius
838 4243 1086 4301 regnum
1118 4231 1348 4300 raperet
1376 4226 1488 4283 sibi
1520 4243 1778 4297 rursum,
2077 4226 2417 4294 Henricum,
2449 4225 2601 4298 regis
2632 4226 2893 4295 fratrem,
2927 4225 3130 4298 regina
3161 4227 3369 4300 ﬁdelis,

319 4307 653 4372 Conradum
686 4333 821 4373 cum
852 4333 967 4372 non
1001 4317 1204 4390 paucis
1228 4333 1298 4372 ex
1322 4316 1554 4389 agmine
1585 4316 1752 4373 lectis
2076 4316 2357 4387 Quodque
2387 4331 2507 4370 sure
2540 4314 2673 4370 ﬁdei
2703 4314 2898 4371 studio
2928 4331 2991 4371 se
3022 4315 3288 4373 subdidit
3316 4320 3496 4386 omni,

322 4404 387 4461 In
420 4404 598 4477 Papia
627 4405 882 4461 residere
902 4405 1112 4461 ducem
1133 4404 1322 4476 jussit
1348 4404 1699 4476 sapientem,
2076 4403 2363 4477 Tangitur
2391 4402 2604 4459 interni
2628 4402 2847 4475 jaculis
2879 4409 3101 4460 secreto
3128 4404 3366 4475 doloris,

319 4494 425 4550 Cui
450 4494 778 4551 veneranda
807 4511 926 4551 suis
955 4494 1197 4549 dederat
1225 4493 1520 4548 consortia
1552 4497 1735 4562 natae;
2077 4493 2229 4548 [Iaut
2258 4492 2345 4548 ira
2377 4492 2621 4561 fervens,
2656 4492 2774 4549 odii
2806 4510 2911 4549 nec
2943 4492 3072 4549 felle
3102 4494 3425 4562 tabescens,

320 4582 568 4655 Ipseque
595 4582 873 4639 continuo
902 4582 1077 4639 rediit
1104 4598 1240 4638 cum
1271 4582 1518 4654 conjuge
1548 4580 1723 4647 clara,
1996 4619 2043 4683 D
2079 4581 2189 4636 Sed
2223 4597 2400 4652 super
2428 4581 2648 4637 amisso
2678 4598 2824 4636 cara:
2853 4582 3155 4653 genitricis
3187 4599 3384 4639 amore

319 4672 636 4728 Intendens
666 4672 865 4744 patriae
896 4672 1095 4728 sedem
1127 4670 1378 4726 festinus
1407 4670 1588 4725 adire.
1996 4669 2040 4683 ³¹
2079 4671 2159 4724 Ex
2191 4670 2328 4741 zegri
2357 4669 2597 4725 latebris
2628 4671 2848 4725 ducens
2879 4669 3136 4742 suspiria
3166 4673 3393 4741 cordis;

317 4762 503 4826 Quem
534 4761 734 4833 gavisa
763 4760 1002 4833 quidem
1033 4760 1201 4833 plebs
1229 4759 1861 4831 suscepitvenientem,
2081 4758 2485 4829 Deceptusquc
2516 4757 2686 4813 malis
2719 4757 3147 4829 permultorum
3174 4759 3455 4831 suadelis,

315 4849 648 4905 Altitbrono
679 4853 873 4923 grates
902 4866 1185 4923 spargens
1215 4865 1393 4920 super
1421 4848 1637 4903 aethera
1675 4847 1894 4917 dulces,
2082 4846 2392 4901 Pertimuit
2423 4846 2645 4919 fragilis
2675 4863 2778 4917 pro
2808 4848 3232 4904 consuetudine
3263 4849 3499 4911 mentis.

316 4938 428 5007 Qui
460 4938 793 4994 miserando
823 4956 942 4993 sua:
968 4937 1156 5011 plebis
1188 4937 1361 4991 solita
1390 4936 1628 5009 pietate,
2080 4935 2243 5001 Quod
2275 4938 2409 5007 post
2438 4950 2553 4988 non
2586 4933 2672 4987 uti
2703 4933 2873 4989 donis
2894 4934 3126 4990 deberet
3159 4934 3398 4992 honoris

316 5030 503 5093 Quem
530 5028 664 5099 pius
692 5027 887 5100 elegit,
921 5043 1118 5100 regem
1150 5042 1284 5081 cum
1316 5041 1457 5097 pace
1485 5024 1733 5081 reduxit.
2080 5023 2393 5095 Condigni,
2425 5022 2526 5077 sed
2560 5021 2705 5077 forte
2736 5022 2929 5078 locum
2960 5022 3158 5079 subire
3191 5025 3536 5080 secundum.

389 5115 554 5173 Vers.
586 5116 713 5172 695.

2149 5112 2315 5168 Vers.
2345 5112 2471 5166 747.

1671 5237 1913 5297 VARI/E
1952 5237 2372 5297 LECTIONES.

391 5369 459 5403 ’³³
481 5370 558 5425 ila
584 5370 621 5423 2
652 5369 709 5423 d.
741 5384 791 5424 c.
825 5370 876 5424 1.
952 5369 1021 5403 ²²⁴
1050 5368 1141 5424 hic
1167 5364 1334 5423 codex
1360 5382 1471 5421 non
1501 5362 1809 5435 distinguit.
1887 5364 1956 5399 ’³⁸
1976 5364 2068 5420 hic
2098 5362 2264 5420 codex
2294 5359 2736 5435 nonidistinguit.
2813 5360 2881 5435 Ψ
2902 5360 3085 5417 ottoni
3114 5362 3163 5417 1.
3241 5362 3307 5398 ²²¹¹
3332 5362 3654 5435 mutuando
3674 5364 3725 5418 1.

317 5441 387 5477 ²²²
420 5440 692 5497 contrivit
717 5444 773 5496 2.
849 5441 921 5475 ²²⁹
950 5440 1100 5495 facto
1146 5442 1201 5494 2.
1279 5438 1347 5473 ’³ο
1377 5436 1560 5493 ottoni
1594 5437 1643 5491 1.
1676 5432 1691 5435 ⁷
1722 5437 1787 5472 ²³¹
1816 5437 1891 5491 ita
1920 5440 1975 5491 2.
2008 5436 2218 5491 statuit
2251 5435 2301 5489 1.
2380 5434 2448 5469 ²³¹
2474 5434 2550 5489 ita
2582 5435 2632 5488 1.
2667 5432 2876 5488 statuit
2903 5436 2957 5488 2.
3035 5434 3102 5469 ³³³
3132 5435 3210 5491 ita
3253 5438 3308 5491 2.
3341 5434 3643 5492 dolentum
3674 5436 3725 5497 1.

1905 5550 2140 5612 ΝΟΤίΕ.

392 5654 503 5733 (68)
536 5654 599 5713 Id
628 5657 717 5715 est
746 5652 954 5713 heram.
