4084 6190
373 338 523 402 1167

807 341 1338 404 HHOTSUITH/E
1381 339 1569 401 MON.
1619 337 2200 401 GANDERSHEIM.
2249 339 2485 400 CABM.
2533 340 2635 400 DE
2679 339 2898 400 GEST.
2947 337 3232 403 OT’I‘ON.
3279 341 3328 402 Ι.

3615 339 3770 401 1168

369 473 532 539 Quod
562 472 688 530 ﬁeri
717 473 984 531 Christus
1015 490 1340 547 numquam
1375 472 1738 546 permitteret
1787 488 2008 546 aaquus,
2041 473 2095 542 Α
2127 471 2428 546 Omneque
2457 471 2724 529 maeroris
2753 473 2985 546 pondus
3017 473 3329 547 cunctique
3359 473 3598 542 doloris,

365 560 426 618 Si
459 565 642 618 staret
673 579 914 636 regnum
943 564 1107 634 justa
1137 562 1246 618 sub
1278 578 1420 635 pace
1449 561 1736 635 quietum.

363 651 468 704 Ast
497 649 598 706 ubi
628 651 736 706 sub
768 650 922 707 tristi
952 650 1117 708 vultu
1148 650 1474 724 saepissime
1503 649 1656 723 patri

365 739 726 794 Monstratur
755 744 1022 808 moestus,
1057 739 1228 795 solito
1262 756 1366 795 nec
1398 757 1558 795 more
1589 757 1852 808 serenus,

365 829 515 882 Sunt
543 827 641 900 qui
671 827 896 902 decepti
926 829 996 862 ‘3‘
1015 829 1306 901 serpentis
1338 829 1542 884 fraude
1573 828 1758 884 dolosi
1790 829 1858 863 ²³⁵
1893 869 1905 882 .
1946 869 1958 882 .
1997 869 2008 881 .

752 917 970 986 (Versus
992 918 1230 990 plurimi
1257 917 1623 986 exciderunt.)

365 1005 477 1060 Sed
510 1005 622 1077 (69)
653 1022 768 1077 quo
803 1005 1056 1079 regalem
1079 1007 1263 1078 patris
1285 1006 1422 1061 hinc
1444 1010 1684 1078 augeret
1709 1005 2010 1060 honorem.

367 1093 467 1149 llis
497 1111 597 1149 rex
629 1094 942 1165 compertis
974 1111 1041 1149 ex
1073 1093 1457 1166 prosperitate
1490 1093 1678 1149 ﬁdelis
1713 1093 1978 1166 ((111.9537),

368 1183 622 1238 Laetatus
652 1182 854 1254 prolis,
889 1187 1009 1238 tota
1041 1183 1348 1238 dulcedine
1381 1183 1597 1239 mentis

369 1271 498 1327 Ilaec
525 1270 610 1326 illi
641 1271 884 1327 mandat
915 1271 1150 1343 scriptis
1181 1271 1457 1344 extimplo
1490 1271 1754 1327 remissis
1786 1288 1798 1326 :

368 1380 399 1410 «
431 1360 498 1416 In
527 1359 792 1415 seculum
823 1359 1006 1416 seculi
1037 1365 1273 1416 maneat
1305 1359 1433 1416 laus
1465 1359 1883 1432 Omnipotenti,

366 1446 475 1516 Qui
507 1447 669 1504 dedit
699 1447 758 1504 in
785 1448 968 1504 tantis
998 1453 1176 1504 temet
1204 1449 1460 1521 gaudere
1495 1447 1790 1516 secundis,

365 1537 570 1594 Grates
601 1539 790 1610 adque
819 1537 927 1593 tibi
960 1537 1192 1606 dentur,
1228 1537 1538 1594 karissime
1571 1537 1675 1606 ﬁli,

365 1627 550 1692 Quem
581 1628 848 1682 constare
879 1625 1116 1699 quidem
1157 1625 1391 1700 penitus
1423 1643 1714 1700 cognosco
1749 1625 2016 1694 ﬁdelem;

365 1717 518 1773 Haut
545 1714 794 1772 obscura
822 1719 934 1771 tua)
967 1714 1100 1771 ﬁdei
1131 1715 1271 1788 quia
1303 1716 1472 1789 signa
1502 1714 1738 1784 dedisti,

363 1805 511 1862 Cum
542 1821 646 1877 per
674 1807 729 1860 te
759 1821 1004 1880 regnum
1034 1805 1278 1878 cupiens
1309 1821 1622 1879 augescere
1654 1808 1944 1873 nostrum,

365 1893 623 1968 Signasti
651 1893 821 1950 nobis
853 1893 1073 1968 proprii
1105 1894 1283 1950 decus
1314 1911 1486 1951 omne
1517 1893 1756 1951 laboris.

369 1983 513 2039 Hinc
541 2000 646 2056 ego
679 1987 1000 2056 gratanter,
1036 2001 1163 2056 qua:
1197 1984 1385 2039 iecisti
1416 1984 1728 2056 sapienter,

365 2072 692 2146 Accipiens,
724 2071 846 2128 vice
879 2088 1156 2128 conversa
1187 2072 1478 2144 condigna
1508 2072 1782 2144 rependo,

371 2161 486 2216 Hoc
515 2160 830 2232 ipsumque
861 2159 969 2216 tibi
1005 2177 1250 2234 regnum
1282 2161 1584 2216 committo
1618 2159 1959 2233 regendum,

371 2249 622 2322 imperio
652 2249 828 2304 subdi
861 2253 1060 2304 nostro
1093 2250 1247 2321 quod
1279 2248 1658 2305 constituisti.

369 2337 760 2410 Praecipioque
792 2335 896 2392 tibi
919 2337 1130 2410 jussis,
1163 2337 1390 2406 dilecte,
1426 2337 1708 2410 paternis,

369 2426 443 2483 Ut
473 2442 645 2500 quem
675 2425 896 2482 victrici
926 2425 1208 2498 populum
1243 2427 1443 2481 dextra
1474 2425 1787 2498 superasti,

367 2517 603 2588 Absque
635 2532 799 2571 mora
832 2519 1026 2570 tecum
1059 2514 1237 2572 facias
1269 2515 1503 2571 ﬁrmare
1532 2515 1853 2572 tenendum

370 2604 600 2672 Fmdus,
634 2620 769 2660 cum
792 2604 1132 2676 juramento
1165 2608 1456 2660 structum
1491 2603 1824 2660 metuendo.
1861 2625 1888 2653 ››

371 2695 498 2749 Hac
529 2693 646 2748 dux
677 2689 986 2748 Liudulfus
1015 2691 1247 2749 decreta
1281 2693 1480 2764 legens
1518 2693 1908 2750 venerandus.

371 2782 580 2839 Laetior
613 2799 681 2838 ex
712 2781 1066 2838 mandatelis
1097 2785 1272 2838 tanta)
1301 2781 1554 2854 pietatis,

367 2871 582 2928 Jussus
612 2886 744 2926 cum
770 2870 1106 2942 juramento
1140 2868 1346 2942 religat
1375 2869 1486 2925 sibi
1521 2871 1688 2926 ﬁrmo

367 2961 450 3016 Ad
483 2959 667 3032 patris
693 2959 1041 3031 obsequium
1065 2958 1349 3031 populum
1373 2959 1544 3032 digne
1567 2960 2013 3015 moderandum.

369 3049 468 3105 llis
499 3051 646 3106 bene
676 3047 996 3122 dispositis,
1031 3065 1265 3106 summo
1299 3065 1433 3104 cum
1467 3049 1678 3104 fmdere
1706 3047 1866 3120 pacis

365 3137 591 3194 Ardens
621 3137 882 3194 absentis
913 3137 1121 3194 faciem
1155 3136 1442 3193 meruisse
1469 3137 1750 3210 parentis,

367 3225 646 3300 Coniugis
675 3230 733 3281 et
761 3226 912 3281 karai
941 3225 1098 3282 dulci
1130 3226 1395 3282 devictus
1425 3241 1624 3281 amore

365 3316 446 3372 Ac
475 3313 656 3388 prolis
685 3314 932 3388 geminae
963 3315 1076 3388 (70)
1106 3314 1278 3389 longe
1302 3319 1435 3388 post
1475 3319 1640 3387 terga
1669 3315 1736 3351 ’³⁸
1766 3313 1976 3371 relicta:

369 3403 720 3460 Posthabitaa
752 3403 898 3460 ﬁnes
929 3402 1128 3475 patriae
1157 3403 1376 3476 placuit
1403 3402 1700 3474 repedare,

367 3494 492 3560 Quo
522 3494 656 3566 post
683 3489 842 3548 exilii
871 3491 1102 3564 pondus
1133 3491 1382 3547 nimium
1412 3507 1584 3564 grave
1614 3492 1745 3548 duri

364 3581 569 3638 Posset
597 3579 1077 3654 quandoquidem
1110 3578 1312 3653 patrie:
1342 3583 1577 3653 captare
1606 3580 1884 3653 quietem.

362 3669 554 3743 thue
579 3666 733 3726 celer
761 3667 1007 3726 merulis
1037 3668 1160 3724 hinc
1190 3667 1458 3742 impleret
1488 3669 1614 3726 sine
1653 3670 1902 3738 cunctis,

360 3759 488 3816 Non
517 3757 630 3815 iter
659 3761 926 3832 optatum
959 3757 1189 3832 pondus
1222 3757 1540 3814 tardaverit
1568 3757 1779 3832 ullum,

360 3845 661 3905 Collectim
693 3847 958 3920 proprias
983 3845 1166 3920 jussit
1193 3846 1546 3918 praemittere
1575 3863 1768 3920 gazas,

361 3937 554 4012 Ipsius
581 3939 640 3994 et
668 3936 878 3993 faciem
910 3935 1145 3992 turbam
1179 3937 1500 4008 praecedere
1530 3939 1716 3992 totam

359 4028 548 4095 Quam
571 4024 709 4082 belli
739 4041 919 4082 causa
948 4040 1149 4081 secum
1181 4019 1502 4081 deduxerat
1531 4023 1650 4092 illo,

361 4113 714 4172 Promittens
744 4113 966 4187 ipsum,
995 4112 1114 4168 vita
1143 4111 1478 4181 comitante,
1515 4113 1778 4170 futurum

359 4204 446 4260 Ad
476 4203 625 4261 ﬁnes
653 4203 853 4277 patria:
879 4201 1051 4276 epatii
1081 4205 1214 4276 post
1245 4206 1508 4275 tempora
1540 4203 1720 4276 parvi.

361 4293 480 4350 Hoc
511 4307 744 4366 quoque
775 4291 1040 4348 melliﬁui
1075 4291 1270 4348 verbis
1302 4290 1634 4364 signaverat
1663 4291 1800 4364 oris,

360 4383 428 4439 In
462 4381 596 4456 quis
627 4381 908 4449 castellis,
938 4381 998 4436 in
1032 4380 1165 4452 quis
1199 4379 1496 4452 voluitque
1527 4379 1746 4437 locellis

361 4472 646 4544 Sumptus
675 4470 923 4544 hospicii
955 4470 1164 4542 dignos
1195 4468 1429 4530 sibimet
1455 4467 1728 4542 reparari.

361 4562 478 4618 Hae
509 4560 653 4617 moti
684 4560 843 4616 fama
873 4563 1164 4616 nostrates
1195 4557 1542 4626 desiderata,

356 4650 583 4707 Aﬁ‘ectu
615 4649 807 4706 cordis
838 4648 1172 4723 gaudebant
1203 4647 1496 4704 interioris
1526 4647 1612 4715 ’37,

425 4738 592 4796 Vers.
629 4740 787 4794 1182.

2045 1851 2093 1914 Β

2119 563 2280 628 Quod
2313 561 2475 633 prius
2506 561 2765 617 absentis
2797 578 2977 618 causa
3007 561 3261 618 tulerant
3287 561 3555 632 senioris,

2121 651 2202 707 Ex
2231 650 2428 706 animo
2459 649 2835 722 deponentes,
2872 651 3268 707 communiter
3297 667 3504 707 omnes

2119 737 2371 794 Causam
2399 737 2619 794 lasticize
2645 739 2940 794 duxerunt
2969 757 3097 796 esse
3127 757 3438 812 supremze,

2123 827 2180 882 Si
2214 831 2346 900 post
2375 844 2695 900 paucorum
2728 829 3084 886 meruissent
3114 845 3250 902 ergo
3283 829 3511 884 dierum

2123 916 2362 984 Cursus,
2397 916 2673 988 promissi
2699 916 2866 988 jaxta
2895 917 3187 990 prteconia
3215 915 3335 973 lmti
3367 919 3454 987 ³³⁸,

2515 1004 2731 1078 (Versus
2751 1005 2988 1076 plurimi
3017 1004 3383 1074 exciderunt.)

2129 1095 2304 1166 /Eque
2329 1095 2442 1164 (71)
2475 1093 2662 1149 ferens
2695 1093 2806 1167 (72)
2839 1098 3136 1166 sceptrum
3158 1093 3366 1166 capitis
3388 1093 3771 1167 diademaque

2821 1182 3163 1257 [pulchrum
3197 1184 3318 1256 (An.
3347 1185 3474 1238 962.
3509 1185 3661 1239 Febr.
3691 1185 3774 1256 2.)

2124 1274 2312 1345 Atque
2342 1272 2432 1328 sui
2463 1271 2660 1328 cultus
2691 1289 2898 1328 omnes
2928 1273 3154 1346 regales
3182 1273 3458 1343 amictus,

2127 1362 2378 1419 Ornatus
2408 1363 2511 1426 sed
2541 1363 2783 1435 majoris
2812 1363 2880 1398 ³³³
2910 1362 3170 1436 suscepit
3199 1362 3439 1419 honoris

2123 1453 2387 1525 Augusto
2419 1467 2651 1508 summo
2681 1451 2900 1524 pariter
2931 1467 3066 1507 mox
3097 1451 3538 1508 conbencdicta.

2129 1539 2418 1596 Hactenus
2448 1539 2708 1597 Oddonis
2739 1537 2948 1596 famosi
2981 1539 3232 1613 denique
3263 1539 3418 1614 regis

2127 1628 2320 1696 Gesta,
2355 1628 2489 1684 licet
2519 1627 2680 1684 tenui
2714 1628 2883 1684 Musa
2907 1628 3091 1684 cecini
3127 1627 3504 1685 modulando.

2126 1717 2292 1774 Nunc
2324 1717 2632 1774 scribenda
2661 1717 2897 1790 quidem
2930 1721 3218 1785 constant,
3235 1735 3362 1791 qua
3385 1718 3600 1776 fecerat
3619 1719 3776 1776 idem

2125 1807 2427 1880 Augustus
2459 1805 2964 1862 solium-retinens
2995 1806 3054 1861 in
3086 1806 3298 1864 vertice
3327 1824 3561 1876 rerum;

2125 1897 2386 1969 Tangere
2416 1911 2543 1968 quae
2573 1912 2793 1963 vereor,
2827 1894 2926 1968 qui
2959 1895 3206 1952 femineo
3245 1895 3598 1968 prohibebor

2127 1985 2312 2052 Sexu;
2344 2001 2448 2040 nec
2479 1983 2580 2040 vili
2613 1985 2828 2040 debent
2859 2001 3126 2041 sermone
3158 1983 3390 2054 revolvi,

2127 2072 2386 2138 Qualiter
2414 2072 2610 2128 invicti
2641 2073 2786 2128 duro
2819 2073 3140 2129 luctamine
3171 2073 3308 2130 belli

2127 2161 2392 2218 Obtinuit
2423 2165 2757 2218 constructa
2787 2161 2930 2217 locis
2961 2161 3199 2218 castella
3229 2163 3473 2220 marinis
3505 2163 3776 2237 (an.963),

2127 2252 2259 2316 Quae
2291 2250 2661 2323 Beringarius
2691 2251 2948 2324 conjunx
2977 2251 3240 2323 possedit
3268 2256 3324 2307 ct
3353 2253 3504 2324 ejus,

2123 2341 2203 2393 Ac
2235 2337 2424 2405 illum,
2449 2340 2789 2412 juramento
2821 2344 3063 2412 cogente
3094 2345 3350 2413 peracto,

2127 2427 2289 2482 Misit
2318 2427 2376 2482 in
2395 2427 2632 2484 exilium
2651 2428 2868 2484 misera
2883 2445 3018 2484 cum
3035 2431 3284 2503 conjuge
3299 2429 3478 2488 Wiila
3491 2433 3776 2505 (an.961);

2125 2515 2383 2584 Qualiter
2411 2521 2469 2572 et
2498 2519 2640 2573 recti
2662 2523 3030 2590 conpunctus
3059 2518 3328 2576 acumine
3354 2518 3461 2576 zeli

2126 2605 2437 2660 Summum
2467 2606 2824 2679 pontiﬁcem,
2845 2607 3114 2680 quaedam
3140 2625 3413 2681 perversa
3439 2615 3777 2682 patrantem

2126 2695 2266 2766 Ejus
2293 2711 2396 2750 nec
2430 2694 2669 2752 monitis
2699 2695 3038 2770 dignantem
3071 2697 3272 2754 cedere
3302 2699 3542 2770 crebris,

2127 2783 2293 2840 Sedis
2324 2783 2652 2856 apostolicae
2686 2785 2945 2841 fraudari
2975 2785 3111 2842 fecit
3138 2786 3376 2856 honore,

2126 2871 2502 2929 Constitucns
2530 2871 2734 2944 alium,
2768 2874 3010 2930 rectoris
3035 2875 3279 2940 nomine
3308 2877 3588 2949 dignum;

2126 2959 2384 3028 Qualiter
2413 2965 2470 3017 et
2493 2977 2668 3034 regno
2701 2962 3016 3035 tranquilla
3046 2981 3187 3036 pace
3217 2964 3413 3036 quieto

2125 3048 2425 3106 Nostrates
2446 3051 2667 3120 adiens,
2688 3049 2807 3106 illic
2827 3051 3158 3124 iterumque
3180 3058 3474 3110 revertens
3492 3055 3771 3128 (an.966),

2125 3136 2358 3194 Necnon
2391 3139 2697 3195 amborum
2729 3139 2987 3196 retinens
3013 3141 3191 3198 decus
3223 3140 3624 3214 imperiorum,

2047 3217 2090 3284 C
2132 3226 2320 3300 Ipsius
2351 3227 2572 3300 prolem
2603 3233 2738 3302 post
2765 3227 2935 3284 illum
2957 3229 3086 3302 jam
3117 3229 3465 3299 venientem,

2123 3315 2353 3372 Scilicet
2383 3317 2704 3387 Oddonem,
2738 3317 2986 3374 nutricis
3017 3319 3090 3376 ab
3117 3319 3294 3376 ubere
3323 3336 3540 3393 regem,

2119 3405 2205 3460 Ad
2254 3406 2439 3462 fasces
2497 3405 2826 3480 augustalis
2879 3407 3139 3480 provexit
3194 3408 3434 3466 honoris
3488 3413 3607 3479 (an.
3639 3409 3772 3466 967.

3470 3500 3616 3572 [Dea
3647 3501 3770 3569 25.)

2121 3582 2511 3658 Exemploque
2542 3585 2635 3642 sui
2663 3584 2838 3659 digne
2867 3585 3002 3642 fecit
3031 3586 3316 3646 benedici.

2123 3673 2251 3729 Haec
2282 3673 2462 3746 igitur
2491 3674 2710 3732 nostris
2740 3680 3042 3748 nequeunt
3071 3675 3346 3749 expenier
3383 3677 3554 3748 orsis,

2121 3760 2233 3816 Sed
2268 3768 2538 3834 quaerunt
2567 3763 2778 3820 seriem
2811 3763 2982 3838 longe
3014 3763 3126 3821 sibi
3158 3764 3525 3823 nobiliorem.

2121 3850 2264 3906 llinc
2295 3867 2400 3924 ego
2423 3853 2511 3920 "0,
2531 3857 2830 3908 tantarum
2847 3851 3194 3925 prohibente
3209 3855 3520 3928 gravedine
3541 3872 3764 3925 rerum,

2119 3937 2281 3995 Ultra
2311 3955 2426 3996 non
2457 3941 2668 4010 tendo;
2701 3940 2879 3997 ﬁnem
2911 3941 3011 3997 sed
3043 3943 3280 4014 provide
3301 3960 3476 4016 pone,

2119 4027 2254 4085 Post
2283 4027 2406 4086 hinc
2435 4029 2667 4103 incepto
2697 4045 2770 4086 ne
2801 4030 3186 4087 succumbam
3219 4030 3372 4090 male
3399 4031 3572 4090 victa.

2117 4116 2219 4174 llis
2247 4118 2330 4174 ita
2359 4118 2543 4177 ﬁnitis
2568 4124 2626 4176 et
2656 4119 3004 4177 summatim
3037 4118 3354 4194 replicatis,

2117 4208 2218 4264 Est
2245 4207 2454 4282 ingens
2483 4207 2635 4283 regis
2666 4207 2854 4282 pietas
2884 4209 3108 4266 oranda
3137 4209 3430 4283 perennis,

2117 4298 2241 4361 Qua
2269 4295 2402 4369 pius
2431 4300 2712 4370 augustos
2741 4297 2807 4332 ’“
2839 4301 3072 4372 prestat
3101 4298 3386 4356 deducere
3417 4302 3773 4371 nosti-0303)

2117 4385 2398 4441 Instantis
2427 4385 2555 4442 vitae
2587 4390 2822 4459 tempus
2854 4386 3097 4444 feliciter
3124 4403 3319 4459 omne,

2116 4475 2187 4529 Et
2216 4472 2392 4530 fultos
2423 4489 2656 4547 semper
2683 4474 2912 4533 cunctis
2942 4475 3015 4532 ad
3046 4480 3177 4532 vota
3206 4475 3502 4546 secundis,

2039 4587 2086 4652 D
2114 4562 2393 4652 Ecclesia),
2415 4561 2633 4620 multos
2663 4564 2934 4652 custodes
2964 4569 3150 4652 servet
3169 4563 3228 4620 in
3261 4581 3466 4633 annos,

2117 4652 2295 4709 Nobis
2317 4651 2579 4709 solamen
2611 4653 2817 4710 dantes
2840 4651 3202 4711 clementius.
3236 4657 3438 4711 Amen.

2187 4741 2351 4798 Vers.
2385 4742 2541 4798 1517.

1707 4835 1948 4894 VARI/E
1986 4839 2406 4896 LECTIONES.

427 4910 496 4946 ’3‘
524 4911 602 4966 ita
633 4909 1025 4982 1.7deceptum
1055 4908 1222 4982 Colles
1249 4911 1473 4980 scripsit
1500 4907 1649 4964 bene.
1690 4981 1693 4982 ν
1721 4908 1794 4982 ἓν
1821 4909 1952 4980 ﬁnis
1989 4913 2117 4982 folii
2164 4913 2286 4968 148.
2323 4911 2615 4980 Quaternio

357 4981 484 5052 954,
517 4983 644 5050 955,
678 4981 785 5035 956
813 4979 877 5037 eti
890 4980 996 5052 957
1041 4981 1321 5052 descripta:
1361 4979 1780 5052 erant.iexcidit
1822 4979 2022 5052 (igitur
2067 4985 2174 5039 388
2219 4979 2438 5038 circiter
2481 4979 2710 5052 versus).

2739 4913 2979 4979 animus,
3011 4928 3116 4985 quo
3169 4929 3256 4969 res
3313 4929 3591 4970 annorum
3634 4913 3762 4979 953,

2786 4985 2854 5020 κθ
2884 4989 3158 5056 posterga
3188 4987 3238 5039 1.
3315 4985 3382 5021 ³³⁷
3414 4987 3491 5041 ita
3527 4987 3584 5040 2.
3619 4986 3765 5040 inte-

357 5051 542 5111 riores
573 5055 622 5128 1.
700 5053 766 5088 ³³⁸
797 5051 1090 5128 ίνρηιωῑὴ
1125 5053 1331 5108 scilicet
1360 5051 1680 5128 ιξρείζαὶίτξγῃ
1709 5051 1979 5128 retinere,
1998 5057 2097 5128 qui
2123 5063 2309 5128 tamen
2331 5054 2420 5110 die
2447 5055 2484 5108 6
2512 5055 2652 5125 Sept.
2672 5051 2807 5128 :ejus
2837 5051 2975 5111 aimi
3004 5051 3157 5112 obiit.
3192 5057 3342 5128 Hinc
3367 5057 3507 5128 folia
3547 5059 3770 5113 circiter

355 5141 472 5198 sea},
498 5125 590 5198 pel
621 5139 808 5180 versus
833 5124 958 5198 290,
991 5139 1077 5178 res
1106 5139 1380 5198 annorum
1405 5123 1689 5198 957,958,
1723 5123 1850 5198 959!
1881 5123 2149 5198 9503,61
2171 5133 2224 5181 ει
2249 5125 2357 5180 962
2403 5123 2591 5198 usque
2615 5126 2686 5182 ad
2711 5123 3160 5183 vwrmmuom
3209 5123 3417 5184 ωερηὺ

355 5193 702 5270 exhibentes,
721 5194 1060 5270 exciderunt.
1094 5226 1175 5270 -Α
1193 5195 1467 5251 Lacunam
1496 5193 1586 5249 hic
1609 5195 1782 5263 sensit
1809 5195 2040 5253 Reuber.
2114 5197 2184 5232 ’3'
2214 5193 2494 5270 majores
2513 5213 2656 5253 corr.
2691 5199 2932 5270 majoris
2963 5201 3013 5254 1.

356 5269 421 5304 ²⁴¹
453 5271 532 5326 ita
555 5269 804 5340 corrigo;
835 5269 1124 5341 augustus
1157 5267 1207 5322 1.

3114 5199 3184 5233 ²⁶⁰
3213 5214 3350 5271 ergo
3397 5215 3540 5256 corr.
3574 5216 3684 5272 ego
3713 5201 3767 5256 1.

1935 5337 2170 5397 NOT/E.

423 5428 538 5502 (69)
563 5427 877 5502 Conclusio
903 5426 1212 5502 legationis
1228 5424 1614 5502 Avel_epistola3
1647 5425 1901 5484 Liudulﬁ
1921 5427 2000 5485 vi-

353 5497 553 5569 ctOris,
577 5517 646 5573 θὶς
666 5497 1072 5573 Logonbardia
1091 5497 1242 5573 patri
1268 5497 1483 5573 missis,
1497 5499 1668 5570 cujus
1690 5515 1997 5573 argumen-

355 5573 483 5627 tum
513 5568 582 5626 ex
613 5568 843 5626 Ottonis
871 5568 1153 5628 responso
1178 5570 1403 5626 discere
1433 5568 1586 5626 licet.

429 5641 545 5716 (70)
576 5639 806 5698 Ottonis
838 5645 896 5698 et
924 5639 1285 5698 Mahthildis.

2181 5431 2298 5504 (71)
2329 5431 2510 5504 (Eque
2541 5427 2796 5504 ac_0_tt9:

2182 5499 2564 5573 (72),Sgcilicet
2591 5499 2972 5573 Ethelbeidis
3003 5519 3124 5559 una
3153 5518 3288 5559 cum
3319 5501 3530 5560 Ottone
3565 5501 3764 5560 Romae

2113 5571 2201 5630 im'
2239 5571 2402 5629 eriali
2435 5588 2650 5629 corona
2677 5571 2968 5630 redimita.

2113 5697 2119 5708 ,
2186 5589 2300 5722 83)
2330 5643 2566 5704 Scilicet
2594 5642 2854 5702 Ottones.

2243 5646 2300 5718 3)
2330 5643 2566 5704 Scilicet
2594 5642 2854 5702 Ottones.
