4092 6190
318 275 468 338 1171

1293 269 1396 332 AD
1440 269 1699 331 OPERA
1744 263 2270 328 HROTSUITH/E
2313 263 2728 326 APPENDIX.

3561 264 3592 324 1
3605 265 3721 326 1⁸72

315 407 662 484 dignitatem
711 405 928 474 oblata,
959 404 1254 478 suscipere
1303 401 1628 470 recusavit;
1663 403 1720 456 et
1757 403 1960 455 contra
1987 397 2043 466 Α
2072 397 2249 454 simul
2279 398 2475 454 cibum
2509 395 3019 470 capiebant,simul
3042 397 3628 471 quiescebant,simul
3649 399 3722 455 ad

309 497 672 554 voluntatem
705 495 816 552 sibi
847 492 1324 568 imposita,anxie
1348 489 1964 564 ingemuit,vchemen-

310 589 402 642 ter
430 585 606 643 ﬂevit.
639 583 915 641 Ecclesiis
938 582 1172 651 Christi,
1199 581 1338 654 quia
1359 581 1514 654 quod
1537 579 1964 651 voluit,jugitcr

313 691 429 731 non
460 674 645 741 licuit,
677 671 765 729 vel
799 671 1164 746 frequentius
1194 669 1496 738 interesse,
1531 673 1588 724 et
1619 668 1699 724 ibi
1739 667 1960 739 aliquid

313 781 432 820 suae
467 761 736 818 utilitatis
767 761 990 830 audire,
1015 765 1072 816 et
1101 759 1349 816 orationi
1383 758 1724 814 incumbere
1754 757 1968 830 gaude-

313 853 434 908 bat.
459 851 710 906 Litteras
741 849 974 916 vero,ad
997 865 1146 920 quas
1168 847 1264 902 alii
1293 845 1604 902 discendas
1623 843 1966 900 verberibus

315 943 625 1013 coguntur,
641 938 770 1010 ipsa
789 937 1058 993 ultroneo
1079 936 1275 992 studio
1297 933 1559 1006 appetiit,
1575 933 1968 1006 infatigabun-

317 1029 395 1084 da
418 1027 799 1084 meditatione
831 1025 1136 1080 addidieit.

388 1118 474 1174 Ab
505 1115 635 1188 ipsa
663 1114 880 1187 quippe
903 1114 1152 1170 infantia
1182 1129 1411 1168 morum
1453 1129 1655 1168 secum
1707 1111 1966 1183 probitas

319 1205 518 1272 crevit,
549 1207 607 1260 et
634 1203 812 1260 simul
843 1219 978 1258 cum
1009 1204 1199 1258 aztatis
1229 1205 1718 1270 succremento,et
1743 1199 1970 1256 virtuti-

319 1296 433 1352 bus
462 1311 524 1351 se
547 1293 679 1366 ipsa
705 1291 967 1366 quotidie
989 1293 1177 1364 major
1197 1291 1436 1348 effulsit.
1453 1291 1600 1346 Nam
1627 1307 1760 1346 cum
1781 1289 1968 1346 astatis

319 1399 598 1458 processu
627 1381 1007 1455 sapientia,et
1027 1381 1217 1455 gratia
1237 1380 1392 1453 apud
1415 1380 1598 1436 Deum
1621 1383 1679 1436 et
1697 1379 1968 1436 homines

319 1471 650 1546 proficiens,
683 1469 985 1526 servitium
1017 1469 1232 1525 Christi
1263 1469 1496 1542 pompis
1541 1468 1964 1537 mundialibus,

321 1561 614 1619 ccelestem
644 1575 928 1633 sponsum
958 1558 1282 1628 Christum,
1314 1562 1544 1614 terreno
1575 1575 1792 1631 sponso
1824 1575 1968 1630 prie-

321 1650 491 1720 tulit;
527 1649 779 1721 denique
810 1647 1174 1721 fulgentibus
1203 1651 1514 1721 parentum
1539 1647 1708 1704 tectis
1729 1647 1969 1704 ancilla-

2069 488 2382 545 canonicos
2414 505 2624 544 cursus
2655 487 2860 543 orandi
2892 487 3036 543 hora
3065 487 3508 556 conveniebant,
3539 489 3723 545 simul

2071 577 2454 652 egredientes,
2505 577 2660 650 quod
2719 577 3082 649 operandum
3129 581 3256 632 erat
3301 579 3723 651 operabantur.

2072 667 2324 724 Cellulas
2355 669 2511 722 intra
2559 665 2884 722 claustrum
2934 665 3198 739 proprias
3245 670 3346 722 aut
3393 667 3729 725 servitrices

2073 757 2220 814 nulli
2251 757 2466 812 habere
2495 755 2729 812 licebat.
2763 756 2938 810 Extra
2967 754 3028 810 in
3064 754 3269 810 villula
3317 755 3446 813 ideo
3491 757 3733 813 habita-

2075 846 2384 919 bant,quia
2413 846 2664 901 necdum
2683 845 2770 900 eis
2789 861 2858 900 ex
2884 847 3049 918 parte
3072 845 3277 900 matris
3298 845 3582 919 spiritalis
3601 863 3734 903 ves-

2073 936 2323 991 timenta
2351 939 2589 1008 propter
2620 951 2816 989 rerum
2865 933 3346 990 insufﬁeientiam
3394 935 3725 1004 dabantur;

2075 1025 2522 1098 pauperioribus
2550 1041 2680 1096 qua}
2719 1023 2957 1080 aliunde
3003 1023 3222 1079 habere
3263 1041 3380 1078 non
3432 1028 3728 1096 poterant,

2075 1115 2206 1187 ipsa
2235 1113 2662 1169 ministravit.A
2679 1111 2820 1168 viris
2850 1116 3014 1168 tanta
3041 1113 3328 1186 separatio
3355 1118 3498 1181 erat,
3524 1119 3590 1170 ut
3620 1133 3730 1171 nec

2077 1203 2399 1277 presbyteri
2431 1201 2691 1274 quidem,
2724 1200 2837 1258 nisi
2867 1200 3229 1258 infirmitatis
3269 1204 3592 1260 necessitas
3623 1222 3730 1276 po-

2078 1293 2382 1368 poscisset,
2416 1291 2738 1348 claustrum
2769 1307 2972 1346 earum
3005 1289 3468 1362 ingrederentur,
3501 1297 3604 1348 aut
3623 1293 3734 1350 ali-

2077 1399 2194 1456 qua
2207 1379 2574 1437 rationabilis
2585 1379 3095 1436 secundumofﬁcii
3109 1396 3312 1436 eorum
3330 1380 3732 1438 ministerium

2077 1488 2256 1527 causa
2284 1469 2718 1544 postulavisset.
2742 1469 2871 1525 Haec
2901 1473 3042 1526 sunt
3069 1485 3196 1542 qua:
3219 1469 3304 1526 eis
3330 1471 3448 1527 fere
3467 1487 3737 1527 commu-

2078 1558 2177 1615 nia
2207 1575 2340 1614 cum
2374 1555 2598 1614 caeteris
2630 1557 2807 1612 fuere.

2731 1661 2963 1719 CAPUT
3005 1663 3075 1719 Il.

323 1757 454 1797 rum
478 1738 577 1795 Dei
602 1737 1055 1794 contubernium
1087 1741 1468 1810 anteponens,
1503 1753 1645 1837 cuni
1668 1741 1966 1810 parentem
1999 1771 2049 1837 B
2079 1752 2434 1811 Ηαιιιωηοάω
2491 1753 2604 1807 vim
2620 1753 2984 1837 "communis,
3022 1751 3284 1809 modestia
3343 1755 3405 1808 ίη
3457 1771 3731 1824 “mm,

321 1827 619 1886 voluntate
649 1843 814 1883 sacro
843 1825 1129 1882 velamine
1157 1830 1579 1894 consecrata,et
1599 1820 1969 1882 Herfordensi

324 1915 700 1994 monasterio,
735 1917 890 1988 quod
923 1933 989 1972 eo
1022 1917 1282 1988 tempore
1323 1915 1382 1970 in
1432 1913 1969 1970 sanctimonialium

323 2007 562 2063 nomine
588 2003 1052 2062 famosissimum
1085 2007 1227 2072 erat,
1252 2004 1364 2060 sub
1386 2002 1636 2076 regulari
1659 2003 1974 2075 disciplina

324 2095 639 2152 nutrienda
652 2092 999 2164 aliquandiu
1019 2091 1429 2147 commendata
1448 2096 1556 2146 est.
1571 2093 1752 2158 Quem
1777 2091 1970 2147 locum

325 2183 600 2255 deinceps
631 2185 854 2254 quanta
893 2179 1176 2236 charitate
1223 2179 1508 2249 dilexerit,
1541 2183 1761 2252 quanta
1809 2197 1972 2236 reve—

325 2269 515 2328 rentia
542 2270 787 2344 dignum
813 2267 1186 2340 judicaverit,
1219 2285 1335 2323 non
1367 2267 1534 2324 facile
1563 2269 1757 2326 verbis
1786 2269 1974 2342 expli-

323 2375 458 2416 care
483 2358 769 2416 valemus.
801 2357 947 2414 Nam
980 2372 1112 2412 cum
1145 2355 1491 2429 plerumque
1521 2373 1656 2412 cum
1677 2357 1974 2414 familiari-

324 2450 436 2506 bus
467 2449 594 2505 suis
621 2447 889 2520 loquens,
921 2447 1051 2518 ejus
1079 2445 1190 2501 loci
1223 2445 1580 2503 mentionem
1614 2447 1865 2516 fecisset,
1893 2449 1972 2504 fe-

321 2538 496 2596 licem
528 2555 591 2594 se
619 2537 740 2593 fore
772 2535 1078 2603 dicebat,si
1097 2533 1308 2590 iterum
1332 2534 1443 2589 sub
1465 2533 1776 2592 abbatissae
1797 2535 1975 2608 impe-

323 2627 410 2684 rio
439 2627 525 2684 eis
551 2627 834 2682 interesse
855 2627 1210 2692 mereretur;
1234 2621 1572 2694 feliciorem,
1597 2623 1644 2680 si
1667 2642 1972 2698 nunquam

321 2717 461 2774 inde
493 2713 859 2772 avelleretur.
884 2711 1101 2768 Record
1111 2711 1321 2768 abatur
1340 2712 1556 2785 quippe
1580 2713 1756 2769 facies
1779 2719 1837 2770 et
1855 2715 1976 2770 vul-

321 2807 420 2862 tus
446 2803 900 2878 singularum,et
927 2801 1192 2857 omnium
1215 2817 1408 2858 mores
1431 2804 1565 2858 ante
1591 2803 1790 2862 oculos
1814 2821 1973 2862 revo-

325 2894 525 2962 cabat;
549 2891 730 2964 hujus
747 2890 1249 2961 charitatem,ejus
1265 2890 1969 2964 humilitatemlaudabat;

326 2981 486 3038 illam
535 2979 866 3037 obedientia
913 2979 1136 3051 praeire,
1171 2977 1323 3035 hanc
1369 2980 1651 3052 patientia
1698 2986 1972 3054 prmstare

324 3069 586 3137 dicebat;
617 3068 678 3124 in
711 3085 830 3123 una
856 3067 1208 3140 largitatem,
1244 3067 1304 3123 in
1336 3067 1518 3124 altera
1551 3069 1968 3127 abstinentiam

2150 1829 2316 1892 victu,
2348 1825 2562 1880 vestitu.
2613 1822 2868 1880 Studium
2916 1825 3200 1894 orationis,
3243 1825 3570 1897 benignitas,
3600 1822 3733 1883 chai-

2151 1899 2306 1965 ritas,
2340 1904 2439 1952 etc.

2151 2003 2453 2076 Siquidem
2485 2003 2599 2058 ista
2627 2000 2825 2057 omnia
2855 2019 2972 2056 non
3003 2001 3194 2058 solum
3235 2002 3594 2076 adimplevit,
3628 2006 3734 2061 sed

2083 2095 2258 2150 etiam
2290 2091 2652 2164 superauxit.
2678 2091 2825 2146 Nam
2849 2090 2931 2146 ita
2953 2107 3328 2147 communem
3349 2109 3484 2148 cum
3504 2095 3736 2150 caeteris

2080 2183 2260 2238 vitam
2293 2185 2350 2238 et
2377 2179 2596 2236 victum
2629 2179 2902 2248 habebat,
2927 2182 3014 2247 ut,
3037 2195 3174 2234 cum
3205 2179 3398 2236 carnis
3417 2197 3586 2237 esum
3614 2199 3736 2239 eer-

2081 2271 2160 2329 tis
2187 2271 2416 2337 diebus,
2436 2273 2494 2325 et
2515 2267 2756 2325 statutis
2775 2267 3142 2342 temporibus
3163 2268 3309 2341 ipsis
3329 2287 3445 2325 non
3467 2276 3733 2344 negaret,

2083 2360 2194 2417 sibi
2227 2376 2344 2416 non
2375 2357 2736 2432 indulgeret;
2769 2357 2854 2412 ita
2878 2356 3246 2414 consimilem
3269 2357 3538 2416 habitum
3559 2361 3739 2418 habe-

2082 2451 2203 2518 bat,
2238 2452 2322 2516 ut,
2355 2463 2491 2504 cum
2524 2463 2557 2502 a
2584 2445 2772 2502 laneis
2805 2445 2966 2518 (cod.,
2990 2445 3180 2518 lineis)
3205 2447 3276 2502 ad
3300 2463 3534 2504 carnem
3555 2450 3734 2506 vesti-

2082 2538 2318 2607 mentis,
2335 2537 2383 2593 si
2407 2553 2534 2608 quas
2555 2535 2665 2591 hoc
2684 2534 2915 2601 vellent,
2935 2534 3081 2592 alias
3101 2536 3477 2610 arceret,ipsa
3491 2537 3734 2596 laneum

2081 2627 2342 2684 haberet.
2377 2626 2550 2682 Porro
2581 2641 2716 2680 cum
2747 2623 3081 2697 hospitibus
3111 2624 3226 2682 nisi
3255 2624 3314 2680 in
3345 2625 3590 2683 ecclesia
3610 2645 3734 2684 non

2081 2715 2448 2788 loquebatur,
2482 2713 2595 2768 nisi
2628 2713 2774 2768 forte
2803 2711 3190 2769 humanitatis
3220 2714 3408 2785 gratia
3447 2731 3584 2770 cum
3635 2715 3736 2772 his

2082 2802 2414 2860 refectionis
2435 2805 2694 2874 tempore
2711 2800 2840 2856 eam
2862 2818 2990 2858 esse
3011 2800 3385 2874 postulasset.
3409 2804 3492 2859 Ad
3517 2821 3733 2876 paren-

2081 2897 2190 2960 tes,
2225 2895 2328 2946 aut
2356 2889 2758 2963 possessiones
2806 2890 3103 2960 subjectas
3149 2909 3475 2964 nunquam,
3506 2909 3577 2948 ex
3607 2912 3732 2966 quo

2082 2981 2220 3037 illuc
2248 2981 2426 3049 venit,
2459 2997 2694 3053 egressa
2723 2983 2844 3046 est;
2867 2983 3032 3035 extra
3059 2981 3485 3036 monasterium
3507 3000 3624 3038 non
3648 2984 3734 3039 di-

2081 3087 2210 3126 cam
2241 3087 2375 3126 cum
2405 3069 2548 3138 viro,
2583 3069 2684 3124 sed
2715 3084 2848 3123 cum
2881 3067 3041 3124 nullo
3062 3085 3305 3141 prorsus
3325 3071 3612 3138 comedit;
3636 3072 3730 3127 in-

323 3159 682 3226 mirahatur;
715 3156 981 3212 omnium
1009 3172 1144 3212 vero
1175 3156 1235 3212 in
1265 3158 1566 3214 communi
1595 3159 1965 3230 modestiam,
1997 3137 2043 3208 ο
2079 3163 2172 3216 tra
2200 3157 2642 3226 monasterium,
2676 3156 2812 3214 licet
2838 3157 2949 3214 hoc
2979 3157 3198 3225 liceret,
3221 3175 3336 3214 non
3364 3158 3422 3214 in
3455 3158 3570 3216 alio
3599 3159 3732 3217 loco

321 3247 600 3322 pietatem
640 3250 815 3319 atque
863 3245 1211 3318 pudicitiam
1259 3245 1632 3318 praedicabat.
1666 3246 1774 3302 Ubi
1823 3249 1966 3306 dum

321 3335 756 3409 aliquandiu,ut
773 3325 1386 3402 diximus,instruendi
1401 3335 1592 3407 gratia
1607 3342 1968 3394 commorata

318 3424 610 3480 bonorum
638 3423 926 3488 omnium,
961 3426 1250 3494 quantum
1275 3421 1334 3476 in
1366 3423 1496 3494 ipsa
1535 3427 1706 3480 aetate
1752 3425 1963 3497 potuit,

317 3511 546 3568 cunctis
562 3510 896 3584 exemplum
919 3509 1514 3582 dedisset,postquam
1527 3516 1692 3585 pater
1707 3517 1764 3569 et
1781 3519 1968 3572 mater

319 3601 392 3656 de
423 3601 625 3667 Roma,
661 3615 776 3672 quo
805 3598 1009 3655 orandi
1043 3615 1222 3654 causa
1251 3597 1458 3668 ierant,
1481 3616 1615 3656 cum
1647 3602 1966 3674 apostolica

317 3687 720 3745 benedictione
749 3687 1019 3762 regressi,
1052 3691 1110 3742 et
1146 3691 1347 3744 sancto
1400 3688 1564 3744 Petro
1613 3689 1964 3764 familiaeque

317 3776 506 3834 sancti
536 3775 687 3832 Petri
719 3793 855 3832 cum
876 3777 1151 3833 omnibus
1173 3776 1295 3832 snis
1317 3779 1964 3847 commendati,sancto-

317 3883 448 3922 rum
479 3883 724 3939 corpora
769 3882 932 3938 papas
979 3865 1273 3921 Anastasii
1319 3870 1378 3922 et
1427 3867 1748 3923 Innocentii
1799 3887 1959 3942 papa;

316 3953 778 4022 transtulerunt;
811 3955 1002 4010 denuo
1033 3958 1300 4010 revocata
1329 3954 1388 4010 in
1420 3957 1960 4030 monasterio,quod

313 4045 374 4101 in
405 4043 640 4116 propria
665 4042 1002 4100 haareditate
1031 4043 1344 4098 fundatum
1376 4043 1622 4098 Domino
1652 4048 1709 4100 et
1736 4045 1958 4102 eisdem

315 4131 536 4190 sanctis
565 4130 955 4199 tradiderunt,
987 4147 1122 4188 cum
1153 4131 1476 4205 apostolica
1505 4134 1871 4203 auctoritate,
1903 4141 1961 4192 et

313 4219 572 4294 episcopi
595 4219 687 4276 sui
710 4219 1113 4276 benedictione
1134 4221 1324 4292 primo
1345 4221 1960 4293 paucioribus,deinde

313 4308 584 4382 pluribus
613 4308 915 4364 sororibus
944 4313 1034 4365 est
1061 4313 1248 4364 mater
1277 4308 1557 4382 spiritalis
1589 4315 1648 4366 et
1676 4311 1878 4381 electa,
1905 4319 1962 4370 et

311 4397 655 4454 constituta.
674 4397 782 4453 Ubi
815 4413 949 4453 cum
981 4398 1392 4453 consororibus
1414 4397 1538 4454 suis
1562 4405 1784 4472 quanta
1809 4407 1962 4474 post-

2077 3265 2256 3321 quam
2286 3247 2346 3302 in
2378 3245 2675 3302 communi
2698 3244 3002 3302 refectorio
3023 3246 3380 3302 manducare
3399 3249 3728 3304 consuevit.

2076 3339 2166 3394 Ita
2195 3353 2328 3392 cum
2359 3334 2582 3390 cateris
2612 3334 2682 3390 ad
2704 3334 3009 3390 ecclesiam
3030 3334 3174 3390 hora
3194 3335 3398 3390 orandi
3419 3337 3730 3394 convenie-

2075 3427 2196 3494 bat,
2231 3429 2296 3480 ut
2323 3429 2425 3480 aut
2455 3423 2664 3496 prima,
2699 3427 2802 3478 aut
2831 3423 2985 3478 inter
3009 3423 3230 3496 primas
3251 3424 3729 3498 veniret,postre-

2075 3530 2174 3570 ma
2201 3513 2574 3587 egrederetur
2603 3529 2616 3566 :
2651 3511 2733 3568 ita
2763 3529 2897 3567 cum
2927 3511 3147 3568 caeteris
3187 3511 3246 3567 in
3291 3514 3496 3568 eadem
3549 3515 3731 3571 domo

2073 3601 2421 3670 dormiebat,
2454 3604 2520 3654 ut
2550 3601 2620 3655 ad
2654 3597 2869 3654 lectum
2901 3603 3198 3672 postrema
3217 3600 3460 3668 veniret,
3486 3601 3728 3659 delecto

2073 3691 2264 3764 prima
2293 3693 2574 3762 surgeret.
2591 3687 2930 3745 Servitrices
2948 3689 3101 3744 intra
3123 3689 3545 3746 monasterium
3571 3691 3732 3748 sicut

2071 3783 2309 3836 caeteras
2338 3778 2553 3834 habere
2579 3776 2785 3845 noluit,
2821 3777 2904 3834 sic
2935 3777 3064 3850 ipsa
3093 3794 3206 3834 non
3239 3778 3448 3834 habuit
3477 3795 3491 3834 :
3517 3781 3727 3837 stude-

2069 3869 2172 3924 bat
2203 3882 2457 3939 namque
2488 3869 2691 3922 sancta
2721 3869 2778 3920 et
2797 3865 2913 3920 Deo
2935 3865 3146 3921 dilecta
3167 3865 3406 3935 femina,
3421 3866 3578 3923 sicut
3598 3868 3727 3926 loco

2067 3955 2408 4024 excellebat,
2438 3955 2520 4011 ita
2547 3959 2605 4010 et
2632 3953 2752 4009 vita
2781 3958 3078 4026 praestare,
3112 3955 3388 4011 studebat
3423 3956 3581 4012 sicut
3611 3975 3723 4014 no-

2068 4047 2247 4114 mine,
2281 4044 2363 4100 ita
2394 4047 2452 4100 et
2473 4043 2698 4099 meritis
2729 4041 3038 4110 excellere;
3071 4047 3128 4098 et
3155 4043 3372 4100 idcirco
3401 4049 3726 4102 nocturna-

2067 4134 2154 4192 les
2175 4138 2386 4190 cantus
2407 4131 2741 4204 praevenire,
2759 4135 2891 4203 post
2911 4131 3289 4188 matutinales
3310 4131 3562 4206 hymnos
3581 4135 3723 4208 vigi~

2069 4223 2272 4292 lare,et
2283 4219 2805 4294 plurahujusmodi
2819 4219 2934 4276 alia
2946 4237 3135 4293 agere,
3151 4237 3278 4294 qua:
3291 4223 3499 4280 ceteris
3511 4224 3722 4296 ardua,

2068 4311 2182 4384 ipsi
2232 4313 2468 4384 propter
2511 4309 2998 4366 consuetudinem
3032 4313 3089 4364 et
3120 4309 3372 4366 nimium
3424 4310 3482 4366 in
3531 4312 3722 4369 Deum

2070 4416 2328 4458 amorem
2353 4399 2616 4470 jocunda
2644 4398 2985 4464 admodum,
3015 4401 3073 4452 et
3093 4415 3334 4470 prorsus
3355 4399 3549 4456 facilia
3567 4401 3725 4458 vide-

313 4487 555 4542 modum
585 4485 846 4558 corporis
897 4486 1182 4553 castitate,
1219 4491 1439 4558 quanta
1489 4489 1705 4544 mentis
1753 4490 1961 4547 vixerit
1991 4510 2038 4574 Β
2069 4490 2302 4545 bantur.
2329 4486 2682 4542 Meminebat
2702 4487 2857 4558 quod
2879 4489 3023 4554 erat,
3049 4486 3409 4544 meminebat
3435 4488 3594 4561 quod
3625 4490 3722 4545 di-

311 4575 640 4643 sanctitate,
674 4592 788 4630 non
820 4579 911 4631 est
940 4579 1150 4630 nostrae
1181 4574 1478 4632 facultatis
1509 4577 1785 4633 evolvere.

380 4662 724 4720 Communis
753 4663 1020 4719 omnium
1049 4663 1185 4729 vita,
1219 4664 1552 4720 communis
1583 4665 1959 4736 victus,habi-

308 4756 407 4808 tus
434 4751 760 4808 consimilis
789 4757 933 4822 erat,
970 4753 1069 4825 qui
1089 4757 1296 4832 tamen
1337 4753 1669 4821 mediocris,
1704 4772 1810 4812 nec
1859 4758 1954 4812 ni-

309 4841 498 4896 mium
529 4839 752 4897 scilicet
781 4840 994 4911 cultus,
1028 4858 1134 4897 nec
1163 4843 1482 4898 admodum
1507 4841 1856 4919 vilis,ncque
1887 4863 1956 4903 ex

307 4930 536 5003 integro
557 4928 762 4986 laneus
787 4934 932 4986 erat.
957 4933 1216 4996 Quarum
1239 4929 1404 4986 nulla
1427 4948 1562 4986 cum
1585 4935 1951 5006 parentibus,

305 5022 408 5076 aut
427 5016 788 5090 quibuslibet
809 5017 1142 5090 hospitibus
1161 5021 1264 5074 aut
1285 5019 1682 5075 manducabat
1707 5025 1811 5076 aut
1835 5022 1949 5078 nisi

304 5105 595 5181 permissa
623 5105 1004 5179 loquebatur;
1037 5105 1236 5162 nullus
1267 5107 1726 5180 cuiquam,quod
1751 5110 1954 5182 pleris-

303 5213 418 5268 que
450 5194 1002 5252 sanctimonialibus
1032 5211 1160 5250 mos
1191 5199 1300 5262 est,
1333 5200 1494 5251 extra
1530 5199 1951 5256 monasterium

302 5289 406 5341 aut
435 5284 506 5341 ad
536 5288 828 5358 parentes,
863 5288 966 5340 aut
997 5283 1399 5357 possessiones
1429 5285 1726 5356 subjectas
1756 5305 1951 5361 egres-

303 5389 406 5428 sus
426 5390 441 5440 ;
459 5377 620 5429 extra
635 5371 1362 5430 communem-refectionis
1378 5372 1620 5428 domum
1636 5375 1722 5431 vel
1746 5375 1947 5432 horam

303 5460 466 5515 nulla
495 5461 772 5533 cuiquam
803 5461 1202 5518 manducandi
1249 5461 1502 5530 licentia,
1538 5461 1650 5518 nisi
1691 5463 1948 5537 aliquam

302 5545 618 5606 infirmitas
649 5549 966 5622 coegisset;
1003 5567 1118 5606 uno
1149 5565 1354 5605 omnes
1383 5550 1714 5608 constituta:
1739 5553 1796 5608 in
1826 5553 1950 5610 loco

2068 4577 2344 4643 cebatur;
2377 4574 2672 4648 cogitabat
2696 4590 2759 4630 se
2806 4578 3057 4630 matrem
3103 4579 3389 4644 vocatam,
3423 4577 3724 4650 cogitabat

2067 4681 2129 4721 se
2151 4663 2464 4720 abbatissa:
2487 4661 2724 4718 nomine
2746 4663 2990 4730 censeri,
3005 4662 3206 4719 etideo
3226 4664 3504 4736 prodesse
3524 4666 3721 4740 magis

2065 4770 2244 4827 quam
2275 4768 2526 4825 praeesse
2554 4751 2866 4824 gaudebat,
2902 4754 2960 4808 et
2987 4751 3173 4807 amari
3207 4751 3403 4824 potius
3428 4771 3610 4826 quam
3642 4755 3716 4810 ti-

2064 4841 2210 4898 meri
2239 4840 2533 4912 cupiebat.
2566 4839 2814 4896 Proinde
2845 4839 3109 4914 cogitans
3140 4857 3202 4898 se
3234 4858 3346 4897 non
3379 4845 3500 4898 tam
3526 4841 3716 4899 hono-

2063 4947 2185 4986 rem
2213 4945 2389 5002 quam
2421 4945 2570 4985 onus
2601 4927 2952 5002 suscepisse,
2977 4927 3124 4985 nulli
3145 4929 3463 5002 aliquando
3485 4929 3714 5004 aliquid

2061 5017 2365 5074 interdixit
2391 5017 2548 5090 quod
2577 5017 2706 5090 ipsa
2735 5017 3002 5087 fecisset;
3027 5017 3173 5074 nulli
3195 5017 3419 5091 aliquid
3439 5020 3719 5093 praecepit

2060 5108 2218 5180 quod
2251 5107 2380 5180 ipsa
2411 5107 2576 5176 prius
2606 5123 2722 5162 non
2754 5105 3164 5179 adimplesset;
3198 5107 3280 5163 ita
3309 5108 3607 5178 subjectas
3637 5111 3716 5166 ad

2061 5197 2208 5253 bene
2241 5196 2534 5269 agendum
2566 5195 2738 5252 factis
2769 5196 2964 5269 potius
2995 5195 3121 5252 suis
3150 5200 3209 5253 et
3237 5195 3518 5269 exemplis
3558 5197 3714 5254 inci-

2059 5289 2214 5353 tans,
2249 5301 2428 5356 quam
2457 5283 2772 5356 disciplina
2800 5301 3036 5358 cogens.

2133 5374 2292 5430 Talis
2323 5378 2448 5429 erat
2475 5390 2574 5429 ore
2620 5373 2814 5446 qualis
2863 5390 3068 5446 opere;
3103 5374 3238 5430 talis
3287 5391 3484 5446 opere,
3515 5376 3714 5448 qualis

2061 5483 2192 5532 ore;
2227 5463 2366 5536 quia
2398 5463 2552 5535 quod
2587 5461 2786 5518 docuit
2819 5462 2974 5532 fecit,
3005 5459 3064 5520 et
3101 5463 3254 5536 quod
3305 5464 3442 5520 fecit
3487 5465 3710 5522 docuit.

2060 5555 2130 5610 Et
2159 5552 2298 5625 quia
2327 5550 2523 5607 divina
2543 5551 2844 5624 Scriptura
2865 5552 3222 5624 quadrifarie
3243 5554 3512 5626 quedam
3531 5560 3708 5624 vetat,
