4084 6190
306 381 462 447 1173

1180 380 1366 447 VITA
1411 384 1477 447 S.
1524 381 2047 446 HATHUMODJE
2092 382 2263 445 ABB.
2313 385 2758 449 GANDERSH.
2803 380 2854 448 Ῑ.

3569 374 3727 448 1174

305 518 573 594 quadam
597 516 789 591 jubet,
808 516 1073 591 quaedam
1104 518 1387 587 concedit,
1412 519 1678 591 quaedam
1711 518 1947 585 suadet;
1978 516 2033 583 Α
2064 534 2185 573 rem
2218 517 2886 587 cautelam,vivaciorom
2911 515 3482 589 sensum,saniorem
3502 518 3724 577 intelle.

304 610 454 682 ipsa,
488 608 549 663 in
581 611 869 681 quantum
892 607 1163 662 humana:
1192 607 1493 680 fragilitati
1513 611 1637 662 erat
1657 605 1957 680 possibile,

298 696 478 753 vetita
504 694 664 750 nulla
685 693 1010 762 commisit;
1035 694 1203 765 justa
1227 711 1471 766 qumque
1503 694 1664 762 fecit;
1693 711 1762 750 ex
1783 693 1960 749 licitis

298 785 507 842 illicita
541 784 702 851 fecit;
729 800 905 839 suasa
936 781 1181 854 majoris
1221 784 1507 839 mercedis
1544 782 1764 838 intuitu
1813 782 1958 838 arri-

300 875 449 949 puit.
483 875 630 930 Nam
663 876 861 945 aperte
901 871 1076 939 mala,
1111 888 1239 943 qua:
1279 877 1448 927 erant
1494 871 1808 944 prohibita,
1842 888 1957 927 non

301 964 495 1020 solum
527 979 700 1034 opere
734 978 849 1016 non
881 961 1034 1027 fecit,
1061 961 1162 1016 sed
1194 960 1369 1016 etiam
1420 965 1616 1017 mente
1664 964 1960 1016 exsecrata

296 1057 415 1120 est;
450 1054 647 1123 aperte
690 1050 863 1117 bona,
898 1065 1025 1121 quae
1057 1051 1225 1104 erant
1254 1052 1564 1120 prmcepta,
1600 1066 1703 1121 pro
1733 1049 1957 1103 viribus

297 1140 621 1213 adimplere
650 1138 985 1205 contendit;
1018 1153 1317 1204 concessa,
1346 1153 1473 1209 quae
1512 1155 1613 1209 pro
1663 1138 1956 1193 utentium

295 1231 472 1287 modo
501 1228 588 1284 vel
621 1229 776 1283 bona
816 1243 945 1283 esse
993 1231 1263 1299 possunt,
1290 1226 1378 1281 vel
1435 1226 1612 1291 mala,
1645 1226 1704 1281 in
1740 1226 1956 1298 quibus

294 1324 386 1376 est
417 1335 431 1374 :
463 1316 660 1374 saiculi
689 1334 856 1383 usus,
878 1314 1139 1387 conjugii
1176 1313 1465 1387 voluptas,
1500 1315 1765 1371 carnium
1795 1332 1956 1396 esus,

295 1408 631 1464 molliorum
662 1408 720 1460 et
738 1403 1058 1460 cultiorum
1093 1404 1579 1459 indumentorum
1613 1409 1954 1476 apparatus,

294 1495 507 1568 majori
531 1492 758 1550 cautela
779 1492 1337 1565 sprevit,salubriori
1360 1492 1603 1548 consilio
1622 1492 1951 1548 declinavit.

295 1589 504 1653 Suasa,
524 1600 651 1656 quae
683 1586 748 1638 ut
778 1582 985 1637 altiora
1016 1598 1204 1653 neque
1236 1581 1466 1637 cunctis
1500 1580 1955 1653 prmcipimeque

287 1694 323 1732 a
351 1672 582 1731 cunctis
612 1671 922 1744 adimpleri
955 1670 1321 1743 poterant,in
1354 1670 1570 1742 quibus
1599 1677 1688 1725 est
1712 1685 1725 1724 :
1754 1670 1953 1726 saeculi

283 1761 749 1828 abrenuntiatio,
782 1760 1048 1815 carnium
1096 1758 1476 1826 abstinentia,
1502 1757 1838 1814 molliorum
1895 1763 1957 1815 et

2068 612 2226 663 ctum
2252 609 2466 665 habere
2487 610 2684 665 nullus
2709 610 2824 665 fere
2846 610 2954 665 hoc
2977 615 3237 683 tempore
3268 610 3474 683 quivit.
3495 609 3553 665 Si
3588 626 3726 681 qua,

2068 702 2135 753 ut
2193 699 2375 753 moris
2418 702 2526 766 est,
2561 699 2921 772 interrogare
2964 699 3231 766 debebat,
3276 703 3395 753 tam
3447 698 3617 771 plane
3673 701 3731 754 et

2069 785 2333 843 discusso
2363 794 2572 843 cuncta
2606 788 2949 860 attingebat,
2984 792 3048 842 ut
3093 788 3224 860 ipsa
3274 787 3728 860 interrogatione

2068 894 2177 932 sua
2206 878 2412 933 docere
2446 876 2638 950 potius
2661 894 2838 949 quam
2859 877 3215 948 interrogare
3234 876 3547 932 videretur.
3575 877 3727 933 Lon-

2067 981 2207 1038 gum
2237 970 2344 1035 est,
2360 966 2408 1021 si
2437 971 2679 1021 cunctas
2711 967 2839 1036 ejus
2870 965 3114 1020 virtutes
3147 965 3489 1037 singulatim
3527 964 3614 1021 vel
3645 968 3728 1021 at-

2066 1054 2290 1127 tingere
2321 1054 2588 1109 velimus.
2606 1054 2753 1109 Mira
2772 1055 2823 1109 ei
2848 1054 3120 1120 charitas,
3138 1070 3372 1108 summa
3393 1054 3720 1124 humilitas,

2066 1144 2325 1198 maxima
2354 1142 2658 1215 patientia,
2678 1142 3038 1197 incredibilis
3071 1141 3411 1208 liberalitas,
3428 1142 3723 1215 incompa-

2067 1231 2269 1287 rabilis
2318 1232 2507 1303 pietas
2543 1235 2685 1285 erat.
2722 1232 2950 1296 Quanta
3000 1246 3255 1301 namque
3302 1229 3583 1285 charitate
3630 1231 3717 1287 vel

2066 1319 2196 1393 ipsa
2225 1325 2468 1377 cunctas
2486 1319 2870 1388 dilexerit,ch
2904 1320 3030 1391 ipsa
3056 1318 3349 1374 vicisssim
3378 1318 3450 1374 ab
3480 1319 3565 1374 eis
3583 1318 3721 1375 dile-

2065 1412 2159 1464 cta
2189 1409 2285 1477 sit,
2309 1411 2603 1465 testantur
2636 1412 2716 1463 tot
2748 1412 3044 1464 tantorum
3075 1406 3440 1479 lacrymzn,in
3464 1407 3592 1477 ejus
3614 1407 3716 1462 ob-

2064 1497 2416 1554 dormitione
2433 1497 2627 1553 effusae
2641 1540 2650 1550 .
2666 1496 3069 1552 Humilitatem
3089 1491 3222 1551 vero
3245 1499 3469 1551 tantam
3487 1494 3712 1565 habuit,

2064 1591 2147 1655 ut,
2173 1602 2307 1643 cum
2340 1590 2495 1642 esset
2523 1584 2871 1653 clarissimo,
2907 1588 2972 1639 ut
3001 1584 3059 1639 in
3100 1583 3385 1656 principio
3434 1583 3711 1653 diximus,

2064 1692 2273 1752 genere
2294 1680 2439 1742 orta,
2464 1679 2521 1731 et
2551 1686 2789 1731 shmma
2814 1675 2964 1745 apud
3001 1688 3341 1729 consorores
3359 1671 3483 1728 loco
3504 1674 3717 1729 consti-

2062 1765 2384 1833 tula,nulla
2411 1763 2498 1819 vel
2530 1765 2603 1819 ad
2634 1762 3039 1818 inclinandum
3064 1760 3305 1828 facilior,
3331 1761 3417 1816 vel
3442 1762 3501 1816 in
3520 1762 3714 1818 verbis

283 1851 600 1954 cultiorem
639 1850 1122 1954 indumentorum
1150 1851 1562 1954 contemptus,
1583 1847 1944 1954 virginitatis
1981 1887 2031 1954 Β
2061 1854 2363 1919 humilior,
2392 1852 2481 1909 vel
2510 1852 2570 1907 in
2598 1851 2800 1907 habitu
2844 1852 2960 1907 fere
2990 1850 3159 1905 vilior
3197 1854 3525 1922 appareret.
3561 1850 3714 1916 Quid

282 1938 636 2007 observatio,
653 1939 927 1994 ardenter
947 1935 1212 2009 arripuit,
1230 1940 1668 2008 perseveranter
1686 1935 1940 2008 comple-

278 2030 386 2086 vit.
408 2028 672 2100 Denique
703 2025 974 2081 molliora
995 2025 1344 2080 indumenta
1374 2024 1456 2079 ita
1483 2025 1855 2096 contempsit,
1876 2030 1943 2080 ut

278 2118 585 2191 asperiora
608 2132 841 2189 quoque
871 2131 989 2170 non
1022 2113 1200 2168 nimis
1222 2114 1380 2169 culta
1396 2112 1667 2181 haberet;
1692 2131 1727 2168 a
1746 2113 1941 2169 cami-

277 2209 393 2264 bus
408 2207 489 2263 ita
509 2204 812 2272 abstinuit,
829 2208 894 2259 ut
913 2220 1048 2259 cum
1072 2202 1294 2259 caeteris
1317 2202 1464 2258 cibis
1486 2207 1544 2258 et
1562 2206 1705 2275 potu
1740 2218 1939 2258 neces-

278 2296 434 2353 sario
456 2311 666 2368 panem
683 2310 916 2367 quoque
937 2292 1135 2364 ipsum
1162 2291 1507 2365 parcissime
1523 2295 1813 2357 sumeret;
1833 2308 1938 2345 ste-

278 2386 414 2443 oulo
433 2388 630 2441 autem
652 2400 768 2451 non
801 2382 992 2438 solum
1009 2380 1395 2437 exterioribus
1426 2381 1622 2447 rebus,
1639 2380 1742 2435 sed
1759 2380 1937 2435 etiam

278 2474 343 2530 in
365 2473 561 2530 animo
582 2472 762 2539 intus,
781 2475 839 2527 et
856 2470 1156 2526 voluntate
1173 2469 1560 2537 renuntiavit;
1584 2467 1938 2541 virginitatis

282 2562 651 2637 propositum
681 2560 762 2616 ita
792 2564 963 2616 caute
993 2559 1263 2626 servavit,
1295 2561 1361 2613 ut
1390 2557 1570 2613 nullis
1601 2557 1812 2613 invidis
1838 2558 1937 2613 de-

282 2650 555 2708 trahendi
582 2648 748 2706 locus
780 2650 1038 2704 daretur.

357 2740 530 2797 Nulla
549 2739 609 2794 in
631 2738 827 2795 verbis
857 2738 987 2809 ejus
1019 2736 1362 2809 procacitas,
1388 2734 1551 2792 nulla
1580 2735 1939 2791 incontinen-

282 2831 378 2888 tiae
398 2828 637 2886 lascivia
666 2826 1013 2883 fuit.Sermo
1037 2825 1467 2897 impudicus,et
1494 2825 1737 2880 verbum
1766 2828 1939 2896 turpe

285 2934 593 2990 nunquam
626 2917 698 2972 ab
726 2916 855 2987 ejus
883 2931 979 2970 ore
1028 2914 1330 2986 processit.
1365 2912 1573 2969 Nullus
1622 2913 1936 2985 aliquando

283 3008 593 3072 rixantem,
622 3004 821 3059 nullus
860 3002 1329 3069 maledicentem,
1370 3000 1571 3057 nullus
1612 3002 1933 3072 jurantem,

283 3095 486 3155 nullus
511 3090 1142 3159 detrahentem,nul|us
1173 3090 1549 3145 mentientem
1580 3089 1820 3145 audivit.
1835 3089 1939 3145 Ne-

282 3203 382 3242 mo
413 3200 542 3241 eam
568 3182 803 3248 iratam,
837 3197 1008 3235 nemo
1042 3179 1653 3246 turbulentam,nemo
1684 3178 1936 3234 multum

280 3281 344 3333 et
372 3273 678 3328 inhoneste
708 3270 993 3325 ridentem
1016 3266 1348 3322 vidit.Nulli
1373 3284 1633 3339 unquam
1657 3267 1934 3338 injuriam

284 3362 441 3428 fecit,
464 3359 607 3416 nulli
640 3358 1001 3415 calumniam
1026 3356 1326 3427 irrogavit,
1344 3356 1489 3410 nulli
1512 3355 1945 3411 conciviumin-

282 3451 489 3525 gessit.
507 3449 634 3505 Una
653 3465 857 3503 omnes
880 3446 1205 3502 secundum
1237 3446 1548 3518 qualitates
1572 3444 1940 3517 singulorum

282 3540 375 3595 vel
425 3536 646 3604 dilexit,
678 3536 766 3591 vel
816 3535 1141 3591 reverentia
1190 3533 1516 3589 honoravit.
1549 3533 1941 3588 Consororum

284 3644 532 3687 suarum
553 3627 635 3681 ita
652 3625 795 3681 vitia
810 3624 1096 3679 insectata
1108 3627 1533 3689 est,utsummo
1549 3638 1650 3676 eas
1669 3626 1727 3676 et
1745 3621 1946 3695 dilige-

285 3721 396 3786 ret,
430 3719 489 3772 et
523 3717 899 3770 veneraretur
927 3713 1160 3767 affectu.
1193 3710 1320 3765 Una
1358 3726 1497 3782 erga
1525 3708 1791 3781 singulas
1838 3727 1943 3781 pro

287 3804 516 3862 meritis
545 3801 859 3875 disciplina
888 3818 999 3857 usa
1040 3805 1159 3867 est;
1192 3799 1395 3854 dilexit
1437 3803 1732 3865 naturam,
1764 3796 1947 3853 odivit

286 3893 606 3960 malitiam;
638 3890 842 3946 dilexit
870 3890 1025 3962 quod
1073 3889 1342 3944 Christus
1389 3887 1542 3954 fecit,
1567 3886 1745 3943 odivit
1787 3887 1943 3957 quod

286 3981 560 4040 diabolus
608 3979 925 4035 adinvenit.
975 3979 1227 4032 Suarum
1260 3993 1532 4032 excessus
1575 3980 1640 4031 ut
1679 3975 1945 4048 proprios

288 4072 475 4139 flevit;
508 4068 737 4142 quoties
767 4067 966 4139 aliqua
1006 4067 1120 4121 {ide
1150 4069 1253 4121 aut
1283 4069 1479 4119 mente
1512 4064 1942 4132 infirmabatur,

287 4161 419 4233 ipsa
448 4156 626 4215 simul
653 4156 1000 4229 azgrotabat;
1033 4154 1265 4227 quoties
1296 4153 1493 4225 aliqua
1510 4152 1944 4209 scandalizaba-

288 4247 553 4319 tur,ipsa
610 4245 926 4311 urebatur;
960 4243 1191 4314 placido
1244 4246 1439 4296 tamen
1495 4258 1726 4312 semper
1780 4239 1945 4295 vultu

288 4335 480 4393 sereni
501 4332 706 4400 animi,
720 4331 900 4388 etiam
923 4331 1074 4385 inter
1103 4334 1364 4395 incestas,
1380 4334 1437 4384 et
1454 4346 1546 4384 res
1567 4329 1946 4401 lacrymosas,

290 4424 667 4482 serenitatem
700 4420 1213 4494 praemonstrabat.
1235 4419 1518 4473 Caeterum
1562 4420 1737 4473 fidem
1766 4418 1853 4473 vel
1888 4419 1946 4473 in

290 4514 479 4569 Deum
513 4510 826 4582 puriorem,
845 4509 929 4563 vel
955 4525 1092 4579 erga
1120 4506 1388 4562 homines
1410 4506 1948 4574 meliorem,nullus

291 4601 510 4658 habere
540 4598 787 4654 valebat.
814 4597 874 4652 In
908 4595 1338 4662 amicitiis,non
1371 4595 1502 4650 aliis
1534 4612 1711 4667 quam
1744 4595 1947 4665 justis,

293 4686 685 4747 concedendis
718 4689 890 4741 cauta
920 4685 1239 4740 admodum
1263 4689 1318 4739 et
1344 4684 1600 4740 difﬁcilis
1622 4685 1948 4750 videbatur,

293 4777 355 4833 in
377 4775 793 4834 conservandis
826 4773 1203 4831 tenacissima
1234 4777 1376 4830 erat.

946 4888 1178 4944 CAPUT
1219 4888 1310 4943 Ill.

297 4995 958 5080 Ejusjaperscrutaadis
1004 4994 1215 5080 diuinis
1256 4992 1557 5076 scripturis
1602 4992 1961 5080 sedatur-15ft

365 5066 610 5134 solertia,
644 5068 950 5134 humilitas,
981 5067 1250 5137 patientia
1280 5067 1341 5120 in
1367 5080 1578 5134 egenos,
1610 5081 1675 5119 ac
1706 5067 1766 5119 in
1796 5066 1955 5135 inﬁr-

362 5157 479 5195 mos
537 5140 861 5201 liberalitas.
912 5139 1272 5209 hospitalitas.
1334 5138 1572 5191 Futurus
1626 5137 1956 5192 monasterii

363 5220 540 5268 statu:
569 5214 693 5267 visu
720 5218 982 5267 nocturno
1010 5210 1276 5281 cognitus.

363 5318 806 5389 Scripturarum
827 5316 1059 5372 lectioni
1083 5320 1140 5371 et
1161 5316 1288 5387 ipsa
1309 5313 1514 5369 sedula
1546 5312 1880 5378 insistebat,
1902 5316 1960 5367 et

293 5406 640 5463 insistentes
661 5422 1036 5477 summopere
1058 5402 1370 5475 diligebat;
1406 5401 1788 5474 negligentes,
1813 5418 1960 5472 quas

299 5498 502 5550 tamen
535 5494 758 5566 aliquid
792 5494 1069 5566 proﬁcere
1092 5506 1263 5564 posse
1282 5488 1751 5556 videbat,minori
1765 5487 1961 5560 potius

300 5581 702 5638 familiaritate
722 5599 900 5654 quam
924 5579 1238 5652 disciplina
1257 5579 1328 5634 ad
1352 5578 1460 5632 has
1482 5577 1964 5647 discendascoge-

302 5670 441 5737 bat;
476 5670 533 5725 in
566 5671 659 5727 his
683 5669 1011 5738 audiendis,
1038 5666 1319 5739 legendis,
1345 5665 1740 5738 intelligendis
1774 5665 1961 5737 majo-

2060 1946 2130 2000 de
2154 1942 2435 2017 patientia
2456 1942 2586 2012 ejus
2611 1940 2824 2009 dicam,
2842 1956 2975 1995 cum
2998 1938 3227 1993 nullum
3245 1955 3506 2011 unquam
3526 1938 3616 1994 vel
3635 1938 3718 1993 in-

2048 2032 2298 2088 honesta
2325 2029 2725 2101 increpatione
2746 2027 3125 2101 arguerit,vel
3156 2028 3333 2083 etiam
3365 2027 3712 2083 convicianti

2048 2135 2323 2193 asperum
2353 2117 2596 2173 verbum
2626 2115 2931 2171 retulerit?
2962 2116 3137 2170 Porro
3160 2115 3232 2170 de
3270 2112 3621 2169 liberalitate
3650 2118 3710 2169 et

2047 2208 2263 2280 pietate
2286 2205 2476 2261 dicere
2497 2203 2716 2276 aliquid
2738 2221 2805 2259 su
2817 2219 3168 2276 pervacuum
3185 2206 3274 2258 est
3298 2220 3312 2257 :
3337 2219 3472 2258 cum
3499 2220 3706 2259 omnes

2045 2296 2129 2353 ita
2175 2296 2538 2361 attendisset,
2573 2311 2640 2349 ac
2688 2295 2736 2349 si
2769 2295 2841 2349 de
2870 2293 3123 2365 propriis
3168 2293 3493 2349 visceribus
3544 2293 3707 2365 ipsos

2046 2385 2369 2458 genuisset.
2404 2383 2546 2448 Quis
2577 2382 2733 2437 enim
2768 2399 3029 2454 unquam
3064 2382 3331 2452 inopum,
3366 2381 3499 2453 quis
3530 2381 3699 2437 cleri-

2046 2492 2247 2531 corum
2288 2474 2361 2528 ab
2392 2489 2460 2528 ea
2485 2488 2707 2528 vacuus
2740 2473 3017 2527 recessit?
3047 2472 3187 2537 Quis
3220 2489 3333 2527 non
3382 2472 3511 2542 ejus
3550 2471 3699 2527 cibis

2046 2563 2424 2629 retocillatus,
2450 2560 2583 2633 quis
2605 2577 2721 2615 non
2752 2564 2841 2616 est
2871 2561 3000 2631 ejus
3052 2560 3223 2614 bonis
3270 2560 3700 2631 partieipatus?

2046 2654 2482 2722 Nonnunquam
2517 2648 2642 2704 suis
2673 2649 2808 2703 tulit
2838 2649 2992 2720 quod
3022 2648 3154 2704 aliis
3183 2648 3438 2703 tribucre
3469 2652 3697 2719 posset;

2044 2742 2252 2814 egebat
2281 2740 2428 2811 ipsa,
2467 2742 2531 2793 ut
2560 2737 2656 2793 alii
2689 2738 3087 2804 abundarent;
3121 2736 3525 2803 esuriebat,ne
3555 2753 3698 2807 pau-

2046 2847 2213 2904 peres
2226 2828 2543 2894 esurirent;
2568 2827 2824 2893 sitiebat,
2841 2843 2913 2881 ne
2935 2826 3268 2897 hospitibus
3286 2829 3460 2896 potus
3472 2826 3696 2893 deesse;

2046 2921 2105 2977 in
2138 2918 2354 2991 quibus
2377 2916 2768 2989 suscipiendis
2791 2917 3073 2986 majorem
3096 2914 3702 2985 humilitatem,majo-

2045 3023 2169 3066 rem
2192 3006 2557 3076 eharitatem,
2582 3006 2861 3076 majorem
2886 3004 3310 3059 humanitatem
3337 3018 3507 3057 nemo
3537 3006 3699 3074 pote-

2046 3102 2138 3154 rat
2158 3095 2447 3161 exhibere,
2483 3093 2624 3160 lllis,
2650 3093 2697 3148 si
2732 3109 2979 3165 persona
3000 3091 3134 3146 talis
3155 3096 3296 3157 erat,
3323 3091 3466 3145 hora
3500 3090 3700 3145 convi-

2045 3184 2488 3243 vandiassidere
2506 3182 2854 3249 soluta,cum
2880 3181 2996 3235 illis
3020 3183 3090 3235 de
3113 3181 3325 3247 Deo,de
3343 3179 3697 3247 emlestibus,

1970 3252 2017 3321 C
2052 3278 2122 3332 de
2152 3274 2365 3330 divinis
2397 3272 2715 3344 Scripturis
2756 3276 3025 3338 tractare,
3059 3287 3157 3324 eos
3194 3273 3296 3323 aut
3344 3269 3700 3339 interrogare

2049 3364 2407 3436 aliquid,aut
2429 3362 2727 3426 doeere,et
2743 3359 2823 3413 ita
2845 3357 3129 3431 quidquid
3156 3354 3537 3411 humanitatis
3554 3359 3695 3422 erat,

2048 3454 2347 3518 exhibere;
2382 3455 2447 3505 ut
2477 3449 2882 3517 curaret,dum
2906 3464 3121 3517 corpus
3153 3445 3408 3500 exterius
3424 3444 3700 3515 pasceba-

2049 3547 2165 3609 tur,
2200 3557 2273 3596 ne
2303 3557 2470 3594 mens
2500 3538 2744 3593 interius
2776 3536 2972 3592 otiosa
3003 3539 3349 3591 remaneret.

2122 3633 2307 3695 Quam
2340 3632 2535 3682 autem
2569 3625 2822 3680 sollicita
2856 3625 3028 3678 fuerit
3052 3640 3190 3693 erga
3220 3624 3701 3693 zegrotantes,su-

2053 3718 2343 3791 perfluum
2360 3719 2450 3770 est
2472 3714 2662 3767 dicere
2685 3729 2697 3766 :
2721 3728 2853 3766 cum
2879 3728 2991 3765 non
3013 3711 3201 3763 solum
3228 3713 3542 3780 praesentes
3555 3707 3704 3762 miro

2054 3806 2247 3873 modo,
2279 3808 2338 3859 et
2366 3800 2611 3857 diversis
2642 3799 2940 3870 obsequiis
2974 3798 3195 3864 foverit,
3225 3798 3323 3851 sed
3357 3796 3531 3850 etiam
3564 3795 3703 3849 alie—

2054 3911 2181 3963 nos,
2231 3896 2289 3949 et
2339 3891 2510 3962 longe
2568 3889 2789 3961 positos
2838 3888 2898 3942 in
2959 3886 3298 3941 infirmitate
3356 3882 3555 3954 aliqua
3605 3899 3707 3954 per

2054 3982 2295 4040 nuntios
2342 3977 2683 4043 visitaverit,
2733 3982 2789 4031 et
2833 3975 3117 4048 quidquid
3180 3972 3296 4028 illis
3352 3975 3584 4044 gratum
3645 3971 3705 4025 in

2054 4072 2201 4128 cibis
2249 4086 2377 4125 esse
2436 4071 2669 4140 putaret
2726 4065 2971 4120 miserit.
2998 4063 3299 4134 Siquidem
3348 4078 3523 4133 parvo
3573 4061 3707 4114 ante

2056 4175 2226 4216 suam
2246 4157 2647 4212 infirmitatem
2668 4159 2947 4225 tempore,
2974 4168 3106 4206 cum
3131 4150 3418 4222 pleraeque
3440 4164 3706 4204 sororum

2056 4248 2308 4322 graviter
2336 4245 2722 4318 languissent,
2757 4242 2871 4297 dici
2905 4259 3015 4297 non
3052 4244 3244 4312 potest
3273 4242 3495 4311 quanta
3541 4236 3706 4293 solli-

2057 4335 2318 4391 citudine
2347 4350 2446 4388 eas
2468 4330 2805 4397 visitaverit,
2840 4334 3062 4401 quanta
3112 4328 3196 4383 eis
3245 4343 3387 4381 cura
3435 4324 3707 4390 astiterit,

2058 4429 2280 4498 quanta
2310 4420 2703 4477 sollicitudine
2734 4420 2885 4474 inter
2905 4417 3270 4491 singularum
3294 4414 3710 4469 loetosdiscur-

2060 4514 2455 4584 rerit,quanta
2471 4509 2751 4565 suavitate
2774 4507 3037 4581 singulas
3059 4505 3307 4561 allocuta
3330 4503 3709 4573 fuerit,quam

1982 4624 2029 4686 D
2061 4601 2228 4657 miris
2248 4606 2306 4656 et
2327 4600 2572 4655 diversis
2602 4599 2900 4670 obsequiis
2931 4594 3257 4650 molestiam
3280 4609 3481 4649 earum
3504 4608 3710 4662 corpo-

2062 4690 2241 4746 ralem
2275 4688 2526 4761 levigare
2549 4686 2875 4751 tentaverit,
2906 4685 3180 4739 omnibus
3229 4682 3443 4754 quibus
3488 4681 3714 4751 poterat

2061 4778 2250 4834 modis
2281 4793 2621 4849 procurans,
2656 4791 2727 4829 ne
2759 4778 2859 4829 aut
2890 4770 3217 4829 necessaria
3246 4767 3590 4835 ministeria,
3614 4769 3716 4822 aut

2064 4866 2385 4939 quidquam
2417 4881 2642 4930 eorum,
2674 4880 2801 4934 quae
2851 4860 3284 4925 desiderabant,
3318 4858 3403 4913 eis
3447 4858 3711 4921 deesset;

2066 4971 2133 5011 ac
2164 4953 2215 5010 si
2236 4954 2363 5024 jam
2391 4957 2594 5007 sancta
2622 4956 2680 5006 et
2699 4951 2815 5005 Deo
2846 4949 3057 5005 dilecta
3087 4947 3305 5001 femina
3336 4944 3509 5000 sciret
3537 4959 3719 5015 quan-

2067 5043 2258 5100 tocius
2287 5059 2349 5098 se
2401 5057 2470 5096 ex
2513 5040 2622 5095 hoc
2672 5038 2883 5095 saeculo
2931 5053 3061 5092 esse
3105 5035 3529 5107 migraturum;
3562 5031 3715 5103 quod

2068 5138 2266 5189 tamen
2298 5135 2356 5186 et
2374 5148 2443 5186 ex
2474 5127 2773 5185 nonnullis
2803 5127 3100 5182 seniorum
3124 5123 3357 5178 indiciis
3376 5140 3492 5177 non
3525 5120 3715 5177 solum

2067 5223 2179 5279 sibi
2211 5221 2313 5276 sed
2345 5220 2522 5275 etiam
2550 5217 2680 5273 aliis
2703 5218 2867 5289 prius
2892 5216 3406 5288 praemonstratum
3428 5227 3557 5266 esse
3585 5226 3716 5281 pro-

2068 5313 2258 5367 batur.
2295 5310 2475 5364 Fuere
2496 5322 2749 5378 namque
2779 5323 2847 5361 ex
2877 5303 3176 5361 sororibus
3208 5318 3335 5373 qua:
3368 5300 3603 5372 signum
3634 5314 3723 5353 cc-

2069 5398 2256 5453 clesia:
2290 5395 2612 5451 maximum
2644 5394 2945 5460 cecidisse,
2974 5397 3030 5447 et
3068 5392 3432 5446 confractum
3481 5404 3610 5444 esse
3659 5386 3719 5445 in

2070 5484 2294 5541 somnis
2325 5484 2611 5546 viderint;
2645 5482 2938 5554 plerisque
2967 5481 3153 5536 visum
3174 5482 3263 5533 est
3290 5476 3720 5548 sarcophagum

2071 5577 2409 5631 sanctorum
2444 5573 2653 5637 ruisse,
2686 5574 2743 5626 et
2774 5570 3111 5624 minutatim
3155 5566 3415 5622 solutum
3448 5564 3647 5621 fuisse.

2145 5663 2276 5735 Ipsa
2305 5664 2523 5727 autem,
2556 5660 2698 5713 dum
2754 5676 2866 5712 non
2916 5656 3097 5711 multo
3151 5659 3284 5710 aute
3318 5653 3719 5709 inﬁrmitatem
