4084 6190
377 369 534 433 H75

1377 367 1480 426 AD
1526 362 1784 425 OPEBA
1830 359 2357 422 liROTSUITHIE
2397 359 2816 420 APPENDIX.

3631 356 3788 418 H76

369 519 544 566 suam
560 519 697 560 cum
717 501 972 576 quodam
995 499 1376 556 familiarium
1399 513 1642 554 suorum
1667 493 2022 567 loqueretur,
2053 491 2110 560 Α
2138 491 2322 560 rebat,
2356 490 2624 548 similiter
2669 489 3168 562 interpretaretur,
3198 489 3370 564 longe
3425 493 3624 547 tamen
3671 489 3790 547 sibi

373 593 530 650 inter
589 590 903 648 familiaria
947 606 1074 660 qua:
1123 603 1259 642 cum
1305 602 1370 642 eo
1409 583 1664 640 habebat
1713 578 2022 652 colloquia,

374 682 554 740 etiam
577 677 948 736 monasteriis
965 676 1057 734 sui
1080 681 1304 733 statum
1325 673 1705 730 tenerrimum
1729 669 2027 743 deplorare

375 769 578 843 ccepit;
613 769 685 824 ad
735 767 893 840 quod
937 783 1072 822 cum
1124 763 1220 820 ille
1271 763 1489 819 diceret
1521 779 1534 818 :
1570 763 1861 816 Teucrum
1893 757 2028 830 qui-

374 861 510 916 dem
567 874 704 915 eum
763 873 912 924 esse,
948 855 1050 910 sed
1113 854 1213 910 Dei
1263 851 1449 925 gratio
1504 851 1754 918 bonum;
1802 849 1874 904 de
1926 849 2026 903 bo-

373 947 559 1004 nitate
598 944 700 1002 Dei
757 961 888 1000 essc
943 943 1222 1016 positum,
1249 943 1554 1013 potestate,
1588 942 1645 993 et
1699 937 2027 993 miscricor-

375 1037 476 1093 dia
504 1034 827 1108 respondit,
863 1033 975 1088 sibi
1007 1037 1205 1087 tamen
1255 1031 1364 1085 hoc
1413 1029 1648 1100 penitus
1697 1025 2026 1098 displicere,

376 1126 536 1199 quod
569 1125 822 1180 necdum
854 1121 1026 1195 regiae
1076 1119 1310 1176 tuitioni
1361 1117 1808 1174 commendatus
1853 1117 2026 1170 esset.

377 1217 641 1286 Cumque
686 1211 785 1266 ille
840 1227 1076 1264 rursum
1111 1209 1346 1276 diceret,
1380 1207 1488 1262 hoc
1519 1206 1766 1261 Domino
1805 1203 2030 1258 volente

375 1302 549 1359 citius
567 1299 1000 1356 emendandum
1033 1299 1174 1362 fore,
1216 1300 1533 1367 utrumque
1582 1298 1640 1349 et
1689 1293 2029 1366 episcopum

375 1407 554 1448 suum
587 1387 702 1446 illis
733 1387 1064 1454 ﬁdelem,et
1094 1383 1440 1440 familiarem
1463 1400 1610 1451 esse,
1631 1383 1804 1453 cujus
1826 1396 2033 1454 sugge-

377 1479 568 1546 stione
625 1477 736 1533 hoc
792 1475 918 1532 ﬁeri
967 1479 1187 1548 posset,
1221 1477 1278 1530 et
1322 1477 1616 1546 parentes,
1664 1475 1723 1528 et
1766 1471 1911 1526 alios
1969 1469 2031 1525 in

378 1567 596 1641 palatio
645 1563 847 1621 ﬁdeles
896 1581 1026 1620 eam
1077 1563 1314 1631 habere,
1345 1563 1445 1634 qui
1497 1579 1671 1618 suum
1722 1561 1941 1634 eptime
1971 1559 2032 1614 in

379 1657 489 1715 hoc
531 1654 893 1710 voluntatem
942 1657 1002 1709 et
1055 1653 1332 1724 adjuvare
1385 1655 1644 1724 possent,
1679 1654 1735 1706 et
1770 1649 2030 1706 vellent:

379 1762 509 1804 sese
539 1760 770 1818 quoque
800 1743 881 1798 ita
912 1742 1144 1798 credere
1176 1741 1278 1807 ait,
1314 1739 1506 1812 ipsam
1540 1743 1736 1794 tamen
1779 1739 1851 1794 ad
1901 1737 2032 1805 hoc,

381 1850 689 1909 usquequo
703 1833 1009 1899 ﬁeret,non
1033 1847 1160 1887 esse
1179 1830 1494 1898 victuram;
1515 1828 1624 1884 hoc
1642 1831 1836 1884 autem
1861 1826 2035 1882 citius

381 1941 511 1984 esse
535 1925 830 1990 futurum;
858 1922 928 1976 de
960 1921 1051 1976 his
1084 1919 1382 1985 omnibus,
1409 1923 1474 1974 ut
1495 1918 1742 1973 Domino
1760 1917 2033 1990 placeret,

379 2029 510 2072 esse
540 2013 750 2068 debere
772 2009 939 2077 dixit,
959 2025 1020 2064 se
1051 2014 1246 2064 tamen
1272 2007 1557 2062 mirandis
1575 2005 1955 2077 quibusdam,
1980 2009 2037 2060 et

382 2103 495 2160 sibi
527 2101 691 2175 prius
724 2098 972 2155 insuetis
1006 2097 1316 2153 insomniis
1362 2096 1590 2168 agitari,
1627 2095 1814 2166 ipsius
1865 2111 2039 2166 super

381 2191 492 2248 hoc
522 2188 853 2246 orationum
886 2191 942 2242 et
974 2186 1438 2242 benedictionem
1489 2183 1827 2256 efflagitare.
1869 2183 2038 2238 Dice-
2097 2186 2103 2190 ’

384 2281 488 2338 bat
521 2277 677 2334 enim
727 2277 786 2331 in
839 2275 1086 2332 somniis
1135 2291 1197 2329 se
1248 2275 1567 2346 quamdam
1617 2273 1776 2327 mirae
1819 2269 2043 2344 magni-

385 2365 612 2424 tudinis
635 2368 823 2420 rotam
852 2362 1088 2429 vidisse,
1124 2361 1294 2432 cujus
1347 2359 1478 2434 palo
1525 2359 1781 2414 diversas
1822 2357 2040 2412 anima-

385 2456 534 2512 lium
562 2455 781 2528 ﬁguras
812 2451 1064 2506 insertas
1095 2449 1398 2515 haberent,
1451 2465 1512 2505 se
1558 2463 1692 2503 vero
1733 2463 1867 2502 cum
1917 2445 2037 2518 ple-

387 2545 586 2617 risque
617 2540 1030 2599 consororibus
1079 2539 1202 2594 suis
1255 2539 1328 2594 ad
1377 2555 1541 2594 axem
1589 2554 1769 2610 supra
1823 2535 2041 2591 modio-

386 2633 510 2693 lum
540 2635 678 2689 rotze
711 2631 865 2686 intra
896 2627 1148 2685 radiolas
1181 2627 1350 2701 quasi
1373 2627 1729 2700 quibusdam
1753 2625 2039 2681 catenulis

385 2739 515 2782 esse
573 2719 930 2794 colligatum,
982 2717 1280 2790 simulque
1331 2733 1466 2773 cum
1518 2720 1664 2784 rota,
1701 2731 1878 2788 quam
1938 2715 2041 2770 ﬁu-

385 2813 518 2876 vius
547 2812 995 2868 subtercurrens
1047 2806 1198 2862 mira
1241 2805 1547 2862 velocitate
1593 2803 2038 2877 circumegerat,

391 2897 802 2967 circumvolvi;
852 2913 1126 2969 cumque,
1171 2898 1237 2952 ut
1282 2894 1394 2953 sibi
1442 2894 1770 2962 videbatur,
1805 2891 2043 2966 stupida

388 2991 643 3057 timeret,
676 3005 748 3044 ne
780 2987 838 3042 in
868 2985 1105 3042 [luvium
1141 2985 1674 3042 subtercurrcutem
1725 2982 2038 3052 decideret,

388 3097 505 3138 non
553 3079 615 3136 in
665 3075 928 3144 fluvium,
976 3075 1129 3148 quod
1178 3074 1504 3142 verebatur,
1567 3074 1668 3128 sed
1730 3073 1928 3145 potius
1981 3072 2041 3128 in

388 3173 606 3232 terram
629 3165 963 3238 contiguam
995 3181 1058 3220 sc
1088 3161 1396 3219 decidisse.
1421 3164 1543 3228 Quo
1574 3163 1726 3218 facto
1757 3179 1818 3218 se
1846 3178 2043 3233 exper-

2135 579 2292 636 aliud
2316 579 2640 647 videbatur,
2657 583 2832 652 atque
2849 579 2979 646 hoc,
2994 579 3149 651 quod
3168 584 3371 652 postea
3387 596 3583 635 rerum
3599 579 3790 636 exitus

2135 668 2352 737 docuit,
2387 669 2585 725 statim
2615 668 2840 724 veritus
2869 672 2979 723 est.
3014 667 3178 724 Unde
3209 656 3322 724 non
3357 668 3584 737 statim,
3603 685 3678 725 ne
3708 670 3793 725 ita

2137 775 2272 814 eum
2293 756 2647 814 intellexisse
2664 755 2924 824 sentiret,
2945 757 3044 813 sed
3069 761 3201 828 post
3217 757 3514 813 modicum
3537 774 3666 822 eam
3687 775 3794 832 pro

2137 846 2658 920 quibusdam,qua3
2690 846 2762 901 ad
2791 845 3136 902 maritorum
3167 850 3225 900 et
3256 845 3792 902 misericordiarum

2137 937 2661 1009 ejusaugmentum
2686 935 3792 1008 pertinerevidebantur,admonendam

2138 1025 2448 1098 putavit,et
2465 1043 2568 1098 pro
2591 1025 2683 1080 his
2706 1024 2817 1079 sibi
2840 1023 3295 1097 supplicandum
3317 1024 3562 1098 dignum
3586 1026 3792 1094 duxit;

2139 1133 2266 1188 qua:
2300 1113 2400 1169 illa
2430 1113 2602 1170 solita
2630 1113 2718 1168 vel
2752 1131 2892 1186 erga
2936 1113 3122 1168 Deum
3173 1114 3493 1179 devotione,
3525 1115 3611 1171 vel
3657 1133 3798 1190 erga

2138 1208 2383 1260 cunctos
2436 1203 2839 1259 benevolentia
2885 1207 3176 1276 quantum
3222 1207 3362 1259 tunc
3412 1204 3622 1277 potuit,
3655 1222 3796 1262 con-

2138 1293 2336 1350 cessit.

2211 1383 2425 1438 Eodem
2460 1386 2656 1439 autem
2685 1386 2969 1456 tempore,
3003 1398 3138 1439 cum
3169 1387 3227 1439 et
3255 1401 3364 1440 nos
3385 1383 3605 1440 ibidem
3637 1401 3798 1442 esse-

2139 1475 2360 1540 mus,et
2368 1473 2494 1544 jam
2512 1471 2812 1528 discedere
2829 1471 3518 1546 vellemus,nequaquam
3542 1491 3652 1531 nos
3672 1491 3797 1548 per-

2140 1561 2305 1618 misit
2339 1559 2646 1634 paululum
2670 1561 3030 1617 subridendo
3051 1561 3280 1631 dicens,
3309 1562 3598 1619 incertum
3627 1564 3801 1622 nobis

2141 1667 2270 1706 esse
2301 1654 2522 1723 quanto
2552 1654 2815 1724 tempore
2844 1667 2912 1707 ea
2937 1649 3070 1719 frui,
3105 1655 3165 1706 et
3187 1667 3316 1707 eam
3349 1651 3544 1708 videre
3565 1653 3802 1726 permit-

2142 1743 2431 1806 teremur;
2466 1739 2514 1796 si
2548 1739 2722 1794 citius
2752 1756 2880 1796 eam
2914 1740 3205 1819 decedere
3247 1742 3635 1813 contingeret,
3658 1745 3799 1800 tunc

2149 1846 2255 1884 nos
2281 1829 2604 1901 pcenituros
2635 1829 2839 1900 fore,si
2873 1834 3012 1886 tunc
3043 1835 3246 1886 contra
3274 1829 3637 1887 voluntatem
3667 1833 3799 1905 ejus

2146 1917 2609 1985 discederemus;
2643 1917 2938 1990 simulque
2970 1922 3027 1973 et
3057 1935 3161 1990 per
3180 1919 3458 1992 scipsam,
3476 1924 3534 1975 et
3561 1937 3668 1992 per
3687 1921 3804 1994 ple-

2147 2024 2360 2079 rasque
2381 2024 2608 2063 sorores
2631 2024 2770 2063 suas
2793 2005 2939 2062 alias
2963 2007 3216 2063 multum
3240 2025 3347 2064 nos
3370 2024 3573 2082 rogare
3594 2010 3799 2084 coepit;

2147 2100 2232 2163 ut,
2253 2095 2543 2168 siquidem
2568 2113 2695 2152 eam
2717 2095 3076 2151 infirmatam
3098 2097 3664 2164 audiremus,venire
3687 2117 3802 2155 non

2147 2185 2683 2258 supersederemus.
2718 2186 2798 2240 Ex
2847 2185 3062 2258 quibus
3111 2188 3389 2243 omnibus
3431 2205 3548 2243 non
3608 2187 3802 2244 solum

2149 2273 2434 2346 conjicere
2465 2291 2801 2346 possumus,
2837 2276 2936 2330 sed
2969 2279 3028 2330 et
3057 2274 3281 2347 liquido
3301 2275 3630 2350 intelligere
3658 2277 3808 2334 vale-

2149 2380 2304 2426 mus,
2327 2362 2696 2418 dormitionis
2728 2380 2846 2418 suae
2879 2368 3114 2437 tempus
3145 2363 3257 2420 sibi
3281 2371 3806 2436 praemonstratum

2149 2453 2361 2519 fuisse;
2381 2452 2536 2524 quod
2560 2452 2796 2525 quidem
2819 2457 2878 2508 et
2892 2469 2961 2508 cx
2990 2453 3403 2526 languentium
3427 2471 3698 2511 sororum
3721 2456 3810 2512 in-

2149 2541 2446 2610 ﬁrmitate,
2471 2557 2598 2614 quae
2629 2542 2758 2614 ejus
2787 2541 3225 2614 zegrotationem
3257 2551 3680 2616 praecesserant
3708 2546 3809 2601 di-

2147 2631 2283 2686 vina
2311 2629 2496 2703 pietas
2519 2631 2994 2702 przemcncndum
3020 2631 3266 2704 putavit.
3288 2633 3476 2705 Igitur
3493 2650 3630 2690 cum
3653 2634 3812 2692 inter

2149 2722 2495 2792 iegrotantes
2525 2718 2730 2774 sedula
2760 2718 3134 2787 discurreret,
3154 2720 3284 2794 ipsa
3303 2721 3364 2778 in
3395 2721 3810 2780 inﬁrmitatem

2149 2808 2380 2878 cecidit,
2403 2807 2748 2881 aliquandiu
2781 2811 2980 2866 tamen
3011 2809 3341 2866 inﬁrmitati
3370 2811 3660 2869 reluctata
3687 2814 3814 2870 vin-

2149 2913 2280 2954 cere
2297 2913 2451 2967 eam,
2471 2896 2560 2954 vel
2592 2895 2792 2971 potius
2811 2895 3048 2954 eludere
3078 2899 3321 2971 putavit.
3341 2900 3570 2957 Tandiu
3589 2902 3813 2975 quippe

2150 3004 2284 3057 cum
2317 2986 2541 3042 caeteris
2569 2986 2870 3043 sororibus
2901 2987 2958 3042 in
2991 2987 3168 3043 choro
3195 2989 3267 3043 ad
3299 3005 3533 3056 cursus,
3567 2990 3625 3044 in
3659 2992 3815 3047 refe-

2149 3075 2332 3132 ctorio
2361 3077 2432 3132 ad
2465 3093 2730 3132 mensam
2765 3075 2893 3142 fuit,
2917 3077 3099 3132 donec
3124 3077 3467 3133 ambulandi
3489 3078 3686 3135 ofﬁcio
3705 3081 3817 3136 do-

2151 3166 2529 3234 stitueretur;
2583 3165 2748 3238 prius
2787 3169 2986 3221 tamen
3046 3183 3222 3238 quam
3267 3167 3471 3223 morbo
3531 3168 3816 3242 ingrave-

387 3258 674 3332 gefactam
733 3254 936 3322 fuisse,
971 3256 1029 3309 et
1081 3253 1210 3325 jam
1261 3251 1624 3324 vigilantem,
1665 3251 1792 3322 jam
1845 3251 1919 3306 ad
1978 3267 2042 3308 se
2071 3240 2122 3308 Ο
2154 3260 2352 3314 scente
2381 3255 2442 3310 in
2473 3254 2688 3311 lectum
2721 3254 3034 3324 decideret,
3063 3255 3212 3310 vidit
3240 3254 3301 3311 in
3333 3257 3585 3314 somniis
3611 3240 3814 3330 quasi

387 3361 700 3413 reversam,
725 3341 1008 3422 membris
1037 3345 1232 3398 tamen
1259 3339 1537 3396 omnibus
1570 3339 1962 3412 prwmorluis,
1987 3343 2044 3396 et

391 3435 583 3493 adhuc
613 3431 1017 3490 tremebundis
1043 3429 1330 3503 jaeuisse.

1039 3535 1272 3592 CAPUT
1313 3535 1404 3592 IV.

399 3633 621 3703 Tempus
649 3629 945 3703 mortis,__et
971 3627 1117 3703 locus
1155 3625 1450 3703 sepulturae
1483 3627 1546 3703 in
1574 3641 1762 3703 somno
1790 3628 1844 3703 ei
1870 3633 2045 3680 osten-

461 3697 818 3759 sds.Sanctus
847 3698 1114 3754 Martinus
1143 3697 1424 3768 singulari
1451 3697 1604 3752 cultu
1629 3697 1697 3754 ab
1728 3713 1792 3753 ea
1820 3697 2048 3753 honora-

461 3783 568 3841 tus,
599 3780 651 3830 et
675 3772 878 3844 saepius
904 3776 1237 3842 conspectus.
1311 3836 1316 3840 _

458 3885 682 3953 Quibus
704 3885 908 3942 itidem
941 3885 1151 3941 diebus
1193 3884 1409 3956 saepius
1441 3883 1553 3939 sibi
1576 3883 1766 3940 visum
1802 3900 1931 3940 esse
1959 3885 2048 3960 di-

386 3975 556 4032 eebat
584 3991 647 4032 se
684 3973 792 4032 levi
839 3973 1068 4030 volasse
1115 3989 1375 4045 corpore,
1403 3976 1460 4028 et
1507 3988 1748 4044 corpore
1785 3976 2019 4030 exutam

387 4066 585 4118 tamen
617 4065 1056 4135 corpoream,et
1086 4059 1366 4116 ineffabili
1400 4060 1569 4116 nobis
1597 4061 1770 4116 modo
1804 4047 2052 4120 caelesti:

393 4152 509 4207 bus
535 4151 715 4206 simul
737 4154 796 4206 et
816 4150 1196 4206 terrestribus
1216 4149 1572 4205 interfuisse.
1598 4151 1741 4204 Nam
1768 4149 2050 4222 proximis

396 4238 516 4296 illis
537 4239 747 4296 diebus
775 4255 837 4294 se
861 4237 1029 4310 quasi
1060 4238 1119 4293 in
1143 4254 1274 4294 aere
1296 4241 1611 4310 raptam,et
1630 4237 1827 4294 omnia
1848 4255 2050 4296 mona-

401 4327 561 4386 sterii
595 4328 841 4384 aediﬁcia
870 4328 1097 4383 detecta
1124 4327 1435 4394 vidisse,et
1455 4332 1828 4399 cuncta,quze
1861 4327 1918 4383 in
1937 4328 2052 4388 sin-

397 4417 554 4492 gulis
584 4417 670 4474 vel
693 4421 881 4485 erant,
912 4415 999 4472 vel
1033 4417 1404 4489 gerebantur,
1437 4421 1636 4488 aperta
1673 4415 1797 4473 suis
1841 4417 2048 4485 oculis,

387 4511 448 4564 et
475 4508 786 4580 perspicua
815 4522 1060 4579 prorsus
1087 4505 1290 4560 fuisse.
1312 4504 1469 4559 Inter
1497 4505 1615 4560 hazc
1637 4522 1700 4561 se
1721 4506 1780 4561 in
1805 4506 2053 4563 ecclesia

2155 3361 2436 3419 magnum
2451 3344 2766 3417 quemdam
2790 3343 3342 3417 campum,diversis
3358 3345 3569 3402 florum
3587 3348 3822 3420 generi-

2155 3437 2268 3491 bus
2296 3432 2772 3500 vernantem,‘ubi
2803 3437 2862 3489 et
2891 3448 3097 3489 omnes
3119 3433 3234 3490 fere
3265 3449 3393 3506 qua:
3414 3451 3484 3490 ex
3504 3437 3820 3494 sororibus

2157 3523 2282 3582 suis
2287 3525 2312 3597 j
2320 3521 2535 3579 uvenili
2548 3526 2716 3576 aetate
2731 3522 3017 3578 florebant
3033 3539 3095 3578 se
3107 3521 3323 3578 vidisse
3335 3524 3679 3596 conspicata
3697 3531 3818 3596 est;

2157 3616 2326 3687 cujus
2357 3611 2796 3685 pulchritudine
2825 3615 2884 3666 et
2934 3610 3269 3668 ammnitate
3312 3630 3446 3668 cum
3489 3614 3818 3671 admodum

2157 3703 2562 3770 delectaretur,
2578 3701 2887 3756 subitanea
2913 3700 3023 3755 sibi
3055 3701 3510 3774 conflagratione
3534 3703 3822 3761 inarsisse

2155 3793 2318 3848 visus
2333 3795 2442 3860 est,
2456 3791 2608 3846 Tum
2623 3789 2806 3845 nimia
2825 3805 3026 3846 earum
3051 3788 3428 3846 miseratione
3439 3791 3826 3852 clamat-ecae-

2159 3881 2264 3955 pit,
2297 3885 2364 3937 ut
2383 3879 2669 3936 Dominus
2699 3879 3178 3944 misereretur,ut
3207 3877 3474 3936 Christus
3509 3899 3822 3939 succurre-

2159 3976 2246 4028 ret
2275 3987 2347 4026 ne
2377 3969 2626 4025 miseras
2655 3969 2892 4040 penitus
2937 3968 3178 4024 interire
3225 3973 3538 4041 pateretur.
3571 3972 3643 4027 Et
3679 3973 3824 4045 quia

2159 4065 2432 4119 sanctum
2454 4059 2773 4114 Martinam
2795 4074 3028 4130 semper
3039 4059 3291 4131 quadam
3306 4059 3546 4130 speciali
3563 4079 3823 4120 reveren-

2158 4151 2240 4208 tia
2260 4149 2578 4216 exrolebat,
2597 4151 2656 4202 et
2675 4147 2734 4202 in
2759 4145 3030 4202 maximis
3053 4162 3184 4202 vere
3206 4148 3663 4208 necessitatibus
3681 4168 3814 4208 eum

2161 4240 2428 4294 invocare
2456 4236 2702 4304 solebat,
2726 4237 2854 4307 ejus
2887 4235 3114 4292 meritis
3144 4239 3202 4292 et
3230 4235 3564 4294 interventu
3613 4257 3715 4297 eas
3741 4243 3817 4298 ab

2159 4327 2396 4402 ignibus
2415 4325 2494 4382 eri
2504 4325 2558 4398 pi
2583 4324 2851 4398 supplex,
2868 4329 2934 4380 ut
2957 4323 3066 4380 sibi
3086 4324 3412 4394 videbatur,
3427 4343 3596 4385 orare
3616 4331 3814 4404 carpit.

2161 4419 2275 4474 Nec
2307 4433 2470 4472 mora
2503 4431 2516 4469 :
2551 4415 2790 4487 quidam
2824 4413 2934 4470 sibi
2969 4413 3278 4486 splendore
3299 4420 3357 4469 et
3375 4414 3818 4487 pulchritudine

2161 4503 2525 4564 admirabilis
2557 4503 2816 4558 astitisse
2844 4502 3006 4558 visus
3035 4507 3144 4568 est,
3177 4503 3277 4575 qui
3319 4504 3450 4576 ejus
3498 4506 3730 4564 meritis
3756 4513 3816 4564 et

390 4595 562 4670 quasi
575 4596 894 4668 quemdam
910 4611 1193 4668 magnum
1209 4597 1372 4649 terrae
1387 4593 1872 4663 hiatumvidisse;
1893 4612 2054 4652 cum-
2082 4611 2128 4676 Ι)
2157 4593 2598 4660 intercessione,
2619 4595 2676 4646 et
2705 4591 2902 4665 ignem
2934 4591 3281 4663 sopiendum
3303 4596 3360 4646 et
3379 4609 3480 4649 eas
3500 4593 3816 4652 salvandas

388 4701 503 4758 quo
533 4684 607 4741 ad
640 4684 791 4740 hanc
819 4681 1104 4739 visionem
1135 4698 1510 4755 summopere
1540 4682 1780 4752 doleret,
1812 4688 1869 4740 et
1898 4701 2047 4757 quo-

387 4774 563 4829 modo
593 4771 705 4828 hoc
725 4772 1132 4840 evenisset,vel
1153 4773 1446 4844 quomodo
1469 4771 1824 4844 oppleretur,
1841 4773 2051 4852 rogita.

386 4865 498 4934 ret,
509 4860 746 4918 audisse
763 4877 825 4918 se
843 4877 1043 4917 vocem
1068 4860 1357 4918 dicentem
1381 4860 1514 4929 sibi,
1531 4861 1742 4918 debere
1765 4861 1932 4918 illum
1953 4880 2050 4936 op-

384 4949 838 5024 pleri,quoniam
855 4949 964 5007 hoc
977 4949 1382 5006 habitaculum
1401 4966 1575 5006 suum
1589 4955 1745 5006 esset
1755 4951 2020 5007 futurum
2031 4993 2043 5007 .

383 5036 508 5106 Quo
519 5039 676 5096 dicto
689 5037 926 5096 audise
943 5055 1005 5094 se
1022 5037 1466 5094 multitudinem
1485 5037 1888 5110 psallentium,
1896 5040 2047 5112 psal-

383 5143 549 5184 mum
579 5127 970 5184 centesimum
993 5119 1512 5200 quadragesimum
1537 5127 1864 5196 dicentem;
1888 5145 2045 5184 cum-

383 5233 500 5289 que
529 5220 873 5289 perventum
923 5220 1080 5272 esset
1128 5217 1199 5272 ad
1251 5233 1484 5272 versum
1521 5233 1534 5272 :
1567 5217 1696 5273 Haec
1722 5225 1801 5274 est
1829 5219 2044 5289 requies

382 5321 504 5362 ma
531 5306 595 5362 in
621 5307 891 5364 arculum
917 5305 1128 5372 saeculi,
1158 5305 1250 5360 hic
1292 5305 1564 5370 habitabo,
1601 5308 1863 5379 quoniam
1905 5307 2045 5377 elegi

381 5409 523 5463 earn,
556 5398 614 5450 et
643 5393 844 5463 illa,ut
872 5393 984 5450 sibi
1015 5393 1341 5460 videbatur,
1359 5393 1536 5449 simul
1568 5409 1702 5449 cum
1725 5394 1810 5450 eis
1832 5394 2040 5466 psalle-

383 5486 490 5552 ret,
524 5483 987 5556 expergefactam
1016 5481 1320 5556 evigilasse
1352 5498 1434 5549 se,
1453 5487 1512 5539 et
1540 5482 1734 5539 adhuc
1763 5484 2038 5540 eumdem

379 5570 736 5628 versiculum
766 5571 1106 5645 vigilantem
1157 5571 1214 5626 in
1256 5588 1352 5628 ore
1401 5571 1701 5628 habuisse.
1737 5575 1871 5638 Qum
1904 5571 2040 5628 licet

379 5657 482 5713 illa
509 5664 792 5729 tanquam
816 5661 1110 5716 insomnia
1133 5664 1413 5729 narraret,
1430 5664 1487 5716 et
1509 5659 1624 5728 ille,
1641 5660 1732 5716 cui
1758 5660 1879 5717 bzec
1899 5662 2032 5719 refe-

2158 4702 2287 4743 esse
2317 4682 2483 4738 dixit.
2516 4682 2610 4753 Ita
2629 4681 3051 4754 expergefacta,
3086 4697 3220 4736 cum
3263 4685 3470 4754 postea
3512 4684 3814 4744 somnium

2158 4773 2450 4848 plerisque
2480 4774 2761 4837 narraret,
2797 4773 3068 4826 sanctum
3100 4769 3418 4825 Martinam
3467 4772 3640 4842 quasi
3691 4790 3813 4828 ere-

2154 4869 2340 4922 torem
2371 4877 2548 4919 suum
2578 4859 2815 4932 speciali
2861 4858 3137 4931 deinceps
3182 4859 3255 4915 ab
3301 4858 3386 4915 eis
3441 4862 3814 4919 veneratione

2155 4957 2214 5012 et
2243 4949 2540 5024 obsequiis
2561 4947 2975 5005 celebrandum
2996 4947 3470 5004 commendabat.

2226 5040 2427 5114 Ipsum
2451 5053 2588 5094 vero
2635 5039 2908 5093 sanctum
2954 5034 3277 5092 Martinam
3333 5037 3813 5110 conspicabiliter

2152 5128 2327 5186 etiam
2361 5126 2472 5182 sibi
2504 5124 2766 5198 vigilanti
2787 5123 2977 5180 visum
2997 5141 3127 5181 esse
3148 5124 3556 5182 indubitanter
3574 5130 3810 5187 credere

2149 5215 2414 5273 valemus
2444 5232 2514 5270 ex
2540 5214 2670 5285 ejus
2701 5213 2890 5286 ipsius
2923 5213 3258 5269 narratione
3305 5218 3362 5269 et
3408 5214 3626 5271 verbis.
3659 5218 3806 5274 Nam

2151 5323 2284 5362 cum
2304 5303 2557 5377 quadam
2575 5301 2668 5358 die
2688 5301 2984 5358 nonnulla:
3006 5318 3074 5357 ex
3091 5303 3396 5360 sororibus
3414 5302 3636 5361 lectulo
3648 5305 3807 5363 illius

2151 5395 2496 5463 assiderent,
2533 5391 2729 5447 subito
2757 5389 3012 5447 clamare
3052 5391 3246 5464 erepit,
3279 5395 3552 5448 sanctum
3603 5393 3803 5452 Marti-

2149 5502 2291 5541 num
2322 5483 2548 5550 adesse,
2581 5485 2638 5538 et
2667 5480 2726 5536 in
2760 5480 3092 5553 pavimento
3133 5480 3533 5550 deambulare,
3567 5500 3804 5540 monere

2147 5573 2418 5629 sedentes
2475 5573 2540 5624 ut
2597 5573 2974 5641 assurgerent
3028 5569 3268 5637 astanti,
3304 5575 3372 5625 ut
3408 5571 3800 5640 jocundarcnt

2147 5656 2578 5726 deambulanti;
2612 5656 2808 5714 fallere
2839 5674 2937 5713 eos
2981 5656 3070 5714 vel
3103 5656 3245 5726 falli,
3280 5659 3379 5730 qui
3428 5673 3565 5714 cum
3612 5660 3793 5717 defor-
