4092 6190
300 376 458 441 H77

1180 377 1366 442 VITA
1406 379 1472 442 S.
1517 377 2038 442 HATHUMOD/E
2079 377 2249 440 ABB.
2298 379 2744 442 GANDERSH.
2775 377 2827 441 Ι.

3553 380 3707 445 1178

299 513 563 581 mem,ut
593 509 653 567 in
682 509 817 567 Vita
845 509 974 583 ejus
1002 509 1556 584 lcgitur,dixissent,
1584 512 1725 568 nihil
1748 527 1810 568 se
1840 529 1948 567 un-
1978 511 2035 578 Α
2062 511 2464 581 remansisset,
2480 514 2609 587 ipsa
2638 515 2951 586 adjuvante
2981 513 3052 570 de
3082 511 3229 570 lecto
3259 512 3499 584 elevata,
3520 519 3585 573 ut
3612 532 3709 573 au-

303 617 481 674 quam
494 598 668 655 tanlm
682 598 1139 673 pulchritudinis
1150 600 1569 657 vidisse.Astan
1578 605 1663 657 tes
1676 620 1805 657 vero
1818 600 1952 656 licet

303 688 452 746 nihil
474 705 676 745 eorum
697 674 892 744 videre
922 688 1270 761 potuissent,
1296 706 1364 745 ex
1392 690 1558 745 vultu
1595 695 1789 746 tamen
1822 691 1951 762 ejus

302 781 360 834 et
378 775 975 845 continentia,verum
1006 794 1133 833 esse
1165 779 1318 851 quod
1352 778 1581 835 dicebat
1628 778 1954 851 intelligere

286 866 592 923 valebant.
608 866 755 921 Nam
786 865 1174 922 hilerabunda
1204 866 1319 922 huc
1351 866 1605 940 illucque
1637 885 1739 941 per
1776 867 1953 924 cellu-

303 957 422 1012 lam
456 954 664 1011 faciem
695 958 945 1020 vertens,
977 954 1356 1011 manifestum
1388 957 1755 1013 intuentibus
1804 957 1956 1012 indi-

305 1046 464 1102 cium
498 1043 696 1110 dabat,
729 1042 868 1098 illuc
900 1060 1027 1098 eam
1060 1042 1247 1099 oculis
1279 1046 1465 1117 sequi,
1487 1064 1601 1118 quo
1621 1064 1755 1102 eum
1788 1046 1954 1119 quasi

306 1132 785 1190 deambulantem
827 1132 885 1187 in
920 1132 1250 1205 pavimento
1280 1134 1531 1203 videbat,
1568 1140 1623 1189 et
1666 1137 1953 1208 quamvis,

304 1225 620 1297 postquam
652 1220 948 1288 decubuit,
969 1239 1273 1294 nunquam
1306 1240 1367 1279 se
1389 1223 1447 1278 in
1478 1224 1637 1280 aliud
1658 1224 1811 1281 latus
1832 1242 1956 1281 ver-

310 1316 452 1379 tere,
487 1327 790 1382 nunquam
821 1308 881 1365 in
911 1311 1147 1366 dextera
1174 1311 1264 1366 sui
1297 1312 1554 1384 corporis
1577 1318 1739 1386 parte
1762 1316 1958 1388 jacere

307 1399 577 1467 voluerit,
610 1403 751 1455 tunc
772 1417 834 1455 se
862 1404 1090 1472 sponte,
1105 1400 1231 1455 sine
1255 1401 1504 1474 alicujus
1538 1405 1876 1475 adjumonto
1898 1405 1958 1461 in

309 1490 458 1545 illud
488 1488 792 1557 convertit,
823 1492 879 1545 et
910 1489 992 1544 ita
1022 1488 1147 1545 sine
1178 1490 1463 1563 cujusque
1496 1493 1775 1550 molestia:
1793 1495 1960 1567 signo

303 1578 494 1652 jacuit
524 1595 611 1647 eo,
644 1578 1027 1651 quoadusque
1050 1578 1151 1635 illa
1169 1579 1316 1637 visio
1339 1581 1629 1656 completa
1651 1588 1769 1652 est;
1795 1583 1963 1640 eorti-
2000 1584 2015 1597 '

311 1684 449 1725 nam
481 1683 733 1740 quoque,
754 1684 880 1739 qum
911 1667 1117 1739 parieti
1152 1670 1536 1742 appendebat,
1554 1673 1830 1730 manibus
1849 1673 1963 1730 ele-

308 1771 445 1813 vare
474 1758 703 1824 conata,
736 1755 1017 1829 parietem
1049 1756 1226 1813 simul
1274 1745 1528 1815 amoveri
1568 1762 1859 1836 praecepit,
1894 1779 1966 1819 ne

313 1847 467 1919 quod
500 1845 601 1902 Dei
624 1849 827 1901 sancto
849 1845 1219 1902 obstaculum
1242 1848 1408 1903 foret.
1434 1848 1701 1918 Proinde,
1722 1852 1876 1923 quod
1900 1869 1968 1908 ex

312 1934 779 2008 priscedcntibus
804 1934 990 2007 signis
1014 1952 1129 1991 non
1152 1937 1398 1992 dubium
1421 1940 1637 2009 erat,in
1663 1940 1759 1995 illa
1781 1946 1965 2013 parte,

314 2041 442 2099 qua:
470 2023 529 2079 in
562 2023 885 2079 meridiana
935 2025 1265 2093 obvenerat,
1300 2026 1493 2098 ipsum
1544 2029 1835 2097 assistere,
1869 2030 1971 2085 ite-

314 2131 447 2169 rum
481 2114 811 2186 iterumque
834 2115 905 2169 ad
939 2130 1073 2169 eum
1107 2116 1622 2189 contemplandum
1656 2124 1969 2191 praesentes

315 2203 606 2259 cohortari
639 2202 1014 2275 cmpit.Unde
1046 2207 1312 2275 patenter
1346 2204 1591 2279 intelligi
1616 2208 1807 2276 datur,
1841 2209 1971 2280 ejus

315 2290 541 2348 meritis
571 2291 680 2347 hoc
710 2308 838 2347 eam
871 2296 1074 2347 contra
1107 2292 1468 2349 infirmitatis
1497 2294 1830 2351 violentiam
1876 2315 1966 2369 po-

314 2382 521 2449 tuisse,
553 2398 730 2454 quem
763 2381 873 2436 sibi
908 2385 964 2436 et
994 2382 1286 2454 corporeis
1308 2382 1494 2439 oculis
1516 2384 1970 2457 conspicabilem

317 2470 483 2538 dixit,
518 2473 575 2525 et
601 2486 731 2525 vere
756 2469 970 2524 mentis
1001 2469 1222 2525 intuitu
1254 2469 1417 2525 vidit.

980 2566 1213 2623 CAPUT
1244 2568 1312 2621 V.

327 2667 508 2723 Varia:
580 2664 932 2721 Hathumodw
1002 2666 1256 2731 visiones,
1300 2681 1535 2737 quarum
1598 2670 1974 2724 mrrationom

389 2738 629 2793 aliorum
658 2738 1065 2809 importunitate
1094 2738 1427 2809 interrumpi
1451 2740 1740 2808 .Tgcrrime
1774 2741 1897 2812 fert.

393 2844 608 2899 Eodem
640 2859 872 2915 quoque
907 2846 1335 2915 tempore,eum
1370 2843 1427 2898 in
1458 2843 1669 2900 cellula
1698 2846 1975 2918 quajace-

322 2934 445 2999 bat,
479 2930 682 2988 nullus
711 2947 933 2998 secum,
969 2935 1178 3004 praeter
1206 2949 1517 3003 germanas
1547 2934 1676 3005 ejus
1721 2951 1971 3002 sorores,

319 3038 449 3092 qua:
480 3037 585 3074 nec
620 3024 915 3075 momento
946 3021 1227 3092 temporis
1258 3020 1309 3075 ci
1344 3022 1548 3076 abesse
1578 3024 1971 3095 patiebantur,

322 3111 615 3174 adessent,
650 3112 707 3164 et
734 3108 835 3164 illa
866 3108 1083 3165 clausis
1116 3110 1304 3165 oculis
1336 3110 1502 3183 quasi
1542 3112 1839 3169 dormiens
1868 3113 1971 3169 ali-

321 3198 908 3272 quandiujacuisset,
940 3203 1072 3270 post
1103 3198 1471 3271 aliquantum
1502 3202 1804 3273 temporis,
1840 3203 1972 3275 quis

2062 618 2184 656 rem
2216 601 2300 656 ori
2325 602 2564 674 prepius
2596 605 2929 658 admoveret
2957 602 3427 675 prmeepit.Quod
3455 621 3590 660 cum
3611 605 3713 663 illa

2060 689 2316 757 fecisset,
2350 690 2526 746 etiam
2558 692 2819 764 propius,
2840 709 2912 747 ne
2942 692 3075 764 quis
3106 690 3255 747 alius
3279 693 3711 767 audiret,appo-

2063 795 2198 834 nere
2220 780 2552 848 admonuit;
2576 798 2691 853 quo
2716 782 2889 849 facto,
2908 798 3042 836 cum
3065 781 3264 852 sejam
3288 782 3359 836 ad
3399 781 3711 840 dicendum

2067 866 2407 939 paravisset,
2434 867 2647 940 pallere
2679 873 2734 923 et
2765 872 3010 923 tremere
3041 867 3229 940 cmpit.
3247 868 3411 923 Unde
3430 886 3563 927 cum
3591 870 3715 942 ipsa

2067 954 2457 1012 nihilominus
2522 958 2734 1012 timore
2821 957 3130 1029 perterrita
3193 957 3594 1031 interrogaret,
3665 961 3714 1017 si

2066 1046 2473 1118 presbyterum
2505 1045 2965 1111 Wulll'hardum,
2990 1044 3088 1117 qui
3123 1063 3226 1117 pro
3259 1046 3483 1102 foribus
3504 1049 3714 1116 stabat,

2066 1138 2132 1189 ut
2162 1135 2212 1189 ci
2258 1134 2497 1203 dieerat,
2532 1135 2722 1189 vocari
2770 1134 2961 1200 vellet,
2993 1134 3101 1188 1100
3150 1151 3211 1189 80
3260 1135 3498 1190 omnino
3541 1137 3722 1214 nolle,

2068 1240 2175 1279 nec
2206 1223 2381 1279 alicui
2408 1227 2613 1295 praeter
2645 1223 2834 1295 ipsam
2876 1223 2985 1278 hoc
3026 1239 3086 1278 se
3110 1224 3302 1279 dicere
3322 1223 3465 1279 velle
3490 1240 3723 1297 respon-

2069 1313 2174 1367 dit.
2203 1313 2314 1370 Sed
2348 1329 2482 1368 eum
2504 1313 2695 1367 denuo
2719 1329 2779 1368 se
2802 1313 2872 1367 ad
2898 1313 2976 1382 id,
2993 1313 3145 1385 quod
3171 1313 3519 1385 intenderat,
3538 1315 3723 1387 expli-

2071 1403 2323 1457 candum
2352 1402 2692 1474 paravisset,
2714 1401 2937 1457 anxiari
2970 1405 3089 1456 tam
3121 1401 3497 1457 vehementer
3526 1404 3720 1476 cmpit,

2071 1495 2136 1546 ut
2156 1506 2302 1563 pene
2335 1491 2648 1546 deeessura
2664 1490 3061 1546 videretur.At
3094 1489 3191 1545 illa
3220 1506 3334 1563 pra:
3362 1490 3569 1547 timore
3600 1492 3726 1549 sola

2074 1579 2153 1635 ibi
2185 1580 2503 1636 consistere
2535 1597 2651 1636 non
2683 1596 2845 1648 ausa,
2876 1584 3269 1636 memoratum
3319 1582 3723 1653 presbyterum

2076 1666 2360 1725 citissime
2389 1667 2643 1737 vocavit;
2679 1668 2778 1740 qui
2798 1684 2931 1724 eum
2953 1666 3194 1736 veniret,
3212 1684 3401 1740 neque
3424 1668 3726 1743 illi,neque

2074 1757 2187 1831 ipsi
2221 1758 2458 1831 quidem
2491 1758 2674 1813 sorori
2719 1757 2827 1813 hoc
2878 1757 3070 1813 dicere
3117 1756 3317 1826 voluit,
3352 1763 3561 1830 questa
3610 1777 3727 1816 non

2078 1846 2398 1916 modicum,
2424 1847 2578 1920 quod
2609 1846 2718 1902 hoc
2768 1851 2972 1902 contra
3014 1850 3213 1902 votum
3262 1852 3320 1902 et
3366 1846 3726 1904 voluntatem

2078 1952 2246 1991 suam
2279 1935 2502 2007 aperire
2533 1934 2664 1990 aliis
2696 1940 2752 1991 et
2779 1934 3077 2008 divulgare
3096 1953 3239 1990 ausa
3260 1936 3354 1991 sit.
3372 1936 3561 1991 Simili
3586 1954 3726 2010 quo-

2079 2041 2192 2096 que
2224 2041 2325 2096 per
2353 2025 2551 2079 omnia
2580 2025 2753 2079 modo
2778 2029 2834 2078 et
2865 2025 2935 2080 de
2966 2028 3151 2080 matre
3185 2026 3335 2080 fecit.

2151 2112 2349 2185 Neque
2371 2112 2527 2167 enim
2560 2112 2686 2183 ipsa
2708 2111 2767 2167 in
2801 2111 3153 2167 monasterio
3182 2117 3321 2167 tunc
3343 2118 3467 2168 erat
3498 2117 3729 2187 quando

2079 2200 2208 2267 hoc,
2225 2200 2379 2272 quod
2409 2194 2797 2269 narravimus,
2818 2200 3033 2255 factum
3058 2200 3271 2269 fuerat;
3296 2202 3396 2257 sed
3419 2207 3729 2276 postquam

2080 2289 2282 2345 audita
2305 2290 2433 2344 filia:
2465 2289 2842 2362 mgrotationc
2874 2288 3128 2357 advenit,
3155 2295 3212 2344 et
3242 2308 3329 2358 ea,
3364 2310 3489 2364 quae
3536 2292 3733 2351 visita-

2081 2377 2224 2434 tioni
2256 2378 2385 2449 ejus
2436 2379 2855 2451 congruebant,
2896 2376 3216 2450 adimpleta
3255 2380 3509 2449 fuerunt,
3545 2382 3731 2438 solam

2079 2484 2210 2522 cam
2244 2467 2533 2534 advocari,
2568 2471 2624 2521 et
2651 2466 2970 2538 quamdam
3014 2484 3074 2523 se
3123 2467 3171 2521 ei
3224 2473 3442 2524 secreto
3489 2487 3729 2527 causam

2081 2572 2351 2628 prorsum
2384 2555 2790 2610 admirandam
2831 2555 3119 2609 dicturam
3170 2573 3297 2610 esse
3346 2561 3728 2616 memorabat.

2080 2645 2347 2717 Cumque
2377 2643 2752 2711 omnibus,ut
2782 2643 3033 2714 petebat,
3054 2644 3405 2711 amotis,soli
3438 2645 3562 2702 sola
3582 2648 3728 2704 assi-

2082 2738 2279 2803 steret,
2306 2751 2366 2789 se
2396 2733 2469 2789 ad
2502 2732 2817 2788 dicendum
2863 2748 3067 2803 parare
3106 2733 3313 2805 ccepit;
3364 2735 3463 2789 sed
3516 2735 3727 2792 iterum

2080 2821 2318 2895 pallere,
2353 2821 2566 2877 iterum
2599 2824 2866 2887 tremere,
2896 2820 3107 2875 iterum
3136 2820 3357 2877 anxiari
3390 2823 3581 2895 coepit.
3607 2825 3728 2881 Ma-

2080 2916 2170 2967 ter
2200 2910 2329 2966 fllia:
2361 2911 2648 2966 defectum
2675 2908 3093 2977 videns,sorori
3116 2911 3312 2982 potius
3336 2912 3633 2986 Gerbcrgze
3655 2915 3727 2971 ob

2083 2999 2538 3056 familiaritatem
2574 3015 2774 3054 earum
2805 2998 2913 3054 hoc
2945 3015 3005 3055 se
3035 3016 3206 3071 posse
3238 3000 3428 3057 dicere
3470 3020 3729 3073 pronun-

2080 3088 2266 3145 tiavit.
2296 3089 2478 3156 Quod,
2500 3089 2598 3144 ubi
2621 3086 2721 3143 illa
2743 3086 2981 3155 audivit,
3005 3087 3253 3160 digitum
3289 3088 3370 3144 ori
3404 3108 3726 3164 apponens,

2083 3195 2271 3250 neque
2300 3177 2405 3246 illi,
2422 3194 2609 3250 neque
2632 3176 3009 3249 ipsi«quidem
3032 3177 3227 3246 matri,
3245 3195 3430 3251 neque
3452 3180 3728 3253 cuiquam

323 3256 439 3343 sibi
461 3256 712 3353 adesset,
748 3286 1156 3360 interrogavit;
1191 3256 1319 3359 qua:
1351 3306 1484 3343 cum
1510 3306 1571 3343 se
1602 3256 1808 3346 adesse
1830 3256 1975 3349 dlice-
2004 3256 2049 3322 ϐ
2084 3266 2516 3360 hominum“?
2538 3268 2738 3360 είῗ-Ῑωη
2762 3265 3051 3321 moturam
3066 3268 3727 3360 θδδῗιθίῗίξὼίξίυΐίουοά

323 3380 473 3445 10111,
506 3380 845 3448 percontata
886 3381 977 3432 est
1022 3375 1071 3432 si
1122 3376 1343 3449 aliquid
1394 3382 1497 3433 aut
1540 3377 1843 3449 vidissent,
1877 3386 1979 3437 aut

324 3465 666 3522 audissent?
684 3466 768 3520 Ad
792 3464 912 3520 haec
935 3482 1068 3521 cum
1095 3465 1204 3520 illae
1228 3483 1291 3521 se
1312 3466 1456 3521 nihil
1496 3484 1718 3537 eorum,
1745 3470 1814 3524 de
1848 3471 1976 3542 qui-

326 3555 439 3610 bus
468 3552 632 3610 illam
666 3555 1023 3627 interrogare
1052 3556 1455 3626 putarent,vel
1486 3556 1721 3623 vidisse,
1753 3559 1841 3614 vel
1873 3577 1973 3614 au-

324 3644 484 3699 disse
518 3644 937 3716 responderent
970 3660 982 3697 :
1016 3645 1085 3699 Et
1115 3660 1229 3698 non
1262 3643 1500 3714 auditis,
1525 3644 1626 3710 ait,
1656 3663 1853 3700 vocem
1886 3646 1975 3702 in-

322 3736 744 3805 terrogantem,
770 3732 817 3787 si
851 3732 1123 3787 columba
1165 3733 1291 3803 jam
1325 3736 1530 3804 parata
1568 3732 1685 3788 sit?
1706 3735 1842 3790 Erat
1872 3752 1974 3791 au-

322 3824 441 3877 tem
471 3820 781 3893 crystallus
803 3837 938 3875 cum
962 3819 1227 3892 reliquiis
1259 3825 1593 3876 sanctorum
1614 3822 1826 3878 lectulo
1848 3825 1977 3897 ejus

322 3926 641 3983 appensus,
664 3926 940 3982 eumque,
965 3910 1015 3965 si
1046 3914 1243 3965 tamen
1276 3909 1383 3965 rite
1405 3911 1798 3981 recordamur,
1813 3930 1978 3971 soror

321 4002 450 4071 ejus
471 3998 768 4055 Christina
797 3999 1032 4066 diceret,
1065 3999 1173 4054 hoc
1203 3999 1329 4054 ideo
1370 3998 1482 4055 sibi
1517 4000 1706 4055 visum
1739 4001 1973 4074 fuisssc,

320 4092 389 4144 ut
415 4088 804 4162 ligamentum
831 4086 1109 4159 crystalli,
1142 4088 1295 4159 quod
1348 4104 1462 4144 non
1513 4089 1659 4145 satis
1709 4097 1977 4150 accurate

323 4181 633 4250 parentum
665 4181 807 4245 erat,
834 4176 1190 4243 emendaret,
1209 4176 1317 4231 hoc
1349 4178 1429 4231 ita
1458 4194 1586 4233 esse
1608 4195 1778 4249 posse
1798 4180 1974 4250 dixit;

322 4283 394 4322 ea
421 4266 579 4321 enim
612 4270 677 4321 ut
706 4269 840 4321 ante
872 4265 1114 4332 febrem,
1148 4269 1205 4320 et
1225 4266 1353 4337 ipsa
1384 4266 1635 4322 maxime
1668 4268 1811 4324 febri
1863 4271 1977 4327 sibi

325 4356 687 4413 consuetudo
736 4359 879 4422 erat,
917 4359 982 4409 ut
1030 4354 1080 4409 si
1125 4356 1357 4425 quando
1409 4358 1803 4430 quodcunque
1846 4360 1975 4429 hoc,

324 4445 482 4517 quod
529 4444 690 4515 loqui
744 4443 1094 4510 intenderet,
1131 4445 1532 4516 intercepisse,
1583 4451 1637 4501 et
1696 4449 1765 4502 ad
1816 4448 1975 4505 aliud

322 4533 466 4605 quid
498 4532 781 4587 invertere
804 4536 1113 4587 conaretur
1151 4550 1264 4586 non
1298 4531 1355 4586 in
1406 4549 1471 4589 eo
1515 4533 1841 4603 inhaereret,
1874 4539 1975 4594 sed

2085 3372 2203 3428 qua
2232 3354 2455 3411 ratione
2476 3353 2770 3410 declarare
2794 3371 2908 3409 non
2931 3353 3456 3422 meruerit,viderit
3475 3356 3573 3427 qui
3604 3374 3733 3429 pos-

2085 3445 2180 3501 sit.
2219 3444 2367 3500 Illud
2400 3461 2541 3500 sane
2571 3443 2845 3499 credibile
2867 3448 2974 3510 est,
3010 3444 3205 3515 magni
3239 3461 3364 3499 cam
3418 3444 3637 3517 aliquid
3677 3449 3734 3502 01

2086 3533 2263 3590 divini
2297 3533 2510 3589 vidisse
2544 3551 2554 3586 :
2590 3549 2778 3605 neque
2809 3532 2965 3588 enim
3006 3550 3250 3604 parvum
3301 3537 3357 3588 et
3402 3534 3732 3591 humanum

2084 3640 2211 3679 esse
2243 3627 2484 3694 poterat,
2519 3622 2673 3692 quod
2705 3621 2789 3677 vel
2824 3626 2996 3676 tantae
3029 3621 3487 3693 pulchritudinis
3518 3630 3575 3680 et
3605 3642 3737 3681 sua-

2082 3711 2280 3766 vitatis
2312 3711 2438 3782 ipsa
2468 3728 2594 3765 esse
2628 3709 2858 3775 dixerit,
2893 3710 2979 3765 vel
3029 3712 3183 3782 quod
3237 3729 3370 3766 cum
3417 3716 3581 3768 tanto
3628 3718 3735 3769 tre-

2085 3816 2245 3856 more
2280 3800 2407 3871 ipsa
2426 3798 2805 3871 suscipiebat.

2727 3913 2960 3970 CAPUT
2997 3914 3091 3970 VI.

2083 4016 2223 4072 lira
2251 4015 2606 4070 llathumome
2635 4015 2806 4085 pictas
2834 4029 2963 4083 erga
2992 4021 3236 4079 "mtrem,
3270 4021 3320 4069 et
3351 4015 3406 4068 in
3437 4023 3729 4081 auctorem,

2157 4088 2456 4159 horumque
2481 4103 2546 4141 ac
2571 4087 2820 4141 omnium
2862 4100 2992 4155 ergo.
3031 4085 3431 4159 llathumodam
3469 4103 3644 4152 amor,
3682 4095 3735 4143 ct

2156 4156 2513 4225 observantia,
2550 4160 2608 4212 in
2638 4164 2875 4212 cxtromo
2903 4156 3087 4211 morbo
3116 4158 3375 4212 maxime.

2158 4268 2268 4341 Sed
2290 4271 2349 4321 01
2386 4264 2667 4322 nonnulla
2699 4263 2812 4319 alia
2840 4281 2967 4319 eam
3001 4262 3086 4318 vel
3118 4265 3355 4321 audisse
3389 4264 3471 4320 vel
3494 4265 3730 4334 vidisse,

2083 4356 2307 4428 liquido
2336 4359 2509 4428 patet.
2545 4355 2690 4409 Nam
2728 4352 3068 4425 plerumque
3110 4354 3180 4408 ab
3230 4355 3560 4409 astantibus
3600 4354 3734 4425 quis

2086 4449 2239 4501 esset
2259 4444 2551 4515 strepidus
2570 4448 2628 4498 01
2650 4443 2900 4507 sonitus,
2921 4459 3095 4513 quem
3119 4441 3729 4512 audiret.requircbat,

2086 4534 2432 4607 plerumque
2462 4532 2789 4597 admonuit,
2807 4536 2872 4585 ut
2902 4530 3171 4585 audirent
3193 4530 3277 4585 vel
3308 4529 3499 4601 qualis
3523 4535 3735 4602 tempe-

320 4622 524 4678 statim
558 4621 640 4676 ita
660 4638 830 4693 posse
861 4637 989 4675 esse
1024 4622 1446 4693 respondisset.
1483 4622 1731 4679 Maxime
1779 4630 1975 4682 tamen
2006 4626 2053 4690 υ
2085 4629 2206 4680 81118
2255 4627 2429 4687 esset,
2456 4621 2541 4676 vel
2591 4620 2649 4675 in
2710 4618 2863 4692 quali
2930 4618 3187 4673 mundus
3230 4619 3640 4679 commotione.
3674 4620 3731 4674 in

322 4712 380 4766 in
406 4710 500 4765 his
526 4710 635 4766 hoc
667 4709 778 4765 sibi
811 4708 1177 4782 displicebat,
1195 4712 1243 4765 si
1269 4712 1503 4783 quando
1527 4713 1856 4787 cuicunque
1878 4716 1978 4771 ali-

319 4800 464 4872 quid
513 4799 795 4856 secretius
843 4799 1206 4855 committere
1250 4800 1502 4868 volebat,
1532 4806 1589 4859 et
1634 4804 1775 4874 ipse,
1805 4806 1976 4878 cujus

317 4888 455 4943 fidei
513 4887 624 4945 hoc
662 4887 1150 4944 committendum
1192 4890 1437 4961 dignum
1497 4891 1682 4962 duxit,
1717 4893 1973 4966 aliquem

319 4975 504 5033 alium
536 4975 1060 5032 intermiscendum
1083 4978 1339 5049 putavit;
1365 4979 1519 5049 quod
1539 4980 1626 5035 vel
1654 4996 1722 5036 ex
1738 4980 1830 5038 his
1846 5000 1972 5055 qua:

320 5067 653 5135 sequuntur
682 5063 826 5119 satis
858 5064 1087 5119 ostendi
1120 5070 1330 5135 potest.

394 5152 656 5217 Quadam
686 5152 779 5207 die
807 5169 941 5207 eum
972 5152 1031 5208 in
1062 5152 1275 5209 lectulo
1296 5154 1539 5224 jaceret,
1573 5160 1630 5213 et
1658 5175 1823 5214 soror
1841 5161 1972 5230 ejus

322 5239 636 5313 Gerberga,
668 5258 795 5313 qua:
843 5242 895 5297 01
947 5243 1197 5298 maxims
1238 5242 1545 5300 familiaris
1583 5248 1725 5313 erat,
1758 5245 1971 5305 lectulo

320 5329 452 5401 ejus
483 5330 795 5399 atsisterct,
830 5331 1149 5403 quamdam
1180 5332 1231 5388 ei
1264 5338 1485 5389 secreto
1514 5334 1819 5404 visionem,
1845 5354 1970 5393 om-

323 5416 499 5475 nibus
529 5417 661 5475 aliis
690 5419 1332 5488 remotis,narraturam
1352 5438 1479 5478 esse
1503 5422 1759 5491 dicebat;
1783 5442 1973 5498 neque

322 5504 477 5561 enim
495 5522 557 5561 se
573 5504 888 5579 aliquando
906 5505 1125 5579 aliquid
1149 5512 1320 5563 tantae
1337 5506 1972 5580 pulchritudinis,tanti

324 5592 673 5666 splendoris,
708 5601 764 5652 et
794 5599 967 5652 tanta:
1001 5597 1308 5653 suavitatis
1340 5602 1440 5652 aut
1464 5596 1697 5664 vidisse,
1731 5598 1819 5654 vel
1871 5606 1993 5656 au;

324 5682 498 5741 disse.
513 5684 777 5757 Cumque
798 5685 1073 5743 omnibus
1090 5685 1691 5752 abscedentibus,sola
1703 5703 1835 5744 cum
1850 5688 1973 5745 sola

2086 4711 2244 4785 quali
2276 4710 2654 4775 turbulentia,
2681 4708 2737 4762 in
2770 4706 2924 4779 quali
2960 4707 3275 4761 certamine
3294 4707 3533 4778 positus
3565 4708 3730 4763 foret.

2083 4802 2244 4868 Quod
2277 4799 2515 4872 quidem
2541 4814 2608 4853 ex
2638 4796 2999 4851 infirmitatis
3024 4794 3447 4867 magnitudine,
3477 4800 3542 4851 ut
3589 4813 3734 4852 non-

2083 4904 2387 4961 nunquam
2419 4885 2680 4941 accidere
2702 4883 2868 4948 solet,
2902 4882 3009 4938 sibi
3045 4882 3237 4939 visum
3272 4883 3453 4940 fuisse
3500 4884 3735 4940 credere

2082 4993 2413 5052 possemus,
2448 4974 2634 5030 sinon
2684 4989 2751 5028 ca
2797 4990 2925 5044 qua:
2974 4972 3371 5044 praemisimus
3420 4973 3580 5027 aliud
3626 4990 3734 5029 nos

2081 5068 2313 5125 credere
2328 5062 2766 5137 persuaderent.
2784 5060 2930 5116 Illud
2954 5078 3095 5116 sane
3107 5061 3290 5116 cuivis
3313 5062 3530 5116 mirum
3550 5061 3730 5117 videri

2082 5161 2292 5232 potest,
2324 5171 2388 5211 se
2416 5150 2640 5223 aliquid
2671 5150 2883 5205 horum
2912 5167 3041 5221 qua:
3072 5149 3296 5205 viderat
3326 5151 3497 5204 matri
3546 5150 3733 5207 celare

2081 5246 2362 5320 potuisse,
2397 5240 2537 5314 quia
2566 5239 2734 5294 unice
2769 5254 2898 5293 eam
2948 5255 3181 5309 semper
3228 5238 3527 5310 diligebat,
3562 5239 3732 5294 unice

2081 5334 2450 5394 reverebatur
2481 5347 2494 5384 :
2521 5327 2813 5400 siquidem
2842 5327 2923 5382 ita
2953 5343 3183 5397 semper
3205 5327 3360 5394 ci,ac
3386 5326 3435 5380 si
3466 5326 3726 5398 parvula,

2081 5423 2366 5489 blandita,
2395 5424 2460 5476 ut
2487 5417 2701 5474 ancilla
2732 5417 2788 5470 in
2822 5415 3096 5472 omnibus
3128 5416 3315 5471 fuerat
3343 5415 3634 5473 obsecuta.
3670 5415 3731 5473 Si

2080 5531 2210 5571 eam
2241 5510 2592 5584 quandoque
2621 5506 2974 5562 maestiorem
2999 5504 3431 5578 aliquantulum
3450 5506 3616 5573 vidit,
3641 5524 3730 5563 va-

2082 5603 2184 5658 riis
2216 5599 2427 5666 modis,
2458 5602 2518 5652 et
2547 5595 2711 5650 miris
2743 5594 3040 5666 obsequiis
3091 5596 3391 5650 turbatum
3442 5596 3570 5666 ejus
3613 5596 3732 5651 ani-

2082 5707 2245 5749 mum
2270 5687 2449 5745 lenire
2489 5684 2780 5752 tcntabat;
2814 5690 2869 5739 et
2899 5683 3037 5756 quia
3089 5684 3373 5740 librorum
3422 5682 3727 5742 lectionem
