4084 6190
442 237 598 302 1179

1428 240 1528 303 ΑΒ
1577 242 1835 304 OI’EBA
1878 235 2408 300 HROTSUITH/E
2451 237 2865 300 APPENDIX.

3651 250 3772 317 uso

437 374 490 430 ei
523 374 842 432 admodum
863 377 1089 448 gratam
1121 391 1248 430 esse
1279 375 1518 443 sciebat,
1553 374 1776 446 aliquid
1803 391 1866 431 se
1891 377 1948 430 ct
1979 391 2088 429 au-
2117 373 2169 440 Α
2200 371 2340 445 ipsae
2371 371 2650 429 lectulum
2684 390 3051 446 componere,
3085 375 3384 450 pulvillum
3414 379 3572 453 capiti
3607 399 3773 459 suppo-

436 465 566 522 ditu
589 461 944 536 jucundum,
967 468 1023 518 et
1051 463 1192 518 utile
1221 464 1291 517 ad
1328 463 1771 517 memorandum
1797 462 2088 518 invenisse

437 557 690 624 dicebat,
723 555 876 628 quod
908 553 958 609 ei
990 553 1178 624 legere
1221 553 1474 607 deberet.
1511 551 1651 618 Quis
1683 555 1877 607 autem
1911 552 2087 624 digne

434 647 680 722 explicet
703 647 919 717 quanto
950 641 1162 714 gaudio
1194 639 1364 696 solita
1393 657 1531 713 erga
1561 641 1746 695 Deum
1780 640 2086 696 devotione

434 733 824 801 exsultaverit,
839 732 995 804 quod
1026 735 1215 786 mater
1234 729 1467 802 cognita
1497 730 1554 784 in
1589 729 1697 784 hoc
1729 730 1853 800 ejus
1884 729 2085 784 volun-

432 831 551 882 tato
573 825 644 880 ad
665 839 793 879 eam
815 820 1229 876 laetiﬁcandam
1255 836 1315 874 se
1329 819 1454 890 jam
1479 835 1546 874 ex
1565 817 1664 874 illo
1681 817 1806 873 loco
1822 835 1934 874 non
1954 834 2083 874 esse

431 917 649 971 ituram
679 909 1065 974 simulaverit,
1097 909 1212 964 Deo
1248 907 1466 979 gratias
1497 923 1699 980 agens,
1727 911 1784 962 et
1832 911 2080 962 matrem

429 1003 648 1062 osculis
667 999 1028 1067 demulcens,
1061 1013 1129 1051 ac
1160 996 1436 1051 manibus
1486 995 1883 1067 complexans,
1906 1001 2081 1068 atque

409 1093 750 1158 '-sororibus,
785 1087 926 1160 quid
958 1085 1070 1144 sibi
1103 1084 1457 1158 promiserit,
1486 1085 1696 1140 iterum
1749 1085 2080 1157 iterumque

429 1181 728 1240 revolvens
747 1179 776 1233 ‘I

501 1269 664 1339 Quod
696 1267 894 1324 minus
924 1265 1139 1320 mirum
1170 1264 1418 1330 videtur,
1453 1281 1587 1318 cum
1632 1263 1809 1318 etiam
1868 1267 2076 1319 nostra:

427 1356 762 1434 exiguitatis
784 1353 1258 1427 indignissimam
1285 1353 1629 1424 parvitatem
1652 1357 1708 1408 et
1737 1371 1882 1408 sana
1897 1370 2079 1425 supra

427 1450 668 1507 modum
699 1443 1098 1507 excoluerit,et
1109 1443 1234 1513 jam
1259 1441 1494 1496 inﬁrma
1525 1441 1768 1498 immani
1791 1436 2076 1498 desiderio

424 1539 620 1595 videre
649 1533 949 1607 cupivcrit.
982 1531 1127 1586 Nam
1180 1529 1238 1584 in
1286 1529 1410 1601 ipso
1443 1530 1644 1586 statim
1695 1548 1812 1586 sum
1845 1535 2078 1602 aegrota-

425 1627 603 1685 tionis
626 1623 790 1680 initio
811 1617 1378 1684 nobis,dissimulato
1403 1623 1596 1674 tamen
1621 1637 1739 1674 suae
1763 1618 2076 1674 inﬁrmita-

424 1717 501 1774 tis
517 1713 828 1782 nuntio,ut
861 1707 1218 1766 omnimodis
1245 1706 1599 1776 veniremus,
1625 1707 1942 1763 mandavit.
1961 1707 2078 1764 Vos

423 1810 622 1864 autem
645 1805 823 1858 testes
853 1798 1016 1864 estis,
1033 1799 1090 1851 et
1119 1796 1292 1864 Deus,
1329 1795 1428 1868 qui
1471 1801 1685 1852 sancta:
1727 1795 1934 1852 animae
1968 1795 2078 1852 hoc

425 1895 684 1952 tribuere
729 1890 920 1956 debet,
953 1902 1089 1942 cum
1139 1888 1360 1958 quanta
1401 1884 1772 1951 exultatione,
1789 1889 2077 1958 quantum

424 1981 739 2040 inﬁrmitas
761 1977 1008 2042 sinebat,
1033 1991 1140 2028 nos
1171 1973 1542 2028 advenientes
1564 1973 1916 2044 susceperit;
1942 1991 2076 2028 cum

425 2075 648 2146 quanta
677 2065 961 2125 charitate
990 2067 1308 2137 praesentes
1357 2062 1642 2130 tenuerit;
1675 2079 1810 2118 cum
1860 2067 2080 2135 quanta

425 2157 840 2225 sollicitudine,
869 2157 935 2210 ut
963 2170 1106 2208 cura
1125 2151 1307 2208 nostri
1342 2151 1674 2219 haberetur,
1699 2152 1925 2226 jugiter
1971 2153 2073 2207 ad-

425 2246 752 2314 monuerit;
775 2261 909 2299 cum
925 2245 1146 2315 quanta
1157 2239 1445 2296 anxietate
1466 2245 1522 2296 et
1543 2257 1859 2313 parumper
1870 2240 2080 2297 cellula

426 2353 696 2414 egressos
727 2351 836 2390 nos
882 2329 1246 2404 requisierit;
1279 2346 1414 2384 cum
1464 2333 1688 2400 quanta
1735 2329 2079 2386 assiduitate

431 2442 645 2485 nomen
679 2426 948 2480 nostrum
977 2417 1350 2492 ingeminans
1379 2416 1550 2488 plura
1580 2418 1887 2474 nobiscum
1917 2419 2080 2491 loqui

425 2511 756 2582 tantaverit,
791 2526 925 2566 cum
961 2510 1180 2581 quanto
1221 2507 1420 2562 dolore
1468 2523 1574 2562 nos
1618 2511 1737 2562 tam
1789 2509 1952 2564 tarde
1989 2523 2080 2563 ve-

425 2606 588 2663 nisse
616 2597 990 2675 ingemuerit.
1006 2597 1245 2652 Parvam
1268 2611 1414 2663 rem,
1430 2599 1495 2650 ut
1523 2594 1875 2667 quibusdam
1895 2596 2078 2652 videri

424 2695 636 2769 potest,
670 2685 1214 2752 extraordinariam,
1250 2684 1351 2740 sed
1408 2687 1606 2740 tamen
1657 2685 1900 2742 affectus
1951 2686 2080 2756 ejus

423 2799 564 2855 erga
593 2797 702 2836 nos
733 2776 987 2833 indicem
1010 2771 1224 2829 dicturi
1243 2789 1472 2828 sumus.
1491 2773 1547 2828 Si
1573 2774 1807 2845 quando
1829 2774 1999 2830 aliter
2019 2773 2078 2828 in

424 2871 624 2928 dolore
655 2869 726 2924 ad
749 2863 972 2937 aliquid
1003 2862 1364 2936 gustandum
1401 2861 1616 2916 adduci
1667 2879 1779 2918 non
1832 2866 2076 2935 poterat,

423 2963 533 3018 hac
545 2963 667 3016 arte
688 2956 798 3013 sibi
822 2951 1246 3028 persuasum,si
1266 2954 1367 3006 aut
1392 2968 1426 3006 a
1445 2951 1614 3008 nobis
1637 2952 2076 3022 transmissum,

2195 479 2332 518 nere
2356 487 2369 530 ;
2401 461 2590 534 ipsam
2615 462 2670 517 in
2692 463 2904 520 lectulo
2927 463 3208 521 elcvatam
3231 485 3460 540 corpore
3477 487 3571 524 suo
3587 477 3770 531 susten-

2193 553 2336 619 tare,
2355 568 2566 606 manus
2606 552 2832 618 fricare,
2865 555 3040 626 pedes
3088 554 3416 624 calefacere,
3438 561 3772 620 stomachum-

2192 657 2308 713 que
2338 641 2668 708 confovere;
2695 641 2808 714 ipsi
2837 647 3183 699 :estuantem
3215 644 3435 700 ﬂabello
3467 648 3770 721 refrigerare,

2191 729 2470 785 sudorem
2515 729 2868 785 defluentem
2900 730 3136 787 linteolo
3182 733 3495 805 detergere;
3523 735 3631 808 ipse
3662 739 3772 795 cali-

2191 817 2327 872 dam
2359 834 2573 890 aquam
2606 818 2678 873 ad
2703 817 3016 874 lavandum
3048 825 3390 892 temperare,
3411 822 3589 878 cibum
3608 843 3770 896 parare

2190 906 2370 960 simul
2429 911 2487 961 et
2543 923 2854 979 apponere,
2887 911 2946 963 et
2994 908 3052 962 in
3107 909 3380 965 omnibus
3433 928 3546 984 quae
3591 917 3772 986 agenda

2189 999 2375 1062 erant,
2403 994 2669 1067 singulas
2697 996 3032 1067 praevenire.

2259 1083 2446 1155 Super
2475 1083 2672 1139 omnia
2719 1088 2908 1140 mater
2945 1085 3310 1143 admirabilis
3347 1087 3585 1144 dolorem
3625 1089 3769 1148 inter-

2190 1189 2331 1226 num
2361 1171 2524 1227 vultu
2555 1171 2859 1244 placidiori
2901 1178 3121 1246 tegens,
3167 1179 3470 1232 mmrcntcs
3512 1179 3766 1248 consolari,

2188 1261 2394 1316 ﬂentes
2434 1277 2826 1332 compescere,
2853 1261 3116 1336 singulas
3163 1263 3413 1336 alloquio
3441 1282 3538 1322 suo
3573 1267 3770 1326 delinire

2186 1350 2492 1419 studebat;
2526 1349 2672 1405 alios
2709 1350 2838 1422 ipsa
2880 1351 3210 1408 consolatus
3241 1369 3368 1408 esse
3413 1353 3644 1426 cupiens,
3668 1373 3768 1428 qua:

2185 1438 2562 1510 semetipsum
2595 1438 2884 1495 consolari
2917 1457 3030 1496 non
3064 1445 3309 1512 poterat.
3331 1443 3767 1518 Quantisipsage-

2186 1525 2432 1582 mitibus
2462 1527 2616 1582 inter
2635 1526 2943 1584 ecclesiam
2971 1533 3028 1584 et
3059 1528 3336 1584 lectulum
3367 1529 3491 1585 ﬁliae
3533 1531 3768 1588 discurre-

2186 1615 2310 1671 bat!
2345 1617 2640 1682 Quantum
2673 1621 2808 1672 ante
2831 1621 3172 1672 sanctorum
3194 1618 3458 1674 tumbam
3480 1618 3613 1674 fudit
3629 1618 3770 1694 lacry-

2186 1719 2440 1770 marum,
2456 1721 2526 1760 ne
2548 1703 2670 1759 ﬁlia
2689 1705 3040 1776 privaretur;
3075 1709 3142 1761 ut
3162 1724 3268 1778 pro
3305 1706 3400 1762 illa
3419 1707 3538 1779 ipsa
3567 1724 3768 1764 morere-

2186 1796 2304 1859 tur,
2326 1796 2409 1862 ut,
2426 1791 2576 1848 sicut
2608 1792 2668 1848 in
2700 1793 2851 1848 hanc
2883 1792 3074 1849 lucem
3106 1793 3270 1866 prior
3312 1795 3618 1863 intraverrt,
3643 1795 3710 1852 ita
3731 1800 3774 1851 et

2185 1881 2258 1936 ab
2289 1881 2396 1936 hac
2443 1880 2573 1938 luce
2616 1881 2776 1954 prior
2805 1883 3119 1954 migraretl
3147 1883 3465 1956 Aliquoties
3491 1886 3543 1940 in
3573 1884 3678 1956 ipso
3717 1885 3770 1940 ad

2186 1967 2368 2023 ﬁliam
2397 1985 2634 2025 accessu
2657 1969 2846 2038 haesit,
2868 1971 3242 2044 gradumque
3271 1973 3565 2040 revocavit;
3592 1971 3661 2027 ita
3683 1972 3772 2028 for-

2184 2057 2418 2114 tissima
2447 2058 2799 2114 feminarum
2817 2059 3105 2116 dubitavit
3127 2077 3276 2132 pene
3292 2061 3428 2134 quid
3461 2061 3625 2116 facere
3641 2061 3769 2116 debe-

2188 2149 2276 2202 ret
2309 2163 2321 2200 :
2353 2163 2558 2201 vocare
2607 2165 2744 2214 una,
2796 2165 3063 2204 revocare
3092 2149 3318 2218 altera;
3367 2149 3464 2204 illa
3506 2148 3694 2205 hortari
3729 2153 3778 2203 ut

2184 2233 2274 2290 vel
2305 2234 2436 2290 filiae
2468 2237 2761 2308 supremis
2792 2237 3044 2293 adesset.
3077 2238 3234 2304 Quid
3271 2238 3445 2311 igitur
3467 2239 3682 2294 faceret?
3699 2237 3780 2294 Vo-

2187 2325 2360 2380 cabat
2390 2324 2600 2397 pietas,
2613 2325 2780 2382 dolor
2799 2328 3466 2384 revocabat.~Ac-cedebat
3491 2332 3680 2394 tamen,
3697 2327 3774 2382 sed

2186 2417 2532 2470 aestuantem
2563 2413 2624 2468 in
2655 2419 2840 2471 morte
2872 2415 3053 2471 ﬁliam
3075 2415 3276 2473 videre
3299 2435 3409 2472 non
3440 2420 3657 2490 poterat.
3675 2416 3773 2472 Dis-

2189 2502 2450 2571 cedebat,
2485 2503 2586 2558 sed
2619 2502 2838 2560 dolenti
2871 2502 3003 2559 ﬁliae
3030 2504 3242 2561 abesse
3273 2522 3385 2560 non
3414 2509 3633 2578 poterat.

2809 2609 3042 2667 CAPUT
3079 2611 3206 2667 VII.

2186 2699 2316 2767 Eius
2337 2699 2492 2770 jugis
2519 2699 2846 2770 psalmodia,
2877 2707 2930 2754 et
2955 2699 3021 2756 de
3051 2699 3214 2756 rebus
3243 2701 3444 2756 divinis
3470 2699 3776 2757 sometim-

2259 2777 2468 2824 matum
2494 2770 2732 2825 absentis
2776 2770 3005 2837 abbatis,
3037 2779 3088 2826 et
3115 2772 3389 2828 sodalium
3433 2775 3654 2828 animum
3688 2787 3775 2827 mo-

2257 2843 2409 2896 ranti
2435 2840 2582 2914 apud
2609 2857 2666 2896 se
2695 2843 2911 2914 longius
2929 2845 3144 2899 auctori
3170 2846 3496 2916 mni/cauit.

2258 2957 2507 3028 Jamque
2537 2973 2750 3029 corpus
2781 2957 3066 3030 paulatim
3090 2959 3340 3015 deﬁcere
3363 2959 3541 3030 ccepit,
3557 2961 3607 3014 et
3624 2961 3776 3012 tamen

423 3055 528 3108 aut
557 3067 593 3106 a
620 3046 790 3104 nobis
821 3047 1091 3117 paratum
1125 3040 1438 3096 diceretur.
1459 3041 1537 3096 E0
1557 3057 1792 3114 quoque
1823 3059 1937 3115 quo
1969 3043 2076 3097 ad-
2107 3075 2150 3117 κῃ
2190 3061 2358 3103 meus
2390 3045 2533 3101 cmlo
2563 3045 2806 3102 intenda
2835 3047 3004 3102 firma
3025 3049 3311 3116 durabat;
3346 3047 3575 3103 canebat
3592 3062 3689 3100 una
3706 3060 3778 3098 no-

422 3139 696 3197 venimus
721 3133 1198 3202 die,cibiscoram
1220 3146 1282 3184 se
1303 3129 1518 3197 allatis,
1539 3147 1647 3184 nos
1666 3131 1855 3186 vocari
1871 3130 2074 3202 jussit,
2107 3110 2152 3184 (ἶ
2189 3135 2419 3192 hiscum
2468 3135 2813 3208 plerumque
2875 3137 3110 3192 eosdem
3170 3137 3447 3210 psalmos,
3494 3135 3780 3208 plerumque

423 3234 482 3287 et
508 3229 796 3301 quantum
818 3221 1030 3296 potuit,
1063 3235 1260 3274 coram
1291 3219 1462 3274 nobis
1493 3219 2077 3292 manducavit,etque

423 3311 845 3376 consolationis
873 3313 1085 3365 nostra:
1116 3307 1307 3380 gratia
1333 3310 1455 3361 tam
1487 3306 1614 3362 laete
1656 3324 1718 3362 se
1748 3325 1851 3380 per
1878 3307 2078 3364 omnia

425 3403 723 3462 continere
753 3397 1072 3465 contendit,
1107 3400 1173 3450 ut
1203 3395 1717 3466 maximam-spem
1767 3396 2076 3452 evadendas

427 3491 637 3550 mortis
661 3490 792 3562 ejus
839 3485 1299 3557 conciperemus.
1347 3482 1480 3538 Jam
1523 3500 1658 3540 vero
1703 3500 1940 3556 vespere
1987 3484 2076 3540 in-

426 3584 694 3658 gruente,
725 3580 940 3634 cuncta
963 3573 1022 3628 in
1053 3571 1414 3629 contrarium
1439 3588 1626 3637 versa,
1657 3572 1940 3645 gaudium
1974 3591 2076 3630 no-

426 3677 618 3731 strum
643 3669 702 3724 in
725 3680 1048 3730 maerorem,
1065 3679 1228 3734 spem
1253 3661 1312 3716 in
1335 3661 1801 3733 desperationem
1821 3679 2080 3718 commu-

426 3761 716 3825 taverunt,
749 3755 896 3811 Nam
927 3752 1010 3808 ita
1040 3751 1282 3806 morbus
1330 3749 1748 3822 ingravescere,
1771 3756 1828 3806 et
1856 3752 2076 3808 sensim

425 3867 530 3924 per
575 3844 810 3920 singula
851 3844 1149 3896 momenta
1193 3855 1451 3894 crescere
1494 3838 1688 3910 coepit,
1739 3843 1806 3894 ut
1841 3855 2076 3896 omnem

425 3955 592 4012 spem
623 3930 1032 4006 recuperanda:
1063 3927 1272 3984 salutis
1305 3943 1422 3981 suae
1445 3927 1870 3996 amitteremus,
1903 3932 1962 3984 ct
1992 3945 2080 4003 se-

425 4028 547 4084 lam
584 4029 831 4080 mortem
862 4020 990 4090 ejus
1019 4021 1514 4088 exspectaremus.
1546 4015 1609 4070 In
1641 4033 1760 4088 qua
1780 4015 2080 4089 languoris

426 4121 624 4174 tamen
657 4108 930 4166 molestia
948 4110 1006 4161 et
1033 4105 1309 4160 meritum
1333 4105 1462 4174 ejus
1483 4119 1621 4176 erga
1636 4121 1764 4173 nos,
1781 4109 1840 4160 et
1869 4111 2074 4163 vester.

427 4200 816 4264 sanctissima:
861 4210 1108 4263 sorores,
1133 4209 1272 4267 erga
1318 4209 1448 4249 eam
1497 4193 1738 4250 affectus
1761 4199 1818 4250 et
1853 4194 2077 4252 devotio

425 4297 663 4352 ostensa
690 4292 799 4346 est.

497 4380 690 4438 Primo
721 4374 986 4434 omnium
1019 4369 1366 4427 venerabilis
1398 4371 1579 4428 amita
1627 4371 1778 4444 ejus,
1811 4373 2078 4446 quamvis

2185 3222 2353 3292 alios,
2368 3223 2712 3296 plerumque
2735 3225 3024 3296 quosdam
3056 3227 3312 3298 sparsim
3334 3243 3400 3281 ex
3427 3223 3672 3298 psalterio
3687 3237 3780 3275 ver-

2186 3327 2290 3369 sus
2311 3311 2393 3367 ita
2424 3329 2681 3368 conuexo
2715 3311 2827 3368 sibi
2859 3313 3062 3370 ordine
3102 3315 3368 3385 junctos,
3391 3317 3454 3370 ut
3484 3313 3659 3369 eodem
3685 3307 3776 3382 spi-

2185 3401 2326 3468 ritu,
2341 3417 2456 3472 quo
2479 3401 2682 3474 scripti
2703 3407 2955 3472 erant,et
2975 3408 3192 3460 sancta:
3216 3406 3344 3476 ejus
3365 3402 3535 3458 menti
3556 3397 3774 3471 inspirati

2185 3505 2302 3544 non
2325 3489 2754 3544 dubitarentur.
2774 3493 2932 3546 Inter
2960 3491 3357 3563 psalmodiam
3387 3495 3443 3546 et
3464 3501 3777 3562 preces,sem-

2185 3593 2289 3649 per
2317 3577 2377 3632 in
2409 3593 2508 3634 ore
2539 3578 2668 3650 ejus
2697 3577 3004 3648 Dominus,
3036 3596 3276 3652 semper
3295 3580 3356 3635 in
3377 3579 3537 3634 corde
3559 3575 3776 3632 Christus
3846 3616 3855 3625 .

2185 3669 2339 3734 erat;
2373 3670 2427 3722 et
2449 3665 2562 3722 nisi
2592 3665 2902 3739 paululum
2921 3669 3090 3740 quasi
3113 3670 3188 3724 ad
3210 3667 3600 3724 dormiendum
3619 3660 3776 3720 oculos

2185 3753 2592 3824 obclausisset,
2627 3772 2860 3828 semper
2887 3761 2989 3812 aut
3010 3757 3322 3830 psallebat,
3353 3761 3452 3812 aut
3479 3757 3543 3811 de
3570 3770 3670 3809 sua
3687 3747 3777 3805 ani-

2187 3861 2294 3900 mae
2324 3843 2512 3900 salute
2541 3843 2909 3916 loquebatur.
2947 3846 3190 3902 Peccata
3238 3865 3346 3903 sua
3375 3843 3686 3919 cogitatione
3707 3837 3770 3893 Ιο-

2186 3931 2420 3988 cutione
2449 3935 2506 3987 et
2535 3950 2708 4005 opere
2737 3937 3066 4006 perpetrata
3085 3935 3316 4008 jngiter
3345 3933 3707 3994 conﬁtebatur,
3731 3927 3776 3980 et

2187 4019 2440 4092 siquam
2471 4037 2574 4093 pro
2605 4020 2699 4077 his
2739 4021 2967 4077 veniam
3009 4039 3248 4094 sperare
3269 4023 3524 4078 .dcbcret
3561 4015 3770 4090 require-

2186 4111 2308 4166 bat.
2343 4111 2504 4182 Saepe
2533 4110 2714 4166 etiam
2747 4111 2818 4166 de
2867 4111 3156 4167 bonorum
3201 4117 3260 4168 et
3305 4111 3581 4168 malorum
3619 4108 3668 4162 in
3707 4101 3776 4157 die

2179 4195 2390 4270 judicii
2416 4195 2505 4253 vel
2537 4196 2840 4268 divisione,
2862 4199 2952 4254 vel
2983 4199 3372 4266 discussione,
3404 4199 3582 4256 ovium
3603 4190 3776 4250 scilicet

2187 4301 2223 4342 α
2241 4283 2480 4354 dextris,
2495 4289 2554 4342 et
2570 4285 2872 4342 hederam
2897 4303 2931 4342 a
2953 4287 3235 4358 sinistris,
3253 4288 3589 4345 mentionem
3606 4280 3775 4338 faciens

2188 4374 2588 4448 interrogabat
2617 4391 2631 4430 :
2667 4374 2716 4431 si
2746 4375 2881 4448 quis
2901 4379 3042 4432 tunc
3075 4377 3225 4434 forte
3256 4381 3597 4441 sanctorum,
3624 4373 3672 4426 et
3695 4367 3772 4422 bo-

418 4473 546 4545 jam
577 4467 902 4544 grandaeva,
937 4467 997 4518 et
1035 4461 1197 4518 senio
1245 4461 1526 4530 confecta,
1578 4466 1867 4533 quantum
1915 4463 2080 4520 dolor
2109 4481 2154 4546 D
2187 4481 2397 4521 norum
2419 4463 2518 4520 alii
2541 4479 2900 4532 succurrere,
2915 4470 2974 4520 et
3005 4465 3184 4520 alium
3208 4467 3480 4540 adjuvare
3500 4456 3694 4536 posset?
3707 4452 3770 4508 Ad

405 4577 555 4632 eam
571 4559 776 4614 adesse
787 4552 1184 4626 permittebat,
1199 4553 1256 4604 et
1268 4549 1557 4605 indefesso
1577 4549 1908 4606 assistebat.
1926 4551 2078 4608 Prae-

425 4647 618 4723 posita
645 4640 1007 4710 monasterii,
1041 4640 1152 4696 etsi
1185 4638 1548 4694 multimodis
1601 4640 2078 4711 occupationibus

425 4753 650 4812 pressa,
681 4751 716 4790 a
741 4731 952 4789 lectulo
979 4731 1107 4802 ejus
1139 4745 1244 4785 nec
1275 4744 1592 4800 parumper
1611 4727 1851 4800 quidem
1873 4729 2080 4786 absce—

427 4828 620 4884 debat.
639 4825 889 4890 Decana,
906 4824 964 4876 et
989 4822 1188 4875 custos
1209 4817 1487 4885 oeclesize,
1503 4820 1790 4890 quantum
1812 4819 2081 4876 custodia

425 4915 544 4973 illis
591 4911 912 4970 commissa
953 4908 1300 4982 patiebatur,
1335 4911 1392 4961 et
1440 4907 1774 4978 frequenter
1811 4907 2078 4964 advenie-

429 5007 588 5071 bant,
609 5006 667 5058 et
695 5016 926 5072 semper
957 4998 1161 5053 adesse
1187 4994 1476 5051 volebant.
1499 4995 1630 5051 Jam
1669 5011 1802 5050 vero
1844 4994 2080 5068 reliqua:

428 5107 821 5164 sororcs,qua2
853 5088 913 5144 in
935 5085 1144 5144 cellula
1156 5085 1379 5157 jugiter
1399 5101 1532 5138 cum
1564 5101 1630 5139 ea
1662 5101 1792 5140 esse
1824 5101 1939 5141 non
1971 5102 2078 5157 po-

429 5185 640 5248 terant,
677 5184 780 5236 aut
810 5177 869 5233 in
901 5175 1146 5234 ecclesia
1183 5173 1428 5246 psalmis
1461 5190 1563 5246 pro
1594 5189 1660 5229 eo
1707 5177 1766 5229 et
1809 5174 2082 5231 orationi-

431 5272 542 5327 bus
573 5268 881 5334 vacabant,
915 5268 1017 5322 aut
1038 5269 1198 5320 extra
1229 5263 1380 5318 fores
1418 5261 1640 5318 cellula:
1688 5263 2074 5320 excubabant.

431 5357 722 5428 Prmcipue
752 5360 945 5411 tamen
965 5368 1377 5427 germanarum
1399 5351 1526 5422 ejus
1543 5367 1809 5406 sororum
1826 5351 1953 5422 jam
1977 5369 2078 5407 an-

429 5448 525 5503 tea
553 5444 828 5500 omnibus
859 5447 998 5499 nota
1027 5445 1168 5498 tunc
1199 5440 1255 5494 in
1289 5456 1418 5496 eam
1445 5439 1633 5512 pietas
1670 5439 1898 5496 enituit.
1937 5441 2078 5513 Ipsae

431 5531 644 5590 lectulo
657 5532 770 5588 assi
781 5528 1303 5604 dcrc,ipszejacenti
1319 5529 1373 5583 in
1386 5527 1758 5600 fatigabunde
1773 5527 2074 5598 assistere;

2190 4554 2468 4610 ultimum
2499 4571 2563 4609 se
2595 4556 2804 4608 nostris
2835 4553 2990 4622 ﬁdei,
3014 4559 3070 4610 et
3099 4554 3376 4610 manibus
3396 4547 3770 4608 commendans.

2187 4643 2364 4700 etiam
2396 4643 2638 4712 sanctis,
2671 4658 2919 4714 quorum
2953 4642 3214 4715 reliquiae
3242 4645 3302 4699 in
3334 4646 3524 4699 nostro
3543 4635 3771 4694 monaste-

2188 4731 2274 4788 rio
2302 4731 2678 4798 haberentur,
2693 4747 2756 4788 se
2773 4735 2982 4788 nostrai
2998 4731 3308 4804 parvitatis
3330 4731 3512 4788 ofﬁcio
3539 4735 3772 4784 commen-

2189 4819 2314 4876 dari
2343 4818 2698 4892 postulabat.

2263 4909 2418 4964 Inter
2445 4907 2588 4976 hmo,
2613 4925 2679 4964 ac
2707 4907 2757 4964 si
2771 4909 2898 4980 jam
2917 4907 3128 4965 iisdem
3161 4911 3416 4984 ipsis,dc
3437 4905 3629 4993 quibus
3642 4899 3774 4993 ante:

2189 4997 2560 5070 loquebatur,
2589 4995 2917 5066 interesset,
2951 5015 3018 5054 ac
3047 4999 3097 5055 si
3121 4981 3250 5071 jam
3295 4997 3513 5072 judicia
3551 4981 3776 5080 tribunali

2191 5085 2514 5152 assisteret,
2531 5085 2616 5141 sic
2647 5085 2708 5140 in
2737 5086 2867 5154 hoc,
2901 5088 3059 5158 quod
3091 5088 3284 5144 videre
3317 5085 3616 5147 videbatur,
3645 5075 3776 5130 lumi-

2191 5175 2366 5231 nibus
2399 5173 2554 5243 ﬁxis,
2581 5173 2917 5244 formidare,
2941 5181 3000 5232 et
3027 5177 3320 5249 trepidare
3341 5170 3662 5247 ccepit.Nam
3676 5175 3774 5218 eam

2191 5267 2332 5320 tunc
2363 5261 2560 5336 aliqua
2589 5263 2924 5320 futurorum
2951 5264 3036 5322 vel
3060 5265 3315 5335 audisse,
3339 5263 3424 5320 vel
3444 5259 3652 5323 vidisse,
3665 5255 3711 5308 et
3725 5264 3776 5304 ex

2187 5351 2386 5408 vultus
2417 5351 2545 5422 ejus
2574 5352 2873 5422 varietate,
2907 5357 2964 5409 et
2992 5371 3060 5409 ex
3111 5353 3244 5410 aliis
3295 5369 3438 5426 quas
3483 5341 3712 5422 praavidit
3734 5339 3777 5391 ct

2189 5441 2456 5514 przedixit
2475 5442 2652 5497 rebus
2683 5441 2969 5513 conjicere
2989 5442 3272 5498 valemus.
3293 5433 3583 5496 Rccordari
3601 5428 3774 5524 quin

2186 5549 2310 5600 vos,
2352 5547 2478 5602 qua:
2526 5533 2667 5586 tunc
2726 5529 2996 5599 affuistis,
3061 5549 3168 5587 non
3233 5525 3594 5600 ambigimus,
3633 5527 3770 5590 Prw"
