4084 6190
423 338 486 404 Η
499 339 578 402 83

1401 345 1504 403 AD
1550 343 1808 405 OPERA
1854 343 2384 406 HROTSUITHAZ
2426 343 2840 407 APPENDIX.

3669 345 3818 411 1184

421 496 670 550 sorores,
704 497 820 537 non
852 485 972 536 tam
1002 441 1197 536 delere
1221 477 1633 560 debetis,qued
1664 477 1839 534 talem
1865 477 2064 534 amisi-
2094 480 2151 548 Α
2179 477 2416 552 percula
2447 483 2646 536 secuta
2666 483 2895 534 tantum
2931 479 2989 536 in
3019 478 3128 536 hac
3156 478 3276 535 vita
3306 447 3666 548 effloruit,ut
3685 485 3824 538 tem-

421 571 553 636 stis,
573 587 752 643 quam
773 571 1028 642 gaudere
1049 569 1203 639 quod
1224 567 1398 622 talem
1424 567 1862 637 habuistis,ime
1885 567 2060 622 babe-

421 659 526 728 tis;
551 660 666 715 Deo
683 659 839 714 enim
861 658 1063 712 vivunt
1084 656 1300 722 omnia,
1335 661 1390 711 et
1421 657 1548 712 ideo
1587 662 1878 711 mortuam
1899 656 2063 712 vobis

421 743 535 804 non
568 747 784 819 putetis
816 763 991 818 quam
1023 745 1137 802 Dee
1165 746 1354 802 vivere
1386 763 1500 800 non
1532 745 1994 818 igneratis.Nam
2015 745 2064 801 si

420 836 687 893 Christus
705 835 1006 890 vobiscum
1025 835 1267 901 est,ime
1298 835 1436 906 quia
1467 839 1582 901 est;
1605 834 1733 906 ipsa
1760 834 2064 890 vobiscum

421 924 598 982 simul
629 924 759 992 erit,
789 941 967 996 quam
1001 941 1137 979 cum
1169 924 1398 980 Christo
1429 941 1558 980 esse
1589 941 1703 979 non
1737 923 2062 995 ambigitis;
2101 940 2104 944 ί

419 1015 550 1087 ipsa
579 1013 736 1070 enim
769 1031 926 1080 eum,
961 1017 1027 1068 ut
1055 1030 1186 1068 vero
1212 1013 1394 1086 virgo,
1413 1013 1697 1085 sequitur,
1716 1027 2065 1084 quocunque

418 1103 567 1160 ierit.
616 1103 773 1158 Vivit
823 1118 958 1174 ergo
1007 1102 1130 1158 hinc
1179 1108 1382 1157 sancta
1431 1106 1620 1156 mater
1665 1105 1859 1156 vestra
1900 1099 2064 1156 vobis

419 1193 654 1266 spiritu,
677 1191 816 1248 vivit
846 1196 1050 1248 sancta
1076 1192 1214 1259 vita,
1245 1191 1386 1246 vivit
1417 1189 1914 1263 irreprehensibili
1933 1207 2063 1246 con-

417 1282 762 1349 versatione,
812 1281 954 1336 vivit
1009 1279 1236 1337 eximiis
1295 1279 1579 1346 moribus,
1627 1278 1766 1334 vivit
1825 1278 2062 1351 optimis

417 1370 719 1446 exemplis.

1061 1469 1295 1526 CAPUT
1337 1469 1426 1526 IX.

415 1571 727 1628 Paraznesis
753 1571 989 1626 auctoris
1019 1569 1087 1625 ad
1115 1567 1556 1624 sanctimoniales
1588 1567 2066 1623 Gandershcimcn-

490 1659 595 1710 ses,
629 1657 764 1714 quas
791 1641 849 1698 S.
882 1640 1234 1714 Hathumoda:
1264 1641 1509 1708 virtutes,
1522 1640 1804 1712 praecipue
1821 1636 2066 1694 studium

485 1712 820 1787 paupertatis
838 1712 994 1787 jubet
1013 1714 1240 1769 imitari.

490 1822 574 1876 Ad
623 1820 732 1876 hoc
781 1819 995 1892 quippe
1045 1819 1156 1875 ista
1193 1819 1358 1874 vobis
1390 1818 1640 1874 scribere
1669 1817 1960 1886 volumus,
1997 1821 2062 1873 ut

417 1909 556 1982 quia
585 1925 714 1964 eam
737 1911 864 1980 jam
896 1907 1273 1980 corporaliter
1317 1907 1511 1963 videre
1560 1923 1675 1961 non
1724 1906 1968 1978 potestis
1998 1906 2056 1960 in

411 1997 542 2054 vita:
571 1998 700 2070 ejus
727 1998 1036 2053 sanctitate
1055 1997 1392 2068 quamdam,
1410 1999 1473 2051 ut
1493 1995 1551 2050 in
1575 1995 1860 2068 principio
1877 1995 2057 2067 hujus

415 2085 682 2160 opusculi
713 2086 1135 2157 diximus,ejus
1165 2085 1480 2157 imaginem
1501 2085 1848 2152 attendatis;
1869 2100 2056 2156 neque

416 2177 598 2231 totam
615 2192 651 2232 a
678 2174 842 2231 vobis
858 2175 1202 2231 discessisse
1230 2173 1696 2244 existimetis,cuj
1705 2190 1774 2228 us
1796 2171 2057 2244 quotidie

417 2269 683 2321 sanctam
714 2265 1212 2320 conversationem
1243 2281 1358 2319 non
1409 2267 1530 2320 tam
1557 2262 1746 2337 legere
1771 2262 2056 2336 ignotam,

417 2370 594 2426 quam
626 2352 878 2426 relegere
905 2353 1200 2426 cognitam
1229 2353 1454 2408 valetis.
1482 2352 1600 2408 Hoc
1628 2350 1794 2408 vobis
1832 2367 1936 2423 pro
1962 2367 2055 2407 re-

415 2441 574 2514 gula,
607 2442 720 2498 hoc
749 2459 853 2514 pro
883 2441 1120 2517 speculo
1149 2441 1448 2514 erit;quia
1477 2441 1576 2510 ibi,
1594 2441 1693 2496 ubi
1723 2440 1841 2496 vita
1861 2444 1919 2495 et
1941 2457 2060 2496 me-

416 2540 510 2588 res
539 2529 713 2587 vestri
748 2530 1132 2604 corrigantur,
1151 2530 1763 2598 invenietis.Quandiu
1793 2530 1854 2586 in
1885 2545 2059 2585 carne

415 2623 556 2688 erat,
589 2619 992 2692 corporalibus
1023 2637 1151 2676 eam
1183 2619 1456 2692 passibus
1487 2623 1698 2674 secuta:
1730 2623 1785 2675 et
1815 2618 2058 2674 commi-

414 2712 546 2765 tatae
577 2708 762 2777 estis;
797 2708 847 2764 si
877 2707 1166 2780 illue,quo
1198 2725 1354 2764 nunc
1385 2725 1512 2764 eam
1545 2724 1678 2762 cum
1709 2706 1938 2762 Christe
1969 2723 2056 2762 re-

411 2801 692 2870 gnantem
725 2797 1040 2864 credimus,
1072 2797 1370 2869 pervenire
1418 2795 1615 2864 vultis,
1651 2795 1899 2868 spiritali
1927 2812 2058 2852 eam

411 2901 616 2958 gressu
649 2886 814 2959 sequi
846 2884 1088 2943 debetis.
1113 2887 1246 2959 Ipsa
1263 2885 1559 2942 Christum
1583 2901 1897 2958 pauperem
1922 2901 2060 2958 pau-

2175 585 2313 641 pere
2343 567 2712 624 dermitienis
2743 569 2873 632 eius
2896 586 3083 642 neque
3109 568 3296 624 funeri
3328 569 3536 626 saltem
3562 587 3824 628 necessa-

2175 657 2260 712 ria
2291 675 2358 712 ex
2385 675 2492 712 suo
2525 659 2815 726 adessent,
2834 659 2932 713 sed
2949 657 3822 728 alienelinteeleinvelveretur;

2174 748 2444 819 quamvis
2475 764 2708 804 summe
2731 746 2854 803 loco
2880 751 3098 818 aata,et
3110 748 3466 803 monasterio
3489 749 3824 822 praeposita,

2174 835 2362 908 plura,
2397 837 2446 892 si
2477 836 2664 904 vellet,
2700 837 2913 894 habere
2958 837 3264 910 potuisset.
3297 837 3413 892 Nec
3462 851 3695 893 movere
3720 854 3825 894 vos

2175 927 2366 994 debet,
2397 927 2783 983 sanctissima»
2816 945 3066 994 sorores,
3092 927 3247 998 quod
3281 929 3454 981 tantm
3492 927 3828 984 sanctitatis

2174 1016 2393 1072 femina
2423 1015 2736 1072 difﬁciliori
2757 1020 2814 1072 et
2846 1016 3090 1089 longiori
3115 1014 3551 1088 aliquantulum
3577 1015 3732 1071 exitu
3749 1017 3824 1071 ad

2175 1105 2491 1160 Dominum
2523 1105 2819 1173 transivit;
2855 1105 2962 1160 hoc
2995 1105 3122 1160 ideo
3153 1103 3369 1177 quippe
3400 1104 3687 1159 Dominus
3718 1121 3826 1162 v0—

2172 1194 2301 1260 luit,
2338 1211 2409 1250 ne
2457 1195 2505 1248 ei
2557 1195 2616 1248 in
2666 1195 2864 1249 futuro
2896 1194 3189 1250 diceretur
3223 1210 3234 1247 :
3270 1193 3332 1247 In
3359 1192 3680 1249 hominibus
3709 1211 3827 1250 non

2172 1285 2300 1354 fuit,
2333 1291 2386 1340 et
2425 1300 2549 1339 cum
2597 1282 2910 1340 hominibus
2937 1299 3049 1339 non
3096 1289 3176 1338 est
3198 1283 3472 1352 ﬂagellato
3505 1298 3518 1337 :
3555 1281 3665 1338 hec
3693 1282 3826 1339 ideo

2173 1371 2460 1429 Dominus
2486 1371 2686 1440 voluit,
2704 1377 2766 1428 ut
2797 1372 2846 1428 si
2871 1373 3011 1445 quid
3044 1371 3235 1428 adhuc
3267 1386 3335 1426 ex
3365 1370 3830 1445 humanmfragi-

2173 1461 2318 1518 litati
2353 1463 2628 1519 sordibus
2656 1461 2717 1517 in
2749 1463 2878 1534 ejus
2910 1465 3108 1518 mente
3136 1459 3445 1516 emundari
3493 1460 3824 1529 debuisset,

2173 1567 2276 1624 per
2322 1550 2644 1624 graviorem
2691 1549 2910 1608 exitum
2960 1553 3324 1622 purgaretur.
3382 1548 3671 1604 Czeterum
3721 1548 3830 1606 illa

2121 1651 2123 1653 ‘
2173 1640 2368 1710 modo,
2401 1643 2465 1696 ut
2495 1657 2751 1706 oramus,
2781 1643 2838 1696 et
2869 1637 3502 1706 credimus,Christum
3533 1653 3828 1711 sponsum

2174 1725 2508 1782 castissima
2539 1743 2776 1800 sponsa,
2811 1727 3147 1800 ubicunque
3179 1726 3330 1793 ierit,
3357 1742 3613 1800 sequens
3631 1727 3828 1782 canti-

2175 1832 2308 1871 cum
2325 1814 2470 1871 illud
2494 1831 2708 1872 novum
2727 1817 3018 1884 decantat,
3034 1815 3188 1888 quod
3213 1831 3384 1870 nemo
3399 1815 3592 1870 dicere
3604 1819 3824 1886 potest,

2170 1904 2282 1961 nisi
2335 1904 2436 1960 illa
2480 1909 2713 1960 centum
2762 1905 3153 1978 quadraginta
3191 1909 3447 1976 quatuor
3477 1902 3689 1973 millia,
3721 1904 3826 1978 qui

2166 1995 2346 2068 empti
2379 1998 2519 2050 sunt
2547 2011 2615 2050 ex
2643 1993 3291 2066 heminibus,primitiae
3322 1993 3437 2050 Dee
3470 1997 3529 2049 et
3554 1995 3746 2067 Agne,
3771 2001 3825 2052 et

2163 2083 2226 2138 in
2277 2101 2375 2139 ere
2421 2100 2622 2140 eorum
2674 2102 2789 2140 non
2821 2089 2911 2140 est
2943 2084 3246 2140 inventum
3280 2083 3685 2150 mendacium,
3717 2083 3821 2139 sed

2166 2173 2292 2229 sine
2323 2171 2558 2228 macula
2585 2175 2725 2228 sunt
2755 2177 2890 2228 ante
2917 2172 3200 2228 thronum
3231 2171 3356 2228 Dei.

2236 2261 2496 2318 Decessit
2524 2265 2730 2318 sancta
2759 2261 2880 2318 hanc
2908 2261 3455 2335 etiucemparabilis
3474 2261 3700 2318 femina
3713 2267 3832 2318 ter-

2166 2351 2247 2407 tio
2279 2349 2566 2406 Kalendas
2595 2349 3114 2418 Decembris,feria
3141 2350 3419 2418 secunda,
3441 2367 3598 2406 anno
3629 2351 3832 2406 incar-

2168 2439 2428 2495 nationis
2474 2438 2790 2495 Dominicae
2839 2439 3329 2512 octingentesimo
3381 2438 3834 2512 septuagesimo

2169 2532 2396 2601 quarto,
2412 2527 2728 2585 indictione
2747 2527 3188 2600 septima.Vixit
3209 2528 3268 2583 in
3292 2532 3497 2584 sancto
3520 2527 3832 2600 proposito

2169 2617 2342 2674 annis
2371 2617 2576 2689 viginti
2608 2617 3090 2674 duobus.0mnes
3111 2616 3548 2687 annivitm'ejus
3579 2615 3834 2672 fuerunt

2169 2705 2407 2780 triginte
2457 2709 2728 2778 quatuor,
2779 2708 3059 2776 regnante
3110 2705 3358 2760 Domine
3427 2707 3626 2760 uestro
3676 2704 3830 2760 Jesu

2168 2793 2418 2861 Christe,
2454 2795 2553 2866 qui
2583 2793 2722 2848 vivit
2743 2797 2801 2848 et
2822 2797 3027 2866 regnat
3057 2794 3212 2850 Deus
3243 2811 3346 2866 per
3377 2793 3576 2849 omnia
3606 2792 3832 2849 saecula

2169 2881 2540 2940 saeculorum.
2574 2885 2778 2938 Amen.

1489 3211 2320 3346 DIALOGUS
2408 3211 2752 3342 AGll

816 3473 958 3556 DE
1021 3471 1378 3558 OBl'l‘U
1439 3469 1898 3558 SANCT/E
1953 3466 2718 3554 HATHUMOD/E
2777 3467 3421 3554 ABBA'l‘ISS/E.

1905 3653 2300 3666 μ’.

410 3789 556 3846 Cum
587 3805 842 3862 praesens
872 3804 978 3860 ego
1008 3787 1301 3860 supremis
1335 3787 1581 3842 fortasse
1613 3785 1854 3840 fuissem

449 3889 461 3899 '
483 3879 708 3934 Sancta:
739 3877 1049 3933 abbatissa:
1074 3875 1282 3932 anxius
1313 3873 1720 3942 Hathumedze,

413 3968 570 4024 Inter
600 3983 714 4034 me,
741 3970 1094 4038 sanctasque
1125 3965 1254 4036 ejus
1285 3965 1612 4036 dignasque
1643 3979 1872 4018 sorores

483 4058 688 4112 Sermo
720 4055 863 4122 satis
895 4053 1164 4127 lugubris
1193 4057 1332 4108 tunc
1362 4054 1552 4108 fuerat
1581 4050 1843 4106 habitus.

414 4146 606 4201 Pauca
637 4148 832 4200 tamen
865 4143 1206 4200 consolandi
1237 4143 1344 4198 has
1374 4142 1565 4198 dicere
1597 4157 1776 4196 causa

485 4235 764 4306 Magnum
798 4251 890 4289 mc
919 4233 1129 4289 harum
1162 4231 1526 4304 compulerat
1557 4230 1855 4285 meritum.

413 4325 526 4382 Sed
557 4323 699 4396 quia
729 4324 873 4378 forte
904 4339 1106 4379 recens
1137 4321 1328 4377 adhuc
1359 4318 1524 4376 dolor
1554 4319 1669 4376 ista
1700 4323 1932 4390 repente

486 4413 602 4469 Has
631 4412 832 4468 audire
866 4411 1042 4468 nimis
1069 4409 1369 4484 prohibuit
1397 4409 1700 4481 lugubres,

413 4503 566 4571 Haec,
600 4519 730 4574 quae
761 4506 900 4558 tunc
931 4500 1120 4556 ﬂendo
1154 4498 1344 4568 retuli,
1381 4514 1536 4554 nunc
1560 4496 1826 4554 versibus
1857 4497 1984 4564 ede,

488 4591 590 4647 His
619 4609 852 4664 quoque
881 4589 1164 4645 nonnulla
1195 4588 1488 4659 adjicieus
1505 4586 1636 4642 alia.

416 4681 533 4736 Hoc
565 4681 716 4748 ideo,
749 4680 887 4752 quia
907 4679 1017 4735 hoc
1049 4679 1187 4750 ipsa:
1221 4675 1504 4750 rogitasse
1537 4676 1877 4747 probantur,

488 4769 561 4826 Ut
592 4768 704 4825 sibi
734 4773 866 4840 post
893 4768 1176 4840 scriptum
1210 4767 1318 4823 hec
1348 4783 1452 4840 ego
1485 4766 1816 4838 dirigerem,

416 4861 540 4928 Quo
565 4875 626 4916 se
657 4857 855 4927 solari,
891 4875 1006 4930 que
1030 4857 1148 4912 hmo
1179 4862 1420 4929 possent
1451 4854 1679 4911 oculate

487 4949 622 5017 Quae
652 4947 792 5016 dixi,
827 4946 1226 5020 merejugiter
1255 4945 1536 5018 aspicere.

418 5037 582 5094 Unde
613 5037 812 5093 favens
834 5036 1018 5109 justis
1047 5035 1257 5091 harum
1288 5035 1436 5091 votis
1467 5033 1878 5106 precibusque,

491 5125 746 5182 Paucula
777 5126 1012 5182 tentabo
1045 5123 1234 5180 dicere
1263 5141 1366 5197 pro
1393 5123 1620 5180 merito.

419 5217 505 5271 Tu
540 5215 712 5270 modo
743 5232 858 5284 me,
889 5214 1072 5270 lector
1100 5230 1235 5269 cum
1255 5211 1348 5268 his
1375 5213 1604 5268 adverte
1630 5211 1988 5282 loquentem,

490 5305 560 5361 Et
589 5309 644 5360 te
675 5321 806 5360 cum
839 5307 1039 5361 nostro
1072 5301 1357 5375 participa
1388 5300 1632 5374 gemitu.

1143 5435 1234 5474 AG]
1245 5435 1335 5474 US.

421 5571 546 5626 Non
579 5571 780 5626 dubito
812 5571 932 5627 fore
959 5589 1061 5627 vos
1095 5574 1332 5626 moestas
1363 5571 1433 5626 de
1463 5575 1648 5626 morte
1679 5570 1916 5638 sororis,

493 5659 562 5715 Et
587 5659 752 5716 vobis
780 5660 1006 5715 obitum
1039 5661 1226 5734 ipsius
1255 5678 1382 5718 esse
1413 5677 1646 5734 gravem
1673 5679 1684 5728 ;

2084 3784 2128 3852 C
2166 3780 2326 3837 Talis
2355 3781 2512 3861 enim
2546 3780 2758 3836 mulier
2778 3797 2892 3835 non
2920 3783 3009 3836 est
3039 3781 3230 3850 iujure
3257 3778 3510 3836 delenda

2239 3869 2345 3926 Cui
2379 3886 2535 3925 nunc
2563 3867 2657 3924 vix
2685 3868 2860 3924 aliam
2894 3868 3154 3924 mundus
3183 3867 3359 3924 habet
3389 3867 3651 3923 similem

2171 3958 2406 4032 Optima
2433 3961 2780 4014 cunctarum
2813 3975 2961 4030 quas
2991 3958 3117 4030 ipse
3146 3957 3462 4030 aliquando
3491 3957 3775 4022 viderem,

2243 4048 2504 4104 Moribus
2529 4045 2800 4121 egregiis,
2835 4051 2892 4103 et
2922 4045 3172 4102 Domine
3203 4045 3457 4118 placitis.

2173 4139 2331 4195 lianc
2363 4156 2480 4193 non
2511 4137 2882 4210 plangamus,
2917 4153 3050 4192 cum
3083 4135 3233 4191 hanc
3266 4136 3439 4192 mede
3489 4135 3729 4208 plangat
3764 4141 3824 4191 et

2239 4229 2311 4283 Et
2340 4227 2622 4299 plangant
2649 4225 2824 4281 variis
2855 4225 2982 4298 ipsa
3012 4223 3299 4280 elementa
3330 4225 3542 4280 modis.
3613 4223 3819 4298 [orbis

2170 4316 2289 4372 Hoc
2320 4314 2612 4387 siquidem
2646 4319 2734 4371 tot
2762 4317 3060 4370 tantorum
3090 4330 3280 4370 mores
3312 4313 3662 4380 docuerunt,

2239 4404 2360 4460 Hoc
2388 4421 2496 4460 nos
2526 4403 2622 4459 hic
2653 4402 2822 4459 anuis
2854 4402 3207 4475 praemonuit
3235 4402 3478 4470 sterilis,

2169 4494 3162 4568 Egregiam,castam,sanctamque
3192 4508 3296 4564 per
3323 4490 3519 4547 omnia
3545 4496 3820 4558 matrem,

2242 4582 2388 4638 Hinc
2419 4583 2806 4655 migraturam
2838 4581 3001 4636 ocius
3029 4581 3098 4636 ad
3135 4579 3470 4636 Dominum.

2169 4673 2320 4738 Non,
2352 4689 2514 4744 rego,
2544 4669 2896 4743 plangamus
2919 4669 3165 4741 juvenili
3197 4671 3338 4725 ﬂore
3367 4669 3652 4725 virentem

2245 4759 2662 4833 Intempestive
2690 4775 2930 4831 prorsus
2960 4758 3175 4814 ebiisso
3201 4758 3329 4826 die;

2171 4851 2282 4908 Sed
2310 4856 2508 4906 tamen
2542 4848 2652 4905 iste
2683 4847 2848 4904 dolor
2874 4849 2996 4903 fere
3027 4847 3260 4904 debebit
3289 4849 3647 4912 moderatus,

2240 4939 2487 4996 Debebit
2514 4939 2728 4996 vestris
2753 4955 2880 4994 esse
2911 4936 3123 4993 modus
3150 4935 3446 5010 lacrymis.

2169 5029 2334 5086 Sicut
2361 5028 2518 5084 enim
2550 5045 2667 5084 non
2698 5032 2788 5084 est
2817 5026 2930 5082 nisi
2963 5025 3228 5083 naturale
3257 5025 3474 5094 delere,

2241 5119 2329 5174 Sit
2362 5118 2566 5174 itidem
2600 5117 2748 5174 ratio
2779 5120 2992 5172 cuncta
3018 5119 3174 5171 vetat
3205 5114 3408 5171 nimia.

2173 5207 2458 5276 Quocirca
2487 5211 2619 5280 pete
2650 5223 2772 5274 vos,
2805 5206 2995 5262 charm
3027 5209 3360 5276 sanctazque
3391 5221 3639 5269 sorores,

2245 5294 2319 5352 Ut
2339 5293 2466 5366 jam
2498 5292 2754 5366 parcatis
2785 5291 3020 5348 ﬂetibus
3049 5296 3106 5346 et
3126 5290 3423 5365 lacrymis.

2173 5383 2430 5440 Parcatis
2460 5382 2589 5438 vita;
2617 5385 2842 5451 vestras,
2875 5379 3128 5454 parcatis
3161 5378 3382 5450 ocellis,

2243 5475 2398 5540 Quos
2429 5472 2678 5528 nimium
2711 5471 2902 5528 {lende
2931 5470 3176 5544 perditis
3207 5469 3566 5526 omnimodo.

2172 5565 2317 5620 Nam
2347 5579 2416 5619 ne
2446 5563 2578 5635 quid
2605 5563 2774 5618 nimis
2805 5561 3034 5634 egregie
3062 5561 3305 5634 quidam
3339 5563 3396 5616 et
3422 5559 3566 5616 bene
3595 5556 3745 5612 dixit
3769 5575 3784 5624 ;

2242 5653 2427 5710 Immo
2457 5668 2561 5724 per
2591 5651 2751 5708 hunc
2777 5648 2975 5724 potius
3004 5649 3114 5708 hoc
3148 5654 3349 5707 monet
3377 5647 3505 5722 ipse
3534 5647 3704 5706 Deus.
