4084 6190
272 361 432 424 1185

935 533 1264 576 RESPONSIO.

272 618 423 685 Haec,
458 635 586 690 qua:
619 623 1009 693 prosequeris,
1034 642 1275 697 prorsus
1296 629 1601 685 verissima
1632 635 1918 700 constant,

342 707 414 760 Et
443 708 668 762 scimus
698 710 947 766 nimium
980 728 1152 767 omne
1184 719 1377 771 vetare
1407 717 1619 785 Deum;

270 795 382 849 Sed
416 795 659 851 minime
691 798 858 852 nobis
892 799 1141 855 nimium
1170 802 1278 858 hoc
1308 822 1435 860 esse
1466 806 1697 861 videtur

343 885 506 948 Quod
541 885 764 939 meritis
798 887 1020 944 scimus
1050 889 1237 961 ipsius
1269 910 1396 949 esse
1430 894 1649 949 nimus.

273 972 523 1037 Quantis
556 990 808 1045 namque
840 976 1009 1031 bonis
1042 977 1099 1031 in
1134 979 1242 1034 hac
1276 999 1393 1036 una
1423 999 1728 1037 careamus

343 1061 506 1115 Haud
540 1079 840 1133 quaquum
873 1064 1047 1136 digne
1078 1084 1394 1137 possumus
1425 1073 1764 1143 exprimere.

269 1150 402 1204 Haec
433 1168 615 1217 soror,
651 1151 771 1206 hzec
804 1157 1010 1219 mater,
1043 1155 1162 1209 haec
1194 1158 1390 1214 nutrix
1422 1164 1593 1231 atque
1618 1160 1918 1234 magistra,

345 1240 473 1293 H.130
504 1239 827 1308 abbatissa,
854 1241 975 1297 haec
1008 1244 1196 1300 fuerat
1221 1247 1479 1303 domina.

269 1327 415 1382 Cum
448 1327 600 1384 hanc
630 1329 913 1400 zequalem
946 1332 1320 1408 similemque
1352 1354 1454 1408 per
1480 1340 1678 1394 omnia
1706 1338 1882 1394 vitam

340 1416 629 1472 Duximus
659 1418 956 1489 asseculae,
990 1423 1315 1493 quamlibet
1346 1426 1586 1499 exiguae.

269 1505 465 1562 Unum
495 1506 638 1562 velle
671 1506 783 1562 fuit
813 1510 1061 1579 cunctis,
1094 1511 1247 1568 nolle
1277 1515 1554 1571 omnibus
1586 1533 1791 1585 unum,

339 1594 485 1650 Vota
516 1595 674 1651 fuere
705 1613 825 1651 una
856 1602 1029 1669 atque
1061 1602 1265 1657 eadem
1298 1602 1514 1659 studia.

266 1684 337 1740 Et
368 1700 479 1740 nos
505 1683 656 1739 hanc
689 1701 803 1739 non
837 1685 1154 1757 pleremus,
1192 1690 1341 1746 hanc
1374 1709 1488 1748 non
1521 1692 1845 1763 doleamus,

337 1773 409 1828 Et
438 1773 806 1845 suspiremus
835 1775 1156 1833 visceribus
1190 1780 1443 1852 cupidis,

268 1864 404 1929 Quae
436 1866 647 1918 nostra:
678 1862 923 1920 dulcedo
956 1864 1155 1935 simul,
1188 1868 1275 1923 vel
1304 1869 1491 1941 gloria
1517 1872 1668 1935 vita},

342 1952 406 2007 In
438 1968 552 2023 qua
582 1955 723 2007 sunt
753 1970 869 2008 una
901 1956 1129 2025 perdita
1162 1962 1322 2013 tanta
1354 1959 1551 2015 bona?

268 2040 529 2111 Denique
560 2040 629 2096 de
659 2040 955 2113 laerymis,
990 2045 1060 2099 de
1093 2045 1427 2117 planctibus
1459 2052 1633 2120 atque
1664 2048 1860 2104 dolore

342 2129 467 2184 Non
498 2146 761 2201 unquam
792 2131 962 2188 nobis
996 2134 1292 2191 credimus
1324 2152 1453 2192 esse
1483 2137 1648 2192 satis.

267 2216 488 2274 Saltem
520 2235 627 2274 nos
657 2217 929 2292 lacrymis
960 2225 1019 2277 et
1047 2221 1381 2294 planetibus
1411 2225 1787 2293 exsatiemus,
1830 2264 1831 2271 η

341 2306 402 2363 Si
434 2324 549 2364 non
581 2312 779 2380 optata
810 2326 1019 2382 nempe
1054 2310 1190 2367 licet
1217 2311 1383 2368 facie.

998 2443 1190 2485 AGIUS.

266 2538 396 2595 Non
428 2554 574 2611 nego
605 2556 762 2596 nunc
789 2541 954 2597 vobis
976 2542 1209 2614 justum
1242 2545 1387 2601 satis
1418 2562 1545 2602 esse
1575 2546 1856 2615 dolerem,

339 2628 465 2683 Non
497 2644 645 2702 nego
677 2633 768 2686 sat
788 2630 988 2701 justas
1019 2648 1148 2689 esse
1177 2632 1355 2689 simul
1385 2634 1695 2707 lacrymas,

273 2717 421 2773 Cum
455 2717 569 2775 nisi
592 2735 727 2774 cum
748 2721 972 2792 gemitu
995 2723 1328 2778 membrum
1349 2741 1383 2779 a
1402 2724 1665 2779 membro
1688 2722 1921 2780 dirima-

281 2825 291 2830 ·
341 2807 411 2862 Et
441 2823 653 2879 corpus
674 2810 960 2866 damnum
992 2812 1233 2868 sutl'erat
1257 2829 1407 2885 zegre
1432 2830 1629 2868 suum.
1742 2812 1880 2886 [tur,

269 2897 341 2951 Et
374 2900 572 2954 tamen
602 2897 714 2954 hoc
746 2897 973 2967 tolerat,
1008 2901 1163 2970 quod
1195 2919 1310 2957 non
1342 2903 1710 2958 mediocriter
1737 2902 1922 2975 angit,

344 2984 489 3040 Hinc
518 3003 587 3040 ex
622 2991 866 3055 naturae,
898 2988 1034 3042 inde
1064 2988 1164 3044 Dei
1197 2990 1433 3045 intuitu.

270 3073 398 3128 Non
428 3074 584 3130 solas
617 3076 789 3132 modo
815 3094 915 3132 vos
950 3081 1194 3149 tangens
1225 3078 1390 3135 dolor
1416 3080 1527 3135 iste
1558 3080 1868 3147 remordet,

345 3162 435 3218 Me
462 3180 694 3236 quoque
728 3165 1009 3237 depascit,
1046 3183 1139 3221 me
1169 3168 1358 3241 magis
1387 3168 1697 3225 excruciat.

1225 369 1609 436 DIALOGUS
1654 375 1755 435 DE
1798 377 2033 439 OBI'I‘U
2080 380 2143 439 S.
2193 381 2734 447 IIA'I‘HUMODZE.

1950 511 2005 577 Α
2036 512 2145 567 Sed
2180 515 2389 570 medus
2419 521 2526 584 est,
2552 522 2615 573 ut
2636 522 2913 591 praemisi,
2940 523 3213 599 lacrymis
3238 529 3605 591 adhibendus

3522 402 3677 464 1186

2104 602 2172 656 Et
2204 603 2371 659 debet
2402 604 2599 662 luctus
2630 626 2745 663 non
2776 611 2898 666 ﬁeri
2929 614 3168 672 nimius.

2031 689 2175 744 Hinc
2207 693 2568 749 eonstristari
2604 714 2708 751 nos
2742 699 2957 757 Paulus
2987 706 3287 775 apostolus
3318 710 3446 767 istis

2105 778 2210 833 Pro
2236 780 2429 836 charis
2461 786 2676 839 nostris
2698 788 2816 843 rite
2838 795 2991 847 vetat
3020 796 3260 853 monitis
3295 816 3308 852 :

2032 867 2317 925 Nolumus
2348 870 2601 941 ignaros,
2639 876 2849 948 inquit,
2882 898 2982 935 vos
3012 884 3207 954 affore,
3243 887 3449 946 fratres

2104 957 2182 1010 De
2204 959 2328 1027 jam
2364 961 2676 1030 defunctis,
2712 965 2891 1021 immo
2923 973 3265 1043 soporificis,

2032 1044 2112 1099 Ne
2144 1044 2339 1101 tristes
2365 1049 2513 1117 sitis,
2550 1051 2702 1107 sicut
2734 1055 2988 1129 reliquos
3018 1062 3137 1115 fere
3167 1070 3414 1133 constat,

2102 1134 2207 1198 Qui
2238 1136 2365 1190 vitae
2396 1143 2530 1209 post
2560 1158 2724 1211 spem
2756 1161 2868 1198 non
2904 1149 3153 1205 retinent
3178 1152 3459 1224 aliquam.

2031 1221 2088 1276 Si
2123 1222 2415 1294 siquidem
2449 1228 2791 1286 defunctum
2826 1236 2996 1291 modo
3028 1240 3325 1297 credimus
3353 1244 3577 1316 Jesum,

2104 1310 2175 1365 Ut
2205 1329 2451 1385 surgens
2484 1323 2730 1374 mortem
2762 1321 3015 1380 vinceret
3044 1326 3401 1401 horrificam,

2030 1398 2349 1455 Credamus
2373 1420 2602 1478 quoque
2628 1407 2860 1481 hos,qui
2876 1414 3003 1483 jam
3023 1415 3307 1475 dormisse
3330 1398 3671 1494 probantur,

2102 1488 2312 1544 Secum
2345 1509 2449 1563 per
2478 1494 2677 1552 Jesum
2706 1498 2908 1556 tollere
2940 1520 3095 1560 nunc
3129 1506 3465 1567 Dominum.

2030 1575 2160 1631 Haec
2187 1595 2321 1649 spes
2354 1587 2568 1650 nostra,
2604 1584 2745 1641 eluit
2778 1588 2898 1645 hzec
2929 1594 3248 1651 consolatio
3279 1603 3498 1671 nostra,

2100 1666 2342 1724 Nostros
2374 1671 2680 1729 defunctos
2711 1677 2899 1735 vivere
2934 1698 3087 1751 nunc
3120 1684 3351 1743 melius.

2031 1754 2148 1809 Hoc
2179 1757 2373 1824 modo,
2403 1759 2511 1816 hoc
2543 1768 2799 1821 vestrum
2832 1768 3002 1825 debet
3031 1771 3211 1830 lenire
3240 1777 3523 1851 dolorem,

2101 1843 2218 1899 Hoc
2250 1846 2419 1903 debet
2449 1856 2669 1907 vestras
2699 1859 2922 1929 tergere
2953 1878 3105 1917 nunc
3138 1862 3457 1939 lacrymas;

2030 1932 2146 1987 Hoc
2176 1951 2275 1989 vos
2307 1937 2480 1993 solari
2513 1940 2706 2012 debet,
2738 1944 2847 2001 hoc
2879 1947 3192 2021 laitiﬁcare,

2100 2022 2215 2076 Hoc
2244 2025 2506 2082 animum
2537 2035 2794 2088 vestrum
2835 2037 3053 2109 erigere
3087 2042 3156 2096 ad
3191 2043 3526 2104 Dominum.

2686 2166 3017 2208 RESPONSIO.

2029 2254 2145 2309 Iloe
2176 2263 2328 2313 certe
2360 2259 2467 2315 hoc
2498 2264 2609 2318 erit
2637 2267 2792 2336 quod
2826 2286 2931 2324 nos
2962 2252 3247 2330 solabitur
3278 2294 3461 2335 unum

2099 2344 2160 2399 In
2194 2350 2312 2402 tam
2342 2349 2579 2407 funereo
2609 2354 3082 2431 praelugubrique
3109 2364 3263 2421 male
3299 2383 3312 2420 :

2027 2433 2188 2497 Quod
2220 2434 2354 2491 licet
2383 2436 2492 2526 hic_
2509 2440 2637 2511 ejus
2668 2460 2882 2516 corpus
2912 2447 3119 2505 tellure
3148 2456 3400 2526 tegatur,

2102 2522 2164 2576 In
2192 2522 2351 2580 cmlis
2382 2520 2641 2583 animam
2674 2531 2969 2590 credimus
3000 2552 3128 2593 esse
3158 2520 3348 2597 suam.

2027 2609 2145 2664 Hoc
2172 2629 2277 2668 nos
2308 2630 2455 2685 pura
2484 2616 2628 2674 ﬁdes
2660 2620 2788 2691 ejus
2820 2639 3054 2694 sperare
3085 2630 3313 2699 suadet,

2100 2699 2216 2754 Hoc
2246 2702 2401 2775 cogit
2429 2704 2548 2760 vita
2577 2709 2810 2765 credere
2837 2714 3158 2772 sanctiﬁca.

2028 2788 2137 2844 Sed
2170 2789 2310 2861 quia
2337 2793 2556 2849 carnali
2579 2796 2706 2867 jam
2738 2798 2846 2856 hac
2878 2819 2991 2858 non
3024 2806 3250 2863 utimur
3278 2826 3411 2879 usu,

2098 2878 2213 2933 Nec
2243 2879 2395 2938 hanc
2427 2886 2822 2956 conspicimus
2853 2896 3146 2965 corporeis
3178 2899 3384 2968 oculis,

2028 2966 2219 3038 Ipsius
2252 2969 2495 3026 immani
2528 2975 2816 3032 desiderio
2848 2982 3193 3055 retinemur,

2101 3056 2290 3128 Ipsius
2318 3076 2460 3117 cura
2490 3063 2761 3135 angimur
2794 3068 3127 3129 immodica.

2027 3143 2171 3200 Hine
2187 3149 2499 3218 gemimus,
2514 3151 2651 3208 hinc
2670 3171 3005 3228 mmremus,
3023 3161 3156 3217 hinc
3168 3165 3417 3239 denique
3436 3170 3666 3241 flemus,

270 3251 419 3307 Nam
438 3233 886 3322 minime,vcluti
904 3233 1149 3326 dignum
1171 3261 1277 3326 est,
1294 3274 1450 3313 nunc
1465 3258 1654 3314 dicere
1674 3274 1916 3331 possum
1948 3254 1993 3321 C
2030 3322 2075 3331 η
2101 3233 2245 3289 Hm"
2270 3240 2358 3331 φὶ
2385 3238 2505 3293 hmo
2539 3246 2739 3331 ",OStPa
2764 3262 3019 3304 mamma
3048 3255 3305 3310 tl‘lsmla-

342 3342 572 3405 Quanta
600 3358 706 3414 ego
734 3342 1041 3398 vobiscum
1072 3346 1380 3401 commoda
1409 3347 1782 3418 perdiderim.

268 3427 386 3484 Vos
418 3429 630 3486 melius
662 3431 849 3486 nostis
880 3436 1097 3504 quanto
1128 3450 1222 3489 me
1252 3451 1483 3507 semper
1513 3453 1729 3504 amore,

343 3517 591 3584 Quantis
622 3518 936 3576 incolumis
966 3520 1171 3578 foverit
1200 3522 1429 3579 ofﬁciis.

268 3606 386 3662 Vos
417 3606 602 3663 nostis
631 3613 852 3679 quanta
873 3609 1000 3680 jam
1032 3608 1312 3683 languida
1336 3612 1668 3678 sedulitate,

339 3697 466 3762 Qua
493 3696 784 3752 anxietate
816 3714 1007 3753 meam
1039 3698 1303 3771 gestierit
1332 3700 1562 3770 faciem,

267 3786 393 3850 Quo
424 3784 712 3841 desiderio
743 3786 1066 3859 susceperit
1090 3787 1515 3858 advenientem,

340 3873 412 3929 Et
442 3890 620 3946 quam
652 3873 938 3930 mirandis
968 3875 1239 3932 mulserit
1266 3877 1585 3950 obsequiis,

269 3962 528 4029 Qualiter
558 3962 813 4036 alloquio
843 3964 1020 4020 fuerit
1047 3964 1288 4039 dignata
1317 3983 1591 4039 supreme

338 4051 592 4108 Assidue
624 4068 835 4108 nomen
870 4052 1287 4126 ingeminando
1318 4072 1539 4112 meum.

268 4140 430 4197 Hanc
460 4155 566 4213 ego
598 4157 715 4196 non
745 4140 968 4214 plorem
1013 4146 1174 4199 tanto
1205 4143 1351 4200 mihi
1390 4145 1649 4202 deditam
1699 4163 1919 4219 amere,

341 4231 570 4296 Quanto
603 4227 943 4286 nullimodis
973 4230 1163 4287 dicere
1195 4232 1495 4305 prmvalee.

269 4319 404 4391 Ipsa
432 4318 582 4375 meis
612 4333 922 4390 compassa
952 4318 1126 4375 malis
1156 4325 1222 4376 ut
1252 4323 1487 4395 propria
1516 4324 1691 4394 ﬂevit,

340 4409 577 4482 Conque
609 4408 810 4481 gavisa
840 4407 1010 4464 bonis
1042 4408 1126 4465 sic
1157 4410 1269 4465 fuit
1300 4415 1365 4467 ut
1392 4413 1663 4485 propriis.

270 4499 404 4571 Ipsa
432 4497 577 4553 mihi
611 4497 766 4554 mala
797 4498 1131 4575 reddiderat
1159 4499 1571 4572 tolerabiliora,

339 4586 504 4644 Sicut
531 4591 588 4643 et
617 4591 855 4643 econtra
880 4588 1278 4660 splendidiora
1305 4590 1477 4646 bona.

264 4677 415 4734 Cum
436 4677 545 4733 hac
567 4676 853 4750 quidquid
875 4682 1000 4733 erat
1019 4694 1261 4751 prorsus
1282 4682 1439 4752 quod
1459 4680 1607 4739 forte
1626 4683 1909 4755 volebam,

338 4767 466 4823 Non
496 4782 666 4823 secus
692 4783 758 4822 ac
789 4783 1018 4822 mecum
1052 4768 1176 4839 ipse
1206 4767 1363 4842 loqui
1396 4776 1678 4843 poteram.

266 4856 359 4913 Me
391 4856 673 4912 miserum
699 4856 711 4910 l
748 4872 841 4912 me
870 4855 1160 4912 infelicem
1186 4857 1197 4911 !
1244 4862 1519 4930 poterone
1549 4860 1807 4919 dolerem

338 4942 609 5014 Unquam
641 4946 867 4998 mutata
895 4942 1115 5000 solvere
1147 4943 1367 5015 laetitia,

265 5032 431 5097 Quod
462 5030 563 5087 tali
594 5035 870 5104 tantaque
900 5032 1075 5088 simul
1109 5032 1369 5105 privatus
1400 5038 1609 5107 amica,

339 5120 457 5193 Ipsi
487 5137 621 5177 cum
655 5121 867 5178 misere
899 5126 1064 5195 septe
1094 5129 1392 5197 superstes
1420 5142 1524 5198 ego
1546 5127 1574 5182 ?

264 5209 381 5267 Sed
414 5210 555 5281 quid
588 5228 742 5267 nunc
775 5212 942 5280 facie,
977 5228 1081 5267 cur
1106 5213 1269 5269 luctu
1300 5214 1445 5270 forte
1474 5232 1568 5271 me
1599 5217 1741 5289 ipse,

335 5296 454 5354 Vos
483 5298 660 5355 etiam
687 5300 844 5372 ﬂere,
874 5318 977 5358 vos
1007 5301 1157 5357 facio
1186 5318 1417 5376 gemere
1436 5302 1465 5358 ‘I

261 5390 371 5445 Ast
399 5387 510 5444 hoe
537 5406 606 5444 ex
633 5389 856 5464 fragilis
888 5391 1082 5448 carnis
1110 5391 1431 5466 propagine
1459 5395 1617 5450 venit

346 5476 418 5532 Ut
445 5476 621 5533 homo
651 5478 957 5536 defunctos
987 5478 1186 5554 lugeat
1213 5480 1339 5554 ipse
1367 5499 1526 5539 suas.

267 5564 530 5623 F'leverat
549 5571 607 5625 et
626 5568 907 5625 Lazarum
926 5569 1673 5645 Dominus,Dominumque
1698 5576 1909 5649 Maria;

340 5655 647 5715 Fleverunt
679 5662 914 5718 sanctos
942 5659 1160 5736 quique
1188 5660 1269 5738 pii
1300 5660 1588 5719 homines.

1945 4624 1992 4689 D

2030 3322 2173 3377 Nam
2198 3324 2336 3396 quia
2367 3344 2472 3384 nos
2504 3330 2749 3389 miseros
2782 3334 2891 3391 hoc
2916 3339 3186 3397 amisisse
3212 3342 3479 3402 dolemus

2098 3413 2259 3477 Quod
2290 3415 2483 3473 solum
2513 3420 2683 3475 nobis
2714 3424 2964 3482 maxime
2992 3427 3161 3485 dulce
3194 3432 3325 3499 fuit,

2028 3499 2118 3554 Nil
2151 3501 2307 3557 aliud
2341 3505 2509 3563 nobis
2538 3508 2650 3565 nisi
2682 3511 2817 3568 flere
2849 3530 3024 3571 suave
3052 3519 3301 3590 videtur,

2100 3588 2192 3643 Nil
2226 3591 2337 3646 nisi
2368 3593 2586 3667 lugere,
2620 3597 2894 3672 plangere
2922 3605 3007 3659 vel
3041 3623 3289 3678 gemere.

2029 3678 2140 3733 Sed
2171 3679 2309 3751 guia
2338 3684 2555 3738 carnali
2586 3701 2793 3757 gressu
2816 3692 2942 3761 jam
2975 3711 3184 3768 nempe
3215 3702 3549 3771 nequimus,

2099 3768 2295 3838 Ipsam
2325 3788 2481 3827 nunc
2512 3776 2729 3832 nostris
2756 3783 3170 3854 prosequimur
3198 3768 3492 3861 lacrymis.

2754 3910 2848 3951 AGI
2854 3911 2944 3952 US.

2031 3983 2181 4039 Rara
2211 3985 2377 4055 satis,
2411 3987 2611 4063 fateor,
2647 4006 2738 4048 res
2767 3997 2877 4062 est,
2911 3998 3087 4068 atque
3116 3998 3302 4055 ardua
3329 4000 3495 4058 valde

2099 4073 2168 4128 Et
2197 4091 2263 4130 ac
2293 4093 2352 4132 re
2384 4078 2552 4133 nobis
2585 4096 2699 4135 non
2731 4081 2876 4138 adeo
2905 4083 3114 4153 facilis,

2028 4161 2099 4217 Ut
2127 4162 2303 4221 homo
2337 4166 2588 4223 carnalis
2620 4168 2731 4226 sibi
2762 4188 2936 4228 carne
2972 4174 3212 4246 perinde
3242 4180 3602 4254 propinques

2097 4250 2343 4309 Cernere
2374 4272 2649 4329 corporea
2678 4276 2793 4315 non
2827 4261 3026 4334 cupiat
3054 4264 3219 4321 facie.

2027 4338 2150 4396 Non
2184 4341 2374 4398 solum
2424 4345 2717 4416 cupimus,
2751 4364 2898 4420 quos
2950 4351 3221 4411 novimus
3270 4360 3425 4426 ante,
3452 4358 3671 4430 videre,

2098 4428 2209 4484 Sed
2240 4446 2472 4503 quoque
2506 4450 2619 4489 non
2654 4440 2820 4492 notos
2850 4453 3083 4494 eernere
3115 4441 3316 4496 crebro
3339 4444 3526 4515 juvat.

2026 4515 2120 4571 Sic
2151 4516 2289 4573 olim
2321 4535 2486 4592 reges
2516 4525 2681 4578 terra:
2712 4524 2919 4581 faciem
2951 4527 3280 4587 Salomonis

2097 4605 2290 4678 Ipsius
2320 4608 2519 4665 audita
2545 4611 2863 4683 gestierant
2892 4615 3117 4688 sophia.

2024 4693 2133 4749 Sed
2166 4696 2505 4754 meminisse
2535 4700 2700 4755 decet
2728 4702 2867 4773 quid
2897 4704 3209 4775 Apostolus
3241 4706 3377 4763 inde
3407 4713 3630 4780 retexit,

2094 4785 2139 4838 A
2172 4785 2361 4854 specie
2392 4787 2584 4843 carnis
2616 4805 2721 4844 nes
2752 4807 3043 4848 removere
3074 4793 3272 4850 volens
3307 4813 3319 4852 :

2023 4872 2154 4928 Jam
2178 4890 2333 4929 nunc
2357 4879 2588 4947 tempus
2608 4876 2715 4933 hoc
2742 4879 3201 4955 est,inquit,que
3223 4885 3413 4943 denuo
3436 4887 3666 4944 nullum

2093 4962 2268 5016 Juxta
2297 4964 2588 5019 carnalem
2617 4984 2788 5022 nosse
2818 4968 2981 5024 decet
3013 4970 3240 5039 faciem,

2024 5050 2143 5103 Etsi
2180 5055 2410 5122 tempus
2454 5058 2578 5108 erat
2605 5056 2899 5126 quondam
2932 5076 3047 5130 quo
3087 5060 3339 5134 denique
3369 5061 3666 5118 Christum

2092 5139 2267 5195 Juxta
2297 5157 2632 5212 corpoream
2667 5145 2937 5203 novimus
2965 5148 3250 5222 effigiem;

2023 5228 2133 5283 Sed
2165 5228 2593 5302 minimejuxta
2624 5250 2858 5290 carnem
2882 5237 3009 5309 jam
3041 5238 3310 5296 novimus
3341 5239 3558 5313 ipsum,

2093 5318 2228 5386 Nec,
2246 5319 2417 5390 juxta
2449 5320 2791 5392 humanam,
2824 5327 3141 5397 quaerimus
3176 5329 3356 5395 hunc,
3388 5329 3666 5409 speciem,

2020 5405 2152 5462 Jam
2185 5407 2476 5481 siquidem
2499 5410 2767 5468 Christus
2804 5431 2911 5486 pro
2951 5416 3120 5473 nobis
3159 5422 3427 5475 mortuus
3457 5406 3664 5486 exstat,

2092 5496 2224 5552 Jam
2257 5498 2449 5555 carnis
2480 5500 2715 5574 fragiles
2745 5505 2907 5560 exuit
2935 5506 3194 5577 exuvias,

2021 5585 2152 5643 Jam
2183 5585 2503 5658 hominem,
2528 5607 2703 5663 quem
2734 5610 2839 5665 pro
2869 5594 3039 5650 nobis
3065 5601 3422 5669 susceperat,
3458 5596 3614 5657 ultra

2093 5675 2278 5734 Cwlos
2309 5677 2382 5735 ad
2412 5679 2677 5740 dextram
2707 5682 3015 5743 substituit
3041 5684 3316 5761 patriam.
