4092 6190
421 349 576 410 H87

1396 354 1500 412 ΑΙ)
1546 351 1809 414 OPERA
1857 353 2384 423 liRO’l‘SUlTH/‘E
2428 361 2841 429 APPENDIX.

3676 371 3836 433 “88

424 481 546 537 Huc
577 481 776 537 oculos
806 487 1047 550 vestros,
1083 482 1197 538 huc
1227 499 1348 548 cor,
1382 482 1764 556 animumque
1794 485 1997 555 levate,
2100 495 2154 560 Α
2185 493 2312 549 Haec
2343 499 2614 569 equidem
2645 501 2850 558 crebra
2873 503 3137 559 accendit
3160 493 3481 576 speculatio
3513 505 3730 561 horum

494 567 638 624 llluc
669 574 862 624 mente
893 571 990 638 ite,
1022 587 1138 642 quo
1170 570 1320 625 hanc
1350 569 1485 626 licet
1515 571 1795 644 aspicere.

421 656 662 713 Constat
683 657 839 712 enim
863 658 1013 712 hanc
1037 675 1148 714 non
1179 659 1323 714 bene
1347 677 1502 714 nunc
1524 659 1582 714 in
1607 677 1848 732 corpore
1870 663 2072 734 quaeri,

491 747 615 800 Non
639 746 766 816 jam
797 745 1115 815 carnalem,
1145 747 1247 802 sed
1281 747 1470 820 magis
1500 748 1834 804 aatheream.

420 835 570 888 Dum
595 851 824 906 quoque
845 851 981 888 cum
1003 835 1202 889 vivens
1224 833 1284 888 in
1307 836 1764 906 corporejuncta
1787 840 2072 906 maneret,

491 923 650 977 Hanc
681 927 844 976 extra
875 939 1087 994 corpus
1119 924 1295 978 affore
1325 923 1668 979 viderimus.

418 1011 672 1083 Spiritus
689 1027 824 1083 ergo
841 1028 986 1068 suus
1000 1011 1189 1083 magis
1202 1017 1292 1066 est
1307 1029 1484 1082 quam
1499 1029 1712 1086 corpus
1725 1015 2067 1082 amandum,

490 1101 722 1171 Perpes,
755 1099 1029 1169 cwlestis,
1061 1101 1290 1154 vividus
1323 1105 1496 1171 atque
1528 1101 1669 1156 levis

418 1189 562 1244 Nam
577 1190 749 1259 juxta
765 1189 922 1260 quod
941 1189 1022 1243 ait
1037 1188 1350 1244 Dominus:
1377 1189 1542 1243 Nunc
1561 1189 1639 1244 nil
1659 1207 1792 1246 caro
1809 1191 2067 1263 prodest,

489 1275 743 1348 Spiritus
774 1282 863 1332 est
896 1293 1028 1332 vero
1061 1278 1160 1348 qui
1194 1278 1366 1332 modo
1397 1277 1665 1333 vivilicat.

417 1365 639 1436 Corpus
669 1365 826 1420 enim
861 1366 980 1420 fore
1011 1371 1360 1438 perpetuum
1393 1367 1597 1438 nequit
1622 1371 1680 1422 et
1698 1367 2066 1438 diuturnum,

486 1454 556 1508 Et
585 1471 718 1510 caro
749 1453 1017 1510 mortalis
1045 1460 1137 1510 est
1165 1455 1345 1510 simul
1374 1461 1433 1510 et
1464 1455 1710 1528 fragilis.

415 1541 655 1598 Occidat
683 1559 819 1614 ergo
850 1541 1014 1614 prius
1045 1559 1161 1614 quo
1193 1543 1402 1598 deinde
1433 1560 1735 1617 resurgere
1767 1545 1972 1618 possit,

489 1631 956 1703 lncorruptibilis
987 1630 1220 1704 spiritui
1249 1631 1484 1688 similis.

415 1717 510 1774 Sic
541 1723 599 1773 et
627 1718 904 1774 frumenti
937 1735 1188 1791 granum
1220 1720 1384 1792 prius
1415 1738 1553 1777 arva
1583 1723 1926 1793 recondunt,

487 1806 560 1862 Ut
588 1807 775 1879 possit
803 1808 1000 1862 fructu
1031 1825 1271 1882 surgere
1300 1809 1636 1882 centuplici.

415 1895 509 1952 Sic
540 1901 668 1952 sata
696 1914 941 1970 quisque
971 1915 1078 1953 suo
1111 1899 1282 1954 modo
1314 1903 1470 1956 terra
1498 1901 1762 1956 recondit
1789 1901 1850 1957 in
1881 1901 2006 1958 alvo

486 1985 558 2042 Ut
585 1985 817 2042 valeant
843 1989 1071 2060 frugem
1103 1992 1237 2060 post
1262 1989 1400 2044 dare
1433 1990 1849 2062 multiplicem;

415 2075 509 2130 Sic
540 2091 846 2131 nemorum
886 2077 1145 2146 frondes,
1171 2094 1299 2147 qua:
1329 2094 1458 2133 vere
1501 2095 1644 2134 novo
1683 2079 2061 2148 revirescunt,

485 2163 753 2219 Denudat
778 2165 1030 2236 propriis
1062 2166 1272 2220 bruma
1302 2166 1464 2236 prius
1496 2166 1669 2222 loliis.

414 2252 539 2308 Non
573 2251 754 2324 igitur
779 2254 932 2308 hanc
963 2253 1188 2310 debetis
1219 2255 1504 2311 deducere
1536 2258 1696 2326 lletu,

485 2342 610 2398 Non
642 2342 792 2398 hanc
825 2343 1051 2398 debetis
1082 2345 1424 2416 prosequier
1456 2344 1751 2418 lacrymis,

417 2430 821 2486 Mmstilicalur
849 2431 1007 2486 enim
1039 2438 1231 2488 vestro
1263 2450 1431 2488 sacra
1461 2436 1680 2489 femina
1710 2436 1872 2508 ﬂetu,

484 2521 552 2575 Et
584 2520 770 2575 tristis
802 2521 1009 2577 vestris
1040 2522 1296 2577 efficitur
1323 2521 1622 2596 lacrymis.

413 2610 508 2666 Sic
539 2610 882 2666 deducenda
911 2617 1002 2666 est
1032 2611 1092 2666 in
1122 2611 1382 2668 vivorum
1422 2613 1741 2686 regionem,

483 2699 578 2756 Sic
610 2701 1078 2757 commendanda
1106 2708 1197 2757 est
1223 2707 1428 2758 sancta
1457 2703 1572 2758 Deo
1605 2705 1822 2761 anima.

412 2789 529 2844 Nec
561 2805 662 2845 vos
692 2791 828 2846 ﬂere
855 2791 1037 2860 decet,
1070 2793 1140 2846 de
1170 2809 1288 2863 qua
1315 2792 1574 2850 caelestia
1601 2796 1879 2867 gaudent.

483 2879 609 2932 Non
640 2877 841 2952 lugere
871 2880 1036 2936 decet
1064 2880 1160 2936 hic
1191 2881 1291 2937 ubi
1322 2883 1592 2939 Christus
1622 2891 1775 2954 ovat,

413 2967 739 3022 Praesertim
769 2984 906 3023 cum
937 2985 1043 3025 nec
1067 2969 1342 3043 lacrymis
1371 2973 1559 3043 possit
1589 2973 1860 3042 revocari,

483 3059 597 3114 Nec
627 3058 802 3116 ﬂetus
829 3059 1018 3133 prosit
1047 3061 1404 3120 omnimodis
1431 3061 1672 3135 aliquid.

1067 3194 1400 3235 RESPONSIO.

413 3291 562 3348 Vera
593 3291 830 3364 quidem
861 3309 977 3348 non
1009 3293 1390 3367 ambigimus,
1421 3311 1550 3366 qum
1581 3295 1750 3365 dicis,
1783 3296 2008 3369 haberi,

482 3381 551 3436 Et
581 3383 799 3436 frustra
829 3385 1026 3436 tantas
1058 3382 1302 3437 fundere
1334 3399 1441 3438 nos
1470 3383 1788 3456 laerymas;

413 3469 525 3524 Sed
557 3473 755 3524 tamen
785 3468 894 3524 bas
923 3468 1063 3540 ipsae
1094 3469 1337 3526 minime
1367 3471 1636 3528 cohibere
1664 3472 1948 3544 valemus,

479 3556 595 3611 Nec
623 3555 862 3627 quimus
893 3555 1118 3642 lpctum
1149 3557 1363 3630 pellere
1392 3560 1762 3631 continuum,

408 3646 650 3713 Quando
682 3646 1058 3703 recordamur
1086 3649 1240 3720 quod
1274 3649 1408 3705 talis
1438 3651 1659 3708 femina
1686 3652 1912 3710 dudum

477 3735 645 3791 Nune
676 3735 992 3792 immaturo
1023 3737 1294 3792 occubitu
1323 3739 1556 3806 obierit,

405 3823 648 3890 Quando
677 3823 1054 3880 recordamur
1083 3829 1204 3880 tam
1236 3824 1600 3882 multimodae
1630 3827 1885 3901 pietatis,

475 3913 620 3967 Tam
653 3929 811 3984 pura:
841 3913 1001 3979 fidei,
1034 3917 1156 3968 tam
1189 3913 1361 3969 nitidi
1391 3913 1630 3987 eloquii,

403 4002 646 4068 Quando
675 4003 1051 4059 recordamur
1080 4020 1294 4073 mores,
1329 4008 1615 4077 actusque
1643 4009 1922 4076 sacratos,

474 4089 714 4144 Vultum
739 4091 1098 4162 jucundum,
1131 4097 1306 4164 atque
1337 4091 1659 4165 benignum
1689 4093 1978 4166 animum,

403 4178 549 4234 Cum
581 4177 760 4234 vitam
792 4181 1011 4235 nostris
1041 4181 1226 4237 oculis
1256 4181 1609 4255 opponimus
1639 4200 1895 4252 omnem,

477 4266 951 4339 Cunctorumque
981 4285 1192 4325 sumus
1223 4287 1330 4326 nos
1359 4270 1594 4344 penitus
1626 4287 1934 4344 memores,

403 4357 540 4422 Qum
569 4355 658 4412 vel
689 4373 835 4412 sana
863 4356 1052 4429 prius,
1081 4358 1171 4414 vel
1199 4363 1332 4430 post
1357 4361 1483 4432 jam
1513 4359 1792 4434 languida
1813 4361 1978 4431 dixit,

474 4447 609 4512 Quae
642 4445 777 4500 fecit
805 4446 982 4502 variis
1013 4445 1231 4520 inclyta
1261 4449 1659 4521 temporibus;

403 4534 548 4589 Cum
582 4533 730 4602 loca,
761 4535 929 4607 queis
957 4536 1160 4592 sedere
1198 4536 1384 4609 prius,
1408 4538 1576 4609 queis
1613 4543 1768 4596 stare
1807 4539 2052 4615 solebat,

475 4627 692 4682 Mmsta:
724 4625 989 4681 mmrenti
1017 4626 1316 4682 cernimus
1346 4627 1593 4696 intuitu;

403 4719 550 4773 Cum
583 4717 703 4772 haec
725 4721 936 4772 cuncta
965 4715 1141 4772 simul
1174 4721 1452 4772 moestum
1473 4733 1573 4772 cor
1601 4734 1752 4790 saepe
1777 4719 2053 4792 revolvat,

479 4807 572 4864 Nil
603 4807 770 4863 nobis
801 4807 959 4862 aliud
992 4824 1149 4862 nunc
1175 4807 1287 4864 nisi
1321 4808 1456 4864 ﬂere
1478 4808 1666 4879 juvat,

404 4900 499 4954 Sic
531 4899 747 4954 etenim
782 4899 1028 4953 fortasse
1059 4897 1226 4953 dolor
1256 4899 1450 4955 cordis
1480 4897 1782 4973 levigatur.

475 4990 626 5045 Dum
659 4988 827 5060 quasi
860 4989 974 5060 piis
1005 4989 1302 5060 quondam
1339 4991 1609 5062 ejicimus
1639 4990 1978 5064 lacrymam.

1131 5123 1325 5164 AGIUS.

403 5205 529 5263 Non
561 5207 646 5264 ita
674 5206 760 5277 ﬁt,
787 5223 975 5280 neque
1005 5207 1236 5280 ploratu
1268 5207 1434 5264 dolor
1463 5209 1868 5283 imminuatur,

475 5301 587 5356 Sed
620 5298 809 5373 magis
839 5299 1140 5367 excrescit,
1165 5303 1222 5354 et
1251 5301 1419 5371 quasi
1453 5301 1642 5357 ﬂendo
1672 5303 1840 5358 redit.

403 5389 566 5445 Sicut
597 5389 753 5444 enim
785 5406 998 5462 corpus
1029 5395 1325 5444 crescente
1355 5387 1553 5461 splene
1584 5391 1848 5462 tabescit,

471 5481 918 5552 Augmentoque
948 5495 1056 5535 suo
1088 5479 1354 5535 membra
1382 5479 1498 5534 lien
1529 5483 1806 5552 macerat,

403 5568 497 5626 Sic
520 5585 753 5644 quoque
782 5569 1110 5626 fomentum
1140 5569 1436 5645 quoddam
1466 5569 1652 5646 liquet
1681 5587 1809 5632 esse
1829 5572 2048 5636 doloris

475 5662 592 5720 Hos
618 5667 842 5724 vestros
872 5665 1068 5739 ﬂetus,
1089 5665 1248 5724 hune
1267 5665 1574 5739 gemitum,
1599 5667 1704 5725 has
1726 5667 2042 5748 lacrymas;

2255 585 2389 650 Quae
2421 588 2630 644 vestris
2660 589 2847 646 oculis
2877 592 3147 664 opposita
3173 593 3466 650 asseritis.

2182 671 2313 728 Ηωο
2345 679 2483 730 sunt
2511 691 2638 748 quae
2670 677 2822 734 male
2851 679 3009 736 hunc
3037 685 3230 737 vestra
3264 680 3524 738 lamenta
3553 683 3804 739 fovendo

2253 761 2506 819 Venenis
2537 765 2666 837 ipsa
2696 765 2970 824 dulcibus
2998 767 3158 824 intus
3187 768 3374 840 alunt,

2182 851 2296 905 Nec
2326 869 2428 908 vos
2459 872 2624 926 atquc
2653 856 2850 912 animo
2881 858 3054 914 modo
3084 859 3434 930 permittunt
3463 859 3715 916 tolerane

2253 942 2415 1007 Quod
2448 961 2760 1002 commune
2789 945 2933 1002 eluit
2961 947 3237 1004 omnibus
3261 949 3644 1005 omnimodis.

2181 1029 2325 1084 Nam
2358 1032 2586 1089 cunctis
2617 1051 2928 1090 commune
2959 1036 3106 1092 mori
3141 1037 3488 1093 mortalibus
3518 1042 3734 1105 exstat,

2252 1119 2450 1189 Nobis,
2477 1123 2788 1192 jumentis,
2825 1124 3061 1197 regibus
3091 1129 3147 1180 et
3175 1125 3448 1193 ducibus,

2181 1207 2374 1264 Servis
2404 1215 2460 1264 et
2490 1211 2767 1280 dominis,
2801 1213 2960 1284 inopi
2990 1213 3167 1269 simul
3197 1219 3254 1270 et
3279 1214 3579 1287 locupleti,

2249 1297 2458 1367 Justis,
2492 1299 2752 1372 injustis,
2785 1301 3072 1370 sensibili,
3107 1303 3400 1375 insipidis.

2179 1386 2293 1441 Nec
2324 1405 2528 1461 regum
2558 1389 2820 1445 tumidos
2850 1391 3060 1458 fastus,
3094 1409 3478 1465 proceresque
3507 1398 3748 1450 veretur

2251 1475 2426 1545 Mors,
2461 1494 2566 1533 nec
2598 1477 2906 1549 sublimes,
2937 1479 3144 1536 dividit
3172 1485 3231 1536 et
3263 1480 3542 1538 humiles.

2179 1564 2320 1630 Quis
2351 1566 2730 1638 protoplastis
2761 1572 2990 1639 poterat
3017 1569 3138 1624 fore
3169 1569 3403 1642 dignior
3433 1587 3704 1643 unquam

2250 1655 2405 1719 Quos
2435 1655 2589 1711 Deus
2620 1655 2744 1728 ipse
2775 1655 2899 1713 suis
2929 1657 3268 1714 condiderat
3295 1659 3576 1715 manibus
3595 1659 3627 1716 ?

2179 1743 2249 1798 Et
2276 1747 2474 1799 tamen
2506 1744 2614 1800 hos
2645 1745 2824 1817 ipsos,
2849 1763 2999 1818 quos
3028 1745 3352 1819 plasmatos
3381 1747 3702 1820 paradisus

2249 1831 2546 1889 Sublimes
2573 1833 2784 1902 tenuit,
2815 1833 2937 1890 haec
2968 1837 3141 1891 modo
3171 1839 3328 1892 terra
3359 1836 3524 1910 tegit.

2175 1920 2353 1977 Primi
2385 1921 2567 1994 patris
2596 1922 2740 1979 Abel
2765 1923 3108 1996 justissima
3137 1923 3390 1998 denique
3420 1926 3616 1998 proles

2246 2009 2378 2066 Dire
2409 2011 2662 2068 fraterno
2693 2011 2970 2068 occubuit
2999 2011 3212 2086 gladio.

2175 2099 2285 2154 Sed
2318 2099 2452 2156 licet
2480 2117 2514 2156 a
2543 2100 2789 2158 Domino
2821 2119 2924 2174 pro
2956 2102 3154 2160 fratris
3185 2109 3370 2162 morte
3401 2122 3714 2180 repensus,

2245 2189 2488 2245 Mortem
2521 2190 2684 2245 nullo
2713 2191 2886 2247 modo
2918 2191 3184 2264 quiverat
3213 2193 3485 2267 effugere.

2173 2278 2366 2333 Enoch
2397 2279 2497 2351 qui
2529 2279 2760 2334 Domini
2794 2297 3007 2337 nomen
3042 2282 3272 2354 primus
3299 2284 3575 2340 vocitavit

2247 2368 2473 2424 lnteriit
2493 2370 2703 2440 juncta
2733 2371 3074 2442 posteritate
3103 2389 3232 2427 sua.

2173 2456 2390 2525 Enoeh,
2423 2457 2546 2513 Elia
2575 2457 2732 2515 socio
2763 2475 2920 2515 nunc
2951 2477 3138 2532 usque
3169 2465 3466 2533 superstes

2240 2545 2431 2602 All'ore
2462 2546 2784 2619 pravaluit,
2815 2553 3086 2605 mortuus
3115 2550 3412 2606 occubuit.

2171 2635 2306 2690 Sem
2335 2634 2665 2709 Japhetque
2694 2636 2846 2710 patri
2877 2637 3104 2694 meritis
3130 2656 3245 2694 non
3277 2639 3522 2712 dissona
3551 2642 3769 2714 proles,

2241 2725 2475 2781 Vixerat
2503 2725 2563 2780 in
2595 2725 2872 2799 lymphis,
2905 2745 3062 2783 nunc
3082 2729 3242 2800 jacet
3269 2729 3329 2785 in
3364 2731 3636 2788 tumulis.

2169 2814 2318 2880 Quid
2340 2815 2450 2870 Job
2469 2831 2624 2870 nunc
2646 2816 3084 2884 memorem,cui
3105 2821 3244 2873 tunc
3264 2819 3524 2876 bonitate
3540 2821 3832 2894 nequibat

2239 2902 2430 2958 All'ore
2452 2920 2558 2976 par
2588 2903 2766 2973 ullus,
2801 2908 2867 2960 ut
2895 2904 3064 2961 docet
3086 2905 3212 2978 ipse
3241 2907 3444 2964 Deus?

2169 2991 2318 3058 Quid
2347 2996 2583 3048 sanctos
2612 2993 2832 3066 pariter
2859 2998 3030 3050 natos
3061 2998 3348 3068 natasque
3377 2998 3682 3054 retexam?

2237 3082 2309 3138 Et
2339 3086 2504 3154 pater
2531 3083 2794 3156 oppetiit,
2827 3087 2884 3140 et
2914 3083 3144 3140 soboles
3174 3085 3338 3142 obiit.

2167 3170 2614 3240 Melchisedech,
2647 3172 2818 3244 cujus
2849 3173 2986 3230 finis
3014 3173 3292 3230 reticetur
3318 3179 3377 3230 et
3405 3179 3590 3244 ortus,

2089 3239 2133 3307 C
2241 3259 2367 3316 Fini
2397 3259 2730 3331 succubuit,
2763 3260 3002 3318 initium
3033 3263 3324 3336 reprimit.

2166 3347 2484 3418 Abraham,
2513 3349 2693 3418 Isaae,
2725 3349 2905 3407 Jacob
2937 3350 3086 3406 terni
3119 3351 3484 3425 patriarchae,

2239 3439 2452 3511 Magno
2479 3438 2614 3493 Ades
2637 3438 2913 3510 junctum
2945 3455 3102 3496 nunc
3131 3441 3393 3498 refovent
3421 3442 3747 3500 tumulum.

2167 3525 2387 3600 Inclyta
2417 3526 2725 3600 progenies
2753 3529 3023 3585 duodeno
3052 3533 3363 3587 stemmate
3398 3536 3635 3604 patrum

2200 3617 2333 3674 Jam
2364 3617 2640 3674 defuncta
2669 3634 2810 3674 suos
2839 3617 2929 3674 bis
2962 3624 3234 3676 numerat
3262 3619 3466 3678 titulos
3499 3637 3513 3676 :
3578 3610 3583 3614 ’

2163 3706 2196 3763 J
2202 3707 2338 3776 uda,
2364 3706 2590 3775 Ruben,
2616 3705 2873 3776 Simeon,
2900 3707 3054 3776 Levi,
3079 3707 3366 3778 Issachar,
3389 3710 3776 3786 Zabulonque

2233 3795 2382 3865 Dan,
2413 3800 2471 3852 et
2499 3794 2897 3869 Nephthalim,
2927 3795 3072 3867 Gad,
3105 3801 3163 3852 et
3189 3798 3334 3854 Aser
3360 3799 3528 3856 obiit.

2061 3886 2076 3893 “
2162 3885 2405 3958 Joseph,
2436 3885 2762 3959 Benjamin,
2795 3885 3098 3955 Manasen,
3127 3886 3525 3962 Ephraimque
3555 3891 3831 3951 uterinos

2235 3975 2422 4032 Mater
2451 3992 2576 4048 quin
2609 3975 2869 4043 dederat,
2899 3977 3054 4031 terra
3083 3976 3508 4036 recondiderat.

2161 4067 2350 4136 Atque
2377 4063 2590 4136 Joseph
2621 4063 2787 4132 abiit,
2821 4062 2922 4136 qui
2953 4063 3026 4120 de
3055 4069 3244 4121 morte
3271 4065 3426 4123 eruit
3454 4068 3683 4138 orbem,

2235 4153 2478 4219 Quando
2509 4154 2692 4209 fames
2724 4169 2860 4208 arva
2891 4157 3184 4224 presserat
3207 4153 3456 4228 attigua.

2163 4242 2427 4298 Membra
2453 4242 2644 4297 Aaron
2674 4240 2822 4298 vatis
2853 4257 3024 4298 mons
3054 4240 3133 4298 0r
3160 4242 3431 4302 tumbata
3459 4249 3740 4315 retertat,

2235 4333 2417 4398 Quem
2447 4329 2686 4387 dederat
2714 4329 2973 4403 primum
3005 4329 3098 4386 lex
3125 4347 3292 4388 sacra
3321 4333 3688 4405 pontiﬁcem.

2161 4420 2418 4487 Eleazar,
2450 4419 2813 4492 Phineesque
2844 4418 2960 4476 Deo
2989 4424 3170 4488 vates,
3204 4421 3316 4478 sibi
3347 4422 3583 4493 fratres,

2235 4508 2396 4564 Unus
2427 4512 2562 4581 post
2591 4523 2776 4564 unum
2805 4507 3048 4580 pertulit
3071 4509 3337 4566 exitium.

2081 4612 2130 4676 ι)
2164 4597 2344 4671 Moysi
2379 4597 2695 4653 Dominum
2726 4597 2874 4652 facie
2899 4597 2972 4653 ad
3004 4598 3214 4654 faciem
3243 4599 3612 4672 speeulantis

2233 4687 2481 4742 Bustum
2512 4703 2720 4758 nempe
2749 4685 2911 4755 latet,
2945 4703 3105 4744 mors
3129 4687 3443 4761 obitusque
3473 4693 3655 4762 patet.

2162 4777 2289 4833 Dux
2317 4776 2491 4832 Jesus
2521 4775 2820 4831 Christum
2852 4775 3022 4832 factis
3045 4780 3104 4831 et
3131 4774 3370 4832 nomine
3399 4781 3746 4835 monstrans

2233 4867 2302 4922 Et
2331 4865 2513 4922 solem
2546 4864 2772 4932 statuit,
2805 4867 2864 4919 et
2892 4867 3087 4920 tamen
3118 4864 3414 4921 occubuit.

2161 4954 2310 5021 Quid
2340 4953 2572 5027 Jephte,
2596 4954 2852 5022 Gedeon,
2887 4952 3056 5020 Loth,
3079 4953 3448 5026 Samsonque
3477 4955 3823 5014 revolvam?

2231 5041 2337 5099 Cui
2369 5043 2482 5098 Leo
2512 5041 2845 5108 succubuit,
2875 5041 3035 5098 hunc
3061 5041 3184 5097 fera
3211 5058 3371 5100 mors
3402 5043 3618 5116 rapuit.

2161 5135 2281 5190 Rex
2310 5132 2491 5190 David
2523 5132 2696 5204 cujus
2727 5131 2918 5188 fuerat
2945 5131 3018 5187 de
3048 5132 3274 5188 semine
3301 5131 3589 5201 Christus,

2229 5223 2456 5280 Goliam
2487 5221 2692 5279 stravit
2719 5225 3025 5293 morteque
3054 5224 3276 5278 stratus
3304 5221 3446 5279 obit.

2159 5314 2276 5371 Rex
2307 5311 2604 5379 Salomon,
2637 5327 2752 5383 quo
2783 5326 2955 5366 nemo
2995 5309 3314 5382 sapientior
3343 5325 3621 5382 unquam,

2227 5403 2392 5458 Nunc
2412 5402 2571 5474 jacet
2600 5400 2661 5455 in
2691 5400 2870 5472 digno
2901 5416 3036 5456 cum
3069 5404 3232 5472 patre
3259 5398 3557 5456 mausoleo

2155 5492 2400 5560 Josiam,
2433 5490 2605 5561 cujus
2635 5489 2922 5546 Dominus
2951 5488 3297 5562 praedixerat
3323 5492 3539 5557 ortum,

2228 5584 2294 5638 In
2326 5579 2516 5638 bustis
2547 5594 2750 5653 regum
2780 5583 2914 5652 post
2939 5577 3192 5652 legimus
3221 5578 3504 5652 positum.

2155 5670 2450 5750 Ezechias,
2484 5668 2578 5726 cui
2607 5673 2696 5726 ter
2721 5668 2938 5747 quinos
2967 5667 3122 5728 Deus
3152 5667 3380 5729 addidit
3407 5682 3614 5744 annos,
