4084 6190
250 348 405 408 1189
1246 355 1634 420 DIALOGUS
1680 358 1781 419 DE
1824 361 1863 420 Ο

2034 362 2058 421 J
2104 360 2643 426 HATHUMODE.
3492 368 3647 432 1190

316 479 562 535 Mortam
593 480 917 554 distulerat,
953 504 1065 543 non
1099 490 1343 548 minime
1377 491 1608 549 tulerat.
1918 497 1973 562 Α
2072 497 2227 560 Quas
2256 500 2413 552 tenet
2442 498 2501 553 in
2535 500 2717 557 sacris
2750 500 3027 558 sehedula
3058 508 3219 559 saeta
3247 502 3411 559 libris

242 568 432 661 Ite—ges
464 573 641 642 atque
670 572 871 642 duces,
895 592 1100 633 omnes
1130 581 1461 653 pariterque
1490 582 1786 654 prophetae
1998 585 2167 638 Anna
2196 585 2585 657 prophetissa,
2610 588 2930 658 Elisabeth,
2964 592 3254 660 Susanna,
3287 593 3536 661 Joanna,

310 658 557 714 Exstant
589 661 872 731 defuncti,
907 664 965 720 in
994 668 1357 739 tumulisque
1388 670 1504 725 siti.
2073 673 2419 746 Marthaque
2451 694 2584 731 cum
2618 679 2801 734 ternis
2833 680 3107 735 occubuit
3137 658 3358 737 Mariis.

247 747 687 840 QuisSamuele
719 751 776 806 in
808 754 1110 825 prephetis
1142 757 1349 813 melior
1379 759 1497 814 fore
1525 759 1728 832 quivit.
2002 761 2135 833 Ipsa
2164 761 2325 818 salus
2355 764 2513 820 orbis
2543 770 2601 820 et
2630 766 2749 821 vita
2778 785 2881 840 per
2902 769 3100 824 omnia
3132 770 3400 825 Christus

311 837 453 902 Quis
486 837 714 894 IIeliseo
747 843 936 913 major
965 845 1077 899 erit
1105 847 1355 902 merito?
2074 851 2203 921 Ipse
2234 852 2394 905 subit
2424 858 2694 921 mortem,
2731 837 2854 926 ipse
2886 861 3043 911 tenet
3075 856 3395 913 tumulum.

240 925 346 1018 Ille
375 928 774 999 prophetavit;
811 929 903 985 hic
933 932 1111 988 vitam
1144 936 1334 990 reddit
1361 937 1675 1003 humatus;
2004 939 2134 1009 Ipsa
2166 939 2264 993 Dei
2296 942 2544 1011 genitrix
2574 925 2807 1015 semper
2837 963 3002 1001 sacra
3032 946 3191 1018 virgo
3223 948 3401 1002 Maria

312 1017 382 1070 Et
417 1021 607 1072 tamen
640 1024 965 1075 extremum
997 1022 1211 1078 clausit
1244 1030 1487 1098 uterque
1517 1026 1691 1081 diem.
2071 1029 2388 1099 Assumpta
2417 1031 2665 1085 :ntherca
2696 1032 2900 1087 incolit
2930 1034 3087 1088 alma
3119 1017 3263 1089 loca.

244 1105 447 1172 Isaias,
483 1107 584 1178 qui
614 1106 752 1162 olim
786 1110 967 1165 solem
1002 1117 1393 1169 retrocurrere
1423 1115 1581 1183 fecit,
2005 1115 2263 1187 Denique
2295 1118 2427 1188 quis
2460 1125 2703 1175 mortem
2738 1138 2800 1176 sc
2830 1122 3121 1177 declinare
3148 1124 3402 1194 putabit,

318 1195 520 1250 Mortis
550 1213 863 1253 commune
897 1199 1022 1271 ipse
1052 1202 1313 1257 cucurrit
1345 1204 1472 1258 iter.
2072 1207 2257 1269 Quam
2290 1208 2477 1262 cernit
2500 1208 2679 1263 vitam
2712 1214 2847 1264 ante
2875 1210 3108 1266 subisse
3138 1229 3305 1266 suam
3327 1212 3355 1267 ‘2

245 1283 565 1353 Danielem,
596 1285 691 1339 cui
721 1291 882 1342 tanta
912 1305 1123 1345 arcana
1151 1291 1306 1347 Deus
1337 1294 1628 1365 patefecit,
2003 1292 2143 1358 Quis
2176 1311 2278 1365 pro
2309 1295 2601 1351 defunctis
2634 1314 2940 1353 mcerorem
2975 1300 3120 1356 forte
3152 1301 3412 1355 tenebit?

318 1374 425 1428 Cui
456 1377 597 1429 tunc
629 1374 710 1429 nil
742 1374 937 1445 latuit,
971 1396 1128 1435 nunc
1156 1381 1350 1453 gravis
1382 1400 1530 1438 urna
1558 1383 1721 1456 tegit,
2075 1383 2217 1448 Quis
2246 1383 2437 1440 doleat
2467 1386 2675 1442 charos
2703 1392 2951 1443 mmstus
2981 1389 3175 1444 obisse
3205 1407 3378 1457 suos;

246 1463 388 1517 Tres
419 1479 652 1535 pueros,
687 1481 834 1536 quos
864 1468 1102 1524 flamma
1127 1486 1303 1526 vorax
1336 1488 1451 1527 non
1483 1472 1677 1545 attigit
1727 1471 1890 1539 olim,
2003 1470 2147 1526 Cum
2171 1473 2298 1543 jam
2330 1491 2433 1545 per
2461 1474 2757 1531 Christum
2786 1493 2896 1548 pax
2927 1478 3099 1546 facta,
3134 1479 3546 1534 reconciliatus

316 1552 483 1607 Nunc
515 1552 683 1608 avida
713 1570 954 1625 prorsus
983 1558 1148 1613 fauce
1178 1560 1397 1615 voravit
1425 1560 1665 1617 humus.
2072 1560 2204 1616 Jam
2236 1562 2312 1617 sit
2344 1580 2447 1635 per
2475 1564 2770 1620 Christum
2799 1566 3057 1622 mundus
3089 1568 3244 1639 apud
3276 1568 3613 1635 Dominum,

244 1640 553 1709 Ezechieli,
585 1642 967 1716 .lcremizeque
998 1646 1299 1719 prophetis
2003 1650 2074 1704 Et
2104 1650 2181 1705 sit
2209 1656 2514 1722 peceatum
2546 1670 2650 1725 pro
2684 1654 2854 1710 nobis
2886 1655 3077 1711 factus
3105 1656 3279 1712 Jesus

315 1730 442 1786 Non
472 1729 610 1785 tulit
638 1731 901 1801 exitium,
935 1734 1034 1806 qui
1066 1735 1266 1791 intulit
1286 1738 1578 1794 exsilium.
2076 1738 2148 1794 Ut
2178 1741 2381 1795 mundi
2415 1747 2628 1797 cuncta
2656 1741 2885 1799 tolleret
2912 1743 3037 1816 ipse
3068 1746 3323 1817 probra?

242 1818 373 1936 083,
403 1818 553 1936 ἔξω,
581 1821 778 1889 Amos,
808 1822 1017 1936 Abdga,
1043 1823 1247 1936 l.lonas,
1283 1826 1499 1901 Micha,
1529 1829 1739 1886 Naum.
1920 1867 1972 1936 Β
2004 1828 2128 1883 Non
2161 1829 2311 1886 hanc
2343 1848 2479 1904 ergo
2510 1832 2669 1887 brevi
2699 1832 2818 1888 vita
2840 1834 3099 1890 functam
3134 1834 3402 1905 deleatis,

316 1908 743 1981 Habbacucque
773 1909 885 1965 sibi
921 1911 1217 1983 Sophonia
1247 1915 1425 1986 socio,
1920 1908 1972 1936 ⁸³
2077 1918 2158 1973 Ne
2183 1919 2346 1975 vobis
2376 1920 2535 1975 aliud
2566 1938 2746 1993 quam
2780 1921 3027 1978 Domino
3050 1924 3294 1995 placeat.

241 1997 572 2066 Acchaerus,
602 1998 934 2069 Zacharias,
967 2000 1145 2057 simul
1178 2008 1237 2059 ct
1269 2005 1590 2061 Malachias
2006 2006 2177 2061 Nulla
2206 2008 2393 2080 magis
2425 2008 2594 2081 plena
2623 2016 2732 2078 est,
2767 2010 2928 2066 nulla
2958 2017 3047 2067 est
3077 2013 3385 2084 perfectior
3414 2017 3553 2070 aetas

320 2088 415 2143 Bis
443 2104 543 2143 sex
570 2094 724 2143 serta
753 2089 926 2145 modo
958 2096 1102 2146 sunt
1134 2092 1414 2165 adoperta
1443 2096 1587 2152 solo.
2077 2095 2251 2152 Nulla
2281 2097 2581 2169 optabilio,
2615 2098 2893 2170 nullaque
2923 2101 3304 2169 commodior,
3361 2156 3369 2165 ,

244 2179 436 2250 Atque
464 2179 664 2247 Jonas,
697 2177 800 2249 qui
832 2179 903 2233 de
933 2180 1043 2235 ceti
1072 2186 1272 2237 ventre
1301 2187 1503 2239 erutus
1533 2184 1673 2241 olim
2006 2185 2191 2248 Quam
2224 2185 2366 2254 hmc,
2399 2202 2577 2257 quam
2610 2186 2895 2243 Dominus
2925 2186 3191 2245 Christus
3224 2188 3503 2246 habuisse
3521 2206 3652 2261 pro-

323 2266 476 2322 Vixit
508 2268 618 2323 sub
652 2268 875 2341 pelago,
909 2274 997 2325 est
1021 2271 1195 2326 modo
1226 2288 1463 2344 pressus
1494 2272 1696 2330 humo.
3426 2278 3648 2353 [batur,

247 2357 458 2426 Judas,
492 2356 750 2423 Eleazar,
782 2357 1088 2428 Jonothas,
1113 2359 1336 2429 Simon,
1370 2366 1544 2434 atque
1571 2363 1828 2419 Joannes
2076 2361 2251 2417 Juxta
2279 2364 2432 2434 quod
2468 2368 2738 2419 sanctum
2769 2364 2972 2436 pandit
3004 2366 3417 2439 Evangelium;

321 2446 466 2501 Cum
490 2447 617 2518 jam
647 2447 954 2518 grandmvo
974 2452 1115 2503 tunc
1144 2453 1308 2521 patre
1338 2450 1680 2521 Mathathia,
2004 2452 2306 2506 Annorum
2339 2451 2631 2523 siquidem
2664 2454 2903 2525 triginta
2933 2454 3113 2510 trium
3146 2460 3526 2522 memoratur,

246 2538 296 2590 A
328 2535 520 2607 patria
549 2536 800 2603 hostem,
833 2535 1214 2611 gladiumque
1238 2539 1416 2595 simul
1446 2541 1742 2613 pepulere,
2078 2542 2259 2605 Quem
2292 2540 2470 2595 simul
2502 2557 2791 2596 annorum
2825 2542 2953 2613 ipsa
2981 2542 3118 2598 tulit
3146 2559 3480 2599 numerum.

319 2625 391 2679 Et
421 2640 714 2679 removere
745 2642 780 2679 a
810 2642 874 2679 se
900 2642 1014 2680 non
1046 2631 1287 2698 potuere
1317 2645 1539 2685 necem.
2007 2629 2123 2684 Hac
2154 2633 2322 2684 mtate
2351 2629 2537 2700 liquet
2567 2630 2687 2686 fore
2718 2629 3042 2702 plasmatos
3070 2632 3483 2704 protoplastos,

247 2714 361 2769 Sed
395 2730 468 2769 ne
497 2712 813 2768 femineum
848 2730 1052 2769 sexum
1082 2731 1326 2787 prorsus
1353 2722 1673 2790 taceamus,
2078 2719 2147 2772 Et
2176 2723 2581 2774 surrecturum
2612 2735 2784 2773 omne
2814 2735 2999 2791 genus
3031 2719 3363 2775 hominum.

318 2804 390 2857 Et
416 2801 496 2857 nil
530 2802 800 2859 dicamus
828 2801 968 2858 hinc
999 2804 1219 2875 pariter
1250 2807 1505 2878 penitus,
2006 2808 2124 2863 Hoc
2154 2806 2584 2879 siquidem,hoc
2604 2809 2877 2880 est,quod
2891 2807 3418 2881 Paulusapostolus
3436 2810 3648 2883 inquit,

246 2892 417 2960 Sara,
450 2892 733 2959 Rebecca,
789 2892 1027 2962 Rachel,
1078 2893 1323 2965 Debora,
1383 2896 1608 2967 Noemi,
1643 2899 1796 2956 Ruth
1844 2901 1898 2957 ei
2077 2896 2224 2951 Cum
2255 2897 2327 2952 de
2359 2896 2452 2952 his
2481 2896 2673 2953 verbis
2697 2897 3012 2953 dissereret
3042 2898 3316 2955 brevibus
3348 2916 3362 2955 :

1687 2991 1896 3061 [Anna.
2007 2986 2220 3053 Donec,
2253 2986 2353 3054 ait,
2386 2986 2633 3041 Domino
2662 2986 2774 3042 hoc
2803 3002 3180 3043 occurramus
3211 2987 3267 3042 in
3300 3005 3418 3044 ωνο

324 3069 828 3139 Holda,Susanna,
861 3070 1088 3140 Judith,
1116 3077 1174 3128 et
1203 3073 1381 3130 simul
1422 3076 1629 3132 Esther
1656 3078 1797 3135 obit.
2079 3077 2200 3141 Quo
2233 3091 2339 3129 nos
2370 3074 2657 3146 perfectos
2677 3075 2805 3145 jam
2838 3073 3021 3146 liquet
3051 3091 3182 3131 esse
3211 3077 3396 3132 viros:

244 3161 364 3216 Has
396 3161 548 3216 inter
577 3159 756 3215 micat
785 3158 942 3215 alma
975 3161 1066 3215 sui
1100 3160 1432 3219 Machabtea
1462 3166 1736 3238 trophaeis
2007 3164 2070 3221 In
2102 3165 2210 3219 hoc
2242 3163 2427 3219 aetatis
2458 3163 2715 3231 modulo,
2743 3180 2859 3236 quo
2890 3163 3006 3219 vita
3036 3169 3273 3236 peracta

319 3249 542 3305 Nobilis
574 3249 634 3303 in
666 3264 814 3317 sese,
851 3248 1062 3305 nobilis
1093 3250 1152 3304 in
1184 3251 1403 3323 sobole,
1924 3239 1967 3305 C
2076 3254 2241 3308 Tunc
2271 3251 2487 3307 Christi
2517 3252 2726 3319 fuerat,
2761 3252 2995 3324 quando
3026 3268 3260 3307 crucem
3291 3254 3493 3313 subiit.

242 3340 362 3395 Sed
391 3339 533 3411 quid
565 3337 691 3394 sola
721 3337 820 3392 diu
852 3342 1113 3394 veterum
1144 3347 1526 3399 monumenta
1556 3349 1770 3416 retexo,
2006 3346 2160 3409 Quos
2190 3342 2370 3415 igitur
2398 3340 2593 3413 potius
2624 3339 2761 3395 hinc
2792 3340 3084 3397 exsultare
3115 3342 3361 3411 decebit,

320 3428 435 3484 Nec
465 3443 602 3483 eum
631 3426 725 3481 his
756 3443 876 3482 una
903 3431 961 3482 et
991 3445 1148 3485 novae
1171 3433 1613 3489 commemoro?
2075 3432 2238 3499 Quod
2271 3431 2558 3487 transfata
2590 3429 2727 3498 cito,
2759 3447 2916 3485 nunc
2946 3431 3162 3486 fruitur
3191 3430 3461 3502 Domino,

247 3520 582 3575 Prmcursor
605 3516 838 3571 Domini
867 3520 1107 3573 sanctus
1138 3518 1398 3589 Baptista
1425 3520 1682 3579 Joannes
2004 3522 2140 3586 Quae
2170 3517 2428 3574 breviore
2457 3518 2551 3573 via
2580 3517 2787 3572 mundi
2814 3518 3065 3574 transire
3096 3519 3317 3591 pericla

320 3606 426 3662 Cui
458 3605 656 3661 nullus
682 3605 872 3661 fuerat
901 3606 1108 3677 major,
1143 3605 1239 3661 hic
1259 3607 1572 3665 occiderat.
2074 3610 2146 3663 Et
2176 3607 2431 3678 roperiro
2461 3606 2636 3660 citam
2670 3607 2991 3677 promeruit
3016 3608 3299 3679 requiem.

238 3698 470 3768 Corpus
498 3694 758 3764 Sebaste,
792 3699 969 3767 caput
995 3694 1344 3751 Alexandria
1372 3702 1644 3753 sanctum
2003 3697 2381 3752 Transfertur
2407 3692 2700 3764 siquidem
2722 3694 2947 3764 justus,
2981 3711 3053 3748 ne
3082 3712 3260 3766 prava
3289 3697 3560 3755 voluntas

317 3786 466 3842 Cum
498 3784 676 3840 Marci
708 3783 891 3839 sacris
920 3783 1181 3839 continet
1209 3784 1452 3842 exuviis.
2073 3785 2185 3841 Cor
2213 3786 2402 3839 mutet
2430 3784 2677 3850 rectum,
2713 3781 3032 3854 decipiatve
3058 3783 3342 3840 animam.

238 3877 473 3936 Primos
502 3872 771 3930 Ecclesia:
802 3888 1091 3944 proceres,
1123 3873 1240 3929 duo
1268 3873 1496 3930 lumina
1519 3878 1723 3933 mundi
2655 3886 2988 3926 nassonem.

318 3967 553 4023 Petrum
584 3979 719 4020 cum
752 3961 929 4017 Paulo
963 3962 1145 4017 Roma
1177 3966 1334 4019 tenet
1359 3965 1584 4022 merito.
2004 3965 2120 4021 Ista
2149 3963 2388 4037 quidem
2420 3962 2540 4018 fore
2572 3960 2705 4015 nixa
2735 3959 2882 4015 satis
2913 3959 3084 4016 ﬁrma
3112 3961 3359 4019 ratione.

235 4058 536 4115 Andream
567 4051 748 4108 simul
774 4055 833 4107 et
863 4051 1102 4121 Lucam,
1129 4069 1379 4124 quorum
1411 4055 1583 4110 modo
1608 4056 1787 4129 pollet
2072 4053 2244 4109 Nullo
2276 4051 2446 4107 modo
2478 4053 2634 4105 certe
2664 4064 2981 4123 possumus
3010 4049 3308 4123 ambigere
3341 4068 3354 4107 :

317 4140 853 4213 Constantinopolis
874 4141 1218 4213 corporibus
1239 4143 1463 4213 nitidis,
2004 4143 2237 4200 Scimus
2265 4141 2422 4196 enim
2455 4140 2663 4195 debere
2693 4136 2840 4192 mori
2872 4138 3142 4194 mortalia
3170 4145 3403 4209 cuncta,

242 4239 435 4295 Istum
466 4231 770 4305 Bithyniae,
806 4230 983 4303 Syria)
1014 4230 1311 4302 provincia
1340 4232 1521 4300 misit,
2074 4232 2305 4288 Scimus
2337 4231 2408 4285 ad
2438 4244 2711 4285 occasum
2744 4227 2978 4283 tendere
3007 4233 3218 4284 cuncta
3247 4247 3460 4299 suum;

320 4324 492 4381 Illum
525 4320 775 4377 fecunda
804 4318 1052 4375 contulit
1078 4318 1314 4374 Achaia.
1866 4390 1873 4394 ,
2004 4323 2115 4379 Sed
2148 4326 2343 4376 tamen
2374 4317 2669 4391 ingenitus
2700 4316 3049 4373 mortalibus
3080 4318 3223 4373 ador
3250 4319 3469 4375 amoris

243 4418 562 4479 Joannem,
593 4426 767 4482 quem
798 4408 883 4464 sic
911 4407 1195 4463 Dominus
1225 4410 1608 4489 quoadqsque
1654 4413 1891 4471 veniret.
2074 4412 2199 4467 Non
2231 4410 2402 4465 modo
2433 4424 2548 4463 non
2583 4407 2737 4476 ﬂere,
2772 4424 2888 4461 non
2920 4406 3062 4462 sinit
3089 4412 3147 4463 et
3174 4424 3430 4480 gemere.

323 4504 668 4560 Mansurum
699 4498 866 4565 dixit,
892 4496 1157 4568 Ephesus
1188 4496 1345 4553 alma
1373 4498 1529 4554 colit.
2006 4502 2128 4557 Non
2163 4498 2354 4555 solum
2387 4495 2676 4568 siquidem
2703 4499 2940 4567 propter
2967 4495 3119 4551 hanc
3152 4513 3282 4552 esse
3314 4498 3600 4568 dolemus,

241 4594 468 4651 Ambos
492 4605 627 4645 cum
658 4586 953 4659 Stephano
981 4586 1231 4642 Jacobos
1266 4586 1470 4642 Judaza
1501 4594 1769 4662 retentat,
1926 4603 1973 4667 ι)
2075 4588 2330 4659 Flemus,
2360 4585 2654 4658 lugcmt’is,
2689 4582 3026 4657 plangimus
3054 4588 3111 4639 et
3138 4585 3430 4656 geminus,

318 4679 575 4754 Symmis
607 4674 1020 4732 stemmatibus
1051 4675 1182 4746 ipsa
1216 4675 1385 4730 beata
1412 4676 1624 4734 tribus.
2003 4681 2139 4745 Quae
2172 4676 2461 4731 desolatas
2491 4674 2620 4745 ejus
2652 4690 2759 4728 nos
2789 4676 2973 4728 morte
3003 4674 3272 4731 dolemus

243 4770 474 4842 Inclyta
502 4763 825 4837 llierapolis
847 4764 1076 4835 praefert
1104 4780 1271 4819 sacra
1302 4767 1566 4822 membra
1595 4767 1823 4841 Pilippi,
2070 4767 2302 4838 Nosque
2331 4764 2454 4835 lupi
2489 4763 2736 4817 miseras
2764 4760 3060 4818 morsibus
3090 4763 3404 4835 expositas.

317 4861 387 4915 Et
416 4860 556 4913 sunt
583 4853 854 4909 Matthzeo
886 4852 1180 4924 [Ethiopes
1202 4853 1387 4909 nitidi.
1998 4857 2192 4928 Agnos
2225 4868 2478 4924 namque
2509 4851 2702 4923 gregis
2734 4867 3013 4922 percussa
3044 4856 3233 4906 matre
3263 4855 3611 4909 necesse'est

239 4950 533 5006 Thomam
561 4941 1138 5009 Edissatenet,habet
1158 4942 1325 4997 India
1345 4943 1885 5016 Bartholomazrum,
2070 4946 2200 5001 Sive
2232 4942 2379 4998 mori
2413 4946 2662 5009 teneras,
2698 4940 2866 4996 lactis
2890 4945 2947 4996 et
2976 4941 3249 5013 indignas
3272 4960 3285 5009 ;

315 5035 556 5094 Persida
583 5036 701 5089 stat
728 5031 893 5088 Judaa
923 5035 981 5087 et
1005 5030 1264 5087 Simonis
1296 5032 1509 5089 cinere.
1996 5036 2112 5090 Aut
2140 5030 2501 5089 errabundas
2530 5029 2618 5085 lac
2650 5033 2975 5102 quaarentes
3006 5028 3265 5085 alienum

236 5122 525 5182 Matthias
556 5124 613 5175 et
644 5118 961 5187 Barnabas,
996 5118 1377 5190 Timothaeus,
1410 5121 1612 5191 Apollo
2066 5122 2352 5179 Dentibus
2382 5118 2573 5174 insani
2604 5134 2814 5190 nempe
2835 5123 3030 5190 patere
3050 5117 3174 5190 lupi
3199 5136 3213 5187 ;

310 5210 624 5285 Sylvanus,
656 5207 847 5275 Titus,
881 5206 1262 5280 The0philus,
1294 5207 1493 5265 Gaius.
1999 5213 2161 5268 Sicut
2188 5210 2345 5267 enim
2377 5205 2677 5279 Scriptura
2706 5207 2881 5262 refert
2912 5223 2925 5262 :
2963 5207 3198 5263 Pastore
3230 5210 3530 5279 perempto

231 5300 482 5373 Joseph,
516 5295 820 5363 Gamaliel,
850 5296 1205 5351 Nicodemus
1235 5300 1291 5351 et
1320 5295 1626 5353 Nathaniel
2069 5298 2294 5355 Passim
2326 5296 2603 5368 dispersa:
2634 5294 2996 5367 diripiuntur
3019 5312 3173 5351 oves.

312 5391 622 5446 Decesserc
651 5385 782 5455 viri,
814 5384 1139 5457 quamlibet
1166 5384 1387 5440 eximii.
1996 5388 2158 5455 Quod
2191 5388 2260 5442 de
2289 5383 2595 5457 discipulis
2625 5383 2857 5439 Domini
2890 5385 3111 5440 dictum
3142 5402 3243 5441 seu
3275 5384 3495 5439 factum

232 5481 505 5551 Longum
538 5491 778 5548 prorsus
808 5474 938 5542 erit,
970 5473 1021 5529 si
1052 5476 1294 5529 cunctos
1324 5473 1574 5547 denique
1604 5481 1836 5534 sanctos
2066 5476 2187 5534 Scit
2215 5477 2382 5543 bene,
2417 5473 2517 5546 qui
2550 5476 2820 5529 sanctum
2854 5473 3012 5529 novit
3040 5472 3439 5545 Evangelium.

314 5568 420 5624 Per
448 5565 758 5634 mundum,
792 5561 1034 5619 metrico
1064 5578 1348 5635 exsequar
1378 5580 1509 5620 ecce
1540 5564 1711 5638 style.
1993 5565 2254 5637 Denique
2285 5579 2410 5635 qua:
2444 5560 2677 5617 miseris
2698 5560 2903 5618 ovibus
2935 5578 3070 5634 spes
3099 5578 3228 5617 esse
3258 5559 3491 5635 valebit,

228 5656 302 5717 Si
335 5655 512 5713 simul
542 5660 598 5713 et
629 5654 862 5713 turbam
893 5652 1068 5715 modo
1102 5668 1443 5729 percurram
1473 5653 1810 5732 mulierum,
2060 5654 2118 5711 Si
2142 5658 2281 5713 tunc
2312 5650 2421 5708 hoc
2451 5648 2633 5708 tantis
2664 5653 2987 5727 contigerat
3017 5649 3266 5709 ovibus?
