4050 6180
437 332 588 391 1191

1170 475 1360 514 AGIUS.

437 553 557 609 Hoc
589 551 846 626 primum
872 568 976 606 vos
1005 565 1178 604 nosse
1205 546 1355 618 volo,
1387 547 1692 619 geminum
1723 547 1843 602 fore
1875 541 2046 598 nobis

510 643 853 696 Nostrorum
887 639 1160 694 affectum
1193 636 1426 692 cmlitus
1453 635 1806 708 ingenitum,

438 731 696 785 Carneus
727 733 816 783 est
847 744 1024 797 unus,
1060 725 1206 781 alter
1233 726 1468 781 divinus
1499 725 1768 780 habetur.

511 818 672 872 Unus
703 815 977 886 cmlestis,
1005 819 1231 870 terrens
1262 819 1351 870 est
1381 813 1554 870 alius.

439 908 550 961 Sed
582 905 834 960 carnalis
865 921 1051 974 amor,
1082 904 1291 958 charos
1322 921 1428 959 nos
1460 902 1735 976 plangere
1765 904 2016 968 nostros,

511 994 827 1049 Defunctus
861 994 997 1048 ﬁere
1031 1011 1134 1047 nos
1167 993 1305 1048 facit
1334 996 1390 1046 et
1419 1008 1670 1064 gemere.

439 1083 604 1138 Sicut
633 1101 664 1138 e
695 1087 898 1136 contra
926 1082 1162 1138 divinus
1191 1098 1358 1136 ovare
1388 1081 1617 1150 suadet,

513 1175 655 1227 Cum
689 1171 782 1226 his
815 1171 1110 1226 salvandis
1143 1188 1247 1225 nos
1280 1186 1488 1224 sumus
1519 1167 1764 1222 indubii.

441 1263 806 1333 Quapmpter
818 1261 991 1314 modo
1003 1277 1103 1314 vos
1123 1259 1452 1329 iterumque
1469 1257 1800 1327 iterumque
1819 1252 2087 1320 monebo,

512 1351 586 1406 Ut
614 1349 924 1404 dimittatis
955 1347 1063 1402 has
1095 1347 1307 1402 nimias
1339 1345 1626 1418 lacrymas
1660 1363 1673 1400 :

442 1440 608 1496 Sicut
637 1438 794 1494 enim
827 1437 1078 1493 carnalis
1111 1453 1276 1492 amor
1303 1440 1526 1510 gratus,
1561 1434 1922 1502 moderatus,

513 1528 607 1584 Sic
644 1527 741 1582 ﬁet
771 1543 1016 1598 nocuus,
1055 1526 1103 1580 si
1136 1524 1310 1580 fuerit
1341 1524 1581 1578 nimius.

443 1617 632 1682 Quare
663 1613 713 1670 si
746 1614 948 1668 ﬂetum
978 1611 1143 1668 vobis
1169 1611 1277 1667 hoc
1308 1611 1456 1666 forte
1485 1610 1714 1680 suadet,

511 1703 628 1760 Vos
655 1701 830 1758 faciat
860 1701 1024 1758 laztas
1054 1701 1378 1774 tripudiare
1409 1700 1573 1756 ﬁdes.

442 1791 589 1848 Nam
620 1789 808 1862 pietas
839 1789 984 1860 haec,
1013 1788 1286 1861 impietas
1319 1788 1506 1860 magis
1547 1803 1674 1842 esse
1706 1785 1987 1858 probatur

514 1879 756 1946 Quando
789 1879 1030 1934 adversa
1061 1878 1156 1950 pio
1189 1876 1492 1950 diligimus
1521 1876 1788 1932 Domino.

443 1971 556 2026 Sed
590 1968 730 2040 quia
761 1967 1005 2022 lenitum
1030 1968 1158 2037 jam
1187 1967 1482 2022 credimus
1514 1981 1640 2022 esse
1673 1964 1953 2034 dolorem,

515 2057 820 2134 Credimus
853 2056 946 2110 his
978 2060 1234 2110 vestrum
1268 2054 1590 2110 cohibitum
1621 2052 1929 2124 gemitum,

445 2147 553 2215 Qui
585 2147 656 2201 de
686 2137 872 2200 morte
904 2145 1012 2215 pia:
1043 2147 1265 2213 vestrm,
1299 2147 1630 2214 sanctmque
1661 2141 1878 2196 sororis

517 2233 852 2306 Torquebat
883 2237 1144 2288 vestrum
1176 2231 1533 2287 omnimodis
1562 2230 1850 2299 animum,

445 2326 530 2382 Ad
565 2325 706 2394 hinc,
739 2339 867 2395 qua:
901 2324 1144 2392 restant,
1169 2322 1296 2392 jam
1329 2319 1676 2392 respondere
1705 2317 1975 2388 studebo,

518 2413 682 2480 Quod
713 2417 910 2466 tamen
941 2413 1030 2464 est
1059 2413 1212 2463 certe
1241 2413 1333 2464 sat
1363 2407 1507 2462 mihi
1540 2407 1798 2463 difficile.

447 2503 654 2559 Justus
684 2499 839 2556 enim
869 2497 1013 2554 satis
1043 2497 1155 2552 iste
1183 2496 1348 2552 dolor
1375 2496 1706 2568 cuicunque
1736 2496 1985 2567 videtur,

518 2594 640 2656 Quo
671 2605 774 2661 pro
802 2605 864 2643 se
897 2589 1120 2656 moeret,
1153 2601 1268 2656 quo
1301 2584 1413 2639 sibi
1445 2583 1695 2656 quisque
1727 2583 1901 2640 dolet.

450 2681 520 2735 Et
550 2694 690 2734 sane
721 2692 954 2748 possem
989 2674 1160 2730 modo
1193 2674 1408 2743 dicere,
1442 2673 1596 2746 quod
1627 2673 1960 2746 sapientum

521 2769 652 2824 Ιιωα
683 2765 827 2822 satis
858 2769 947 2820 est
976 2781 1112 2819 vera
1139 2767 1196 2818 et
1226 2762 1322 2836 pia
1351 2763 1584 2818 traditio
1617 2781 1630 2818 ε

451 2859 677 2913 Fortem
701 2870 994 2926 quemque
1013 2852 1206 2908 virum
1237 2851 1454 2922 qumvis
1487 2851 1860 2908 incommoda
1891 2851 2096 2906 mundi

523 2944 674 3001 Forti
707 2945 958 3016 perferre
989 2947 1218 3014 pectore
1249 2947 1594 3014 competere.

449 3038 552 3090 Ast
581 3035 689 3089 hoc
724 3031 948 3087 lemelis
979 3029 1193 3086 teneris
1223 3045 1395 3102 grave
1425 3031 1570 3086 forte
1596 3031 1846 3102 videtur,

523 3124 637 3178 Nec
669 3121 790 3176 hmo
820 3137 911 3176 res
940 3119 1106 3175 vobis
1132 3123 1222 3174 est
1251 3119 1392 3174 adeo
1427 3119 1632 3174 facilis.

1425 327 1530 386 AD
1579 323 1838 384 operm
1887 316 2422 380 HllO'l‘SUlTHAZ
2464 277 2871 378 APPENDIX.

2121 451 2177 516 Α
2209 450 2336 505 Non
2363 452 2576 524 poterit
2605 450 2654 507 si
2682 450 2826 522 vult,
2848 450 3025 506 etiam
3054 449 3122 505 de
3154 448 3426 506 cantibus
3455 447 3588 504 istis

2121 1821 2174 1885 B

3691 315 3822 376 1192

2277 539 2570 612 Propitius
2602 540 2786 596 facere
2817 537 3029 594 ﬁliolas
3055 537 3342 594 Abrabze?

2200 627 2318 682 Vos
2353 630 2524 684 modo
2556 646 2627 684 ne
2659 628 2832 701 pigra:
2863 627 3016 699 sitis,
3053 626 3160 682 hoc
3186 625 3408 706 jugiter
3435 625 3634 698 ipsum

2271 717 2416 772 Veto
2447 735 2703 789 exorare,
2734 719 2790 772 et
2818 733 2986 789 prece
3017 715 3317 771 continua.

2199 805 2400 860 Aderit
2431 806 2486 860 in
2521 806 2748 862 cunctis
2777 804 2964 876 vobis,
2995 809 3064 860 ut
3093 805 3348 860 diximus
3379 808 3543 871 ante,

2269 895 2398 950 Hmc
2429 896 2630 950 eadem
2663 894 2888 949 meritis
2920 893 3140 948 femina
3165 910 3332 948 sacra
3360 892 3508 947 suis.

2201 985 2272 1039 Ut
2302 983 2590 1056 siquidem
2623 1001 2724 1038 vos
2751 982 2872 1054 ipta
2902 981 3059 1054 velit,
3090 981 3347 1037 valeatve
3375 981 3604 1052 juvare.

2271 1075 2443 1128 Posse
2474 1073 2574 1128 dat
2603 1072 2973 1144 omnipotens
3003 1069 3262 1142 velleque
3291 1069 3652 1142 proximitas.

2197 1164 2343 1218 Nam
2377 1162 2512 1218 licet
2544 1162 2600 1215 in
2629 1161 2838 1216 cmlum
2872 1165 3184 1232 susceptus
3223 1159 3471 1231 spiritus
3498 1163 3697 1228 exstet,

2269 1253 2384 1307 Nos
2417 1257 2613 1306 tamen
2645 1267 2719 1304 an
2752 1250 2922 1305 nobis
2951 1249 3088 1304 hinc
3119 1249 3264 1304 abiit
3293 1249 3562 1320 penitus;

2197 1341 2416 1396 Vivunt
2441 1341 2710 1410 virtutes,
2739 1339 2880 1394 vivit
2910 1354 3143 1411 quoque
3171 1337 3291 1392 vita
3320 1337 3514 1404 beata,

2268 1430 2425 1485 Vivit
2449 1429 2654 1501 lingua
2685 1428 2802 1500 pia,
2833 1433 2892 1484 et
2921 1427 3136 1483 merita
3164 1425 3442 1482 almiﬁca.

2200 1519 2351 1590 Haec,
2384 1517 2525 1590 quia
2544 1519 2672 1589 jam
2698 1517 2905 1573 faciem
2937 1533 3094 1572 nunc
3125 1531 3332 1587 nempe
3349 1514 3549 1572 videre
3569 1514 3828 1586 nequitis,

2269 1609 2435 1664 Nunc
2463 1623 2660 1663 coram
2690 1605 2901 1662 vestris
2929 1605 3128 1678 ponite
3156 1621 3258 1661 vos
3284 1603 3495 1660 oculis.

2201 1698 2258 1754 Si
2292 1697 2436 1770 quid
2468 1697 2527 1752 in
2555 1697 2664 1752 hac
2685 1712 2915 1753 summe
2942 1711 3044 1750 vos
3074 1710 3304 1767 semper
3329 1693 3600 1764 amastis,
3622 1691 3830 1750 habetis

2270 1788 2465 1843 Vitam
2495 1786 2954 1854 sanctissimam,
2986 1783 3366 1856 magniﬁcum
3397 1782 3696 1838 meritum.

2200 1878 2332 1934 Πωο
2363 1881 2502 1932 sunt
2531 1875 2767 1945 exuviae,
2800 1874 2910 1930 hoc
2941 1872 3246 1946 palliolum
3277 1871 3684 1943 reverendam,

2273 1969 2396 2032 Quo
2431 1981 2672 2020 sursum
2703 1967 2868 2035 rapto
2900 1962 3194 2018 deciderat
3220 1960 3379 2033 Elite,

2202 2058 2318 2114 Isto
2348 2055 2662 2112 Jordanem
2697 2057 2836 2108 tunc
2869 2052 3068 2107 divisit
3096 2049 3351 2116 Eliseus;

2273 2147 2342 2200 Et
2373 2143 2518 2200 falsa
2548 2160 2582 2198 a
2611 2141 2758 2197 veris
2783 2158 2886 2197 vos
2917 2156 3149 2212 quoque
3179 2137 3459 2194 dividitis.

2857 2244 3191 2285 RESPONSIO.

2201 2327 2334 2384 Jam
2365 2324 2510 2380 satis
2539 2326 2628 2379 est
2659 2321 2878 2377 factum
2909 2319 3082 2376 nobis
3111 2318 3224 2374 hoc
3253 2318 3434 2374 affore
3459 2331 3644 2372 vanos

2273 2411 2642 2470 Omnimodis
2671 2411 2864 2482 fletus,
2897 2426 3046 2482 quos
3074 2408 3452 2482 lacrymando
3481 2408 3696 2463 daxnus
3727 2424 3740 2461 ε

2203 2503 2296 2559 Nil
2322 2501 2540 2558 etenim
2570 2517 2846 2573 prosuns,
2869 2515 2975 2554 nec
2995 2498 3112 2568 his,
3134 2497 3514 2570 quantalibet
3530 2501 3768 2565 exstent,

2275 2591 2522 2658 Quosvis
2553 2589 2860 2645 defunctos
2883 2589 3011 2660 jam
3044 2586 3295 2643 facimus
3325 2586 3589 2641 reduces.

2205 2682 2321 2737 Nos
2351 2679 2546 2753 potius
2576 2683 2780 2734 nostra
2807 2678 3115 2750 perfuncta
3143 2680 3299 2731 sorte
3329 2679 3645 2747 sequentes

2277 2770 2422 2826 Hinc
2453 2768 2622 2841 quasi
2650 2768 2721 2822 de
2749 2765 2922 2839 longo
2954 2765 3174 2821 ibimus
3201 2763 3428 2820 exsilio.

2205 2863 2394 2926 Quare
2423 2857 2670 2914 detersis
2700 2853 2910 2926 oculis,
2940 2853 3338 2926 lacrymisqne
3368 2853 3632 2922 remotis,

2277 2949 2488 3004 Sedato
2511 2944 2770 3017 planctu,
2804 2942 3059 2998 cohibito
3090 2942 3338 3016 gemitu,

2203 3038 2335 3094 Jam
2366 3035 2494 3106 tibi,
2517 3034 2696 3090 chara
2725 3050 2910 3100 soror,
2934 3035 3168 3087 nosmet
3196 3031 3453 3102 gaudere
3482 3031 3727 3100 decebit,

2275 3125 2438 3192 Quod
2471 3123 2578 3179 has
2609 3139 2902 3178 mrumnas
2933 3125 3054 3176 tam
3084 3121 3198 3175 cito
3229 3119 3572 3174 transieras.

453 3213 562 3268 Sed
587 3212 727 3284 quid
751 3209 961 3283 agam?
991 3227 1064 3264 an
1094 3213 1455 3281 postremum
1479 3209 1632 3264 inter
1651 3209 1860 3264 solatia
1881 3208 2097 3280 dicam,
2129 3187 2173 3254 C
2207 3187 2322 3271 Nos
2350 3214 2582 3284 ﬂemus,
2606 3228 2736 3284 quae
2768 3227 2884 3265 non
2915 3213 3109 3264 tecum
3142 3207 3324 3264 simul
3354 3223 3484 3264 esse
3517 3209 3817 3274 merentes,

522 3301 683 3368 Quod
709 3301 838 3371 jam
869 3299 1051 3354 ferme
1080 3313 1286 3353 omnes
1318 3297 1508 3352 dicere
1539 3314 1690 3370 smpe
1717 3296 1906 3352 solent
1938 3313 1952 3352 :

451 3390 612 3455 Quod
647 3387 888 3442 minime
919 3385 1152 3458 penitus
1183 3401 1290 3439 nos
1323 3385 1634 3440 emendare
1662 3383 1946 3455 valemus,

525 3476 672 3532 Illud
705 3476 914 3530 debere
945 3489 1050 3528 nos
1081 3472 1327 3529 tolerare
1359 3473 1544 3529 bene?

451 3565 575 3621 Non
607 3563 788 3636 igitur
813 3562 941 3618 volo
972 3561 1102 3633 hoc,
1128 3578 1242 3616 non
1271 3559 1378 3617 hoc
1399 3561 1524 3617 volo
1547 3561 1736 3618 dicere
1765 3561 1930 3620 vobis

521 3653 632 3712 Sed
664 3653 820 3725 quod
855 3650 1032 3707 solari
1060 3667 1161 3706 vos
1190 3648 1378 3706 valeat
1405 3651 1634 3722 merito,

449 3747 574 3803 Non
606 3744 726 3799 fore
752 3757 855 3797 vos
884 3739 1198 3811 desolatas,
1233 3756 1348 3795 non
1378 3755 1479 3796 vos
1507 3739 1798 3811 viduatas,

517 3833 707 3890 All'ore
738 3845 895 3886 nunc
920 3833 1168 3884 matrem
1201 3844 1443 3900 prorsus
1475 3828 1880 3884 honoriﬁcam.

449 3924 578 3997 Ipse
606 3920 782 3990 Deus,
815 3917 916 3991 qui
946 3917 1097 3972 hanc
1126 3916 1290 3973 vehis
1321 3921 1708 3988 concesserat,
1741 3917 1867 3988 ipse

519 4009 634 4067 Vos
667 4005 1054 4077 conservabit,
1085 4005 1299 4078 diriget
1328 4009 1504 4076 atque
1531 4010 1711 4078 reget,

451 4101 730 4156 Praeterea
759 4100 950 4152 mater
978 4095 1096 4168 pia,
1127 4096 1301 4167 cujus
1332 4094 1392 4150 in
1422 4095 1699 4152 omnibus
1729 4093 1858 4166 ipsa

519 4187 638 4244 Usa
669 4186 780 4242 fuit
800 4183 931 4258 jugi
956 4183 1179 4257 jugiter
1204 4183 1442 4256 auxilio,

452 4278 513 4334 In
545 4275 776 4332 cunctis
807 4271 994 4328 aderit
1024 4288 1276 4345 semper,
1309 4289 1544 4346 quoque
1576 4271 1781 4330 sedula
1807 4273 1970 4328 vobis

519 4367 653 4432 Quae
683 4361 774 4420 vel
805 4361 1092 4434 tractatis,
1127 4361 1325 4418 dicitis
1355 4367 1458 4418 aut
1487 4362 1698 4419 facitis.

447 4455 562 4510 Nec
593 4451 777 4508 deerit
806 4451 1008 4524 regina
1039 4467 1204 4507 soror
1229 4449 1394 4507 vobis
1425 4451 1764 4524 ubicunque

521 4543 740 4598 Forsan
770 4538 950 4613 regali
981 4545 1072 4596 est
1101 4557 1250 4613 opus
1281 4538 1516 4596 auxilio.

446 4631 572 4686 Non
603 4630 850 4684 deerunt
878 4628 1107 4698 fratres,
1141 4645 1255 4685 non
1289 4632 1394 4699 tot,
1423 4629 1686 4701 tantique
1717 4625 1938 4699 ﬁdeles,

517 4722 672 4786 Quos
699 4717 818 4774 late
844 4721 1103 4773 vestrum
1131 4716 1453 4789 promeruit
1482 4717 1779 4773 meritum.

447 4807 738 4880 Praecipue
767 4811 962 4865 tamen
991 4806 1148 4862 alma
1177 4822 1361 4878 soror,
1383 4805 1542 4862 velut
1570 4807 1796 4878 optima
1826 4809 2012 4861 mater

517 4897 750 4953 Filiolas
782 4896 1052 4969 precibus
1082 4899 1346 4969 proteget
1374 4895 1650 4952 assiduis.

444 4987 610 5042 Nunc
641 4985 930 5057 siquidem
963 4989 1124 5041 tanto
1157 4985 1319 5041 vobis
1350 4983 1539 5058 magis
1571 4983 1732 5041 utilis
1761 4988 1969 5055 exstat,

515 5076 742 5140 Quanto
769 5073 960 5130 vicina
990 5091 1147 5130 nunc
1177 5073 1366 5147 magis
1395 5077 1484 5130 est
1511 5073 1779 5130 Domino.

444 5163 540 5219 Sic
569 5163 711 5220 olim
742 5179 906 5219 sacer
935 5162 1090 5220 Elias
1121 5163 1262 5218 dum
1295 5163 1441 5218 forte
1471 5167 1735 5218 revectus

511 5252 596 5308 Ad
629 5268 872 5324 superos
902 5268 1078 5307 curru
1110 5251 1313 5308 afforet
1341 5250 1590 5326 igneolo,

442 5341 696 5412 Spiritus
727 5339 886 5396 illius
917 5340 1130 5413 duplex
1161 5339 1443 5412 requievit
1473 5340 1532 5395 in
1561 5341 1692 5413 ejus

513 5431 678 5486 Tunc
708 5429 896 5487 Eliseo
925 5429 1118 5487 denuo
1145 5427 1462 5502 discipulo;

2277 3303 2395 3358 Hoc
2422 3304 2644 3358 certare
2675 3299 2777 3354 diu
2807 3297 3074 3371 cogimur
3103 3297 3164 3352 in
3194 3297 3419 3364 stadio;

2207 3393 2322 3448 Nos
2346 3391 2710 3460 ﬂemus,qua>
2730 3387 2792 3444 in
2809 3386 2918 3444 hac
2933 3385 3196 3443 convalle
3211 3403 3423 3442 sumus
3440 3385 3840 3458 lacrymarum,

2276 3481 2540 3550 Tamque
2567 3477 2668 3532 diu
2697 3493 2732 3532 a
2763 3479 2964 3533 nostra
2998 3475 3329 3532 differimus
3357 3474 3572 3548 patria.

2207 3571 2294 3625 Tu
2329 3567 2484 3639 ﬁdei,
2511 3566 2640 3622 vita:
2673 3565 2864 3623 stadio
2895 3581 3191 3637 cursuque
3221 3569 3477 3636 peracto,

2275 3658 2408 3714 Jam
2441 3654 2658 3712 renites
2687 3655 2865 3727 digno
2893 3654 3144 3726 justitiaa
3175 3651 3409 3722 bravio;

2207 3746 2418 3802 Nostra
2446 3744 2614 3816 ﬁdes,
2635 3748 2837 3800 noster
2857 3759 3086 3811 cursus,
3110 3758 3287 3815 quem
3309 3757 3558 3814 prorsus
3579 3739 3786 3798 habere

2279 3834 2481 3891 Finem
2512 3831 2844 3905 praavaleat,
2865 3831 2926 3887 in
2957 3831 3138 3888 dubio
3164 3835 3448 3888 remanet.

2205 3926 2294 3981 Tu
2317 3925 2444 3996 jam
2475 3938 2610 3978 cum
2642 3921 2888 3980 Domine
2917 3919 3142 3976 devicto
3171 3920 3340 3976 hoste
3369 3918 3732 3993 triumphas;

2275 4013 2393 4070 Nos
2423 4011 2615 4068 adhuc
2645 4009 2831 4067 hostis
2861 4009 3112 4082 impedit
3141 4007 3491 4065 assidimus.

2205 4103 2286 4158 Te
2307 4102 2435 4174 jam
2467 4102 2670 4172 portus
2699 4097 2906 4165 habet;
2941 4112 3050 4154 nos
3080 4096 3274 4154 adhuc
3296 4098 3489 4170 jactat
3518 4097 3784 4170 abyssus.

2276 4190 2356 4246 Te
2385 4189 2485 4245 lux
2513 4204 2651 4244 vera
2679 4191 2864 4255 tenet;
2898 4203 3005 4242 nos
3035 4186 3290 4242 tenebrat
3321 4185 3604 4242 retinan

2204 4279 2291 4335 Tu
2314 4294 2450 4334 cum
2468 4275 2796 4350 virginibus
2815 4275 3124 4346 comitans,
3145 4288 3501 4346 quocunque
3525 4273 3594 4344 it,
3606 4275 3841 4346 Agnum,

2276 4366 2426 4424 Lilia
2451 4381 2586 4423 cum
2616 4363 2784 4450 violis
2814 4362 3044 4438 colligis
3073 4367 3247 4436 atque
3277 4363 3460 4431 rosis;

2204 4456 2320 4513 Nos
2351 4471 2486 4512 cum
2517 4451 2818 4512 coancillis
2848 4451 3067 4510 nostris
3095 4451 3330 4508 tumulo
3360 4467 3498 4508 ecce
3525 4454 3728 4524 tuopte

2124 4556 2172 4622 D
2275 4543 2469 4601 Floras
2499 4545 2840 4617 spargentes
2869 4541 3145 4597 ducimus
3175 4539 3475 4596 excubias.

2206 4635 2293 4690 Tu
2317 4635 2443 4706 jam
2473 4633 2591 4688 fata
2619 4630 2826 4706 patris,
2849 4630 3098 4686 fratrum
3129 4627 3310 4686 simul
3341 4632 3524 4701 atque
3554 4641 3810 4685 sororum

2273 4721 2493 4778 lsthinc
2523 4736 2698 4776 nosse
2724 4718 2904 4790 vales,
2923 4718 3073 4773 .inde
3095 4718 3306 4790 juvare
3334 4721 3536 4790 potes;

2200 4813 2317 4868 Nos
2346 4809 2457 4866 etsi
2487 4811 2641 4866 bona
2665 4807 2977 4864 credamus
3006 4807 3077 4863 de
3110 4823 3355 4862 munere
3383 4805 3636 4878 Christi,

2268 4899 2471 4967 Qualia
2501 4899 2621 4954 sint
2649 4913 2890 4970 prorsus
2920 4895 3214 4968 ambiguo:
3240 4895 3524 4953 cluimus.

2197 4989 2386 5046 Chara
2414 5003 2600 5057 soror,
2629 5003 2757 5058 quas
2789 5001 2962 5042 nosse
2989 4988 3157 5058 potes
3185 4983 3367 5041 simul
3397 4988 3578 5056 atque
3599 4984 3800 5056 juvare

2270 5075 2405 5133 Illos
2436 5073 2744 5130 nobiscum
2773 5072 2990 5144 adiuva
3017 5071 3175 5145 apud
3207 5070 3568 5129 Dominum!

2201 5165 2340 5221 Pars
2369 5169 2472 5220 tua
2499 5179 2608 5219 nos
2627 5161 2906 5234 cluimus,
2933 5160 3087 5219 sicut
3105 5164 3172 5217 tu
3193 5177 3334 5234 pars
3362 5175 3604 5234 quoque
3633 5163 3843 5226 nostra,

2272 5253 2353 5309 Te
2382 5257 2577 5309 tecum
2608 5253 2838 5322 patrem
2868 5267 3028 5307 nunc
3057 5265 3222 5324 rape,
3253 5249 3454 5322 chara,
3484 5253 3688 5308 tuum.

2201 5343 2454 5412 Fratres,
2484 5355 2912 5413 germanasque
2943 5337 3150 5408 simul,
3177 5337 3357 5396 simul
3385 5355 3515 5397 esse
3545 5340 3816 5411 parentes

2269 5430 2418 5498 Quid
2450 5427 2642 5502 magis
2668 5443 2800 5485 esse
2828 5427 3061 5500 decens,
3083 5428 3228 5500 qu.d
3257 5443 3430 5501 mage
3459 5425 3642 5486 dulce
3667 5427 3848 5502 potest

442 5519 511 5577 Et
541 5520 678 5592 quia
707 5525 921 5577 cuncta
953 5523 1144 5594 potest
1170 5519 1476 5590 Dominus,
1507 5519 1722 5593 poterit
1751 5536 2008 5594 quoque,
2039 5521 2089 5576 si
2201 5519 2356 5577 Inter
2383 5534 2446 5575 se
2475 5517 2673 5575 dirimi
2703 5515 2947 5572 minime
2976 5532 3134 5573 nunc
3161 5516 3438 5575 convenit
3462 5514 3592 5575 illic

514 5607 594 5665 De
627 5607 888 5672 minimis
916 5625 1048 5668 ecce
1074 5607 1196 5669 haec
1226 5607 1431 5672 eadem
1463 5607 1670 5666 facere.
1911 5609 2057 5690 [vult

2270 5609 2395 5672 Uno
2423 5613 2586 5688 patre
2617 5611 2796 5684 satos,
2823 5615 2943 5667 un‘o
2971 5609 3138 5668 utero
3167 5606 3419 5682 genitos.
