4050 6180
326 293 485 353 “93

317 426 508 482 Chara
536 439 723 491 soror,
771 425 1147 494 desiderium,
1179 425 1497 498 lumenque
1528 430 1787 491 tuorum,

338 584 345 591 ι
392 517 575 582 Quam
608 512 803 569 brevis
836 517 925 571 est
955 513 1143 582 nobis,
1179 532 1336 570 nunc
1364 515 1470 570 tibi
1502 512 1677 586 longa
1709 512 1910 569 salus!

318 606 462 673 Ileu,
495 617 676 675 quam
710 603 771 658 in
801 604 1029 661 modico
1060 605 1366 660 nobiscum
1400 609 1661 676 tempore
1691 603 1913 672 vivens,

391 700 574 762 Quam
603 692 720 747 cito
754 696 819 749 tu
852 694 1020 749 nobis
1053 698 1286 749 mortua
1318 693 1635 749 transiet-as
1662 695 1671 747 !

318 785 485 839 Nune
519 783 577 836 in
606 782 828 837 caelesti
865 782 999 837 felix
1031 783 1260 855 regione
1293 782 1497 849 locata,

390 873 505 928 Nos
536 871 622 927 vel
657 888 762 943 per
787 873 950 928 visus
984 873 1158 926 chara
1190 874 1373 927 revise
1404 872 1698 942 frequens.

317 963 409 1017 Sit
440 962 643 1017 saltem
678 963 910 1017 mcestis
941 962 1062 1017 hmc
1092 961 1413 1018 consolatio
1446 960 1637 1027 nobis,

392 1051 463 1106 Ut
495 1066 598 1121 per
626 1050 832 1106 crebra
864 1052 933 1104 ad
968 1068 1073 1106 nos
1106 1052 1338 1105 somnia
1367 1055 1429 1105 tu
1455 1048 1653 1104 venias
1674 1048 1702 1102 ‘I

318 1142 390 1196 Et
412 1142 565 1211 jam,
595 1141 794 1209 chara,
827 1140 973 1208 vale,
1008 1140 1250 1195 dulcedo
1280 1146 1337 1195 et
1368 1137 1552 1211 gloria
1577 1140 1780 1193 nostra

390 1230 623 1302 Nosque
655 1231 775 1285 tuis
806 1230 1022 1302 dignis,
1057 1230 1255 1297 chara,
1281 1231 1424 1301 juva
1455 1226 1700 1285 meritis.

317 1320 401 1374 Te
431 1320 604 1375 modo
639 1318 957 1388 submisse,
992 1320 1170 1374 frater
1201 1318 1431 1388 dilecte,
1464 1332 1766 1389 rogamus,

336 1468 345 1475 κ
388 1408 750 1464 Commenda
778 1408 1000 1464 crebris
1028 1408 1180 1463 hanc
1212 1406 1460 1463 Domino
1490 1406 1788 1479 precibus.

316 1499 405 1554 Tu
438 1497 544 1553 tibi
575 1497 743 1554 testis
775 1498 933 1566 ades,
959 1500 1246 1569 quantum
1278 1502 1335 1553 te
1366 1513 1596 1568 semper
1624 1494 1859 1563 amarit,

389 1588 554 1642 Nune
587 1586 670 1641 illi
697 1585 936 1659 dignam
966 1584 1091 1658 ipse
1123 1587 1374 1658 repende
1401 1584 1607 1653 vicem,

314 1674 434 1729 Nos
463 1673 641 1729 etiam
674 1673 955 1728 minimas
983 1674 1111 1744 ejus
1143 1674 1216 1729 de
1242 1689 1405 1730 more
1435 1689 1666 1730 sorores

388 1764 555 1820 Nunc
587 1763 1072 1820 commendamus
1105 1780 1235 1819 ecce
1263 1764 1385 1819 tuis
1417 1763 1712 1831 manibus,

318 1853 393 1909 Ut
423 1854 653 1920 doceas,
687 1868 997 1909 moneasve
1028 1852 1132 1907 tibi
1166 1870 1271 1908 nos
1302 1869 1463 1908 more
1494 1856 1678 1919 sueto,

390 1944 459 1999 Et
490 1960 594 1998 nos
625 1942 811 2015 ipsius
843 1958 1074 2013 semper
1104 1958 1300 1996 amore
1331 1941 1509 2009 colas,

318 2033 643 2088 Mercedem
675 2031 841 2086 dabit
870 2031 965 2085 hic
997 2032 1178 2098 vobis,
1210 2031 1303 2086 cui
1338 2030 1537 2085 serviit
1566 2030 1712 2102 ipsa,

395 2123 574 2195 cuius
606 2122 749 2176 item
782 2119 1016 2176 famulae
1049 2138 1163 2176 non
1196 2138 1405 2176 sumus
1435 2119 1676 2192 exiguae.

316 2212 435 2267 Nos
466 2210 643 2266 etiam
675 2208 846 2265 solito
876 2213 932 2263 te
963 2224 1196 2281 semper
1226 2223 1425 2263 amore
1448 2207 1731 2274 colemus,

390 2303 575 2358 Immo
607 2300 798 2373 magis
831 2299 1099 2367 colimus,
1135 2315 1311 2371 quam
1345 2296 1529 2354 solitae
1560 2298 1804 2353 fuimus.

1049 2451 1241 2491 AGIUS.

314 2571 563 2627 Gratum
592 2569 759 2625 valde
791 2568 936 2623 mihi
968 2568 1076 2624 hoc
1106 2572 1213 2636 est,
1248 2568 1401 2638 quod
1434 2565 1650 2633 dicitis,
1675 2565 1858 2621 immo

390 2660 553 2716 Istud
588 2675 744 2715 nunc
774 2660 898 2731 ipse
929 2658 1245 2715 debueram
1276 2661 1491 2728 petere.

317 2750 429 2805 Sed
460 2747 823 2821 praevenistis
854 2748 1008 2804 sicut
1038 2746 1282 2814 meritis,
1314 2745 1397 2801 ita
1428 2762 1616 2802 causa:

389 2837 562 2893 Istius
594 2837 801 2893 humili
837 2836 1104 2892 funditus
1138 2835 1349 2891 officio.

318 2927 482 2983 Unde
512 2928 649 2999 quia
679 2925 971 2982 alternum
1003 2930 1270 2981 nostrum
1303 2925 1449 2980 bene
1487 2924 1651 2979 scitis
1706 2939 1964 2979 amorem

388 3020 508 3071 Hoc
537 3033 639 3072 vos
669 3016 878 3071 affectu
909 3015 1087 3088 diligo
1120 3019 1266 3070 teste
1296 3015 1432 3071 Deo.

314 3104 592 3160 Doctrina
619 3122 720 3161 vos
750 3122 881 3160 vero
916 3122 1043 3159 mea
1078 3122 1189 3159 non
1224 3121 1466 3178 prorsus
1496 3103 1714 3176 egetis;

388 3197 490 3250 Est
519 3195 620 3267 qui
647 3213 749 3251 vos
780 3195 1065 3251 Dominus
1096 3195 1350 3249 instruat
1380 3194 1647 3249 interius.

316 3276 611 3357 Quidquid
672 3285 733 3340 in
781 3285 1060 3355 obsequio
1113 3300 1239 3339 esse
1291 3287 1498 3355 potest,
1549 3282 1620 3337 ad
1685 3280 1791 3337 hoc
1843 3283 1962 3337 fore

1598 3370 1613 3443 [
1622 3375 1961 3443 promptum

387 3464 458 3518 Et
489 3480 579 3519 me
612 3463 909 3536 promitto,
942 3468 1001 3518 et
1031 3463 1151 3518 fore
1182 3480 1297 3519 non
1330 3462 1553 3517 dubito.

317 3552 397 3609 De
429 3553 612 3625 patris
641 3556 698 3607 et
728 3552 996 3621 fratrum,
1031 3553 1130 3623 qui
1164 3553 1482 3619 decessere,
1515 3549 1704 3605 salute

389 3643 514 3697 Non
546 3643 709 3698 decet
733 3658 862 3697 esse
894 3642 1071 3696 nimis
1097 3658 1199 3696 vos
1229 3640 1403 3694 modo
1433 3638 1735 3694 sollicitas.

318 3730 443 3787 Una
475 3748 658 3804 soror,
693 3731 843 3786 terni
876 3731 1082 3786 fratres
1114 3729 1309 3785 obiere
1338 3728 1557 3797 tenelli,

386 3822 549 3888 Quod
580 3821 699 3878 fore
729 3820 837 3877 hos
868 3821 1027 3892 ipsos
1058 3819 1341 3892 approbat
1370 3819 1673 3875 innocuos.

318 3911 481 3966 Enda
510 3928 693 3975 soror,
726 3927 854 3981 quae
878 3911 1004 3980 jam
1036 3910 1227 3965 fuerat
1256 3909 1569 3980 conjuncta
1601 3908 1832 3975 marito,

390 4001 551 4065 Quod
583 4001 780 4055 minus
811 3998 940 4071 ipsa
970 4002 1144 4066 tenet,
1182 3999 1240 4053 in
1269 3998 1467 4055 sobole
1499 3997 1645 4053 illud
1678 3999 1874 4053 habet.

320 4090 449 4161 Ipse
481 4093 644 4161 pater
671 4088 941 4161 quamvis
974 4088 1099 4143 sine
1130 4089 1301 4143 sorde
1331 4086 1655 4159 nequiverit
1683 4104 1833 4156 esse,

389 4178 597 4251 Utpote
630 4178 928 4233 mundano
961 4177 1237 4248 praeditus
1267 4176 1497 4245 officio;
1870 4174 1873 4177 λ

317 4268 563 4334 Quantis
592 4268 717 4339 ipse
746 4266 914 4322 bonis
946 4271 1142 4321 tamen
1173 4265 1493 4321 emundare
1525 4265 1713 4337 piacla

388 4357 618 4412 Curarit
647 4354 900 4427 propria,
932 4371 1033 4410 vos
1053 4355 1200 4409 bene
1229 4370 1404 4410 nosse
1432 4355 1575 4409 seio.

318 4448 465 4503 Nam
494 4446 630 4501 licet
657 4444 984 4500 innumeris
1016 4444 1221 4499 mundi
1252 4444 1411 4499 curis
1433 4450 1813 4515 premeretur,

300 4558 303 4561 ν
389 4537 434 4591 Α
463 4535 679 4607 quibus
710 4534 868 4588 haud
899 4548 1071 4605 opere
1102 4549 1164 4588 se
1195 4532 1383 4604 quivit
1410 4548 1638 4600 exuere,

322 4627 567 4682 Romam
598 4624 866 4696 perrexit,
900 4639 1038 4694 quo,
1073 4623 1166 4678 cui
1197 4637 1478 4678 concessa
1507 4622 1753 4678 facultas

391 4714 661 4771 Solvendi
695 4712 901 4780 fuerat,
935 4710 1156 4768 solvere
1186 4729 1247 4768 se
1278 4716 1518 4783 peteret.

318 4805 464 4861 Hinc
496 4803 706 4875 dignos
738 4801 961 4857 cineres
993 4806 1331 4856 sanctorum
1364 4800 1471 4856 rite
1502 4806 1798 4857 revectans

394 4896 621 4950 Partem
653 4892 723 4947 de
755 4891 988 4962 proprio
1009 4891 1141 4961 jure
1171 4890 1330 4944 dedit
1359 4890 1624 4947 Domino.

316 4985 599 5039 lliesacra
619 4984 955 5036 sanctorum
968 4978 1440 5047 ossaloeans,vos
1460 4978 1715 5050 quinque
1733 4997 1957 5035 sorores

393 5074 492 5128 llic
523 5071 718 5127 divino
750 5069 975 5124 dedidit
1005 5067 1306 5140 obsequio.

320 5161 610 5228 Filiolum,
646 5175 819 5232 quem
855 5157 1115 5212 coenobio
1138 5156 1339 5226 junxit
1372 5156 1813 5225 monachorum,

388 5252 468 5307 Ne
499 5268 617 5322 qua
641 5249 756 5303 Deo
789 5248 1017 5302 deesset
1045 5245 1233 5317 portio
1269 5246 1410 5300 forte
1442 5245 1555 5300 sui.

318 5340 613 5396 Postremo
646 5335 939 5392 redimens
969 5332 1351 5404 eleemosynis
1384 5333 1707 5402 malefacta,

388 5432 637 5501 Ipsaque
670 5426 997 5487 confessus,
1034 5422 1300 5477 mortuus
1334 5423 1389 5476 in
1424 5423 1614 5477 cinere
1644 5428 1751 5478 est.

313 5518 455 5583 Quis
486 5518 697 5589 pietate
729 5514 827 5570 Dei
862 5530 963 5584 pro
994 5512 1084 5567 his
1116 5528 1231 5567 non
1257 5512 1485 5582 judieet
1515 5512 1710 5583 ipsum

387 5605 753 5665 Omnimodis
786 5602 1028 5676 dignum
1062 5600 1307 5657 crimine
1340 5601 1458 5658 fore
1488 5617 1652 5658 reum
1674 5602 1702 5658 ?

631 5734 894 5798 PATROL.
941 5727 1277 5794 CXXXVII.

1294 292 1684 353 DIALOGUS
1731 294 1833 353 DE
1881 292 2119 357 (DBITU
2165 298 2229 357 S.
2280 299 2825 363 llA'l‘IIUMOD/E.

3591 296 3750 370 M94

2007 430 2065 496 Α
2092 432 2459 487 Arsurumne
2489 434 2714 504 putatis
2745 453 2900 505 eum,
2935 438 3104 510 cujus
3132 438 3229 511 pia
3260 439 3410 496 facta
3729 444 3737 451 ’

2168 520 2386 576 Mundo
2420 520 2618 578 labent
2642 528 2835 581 estant
2866 526 2991 582 sine
3017 527 3131 583 ﬁne
3160 528 3322 585 fere?

2094 610 2222 664 Stat
2254 611 2416 665 locus
2451 609 2547 667 ille
2578 612 2700 683 Dei,
2736 630 2911 687 quem
2947 615 3264 673 tradiderat
3286 618 3624 676 famulabus

2166 702 2301 766 Quae
2333 717 2437 772 pro
2470 716 2531 755 se
2552 701 2730 774 juges
2760 704 3108 761 continuant
3133 704 3442 779 lacrymas.

2094 788 2198 842 Hie
2229 788 2444 844 chorus
2476 789 2571 845 ille
2600 789 2763 856 eluit,
2793 810 2968 865 quem
3017 794 3245 866 pridem
3295 795 3514 852 solvere
3554 800 3763 868 grates“

2166 878 2271 931 I‘ro
2304 895 2364 933 se
2396 879 2614 934 salvato
2645 881 2868 936 viderat
2894 883 3020 955 ipse
3049 883 3186 939 Deo.

2093 966 2249 1021 Vidit
2278 967 2432 1021 enim
2464 968 2521 1021 in
2555 971 2778 1025 somnis
2811 972 2868 1025 in
2904 972 3155 1029 maceria
3192 973 3370 1027 nimis
3402 973 3519 1028 alta

2165 1058 2242 1111 Te
2274 1057 2685 1114 nutabundum
2721 1064 2879 1115 stare
2911 1061 3054 1116 satis
3083 1061 3416 1133 trepidum;

2091 1146 2352 1217 Cumque
2386 1150 2691 1217 putaretur
2721 1148 2887 1220 quasi
2921 1149 3230 1206 confestim
3263 1150 3583 1222 periturus,

2162 1235 2483 1301 Quemdam
2516 1235 2802 1293 clamasse
2833 1239 3103 1309 protinus
3134 1256 3166 1293 e
3196 1239 3375 1294 latere
3411 1255 3425 1293 :

2088 1322 2180 1377 Van
2213 1323 2445 1390 misero,
2473 1325 2620 1395 jam,
2655 1325 2866 1398 inquit,
2903 1327 3146 1397 ruitura,
3171 1328 3300 1400 jam
3332 1327 3611 1398 perituro,

2157 1413 2270 1470 Nec
2302 1430 2437 1485 spes
2467 1412 2588 1469 ulla
2616 1414 2731 1471 sibi
2757 1416 2883 1487 jam
2911 1416 3125 1488 poterit
3155 1416 3303 1473 ﬁeri.

2079 1502 2165 1555 Ad
2191 1501 2313 1556 hace
2343 1500 2440 1557 ille
2470 1502 2583 1559 fide
2610 1503 2781 1576 plena
2815 1521 2828 1559 :
2864 1521 2977 1560 non
3012 1506 3096 1562 sic
3125 1505 3256 1573 erit,
3288 1504 3500 1577 inquit,
3584 1494 3589 1497 ’

2152 1591 2264 1645 Sed
2296 1608 2428 1662 spes
2460 1608 2702 1663 prorsus
2733 1593 2863 1662 erit,
2900 1595 2949 1650 si
2979 1595 3132 1652 Deus
3164 1593 3290 1667 ipse
3319 1594 3476 1649 velit.

2079 1678 2173 1733 Sic
2203 1678 2347 1751 pede
2377 1678 2615 1752 delapso
2645 1698 2710 1737 se
2739 1682 3065 1739 demissum
3096 1681 3493 1762 pededentim,

2155 1767 2223 1821 Et
2248 1772 2402 1823 recte
2429 1772 2676 1842 utroque
2704 1771 2814 1829 rite
2845 1772 3078 1828 stetisse
3108 1771 3276 1845 pede.

2080 1855 2185 1911 Hic
2212 1861 2425 1912 coetum
2458 1873 2740 1931 magnum
2770 1862 2955 1919 versis
2981 1861 3242 1919 faciebus
3273 1863 3345 1918 ad
3376 1867 3573 1920 ortum

2151 1945 2353 2001 Grates
2381 1946 2518 2002 inde
2549 1947 2642 2019 pio
2676 1964 2810 2004 mox
2839 1950 3109 2005 retulisse
3136 1950 3275 2007 Deo.

2076 2031 2239 2086 Vidit
2270 2033 2407 2087 huic
2440 2035 2621 2089 alium
2649 2051 2763 2089 non
2797 2036 3145 2094 dissimilem
3180 2040 3297 2096 fere
3325 2041 3516 2097 visum
3546 2060 3558 2110 ;

2150 2121 2215 2176 In
2250 2122 2497 2178 nimium
2531 2123 2686 2179 celsa
2716 2125 2893 2181 aﬂ'ore
2922 2142 2984 2181 se
3015 2126 3225 2182 frutice
3251 2144 3266 2195 ;

2077 2211 2342 2283 Cumque
2371 2213 2664 2268 videretur
2688 2213 2847 2269 velut
2875 2230 2943 2270 ex
2977 2214 3094 2271 alto
3124 2214 3408 2285 ruiturus,

2150 2302 2474 2369 Quemdam
2507 2301 2725 2358 dixisse
2757 2303 2843 2359 sic
2873 2303 3112 2360 sibimet
3143 2304 3338 2361 subito
3375 2322 3388 2360 :

2078 2392 2134 2449 Si
2170 2408 2421 2459 ramum,
2456 2390 2557 2463 qui
2587 2392 2974 2463 przemodieus
3005 2392 3117 2450 sibi
3150 2394 3451 2466 proximus
3478 2399 3654 2465 esset,

2153 2481 2398 2536 Fortiter
2427 2479 2713 2536 ambabus
2744 2481 3072 2553 conciperet
3100 2482 3399 2550 manibus,

2078 2569 2149 2623 Se
2182 2568 2325 2623 nihil
2358 2566 2714 2624 omnimodis
2746 2584 3062 2640 passurum
3097 2584 3306 2641 nempe
3337 2569 3558 2642 pericli,

2151 2657 2265 2715 Nec
2298 2657 2437 2729 quid
2468 2655 2519 2711 ei
2551 2672 2793 2728 prorsus
2824 2673 2996 2729 posse
3028 2657 3180 2713 male
3210 2658 3356 2713 fieri.

2076 2748 2242 2803 Tunc
2272 2747 2485 2802 iterum
2534 2748 2774 2814 emtum,
2808 2749 2873 2800 ut
2902 2744 3039 2814 dixi,
3074 2760 3420 2803 conversum
3450 2747 3525 2804 ad
3557 2747 3728 2807 illum

2151 2837 2377 2893 Laudes
2408 2833 2658 2889 salvanti
2687 2833 3060 2890 concinuisse
3089 2834 3227 2891 Deo.

2076 2927 2312 2981 Viderat
2341 2925 2452 2981 hoc
2482 2939 2640 2992 sane,
2673 2924 2878 2995 paucis
2909 2923 3072 2997 prius
3100 2923 3226 2997 ipse
3255 2924 3463 2982 diebus

2147 3019 2332 3084 Quam
2365 3015 2511 3069 foret
2541 3013 2832 3083 infirmus,
2864 3029 3046 3070 sanus
3075 3013 3267 3070 adhuc
3297 3010 3552 3087 penitus.

1999 1804 2046 1869 B

2079 3107 2209 3162 Haec
2241 3104 2380 3177 quid
2411 3103 2762 3175 portendant
2790 3103 2938 3159 bene
2965 3117 3069 3160 vos
3098 3103 3392 3160 advertere
3423 3104 3625 3176 quitis,

1995 3170 2036 3243 Ο
2148 3198 2216 3251 Et
2245 3170 2366 3250 haec
2396 3170 2548 3247 inter
2576 3207 2639 3247 se
2668 3208 2784 3247 non
2814 3188 2937 3249 fore
2957 3192 3246 3264 "disparia.

2071 3288 2220 3357 Ergo
2253 3284 2397 3356 quid
2430 3282 2490 3335 in
2523 3297 2690 3337 muro
2725 3282 2958 3351 renitet,
2992 3280 3108 3337 nisi
3139 3280 3295 3339 celsa
3325 3286 3604 3354 potestas,

2142 3380 2267 3441 Qua
2296 3379 2438 3429 tunc
2468 3370 2743 3428 sublatus
2770 3371 2897 3444 ipse
2928 3371 3039 3427 fuit
3068 3371 3305 3443 penitus
3323 3370 3355 3425 ?

2072 3467 2275 3523 Murus
2306 3462 2462 3519 enim
2496 3462 2684 3517 factus
2713 3461 2786 3516 de
2817 3461 2974 3517 saxis
3003 3460 3276 3533 pluribus
3305 3458 3517 3527 exstat,

2142 3555 2305 3611 Sicut
2333 3555 2457 3607 erat
2487 3551 2691 3606 multis
2723 3549 2907 3607 fultus
2938 3551 3034 3606 hic
3064 3548 3369 3607 asseculis.

2071 3644 2181 3701 Sed
2215 3641 2309 3696 hic
2341 3657 2399 3694 in
2429 3654 2664 3694 summo
2695 3654 3003 3697 murorum
3034 3638 3290 3694 culmine
3319 3640 3530 3708 stabat,

2142 3731 2305 3800 Quod
2341 3727 2544 3783 multis
2577 3744 2733 3782 unus
2765 3728 2885 3784 dux
2917 3728 3107 3782 fuerat
3133 3727 3383 3799 positus.

2070 3823 2139 3877 Et
2169 3819 2307 3893 quia
2337 3816 2547 3873 salvari
2580 3815 2814 3885 meruit,
2845 3820 2987 3872 tunc
3018 3814 3265 3889 spiritus
3293 3814 3444 3887 ejus,

2142 3910 2281 3966 Inde
2314 3923 2490 3963 ruens
2523 3905 2696 3963 rectis
2727 3906 3067 3961 constiterat
3095 3903 3363 3976 pedibus.

2071 4000 2234 4056 Unde
2267 3997 2430 4052 locus
2456 3999 2662 4062 vester,
2696 4011 2872 4066 quem
2904 3993 3162 4051 fundans
3189 3991 3459 4065 initiavit,

2140 4089 2224 4144 0b
2257 4087 2415 4142 hunc
2447 4084 2734 4140 salvatum
2765 4083 3052 4157 glorificat
3078 4081 3417 4152 Dominum.

2071 4180 2184 4234 Nec
2217 4177 2326 4231 hoc
2356 4172 2644 4230 dissimile
2672 4177 2763 4229 est
2791 4170 2955 4247 quod
2981 4175 3115 4245 post
3143 4172 3264 4229 haec
3292 4172 3418 4248 ipse
3446 4175 3716 4245 videbat;

2141 4267 2252 4324 Sed
2279 4266 2399 4321 fore
2428 4264 2584 4319 hunc
2614 4260 2807 4319 visum
2836 4263 3039 4319 edocet
3070 4262 3403 4319 indubium.

2067 4358 2254 4413 Arbor
2282 4355 2461 4423 enim,
2495 4369 2621 4425 qua:
2653 4352 2809 4409 celsa
2836 4352 2982 4409 satis
3011 4352 3199 4408 fuerat
3227 4351 3340 4409 sibi
3370 4350 3496 4410 visa

2142 4445 2343 4502 Ramis
2373 4442 2604 4509 erectis,
2636 4442 2778 4498 ﬂore
2809 4442 3021 4497 decora
3050 4439 3217 4511 satis,

1988 4548 2036 4611 D
2070 4534 2290 4607 Inclyta
2319 4531 2627 4606 progenies
2657 4533 2788 4604 ejus
2820 4545 3194 4604 propagoque
3224 4529 3380 4588 celsa
3407 4535 3517 4601 est,

2139 4624 2209 4678 Et
2234 4620 2455 4678 mundo
2486 4620 2645 4677 clara
2671 4625 2730 4676 et
2757 4619 3004 4675 Domino
3034 4618 3267 4691 placita.

2069 4713 2214 4771 Nam
2247 4712 2402 4784 quod
2435 4709 2593 4766 clara
2621 4709 2734 4764 fuit
2764 4708 3007 4778 mundo,
3040 4708 3148 4765 ﬂos
3178 4708 3584 4782 prodigiabat;

2139 4800 2250 4856 Sed
2284 4802 2573 4855 monstrat
2604 4801 2783 4863 recta,
2814 4797 2971 4868 quod
3003 4796 3249 4853 Domino
3279 4796 3516 4870 placita.

2069 4891 2131 4945 In
2164 4890 2345 4962 hujus
2378 4904 2609 4944 summo
2643 4903 2758 4942 non
2791 4890 2977 4954 stans,
3005 4886 3107 4941 sed
3139 4885 3433 4959 pendulus
3462 4886 3650 4955 haesit,

2140 4980 2266 5050 Ipse
2299 4977 2454 5049 quod
2487 4979 2619 5031 ante
2650 4980 2855 5046 potens
2887 4975 3117 5030 finierat
3145 4975 3426 5048 attiguus.

2068 5070 2351 5123 Summus
2373 5064 2669 5136 erat,quia
2690 5078 2897 5135 nempe
2927 5063 3018 5118 sui
3050 5064 3279 5136 generis
3309 5064 3487 5123 simul
3510 5083 3714 5125 omnes

2138 5155 2289 5209 Vicit
2314 5154 2548 5221 virtute,
2580 5153 2719 5208 vicit
2750 5152 2968 5207 honore
2997 5169 3250 5225 quoque.

2072 5243 2367 5299 Pendulus
2396 5241 2663 5309 adhaesit,
2699 5240 2835 5313 quia
2858 5241 2983 5311 jam
3010 5243 3215 5298 nutare
3246 5246 3502 5314 potestas

2139 5333 2343 5389 Vicina
2373 5335 2559 5387 morte
2591 5335 2845 5402 cceperat
2874 5330 3004 5402 ipsa
3033 5347 3159 5386 sua.

2070 5424 2215 5479 Huic
2245 5424 2368 5477 erat
2397 5419 2657 5492 attiguus
2690 5436 2908 5485 ramus,
2944 5421 3081 5491 quia
3109 5419 3372 5492 proxima
3401 5438 3573 5479 carne

2140 5509 2471 5566 llathumod
2503 5508 2656 5563 alma
2685 5508 2809 5563 suis
2831 5509 2988 5580 juvit
3016 5525 3151 5564 eum
3184 5509 3429 5567 meritis.

2070 5603 2171 5661 Hic
2202 5615 2535 5676 praeparvus
2566 5601 2707 5671 erat,
2742 5597 3020 5674 quoniam
3050 5598 3172 5658 haec
3201 5599 3422 5659 femina
3450 5618 3591 5662 sexu

3322 5726 3401 5797 38
