4084 6190
305 294 460 358 M95
1285 296 1386 357 AD
1434 297 1692 359 OPERA
1742 297 2274 360 HRO’I‘SUITH/E
2317 298 2730 360 APPENDIX.
3556 305 3709 366 H96

371 428 497 486 Non
529 430 719 485 fuerat
748 430 916 485 fama)
948 432 1259 486 ambitiosa
1291 449 1429 488 suae.
1975 433 2032 500 Α
2060 432 2128 488 Et
2160 449 2270 504 quo
2304 433 2386 487 nil
2415 451 2676 505 unquam
2707 433 2796 489 vel
2827 435 2984 489 cordi
3017 437 3242 507 gratius
3273 443 3448 504 esset,

298 518 465 574 Hunc
494 518 590 574 hic
622 519 971 592 constringit
1001 519 1300 589 manibus,
1331 519 1473 593 quia
1518 520 1774 594 plurima
1799 526 1947 579 natae
2129 523 2242 577 Aut
2270 521 2396 594 ipso
2429 527 2583 578 certe
2614 523 2920 595 pulchrius
2953 524 3189 580 intuitu.

368 609 558 679 Atque
584 608 882 663 eoancillis
915 608 1165 664 contulit
1196 609 1321 681 ipse
1351 610 1498 667 suis.
2061 611 2195 667 Post
2225 612 2325 666 ubi
2355 612 2425 667 de
2456 628 2661 668 somno
2693 611 2861 669 laetus
2893 630 3027 669 mox
3055 615 3445 687 evigilassem,

292 696 410 755 Hoc
442 699 740 768 meritum,
776 698 885 754 hoc
916 703 1025 768 est,
1062 701 1216 770 quod
1264 717 1399 757 eum
1441 701 1568 772 jam
1604 702 1848 774 jamque
1871 701 1950 756 la-
2131 700 2308 755 Grata
2337 701 2480 757 satis
2511 700 2781 756 mihimet
2802 703 2948 757 visio
2977 703 3103 758 visa
3134 704 3282 773 fuit;

1691 794 1947 864 [bentom
2063 789 2224 844 Unde
2257 790 2349 845 die
2383 791 2533 845 facta
2564 807 2698 845 mox
2729 790 2923 863 ipsum
2954 792 3235 848 fratribus
3268 794 3390 864 ipse

360 880 407 932 A
439 895 578 933 casu
612 878 780 950 plene
812 880 1033 950 eripuit
1062 881 1305 950 duplici.
2134 879 2362 936 Nostris
2396 881 2658 950 exposui,
2694 882 2954 952 quidque
2979 882 3125 938 foret
3155 883 3350 938 retuli.

299 967 446 1024 Nam
478 970 633 1038 quod
666 969 942 1025 nobilitas
974 970 1110 1025 tulit
1138 975 1238 1024 aut
1266 974 1496 1026 terrena
1527 975 1806 1042 potestas,
2064 969 2144 1021 Te
2174 968 2428 1040 Gerberg
2459 969 2818 1024 abbatissam
2854 971 2992 1038 fore,
3026 988 3247 1043 proque
3277 990 3471 1027 sorore

370 1058 488 1113 Hoc
518 1058 899 1131 eleemosyna:
933 1061 1307 1116 reddiderant
1330 1060 1521 1116 variae.
2135 1056 2324 1110 Vestri
2356 1061 2650 1112 tenturam
2685 1060 2934 1115 coenobii
2967 1061 3248 1132 regimen.

297 1145 434 1215 Vos,
470 1149 568 1217 qui
602 1147 694 1202 his
726 1149 941 1202 uterini
973 1150 1190 1220 pariter
1222 1167 1355 1204 cum
1387 1151 1635 1221 conjuge
1666 1151 1846 1221 digna
2065 1146 2181 1200 lloc
2213 1147 2427 1201 etenim
2463 1149 2807 1219 portendere
2835 1149 3034 1220 regula
3064 1155 3266 1206 nostra
3293 1151 3541 1217 videtur,

371 1234 565 1306 Ipsius
598 1236 728 1292 sitis
759 1241 1037 1309 perpetuo
1070 1254 1378 1294 memores.
2137 1238 2322 1301 Quam
2358 1236 2530 1321 modo
2557 1241 2617 1290 tu
2647 1237 2886 1306 retines,
2918 1238 3046 1309 ipsa
3076 1239 3240 1309 prius
3271 1241 3479 1296 tenuit.

298 1324 430 1380 Haec
462 1325 696 1394 etenim,
731 1326 852 1381 haec
883 1331 1143 1398 est,quae
1176 1345 1407 1385 ramum
1437 1331 1717 1402 prendere
1740 1328 1953 1400 palmis
2066 1324 2246 1379 Parva
2303 1325 2565 1395 quidem,
2625 1326 2766 1397 quia
2823 1343 3036 1398 parvus
3094 1329 3283 1384 adhuc
3335 1346 3474 1402 grex
3528 1335 3724 1387 vester

369 1413 502 1470 Haec
533 1431 660 1485 quae
683 1415 1085 1490 eloemosynas
1117 1418 1306 1474 suasit
1336 1420 1387 1474 ei
1417 1420 1630 1476 varias,
2137 1413 2249 1466 Sed
2282 1413 2427 1468 bene
2457 1414 2808 1487 conscripta,
2843 1416 2915 1470 ob
2942 1416 3038 1487 pia
3067 1417 3218 1472 facta
3241 1422 3364 1472 tua.
3424 1418 3719 1491 [habetur,

298 1500 413 1558 Vos
443 1502 753 1560 debitrices
787 1505 964 1562 simul
997 1508 1138 1562 estis
1172 1508 1405 1579 utrique
1435 1510 1682 1582 parenti,
2065 1503 2135 1556 Et
2162 1518 2312 1570 vere,
2349 1519 2530 1572 δῦνον,
2564 1507 2630 1558 ut
2662 1503 2801 1572 diXi.
2833 1503 2914 1558 nil
2943 1505 3247 1576 PUIOhl‘iUS
3275 1523 3558 1579 unquam.

370 1591 498 1648 Una
527 1609 662 1648 cum
692 1595 939 1662 cunctis,
975 1613 1123 1667 quas
1151 1601 1309 1652 tenet
1339 1598 1435 1654 ille
1466 1599 1651 1655 locus,
2137 1591 2205 1646 Et
2236 1591 2446 1647 melius
2479 1591 2766 1665 scriptum
2801 1609 2893 1648 me
2925 1593 3113 1649 recolo
3145 1595 3447 1651 intuitum.

293 1680 475 1748 Quem
499 1680 766 1753 Domino,
800 1685 1137 1757 sanctisque
1167 1687 1290 1742 suis
1321 1687 1527 1744 dantes
1558 1687 1883 1745 voluerunt
2067 1681 2348 1746 QUOCiI‘CII
2377 1681 2513 1737 licet
2544 1687 2601 1738 et
2630 1682 2878 1751 άοὶθᾶῐην
2913 1687 2971 1738 et
2998 1699 3229 1756 εθηιρθτ
3251 1685 3540 1744 dOIitul‘uS

363 1770 601 1827 Cunctis
633 1790 1007 1830 communem
1037 1775 1213 1830 affore
1238 1793 1340 1847 per
1368 1777 1706 1834 Dominum.
1991 1809 2039 1872 Β
2139 1769 2228 1825 Μθ
2258 1772 2370 1826 Sim
2401 1770 2648 1840 νίνθηῑθ,
2685 1771 2835 1826 hanc
2867 1772 3084 1828 ObiiSSG
3107 1773 3220 1829 ϐίω
3251 1790 3269 1830 ‘1

290 1858 407 1915 Vos
437 1862 577 1918 estis
606 1879 745 1935 grex
772 1863 870 1920 ille
901 1881 1083 1934 sacer,
1117 1881 1291 1937 quem
1319 1865 1540 1924 solvere
1565 1870 1779 1939 grates,
1991 1858 2038 1872 "
2074 1859 2437 1916 Successisse
2466 1864 2663 1916 tamen
2691 1865 2903 1916 sancta:
2937 1866 2993 1916 te
3018 1864 3245 1934 gaudeo
3275 1870 3542 1922 sanctam

363 1949 521 2006 Vidit
549 1951 644 2008 hic
671 1953 732 2008 in
765 1953 987 2009 somnis
1017 1955 1104 2009 vir
1133 1955 1378 2012 Domino
1409 1955 1682 2027 placitus.
2145 1949 2374 2020 Ipsique
2406 1955 2469 2006 ut
2498 1967 2692 2018 carne,
2726 1951 2811 2006 sic
2843 1951 3114 2008 comitem
3148 1953 3377 2010 merito.

297 2039 592 2112 Quidquid
614 2059 867 2114 namque
891 2044 1026 2098 boni
1055 2043 1264 2111 facitis,
1289 2043 1397 2100 hoc
1418 2047 1488 2102 ad
1517 2046 1625 2101 hoc
1648 2047 1956 2114 remeabit,
2072 2037 2218 2092 Nam
2251 2039 2516 2110 quamvis
2548 2038 2690 2094 alias
2723 2056 2955 2112 quoque
2985 2042 3289 2098 vobiscum
3322 2043 3439 2100 fore
3467 2050 3725 2115 constet,

365 2129 473 2196 Qui
502 2130 666 2185 vobis
698 2129 867 2186 illum
898 2131 1007 2186 rite
1038 2133 1248 2186 dedere
1281 2131 1495 2191 locum,
2142 2129 2275 2192 Quae
2308 2132 2549 2199 possent
2579 2128 2750 2184 subdi
2785 2146 2898 2184 non
2934 2131 3106 2185 modo
3138 2131 3277 2186 huic
3307 2134 3465 2188 oneri
3491 2152 3505 2202 ;

301 2218 592 2290 Praecipue
626 2224 821 2274 tamen
855 2219 963 2274 hoc
995 2221 1065 2276 ad
1099 2220 1248 2276 hanc
1280 2223 1487 2291 merito
1520 2227 1822 2292 remeabit,
2072 2216 2151 2271 Te
2182 2219 2378 2271 tamen
2411 2222 2466 2272 et
2496 2217 2702 2288 sophia
2732 2217 2930 2286 simul,
2966 2224 3021 2274 et
3052 2221 3312 2276 bonitate
3344 2220 3599 2278 sciebam

373 2310 508 2374 Quae
539 2326 640 2366 vos
671 2309 936 2378 nutrivit,
971 2327 1098 2381 quae
1131 2311 1306 2366 simul
1341 2312 1620 2370 instituit.
2141 2304 2266 2360 Non
2298 2305 2488 2377 injure
2521 2306 2630 2362 sibi
2657 2306 2876 2378 optime
2908 2307 3207 2363 substitui.

306 2397 432 2462 Qua
460 2397 531 2451 de
565 2413 622 2452 re
653 2397 923 2469 precibus
953 2415 1055 2470 pro
1083 2399 1210 2467 hac,
1248 2401 1402 2471 quod
1433 2402 1694 2473 poscitis,
1729 2403 1838 2458 etsi
2070 2393 2141 2448 Ut
2171 2395 2462 2466 siquidem
2495 2396 2688 2451 carnis
2719 2395 2829 2452 sibi
2855 2398 2988 2468 jure
3020 2398 3349 2471 propinqua
3377 2399 3538 2456 fuisti
3565 2419 3577 2467 ;
3617 2403 3622 2408 '

374 2485 566 2557 Ipsius
597 2486 721 2558 ipse
752 2487 941 2558 magis
976 2488 1272 2560 indigeam
1305 2491 1602 2562 precibus,
2141 2484 2234 2539 Sic
2261 2483 2460 2538 itidem
2495 2485 2718 2541 meritis
2750 2487 3013 2557 proxima
3041 2491 3104 2542 tu
3139 2489 3352 2544 fueras.

300 2573 419 2630 Hoc
449 2591 550 2630 vos
585 2592 756 2631 nosse
782 2574 930 2643 volo,
972 2577 1160 2648 ipsius
1195 2579 1581 2651 quoadusque
1612 2585 1958 2653 superstans
2069 2572 2331 2644 Denique
2363 2578 2418 2628 ιθ
2450 2591 2604 2630 nunc
2634 2591 2740 2630 nos
2771 2575 2899 2646 ejus
2929 2577 3255 2648 gaudemus
3285 2577 3504 2634 honore

374 2664 538 2732 Sum,
573 2681 798 2720 memor
828 2665 954 2736 ipse
986 2667 1100 2722 mei
1134 2683 1227 2722 me
1260 2683 1580 2724 memorem
1613 2670 1761 2725 ﬁeri.
2142 2662 2376 2717 Dudum
2408 2663 2757 2735 condignam
2791 2667 2930 2719 tunc
2962 2664 3072 2720 sibi
3105 2666 3481 2738 discipulam,

302 2753 416 2810 Nec
449 2755 518 2809 de
546 2755 717 2810 corde
746 2771 873 2810 meo
905 2772 1012 2811 sua
1043 2755 1219 2812 chara
1249 2758 1469 2812 recedit
1493 2757 1708 2831 imago,
2071 2752 2180 2806 Sed
2215 2752 2388 2807 modo
2419 2751 2707 2808 haeredem
2739 2753 2979 2825 dignam
3008 2753 3393 2812 nihilominus
3425 2758 3550 2827 ejus

374 2841 476 2898 Vel
509 2859 642 2898 cum
676 2844 946 2911 dormito,
977 2843 1064 2900 vel
1097 2846 1293 2917 potius
1321 2845 1520 2919 vigilo.
2141 2840 2271 2895 Sive
2302 2841 2667 2910 monasterii,
2699 2841 2817 2898 sive
2848 2843 2928 2914 pii
2962 2843 3174 2900 meriti.

308 2931 570 3004 Denique
604 2950 738 2989 cum
768 2934 964 3006 vigilo,
1001 2936 1072 2990 de
1103 2935 1211 2992 hac
1240 2935 1328 2993 vel
1358 2953 1540 3008 penso
1571 2936 1866 3009 loquorve,
2071 2930 2356 2996 Qumritur
2396 2946 2551 3003 .ergo
2598 2929 2659 2985 in
2707 2934 2762 2987 te
2805 2948 2971 2988 sacra
3001 2932 3236 3002 femina,
3270 2935 3548 3005 qumritur
3573 2935 3631 2988 in
3664 2939 3724 2990 te

380 3022 558 3081 Nocte
590 3023 734 3077 mihi
767 3023 1006 3080 charam
1038 3026 1268 3082 somnia
1298 3027 1440 3081 dant
1469 3026 1698 3083 faciem.
2138 3018 2393 3074 Affectus
2424 3019 2616 3074 cordis
2647 3018 2930 3092 limpidus
2961 3020 3057 3076 ille
3089 3022 3200 3077 sui.

309 3109 457 3168 Nam
481 3111 707 3183 quoties
740 3129 984 3168 somnus
1016 3113 1204 3169 lassos
1235 3115 1474 3171 obducit
1501 3115 1732 3184 ocellos,
2002 3180 2029 3184 _
2072 3107 2233 3164 illius
2263 3107 2586 3180 diSCiplimB
2617 3110 2886 3181 quaedam
2917 3111 3084 3182 quasi
3117 3112 3332 3183 imago.

317 3235 337 3254 .
379 3180 652 3257 Protinus
683 3207 944 3274 apparet,
978 3219 1112 3259 mox
1142 3203 1364 3275 aliquid
1395 3180 1727 3262 memorat;
1989 3180 2031 3246 (ἶ
2143 3197 2282 3268 Ejus
2312 3198 2520 3266 virtuti,
2552 3180 2831 3270 quaeritur
2857 3180 3099 3272 effigies.

308 3287 569 3346 Plurima
598 3295 758 3358 sunt,
790 3293 891 3347 sed
925 3293 995 3348 de
1025 3292 1228 3348 multis
1258 3294 1384 3365 ipse
1413 3293 1502 3349 vel
1532 3310 1718 3351 unum
2066 3286 2354 3353 Ουωνίῐιιῐ·
2385 3285 2704 3342 almiﬁcum
2735 3288 3032 3358 meritum.
3069 3305 3261 3347 mores
3293 3291 3608 3355 revcrcudi.

376 3379 638 3452 Exempli
669 3397 846 3436 causa
876 3381 1066 3437 dicere
1096 3398 1305 3454 nempe
1330 3382 1478 3438 volo.
2139 3376 2364 3448 Lingua
2394 3375 2632 3448 perinde
2665 3376 2780 3448 pia,
2809 3377 3041 3449 vitaque
3064 3379 3199 3450 jure
3232 3395 3419 3436 sacra.

305 3466 439 3523 Jam
471 3484 571 3523 sex
601 3470 958 3523 transierant
988 3473 1206 3537 noctes,
1239 3475 1297 3525 et
1327 3471 1578 3542 septima
1603 3472 1778 3540 venit,
1851 3491 1864 3502 ·
2068 3463 2357 3530 ΟιιεθνίῐιιΓ
2386 3468 2450 3520 ιη
2477 3464 2708 3536 generis
2739 3481 2939 3534 causa.
2971 3465 3054 3522 8ίο
3084 3466 3316 3523 actibus
3351 3468 3514 3539 iPSiS.

378 3555 693 3627 Postquam
727 3556 996 3613 discessit
1018 3558 1264 3630 jamque
1294 3559 1536 3618 humata
1560 3560 1692 3629 fuit,
2138 3556 2303 3612 Sicut
2333 3555 2393 3612 in
2424 3556 2656 3624 affectU,
2690 3554 2775 3611 sic
2805 3559 2862 3611 et
2889 3555 2949 3611 in
2983 3557 3194 3614 ofﬁcio.

304 3644 453 3702 Cum
485 3647 749 3702 cubitum
779 3663 873 3701 me
902 3646 1090 3702 vicina
1113 3649 1240 3718 jam
1274 3648 1404 3705 luce
1431 3649 1738 3719 locassem,
2065 3644 2180 3700 Vos
2211 3644 2387 3700 etiam
2421 3648 2635 3700 sanctae
2667 3645 2875 3717 ipsius,
2907 3644 3214 3718 dignasque
3246 3663 3473 3702 sorores

375 3734 507 3789 Vidi
539 3750 632 3791 me
662 3735 720 3789 in
754 3739 949 3792 vestro
976 3751 1103 3792 esse
1136 3739 1513 3794 monasterio.
2138 3734 2298 3805 Hanc
2329 3738 2574 3790 matrem
2605 3738 2859 3790 vestram
2891 3733 3133 3791 excolite
3161 3740 3224 3790 ut
3254 3736 3574 3793 dominam.

305 3823 500 3896 Ipsam
528 3841 661 3881 vero
692 3825 854 3896 loqui
886 3842 1116 3881 mecum
1149 3827 1219 3882 de
1249 3844 1410 3883 more
1437 3828 1706 3885 videbam
2068 3824 2343 3892 Quamvis
2375 3841 2632 3896 namque
2658 3823 2814 3880 cluat
2828 3824 2990 3880 vobis
3007 3841 3192 3897 genus
3210 3825 3487 3881 omnibus
3503 3843 3714 3895 unum;

375 3913 522 3969 Cum
557 3914 625 3969 de
655 3913 976 3983 nonnullis,
1011 3931 1139 3986 quae
1170 3914 1517 3984 inciderant,
1551 3917 1703 3987 aliis,
2136 3915 2405 3969 Attamen
2437 3913 2558 3968 hzec
2589 3913 2804 3969 Christi
2837 3918 2925 3970 est
2955 3931 3197 3970 munere
3228 3916 3574 3987 praeposita;

304 4004 458 4061 Tum
490 4005 561 4059 de
593 4003 796 4076 regula
825 4003 964 4060 item
998 4009 1218 4073 nostra,
1248 4008 1488 4078 totaque
1517 4007 1759 4078 perinde
2065 4001 2278 4058 Christi
2313 4002 2495 4059 electa
2522 4002 2647 4058 loco
2677 4002 3009 4076 Christique
3039 4004 3253 4059 vicaria
3283 4008 3528 4072 constat,

371 4093 474 4150 Vel
505 4094 625 4150 vita
653 4099 852 4150 nostra
882 4094 1244 4166 cmnobiique
1276 4099 1454 4165 statu,
2137 4091 2365 4147 Christo
2396 4109 2496 4148 vos
2527 4092 2720 4165 agitis,
2751 4092 3039 4164 quidquid
3073 4093 3124 4148 ei
3158 4093 3370 4149 facitis.

304 4183 570 4254 Cumque
602 4183 745 4238 mihi
776 4184 1016 4249 librum,
1051 4184 1100 4239 si
1132 4200 1307 4256 quem
1340 4185 1608 4241 fortassis
1639 4185 1896 4254 haberet,
2064 4181 2309 4247 Christo,
2348 4182 2499 4236 facta
2524 4181 2659 4250 sibi,
2694 4183 2887 4238 forsan
2921 4183 3135 4254 injuria
3167 4183 3286 4250 fiet,

376 4273 573 4331 Nostri
606 4273 886 4345 propositi
917 4279 1056 4329 tunc
1088 4279 1344 4346 peterem
1375 4273 1578 4343 tribui,
2134 4270 2401 4326 Christus
2433 4270 2774 4339 honoratur,
2808 4271 3077 4326 Christus
3109 4272 3167 4326 in
3201 4272 3308 4327 hac
3339 4271 3568 4327 colitur.

306 4363 379 4420 Se
408 4361 688 4419 habuisse
720 4363 980 4434 quidem,
1015 4365 1116 4418 sed
1139 4365 1265 4434 jam
1299 4380 1416 4419 non
1444 4379 1684 4436 prorsus
1740 4365 1954 4420 habere
2065 4360 2343 4413 Prmtcrca
2373 4359 2699 4416 naturalem
2731 4364 2980 4416 vestram
3015 4377 3247 4433 quoque
3279 4366 3523 4416 matrem

374 4451 456 4505 Te
486 4450 740 4523 Gerberg
761 4451 943 4507 istum
975 4451 1119 4508 dixit
1149 4451 1362 4506 habere
1392 4451 1630 4508 librum.
2137 4448 2424 4504 Omnibus
2455 4449 2812 4506 omnimodis
2837 4450 3076 4506 excolite
3106 4450 3424 4522 obsequiis.

306 4539 415 4606 Qui
447 4539 592 4594 mihi
625 4539 876 4611 delatus,
909 4557 1122 4612 parvus
1152 4541 1343 4596 fuerat
1373 4539 1515 4597 mihi
1545 4543 1726 4612 visus,
1987 4549 2036 4615 D
2069 4539 2184 4594 Iloc
2217 4538 2443 4594 Domini
2467 4539 2728 4609 jussum,
2761 4539 2869 4596 hoc
2900 4544 3159 4597 vestrum
3191 4541 3377 4596 nostis
3407 4539 3713 4610 honorem,

374 4629 486 4688 Sed
519 4631 664 4688 bene
697 4630 1085 4707 conscriptus,
1119 4635 1175 4688 ct
1205 4631 1352 4689 bene
1382 4632 1763 4706 compositus,
2142 4629 2256 4686 llos
2289 4631 2472 4688 nostis
2501 4632 2752 4688 vestram
2786 4629 2960 4687 affore
2989 4629 3314 4702 gloriolam.
