4092 6190
322 316 479 378 1209

396 449 604 506 Valere
658 462 933 519 presens,
992 454 1053 503 ut
1105 447 1178 503 Gr
1194 462 1387 515 ecum,

324 530 650 594 εύτυγχάνειν
669 520 849 594 positu
861 536 934 594 m_,
964 524 991 573 1
1001 522 1031 576 3
1046 561 1056 574 .

400 591 655 648 Vdiiilali
700 592 1010 655 deservire,
1077 608 1174 660 pro
1226 591 1390 644 rebus

324 665 576 731 caducis,
599 662 867 718 inanibus
886 664 1117 730 servire,
1140 680 1198 718 se
1228 663 1391 718 dede-

325 754 404 792 re.
437 738 524 791 35.

386 780 554 862 ’νεαρ
582 815 638 861 et
666 821 851 875 posse,
884 822 984 875 pro
1018 804 1385 872 voluntas,27t.

329 880 513 949 Velle,
563 895 660 946 pro
709 878 994 947 voluntas,
1046 892 1091 931 e.
1138 893 1188 945 εξ.
1215 875 1392 945 juxta

324 952 417 1007 sui
459 950 622 1016 velle,
656 950 699 1003 i.
752 964 803 1001 e.
838 949 998 1017 juxta
1045 949 1390 1003 volunt-nem

325 1039 509 1079 suam.
548 1022 699 1077 Velle
730 1029 920 1086 tuum,
952 1021 985 1075 i.
1036 1037 1089 1076 e.
1133 1019 1394 1073 voluntas

328 1104 443 1164 tua,
464 1094 555 1147 32.
583 1093 737 1147 Velle
764 1107 1012 1161 pravum
1030 1089 1259 1164 moliri,
1295 1089 1389 1164 i.re.

328 1162 516 1222 moliri
549 1179 777 1233 pravum
814 1164 893 1217 vel
928 1162 1395 1225 scclus,27.Vclle

326 1245 614 1299 nostrum,
640 1251 739 1305 pro
761 1235 1047 1290 voluntate
1078 1240 1289 1299 nostra,
1313 1240 1397 1287 est

330 1307 696 1373 Graecismus,
722 1310 817 1361 66.

406 1378 843 1436 Venerationcm
874 1376 1095 1447 inferre
1123 1374 1394 1441 metallis,

330 1468 433 1523 pio
466 1449 714 1505 venerari
743 1447 990 1523 metalla,
1024 1448 1107 1504 vel
1161 1462 1395 1503 venera-

332 1522 486 1579 tione
517 1522 801 1591 prosequi,
833 1523 898 1575 6t
910 1555 927 1574 .

413 1589 758 1662 Veneratur,
807 1590 1145 1662 deponentis
1187 1589 1397 1662 forma,

331 1681 435 1737 pro
460 1661 821 1720 veneratione
844 1662 1108 1731 afticitur,
1141 1661 1233 1716 83.

1764 312 1973 372 ORDO
2019 311 2320 372 REltUM.

1574 443 1777 499 Veniat
1819 458 1948 497 mea
1992 443 2212 510 petilio,
2242 458 2342 513 pro
2374 441 2562 498 locum

1500 533 1626 571 mea
1657 513 1850 585 petitio
1876 515 1942 568 ha
1954 513 2095 579 beat,
2122 518 2211 570 68.

1522 624 1526 631 ς
1576 587 1843 654 Verbum,
1873 602 1973 655 pro
2003 586 2187 651 verba,
2223 587 2346 639 413.

1576 663 1793 714 Vereor
1816 658 1965 728 quod
1987 674 2118 722 non,
2145 674 2245 728 pro
2270 672 2460 712 vereor
2483 664 2562 727 ut,

1761 800 1828 855 de
1857 800 2076 870 fructu,
2106 816 2205 871 pro
2232 799 2377 855 vesci
2413 799 2565 891 truc--

1568 917 1582 928 .
1623 910 1633 925 ρ
1673 894 1708 926 Ι.

1528 889 1557 928 u
1620 889 1708 926 υτ.
2486 889 2488 891 ν

1566 917 2181 1011 ’νειρνητιδ,ειά]θοιίνο,
2208 957 2308 1010 pro
2340 948 2566 997 veterno

1503 1016 1789 1080 laborans,
1810 1020 2155 1075 veternosus,
2190 1014 2275 1068 30.

1580 1086 1766 1141 Viccm
1818 1085 2011 1140 amori
2064 1084 2415 1152 impendere,
2470 1100 2567 1152 pro

1506 1158 1842 1285 gspouderc
1885 1152 2086 1225 amori,
2118 1157 2200 1210 vel
2252 1157 2310 1211 in
2354 1172 2564 1225 amore,

1505 1234 1520 1253 .

1581 1298 1777 1355 γεοθηὶ
1820 1298 1980 1366 anni,
2011 1312 2111 1367 pro
2158 1297 2355 1364 viginti
2408 1296 2566 1366 anni,

1505 1370 1950 1436 distributivum,
1977 1383 2077 1439 pro
2111 1370 2408 1437 cardinali,
2440 1368 2528 1425 3'2.

1537 1516 1547 1525 .
1580 1442 1855 1525 videmur
1878 1444 2194 1512 Augustos,
2226 1456 2325 1511 pro
2353 1441 2569 1511 Augus—

1508 1516 1755 1656 ω’ῐὲέῖρο
1805 1584 2017 1652 vetula,
2066 1598 2168 1655 pro
2216 1583 2349 1651 Eva,
2397 1588 2571 1638 matre

1507 1657 1838 1721 viventium,
1868 1656 1957 1712 72.

3570 309 3728 372 4240

2749 439 3151 515 Visceratenus
3179 454 3474 509 concussa,
3493 457 3594 514 pro
3624 449 3738 515 tota

2672 520 2862 567 mente
2894 514 3174 581 perculsa,
3206 515 3289 570 48.
3340 515 3737 572 Visceratenus

2672 587 3002 654 conturbor,
3041 601 3137 654 pro
3167 602 3233 641 ex
3262 588 3455 642 animo
3501 594 3735 643 contur-

2676 657 2795 725 bor,
2824 662 2935 712 tota
2968 663 3156 711 mente
3184 657 3511 727 conturbor,
3542 660 3732 728 35,41.

2678 728 2840 783 Viscc
2892 738 3128 783 ratcnus
3157 729 3514 797 amplexari,
3542 746 3641 800 pro
3670 746 3737 787 ex

2674 799 2866 855 animo
2896 800 3219 870 complecti,
3253 801 3337 856 26.

2751 870 3045 926 Viscorum
3062 872 3320 943 latibula,
3337 888 3434 943 pro
3462 872 3739 928 viscerum

2677 957 2952 1008 recessus,
2983 945 3067 998 ‘28.

2753 1018 2923 1069 Voces
2954 1014 3013 1069 in
3041 1016 3227 1069 altum
3268 1016 3537 1086 ejulando
3573 1015 3735 1079 dare,

2679 1100 2778 1154 pro
2808 1100 2999 1139 vocem
3031 1088 3297 1151 ejulando
3340 1088 3617 1155 attollere,
3650 1089 3734 1142 3-1.

2756 1157 3007 1229 Volitant
3054 1167 3186 1214 tota:
3221 1174 3397 1224 venat,
3434 1174 3536 1229 pro
3586 1173 3743 1214 vena:

2678 1243 2793 1298 prae
2820 1228 3038 1295 gaudiis
3068 1230 3226 1298 quasi
3254 1228 3531 1300 exultant,
3564 1229 3688 1285 406.

2756 1301 3049 1367 Volulare,
3083 1316 3207 1370 pro,
3240 1299 3496 1366 volutari,
3521 1317 3567 1356 e.
3597 1317 3647 1371 g.
3685 1308 3743 1355 ut

2679 1370 2739 1425 in
2770 1378 2931 1425 terra:
2962 1375 3175 1426 volutcs
3206 1372 3441 1442 intimis,
3467 1387 3566 1441 pro
3596 1370 3744 1428 volu-

2681 1443 2834 1509 teris,
2867 1444 2961 1497 33.

2757 1514 2992 1569 Votvcrc
3021 1529 3256 1584 annum,
3290 1529 3388 1583 pro
3426 1529 3590 1583 agerc
3636 1532 3741 1570 an-

2682 1598 2839 1711 ἔξω.
2876 1585 3035 1652 Item,
3064 1584 3443 1657 Olympiadas,
3477 1585 3741 1658 it.lustra,

1456 1984 1904 2092 (ΡΒυο
1997 1985 2632 2089 BRUM

997 2202 1264 2313 QUZE
1313 2140 1449 2285 VIN
1518 2197 1759 2284 Hoc
1828 2191 2172 2280 τε)Μο
2243 2192 3084 2283 (ZON'I‘INEN'I‘UB.

399 2496 597 2553 W160
630 2494 953 2554 DECANUS
982 2495 1664 2551 PIIYU'I‘WANGENSIS
1697 2492 1943 2549 ΜΟΝΑ-

1035 2570 1300 2624 S'1'E1l11.

417 2658 663 2712 EPISTO
672 2660 795 2709 ΗΕ.

421 2730 557 2780 1.-
585 2728 663 2782 Ad
712 2727 1080 2783 Adelbaidcin
1132 2725 1568 2796 imperatriccm.
1616 2724 1684 2780 Sc
1722 2735 1999 2796 suumque

345 2798 618 2855 obnixius
646 2799 1027 2854 commendat.

422 2872 600 2944 I_I_.‘—
640 2870 714 2924 Ad
764 2869 1179 2944 Theodericum
1232 2868 1534 2944 Eremitam
1585 2865 1850 2944 in_s3_'lva
1898 2863 1993 2944 0r.

343 2939 555 2996 Scribit
582 2941 809 3011 quantis
837 2942 1079 3012 negotiis
1108 2948 1162 2996 et
1190 2941 1342 2996 curis
1366 2939 1601 3012 obrutus
1631 2938 1703 2992 sit
1732 2939 1792 2992 in
1820 2938 1999 3012 provi-

345 3012 508 3067 sione
536 3007 863 3068 wanastcrii
906 3007 1017 3081 sui,
1046 3028 1113 3069 ac
1159 3012 1387 3068 fratrem
1418 3010 1759 3082 Adalgozum
1797 3007 1907 3063 sibi
1937 3007 1996 3082 in

350 3083 665 3153 adjutorem
694 3083 964 3154 deposcit.

419 3149 523 3209 ill.
549 3186 615 3195 —
648 3155 725 3210 Ad
767 3149 1105 3210 'Dietricum.
1141 3155 1207 3211 Ut
1234 3154 1303 3209 ad
1351 3169 1411 3209 se
1459 3166 1741 3209 canonum
1791 3149 1994 3217 mittat,

350 3226 481 3281 usui
509 3226 617 3282 sibi
647 3226 899 3282 futurum
930 3227 990 3282 in
1019 3241 1189 3283 causa
1213 3226 1509 3296 cujusdam
1539 3223 1755 3290 clerici,
1775 3239 1808 3277 a
1839 3219 2001 3296 laicis

345 3296 590 3368 pessime
622 3296 814 3354 habiti.

426 3372 521 3451 1V.
554 3398 625 3451 -—_—
655 3370 738 3451 Ad
777 3369 1096 3451 Liutoldum
1136 3368 1901 3451 episcopumMAugustanum.
1930 3394 1998 3451 i-

349 3440 525 3510 Rogat
555 3447 615 3496 ut
647 3440 893 3497 rebusin
922 3456 1023 3497 suo
1050 3438 1391 3506 monasterio
1420 3438 1810 3495 aﬂ'lictissimis
1833 3449 1997 3510 opem

348 3512 472 3567 fert.

420 3585 486 3634 V.
510 3612 580 3621 —-
611 3582 685 3636 Ad
720 3582 1054 3651 Gozpcrtum
1086 3582 1345 3637 abbatem
1374 3583 1899 3647 Tcgernsseensem.
1929 3607 1998 3616 ——

348 3653 595 3730 Exponit
624 3654 676 3709 ei
705 3650 1122 3724 difﬁcultatem,
1157 3655 1285 3709 novi
1320 3652 1645 3730 monasterii
1692 3650 1781 3705 sui
1823 3666 1995 3730 cons-

349 3720 633 3796 tructione
663 3733 967 3791 causatam,
1003 3720 1270 3796 rogatque
1312 3734 1372 3780 ut
1403 3723 1761 3780 Weiehcrum
1790 3720 1996 3796 solatii,

348 3795 709 3868 Sigihardum
739 3789 1053 3852 studiorum
1070 3789 1261 3868 vgra'tia
1291 3798 1358 3851 ad
1390 3812 1450 3850 se
1480 3796 1682 3850 mittat.
1928 3789 1989 3847 44

422 3870 605 3939 VI.—-g
638 3867 713 3921 Ad
750 3868 1068 3923 Liutoldum
1119 3868 1445 3939 episcopum
1498 3867 1997 3939 Augustanurn.—

352 3939 417 3995 Ut
450 3954 546 3994 cos
577 3938 775 3994 fratres
798 3955 939 4008 quos
969 3936 1294 3995 monasterii
1316 3936 1425 3994 'sui
1466 3938 1763 3994 commodo
1793 3953 1825 3990 a
1854 3936 1997 4008 Gos-
2057 3961 2063 3965 -

351 4017 509 4080 perto
547 4008 749 4065 abbate
784 4007 1051 4080 Tegerns.
1084 4010 1424 4080 impetravit,
1455 4009 1698 4076 benigne
1735 4007 1996 4080 accipiat,

351 4077 407 4137 et
434 4081 502 4135 ad
536 4096 596 4137 so
621 4080 789 4137 rebus
819 4077 1443 4149 necessariis—provisus
1481 4080 1684 4135 mittat.
1932 4077 2000 4132 42

424 4155 547 4205 VII.
574 4182 644 4191 —-
663 4152 927 4223 Epistolaa
950 4153 1230 4222 praedictae
1255 4151 1599 4222 exemplum.
1620 4182 1684 4192 —
1705 4153 2001 4223 Commen-

350 4224 444 4279 dat
489 4223 652 4293 Wigo
698 4221 841 4279 duos
892 4221 1130 4291 juvenes
1180 4221 1490 4280 monachos
1540 4223 1598 4276 F.
1632 4221 2000 4293 scholasticos

353 4292 678 4361 Augustano
730 4295 951 4365 sibique
1010 4294 1281 4351 Prisciani
1334 4293 1563 4365 majoris
1609 4294 1830 4365 copiam
1879 4292 2002 4367 ﬁeri
2109 4292 2218 4367 ιιιῂ

1932 4342 2003 4418 ﬁ
2180 4349 2304 4399 CAP.
2337 4342 2476 4418 XVI.
2498 4374 2567 4385 —
2596 4347 2705 4399 Cur
2747 4358 2903 4399 nunc
2950 4358 3173 4411 xxxma,
3205 4358 3363 4400 nunc
3401 4359 3585 4398 xxxna
3617 4345 3753 4418 luna

354 4372 530 4434 rogat.

422 4440 575 4491 VIII.
600 4467 667 4476 —
697 4437 997 4493 Communi
1041 4451 1271 4493 suorum
1312 4437 1545 4492 nomine
1573 4436 1642 4490 ad
1675 4434 2000 4492 Ileinricum

355 4508 588 4564 Boiariae
613 4508 839 4564 ducem.
863 4539 931 4549 —-
954 4510 1142 4564 Pisces
1188 4508 1296 4564 sibi
1327 4524 1427 4579 pro
1458 4507 1797 4564 celebrando
1845 4507 1999 4579 festi-

352 4580 475 4636 vius
508 4579 775 4635 Paschate
803 4580 950 4635 mitti
980 4588 1155 4651 rogat.

426 4796 592 4847 X.—

357 5366 683 5434 quentiorcs
710 5365 922 5420 litteras
950 5372 1005 5420 et
1032 5364 1119 5420 sui
1150 5379 1423 5420 amorem.

548 5463 1012 5522 HELPERICUS
1052 5462 1453 5523 MONACIIUS
1491 5461 1542 5517 S.
1578 5464 1818 5518 6.41.1.1.

428 5559 640 5616 Notilia
669 5561 954 5618 historica.

428 5635 635 5687 LIBER
675 5636 764 5687 DE
801 5636 1151 5690 COMPUTO.

430 5702 705 5760 Praefatio.

432 5773 718 5845 Prologus.

2176 2492 2298 2543 Car.
2335 2489 2377 2543 ι.
2410 2519 2479 2529 --
2511 2489 2669 2546 Unde
2721 2490 3054 2546 conﬁciatur
3100 2505 3286 2546 annus
3333 2491 3533 2547 solaris
3580 2499 3634 2548 et
3679 2493 3750 2549 de

2107 2559 2324 2616 ratione
2359 2559 2609 2617 bissexti.

3680 2563 3741 2619 2|

1964 2649 1998 2703 9
2178 2633 2303 2686 Ctp.
2338 2632 2410 2686 II.
2436 2664 2505 2672 -—
2539 2632 2769 2702 l'bysica
2798 2632 3086 2702 signorum
3120 2633 3282 2700 ratio,
3315 2640 3364 2689 et
3396 2635 3464 2691 dc
3494 2634 3749 2691 solstitiis

2107 2709 2160 2759 et
2189 2703 2564 2773 zequinoctiis.

3679 2706 3750 2761 23

1963 2791 1998 2845 9
2177 2779 2303 2830 ωλι).
2338 2776 2439 2830 ΙΙΙ.
2467 2806 2536 2815 —-
2565 2776 2857 2840 Quomodo
2887 2776 2967 2831 sol
3002 2777 3060 2831 in
3098 2776 3289 2845 aliquo
3321 2776 3483 2847 signo
3510 2792 3632 2834 esse
3656 2778 3770 2833 di-o

2107 2852 2285 2912 catur,
2316 2861 2448 2902 cum
2479 2847 2641 2917 signa
2683 2850 2740 2903 in
2772 2848 2935 2917 cwlo,
2964 2847 3046 2904 sol
3076 2854 3264 2903 autem
3315 2848 3376 2904 in
3426 2848 3635 2905 aethere
3663 2850 3748 2905 l‘e-

2106 2919 2300 3043 mlgﬂ
2347 2990 2436 3045 IV.
2469 3021 2536 3063 —_—
2565 2992 2771 3063 Contra
2825 3006 2921 3047 eos
2973 2991 3070 3062 qui
3116 2990 3312 3048 dicunt
3370 2990 3626 3063 planetas
3673 2921 3749 3047 ΞΕ

1962 3076 1997 3131 9
2106 3066 2303 3116 contra
2332 3061 2612 3118 mundum
2643 3061 2791 3117 ferri.
2993 3061 3005 3062 ί
3372 3061 3385 3063 ’
3678 3063 3751 3119 26

2176 3134 2317 3187 (Ἃιδί
2341 3132 2400 3187 ν.
2433 3163 2502 3172 -
2535 3134 2692 3190 Unde
2718 3133 2971 3189 oriantur
3001 3133 3286 3204 regulares
3313 3134 3383 3189 ad
3414 3134 3608 3190 feriam
3640 3135 3748 3189 Ka-

2107 3202 2402 3258 lendarum
2431 3204 2833 3260 inveniendam
2858 3208 2881 3261 Ρ
3071 3202 3085 3204 ⁷
3674 3207 3745 3262 27

1930 3292 2001 3347 ιο
2180 3278 2303 3329 Car.
2340 3275 2430 3347 VI.
2455 3307 2520 3316 —
2555 3277 2711 3332 Unde
2740 3282 3143 3332 concurrentes
3172 3275 3429 3332 oriuntur
3453 3280 3475 3332 Ρ
3678 3278 3746 3334 27

2109 3417 2392 3483 Kalendae,
2423 3424 2476 3474 et

2107 3560 2189 3613 ria
2216 3564 2239 3614 Ρ

2107 3701 2397 3757 exordium
2420 3703 2442 3755 Ρ

2109 4278 2217 4327 tur.

2110 4415 2526 4486 pronuntietur.

2110 4914 2281 4970 tibus.

1934 5077 1999 5134 Μ
2112 5057 2251 5134 nist-

2115 5201 2238 5256 bus.

2177 3349 2304 3418 CAP.
2337 3346 2459 3402 VII.
2483 3379 2550 3388 -
2582 3346 2831 3413 Qualiter
2878 3347 3197 3403 inveniatur
3243 3354 3412 3418 quota
3460 3347 3597 3405 feria
3636 3349 3751 3404 sint

2506 3434 2604 3489 per
2632 3419 2752 3473 dies
2782 3419 2994 3474 mensis
3025 3419 3108 3475 vel
3137 3419 3313 3475 anni?
3680 3420 3750 3476 27

1930 3505 1989 3560 μ
2141 3494 2300 3562 ΛΟΜ».
2363 3490 2508 3544 VIII.
2558 3521 2623 3530 —
2676 3489 2928 3557 Qualiter
2983 3489 3303 3555 inveniatur
3359 3490 3609 3562 quotidie
3666 3491 3752 3546 fe-

3683 3563 3754 3618 28

2178 3633 2301 3702 CAP.
2335 3630 2422 3684 IX.
2453 3661 2518 3671 —
2550 3636 2659 3686 Cur
2688 3631 2905 3701 praefati
2938 3632 3220 3702 regulares
3244 3649 3276 3687 a
3298 3633 3495 3689 Martio
3525 3641 3754 3690 sumant

3682 3706 3753 3761 28

2178 3775 2302 3827 Car.
2335 3771 2398 3827 X.
2422 3804 2490 3812 —
2514 3772 2672 3829 Unde
2698 3772 2798 3827 alii
2829 3772 3112 3843 regulares
3136 3774 3203 3829 ad
3237 3776 3431 3830 lunam
3463 3774 3525 3831 in
3556 3775 3752 3831 Kalen-

2107 3844 2194 3899 dis
2223 3843 2627 3901 inveniendam
2659 3844 2961 3913 procedant
2984 3847 3007 3900 ?
3681 3847 3753 3902 29

2177 3918 2302 3970 Cu».
2334 3915 2425 3970 XI.
2463 3944 2525 3956 —
2560 3916 2717 3972 Unde
2746 3922 2977 3985 epactm.
3678 3918 3753 3972 29

2177 3990 2303 4042 CAP.
2334 3987 2452 4042 XII.
2479 4018 2545 4028 —
2576 3988 2653 4041 Ad

2178 4061 2302 4114 CAP.
2334 4059 2480 4113 XIII.
2505 4090 2571 4099 —
2591 4061 2701 4113 Cur
2727 4075 2760 4113 a
2788 4059 3115 4128 Scptembre
3144 4058 3421 4128 incipiant
3445 4063 3468 4114 Ρ
3679 4060 3751 4114 2)

2179 4133 2302 4185 Car.
2336 4130 2545 4186 XlV.——
2566 4134 2674 4184 Cur
2700 4130 2758 4185 in
2783 4129 2967 4185 medio
2989 4129 3146 4184 nulla
3178 4130 3613 4201 pronuntietur?
3683 4132 3754 4188 30

2179 4203 2303 4256 ΟΜ».
2336 4202 2445 4257 XV.
2487 4234 2551 4242 —
2588 4201 2883 4268 Quomodo
2934 4201 3184 4271 quotldic
3233 4202 3367 4257 luna
3415 4202 3752 4272 pronuntie-

2685 3988 2817 4057 quid
2850 3987 3073 4041 valeant
3103 3992 3315 4057 epactaa
3341 3990 3362 4041 Ρ
3680 3988 3751 4043 29

3686 4275 3755 4328 30

3683 4416 3755 4472 30

2180 4490 2305 4541 Car.
2337 4485 2503 4541 XVII.
2529 4517 2597 4525 —
2622 4486 2690 4543 Ut
2732 4503 2764 4541 a
2803 4486 3083 4542 veteribus
3132 4484 3349 4540 lunaris
3396 4491 3614 4541 tantum
3645 4485 3752 4541 ob-

1930 4556 2002 4632 j'3
2111 4563 2361 4612 servatus
2392 4556 2462 4632 sit
2511 4573 2727 4632 annus;
2757 4564 2810 4613 et
2838 4573 2937 4613 cur
2969 4557 3137 4613 modo
3181 4570 3546 4613 communem
3592 4557 3751 4632 dicas

424 4654 524 4704 IX.
551 4681 620 4689 —
641 4652 719 4705 Ad
752 4652 816 4723 (ἱ.
849 4649 1419 4723 archipresbyterum.
1444 4681 1509 4692 ——
1537 4652 1609 4723 Ut
1632 4649 2000 4723 innigcndam

354 4723 608 4778 Orlwino
637 4721 967 4795 presbytero
995 4721 1222 4794 pronam
1255 4721 1536 4795 tantisper
1560 4721 1798 4795 diﬂerat.
1888 4792 1900 4795 Α
1930 4721 1998 4776 43

666 4795 701 4849 d
744 4792 808 4848 E.
840 4792 1127 4851 comitem.
1154 4826 1219 4835 —
1253 4792 1658 4850 Hunc—salinae
1707 4792 1998 4851 cuiusdam

352 4879 537 4935 nuper
565 4862 675 4920 sibi
703 4864 947 4932 donatae,
970 4866 1251 4935 totiusque
1276 4864 1604 4921 monasterii
1624 4865 1678 4919 S.
1702 4862 2003 4921 Salvatoris

358 4934 885 5006 Phyutwangensis,
915 4934 1272 4993 defensorem
1304 4952 1425 4992 esse
1454 4937 1629 5006 cupit.
1932 4934 2002 4991 44

429 5008 1079 5090 xIx-"Adtendite!!!
1129 5008 1456 5090 ρρίξίξρρῑιιη
1505 5010 1910 5090 Αειεαειειιιυιη·
1944 5038 1983 5090 ,τ

357 5080 435 5135 De
464 5077 691 5148 injuriis
720 5078 830 5135 sibi
855 5098 888 5135 a
918 5077 1187 5135 Rihhardi
1221 5077 1339 5134 tilio
1365 5078 1643 5148 irrogatis.

426 5153 553 5203 XII.
587 5181 653 5191 —
685 5151 762 5205 Ad
794 5152 1078 5206 eumdem.
1105 5182 1173 5189 —
1197 5155 1512 5206 Extremam
1540 5164 1786 5204 annona:
1818 5163 2001 5218 penu-

357 5221 498 5276 riam
531 5220 654 5288 ejus
684 5221 1058 5278 beneticentia
1087 5222 1489 5277 sublevandam
1520 5228 1723 5285 sperat.
1934 5221 2003 5276 45

431 5296 583 5346 XIII.
606 5323 677 5334 -ο
708 5293 865 5349 Idem
896 5301 955 5348 ut
994 5294 1227 5363 videtur,
1259 5293 1328 5348 ad
1360 5294 1424 5348 G.
1457 5299 1509 5347 et
1540 5292 1601 5346 E.
1622 5323 1687 5332 —
1722 5291 1857 5348 Petit
1887 5292 2003 5349 frc-

2112 4644 2238 4684 mus
2267 4636 2320 4683 et
2342 4628 2789 4684 embolismalern
2814 4632 2837 4683 Ρ
3685 4630 3746 4685 34

2181 4704 2305 4755 CAP.
2338 4699 2534 4755 XVIII.
2559 4731 2624 4741 —
2659 4700 2815 4757 Unde
2852 4699 3230 4755 conﬁciantur
3270 4698 3446 4756 saltus
3482 4700 3635 4757 lunae
3665 4701 3750 4756 vel

2111 4771 2209 4828 ubi
2238 4772 2445 4827 rectius
2481 4770 2899 4827 intermittatur.
3683 4773 3758 4827 32

2180 4845 2305 4898 Car.
2338 4844 2477 4899 XIX.
2505 4873 2573 4883 --
2604 4847 2750 4909 Quot
2780 4841 2933 4898 horis
2965 4842 3099 4898 luna
3128 4842 3311 4899 luceat
3341 4842 3582 4914 singulis
3610 4859 3753 4899 noc-

3638 4914 3751 4969 .35

2182 4989 2307 5042 Car.
2339 4985 2448 5040 XX.
2473 4988 2681 5056 ——,Qua
2707 4983 2843 5041 hora
2869 4983 3097 5055 eclipsis
3119 4984 3256 5041 solis
3284 5000 3349 5042 ac
3380 4984 3530 5042 lunae
3559 5000 3754 5057 prove.

3682 5056 3753 5111 35

2182 5132 2307 5183 Car.
2339 5129 2476 5183 XXI.
2500 5158 2569 5166 —
2600 5127 2665 5181 In
2697 5142 2808 5197 quo
2852 5128 3014 5198 signo
3060 5127 3131 5182 sit
3180 5128 3316 5182 luna
3360 5127 3599 5198 singulis
3627 5127 3751 5213 die:

3683 5200 3754 5253 35

2183 5276 2307 5327 CAP.
2340 5268 2506 5326 XXII.
2535 5300 2601 5309 —
2633 5270 2753 5335 Qua
2792 5268 2932 5324 hora
2978 5269 3115 5324 luna
3161 5269 3500 5326 accendatur
3530 5270 3613 5325 vel
3643 5284 3754 5338 qua

1935 5340 2004 5418 ῖς
2114 5344 2174 5399 in
2205 5358 2304 5398 sua
2333 5340 3148 5418 accensionemuletaetatcm.
3201 5417 3205 5418 ν
3436 5411 3447 5418 _
3513 5410 3525 5418 _
3578 5410 3591 5418 _
3685 5341 3756 5394 36

2184 5418 2310 5471 Car.
2342 5412 2535 5469 XXIII.
2558 5442 2626 5451 —-
2655 5411 2903 5476 Qualiter
2923 5411 3284 5467 inveniantur
3312 5411 3449 5465 anni
3476 5410 3546 5465 ab
3575 5410 3756 5467 incar-

2115 5488 2344 5542 natione
2378 5483 2620 5540 Domini.

3684 5483 3756 5538 37

1938 5560 2006 5616 46
2185 5562 2311 5612 Cn.
2342 5555 2526 5612 XXIV.
2550 5584 2618 5594 —
2649 5553 2819 5625 Origo
2850 5553 3252 5623 indictionum,
3285 5560 3339 5610 et
3367 5552 3614 5625 quatitur
3640 5553 3755 5609 sin-

1934 5631 2006 5687 47
2114 5630 2261 5702 gulis
2289 5624 2867 5702 annisinveniantur.
3140 5696 3152 5702 _
3316 5697 3326 5702 _
3392 5624 3397 5625 “
3686 5626 3756 5702 θ’]

1936 5704 2007 5759 47
2116 5696 2142 5702 ⁷
2184 5704 2309 5755 Cu».
2342 5698 2494 5754 XXV.
2519 5728 2587 5736 —
2615 5696 2865 5760 Qualiter
2895 5702 3105 5765 epaclae
3138 5696 3519 5753 inveniantur.
3684 5696 3755 5753 38

1937 5774 2005 5829 49
2187 5776 2309 5827 (Ἃρ.
2339 5769 2519 5826 XXVI.
2544 5798 2610 5807 —
2643 5768 2934 5834 Quomodo
2966 5766 3159 5836 cyclus
3189 5767 3324 5825 solis
3356 5768 3673 5825 inveniatur
3703 5776 3757 5824 et
