4092 6190
455 337 610 408 1215

450 492 551 562 per
579 483 924 548 assumptam
958 494 1188 562 carnem
1221 483 1547 562 naturaliter
1582 482 1896 562 manerein
1929 479 2093 562 nobis

451 557 507 606 et
535 565 640 604 nos
673 566 768 626 per
802 553 1214 622 perceptionem
1269 555 1521 626 corporis
1551 561 1600 610 et
1635 555 1926 626 sanguinis
1973 553 2094 623 ejus

449 637 679 678 manere
709 621 766 676 in
798 638 882 677 eo.
970 621 981 622 7
1373 621 1385 626 ⁷
1742 621 1765 626 ⁷
1989 621 2095 679 3782

521 696 650 746 CAP.
686 696 780 753 IX.
809 725 873 732 —-
901 694 1166 748 Ecclesia:
1201 696 1336 752 fides
1367 697 1664 754 catholica.
1991 696 2092 751 384

519 767 650 838 CAP.
684 768 752 818 X.
793 796 859 805 —
913 765 1036 822 Non
1087 769 1490 824 conﬁdendum
1547 769 1605 825 in
1661 770 1901 824 humana
1956 783 2092 838 pru-

445 835 655 889 dentia.
1956 835 1970 838 7
1989 841 2092 893 385

517 911 647 962 CAP.
681 911 779 961 XI.
807 939 868 948 —
907 909 984 964 De
1017 909 1111 966 Dei
1144 911 1328 968 Verbo
1359 913 1670 982 Cyprianus
1705 913 1785 967 vel
1827 911 2092 1036 llilargussé

515 1053 644 1105 CAP.
681 1053 808 1103 XII.
835 1083 902 1089 —
933 1051 1194 1120 Cypriani
1225 1055 1463 1110 assertio
1496 1070 1621 1108 vera
1653 1055 1722 1108 de
1759 1055 1887 1108 Deo.
1986 1055 2090 1106 386

514 1127 645 1176 CAP.
683 1126 834 1176 XIII.
865 1154 928 1162 -η
961 1125 1303 1188 Augustinus
1333 1125 1402 1181 de
1437 1127 1532 1181 Dei
1564 1125 1767 1180 Verbo.
1986 1126 2090 1179 387

518 1197 649 1248 CAP.
695 1197 843 1247 XIV.
887 1225 952 1235 —
1007 1197 1082 1250 De
1139 1196 1331 1251 libello
1390 1197 1672 1254 Paschasii
1731 1195 1973 1252 llatberli
2019 1195 2090 1250 ad

447 1265 759 1320 Placidium
813 1264 1180 1337 discipulum,
1233 1268 1436 1323 Christi
1485 1269 1946 1324 communionem
1997 1283 2088 1320 ve-

447 1351 569 1392 rum
603 1351 808 1405 corpus
837 1343 890 1390 et
911 1339 1242 1409 sanguinein
1267 1356 1387 1394 esse
1411 1356 1526 1395 non
1551 1339 1944 1395 dubitandum.
1985 1339 2088 1393 387

515 1410 646 1462 CAP.
682 1411 937 1480 XXXVI.
965 1441 1030 1450 -—
1063 1409 1201 1473 Quid
1257 1411 1425 1480 digne
1457 1411 1540 1466 vel
1589 1412 1820 1480 indigne
1870 1426 2093 1465 sumen-

443 1479 596 1604 tiblus
627 1479 908 1535 Dominici
939 1483 1189 1552 corporis
1220 1489 1268 1536 et
1302 1483 1593 1552 sanguinis
1623 1479 1845 1554 praestet
1879 1481 2091 1608 Eucgisa;

443 1566 520 1606 ηε
546 1566 618 1606 1a.

443 1549 595 1606 ristia
606 1589 618 1603 .
1040 1549 1055 1552 7
1425 1549 1431 1552 7
1625 1549 1642 1554 7
1981 1554 2086 1608 387

512 1625 644 1695 CAP.
677 1624 963 1676 XXXVII.
988 1655 1056 1663 —
1093 1625 1228 1688 Quis
1280 1624 1474 1680 beatus
1521 1630 1731 1695 martyr
1777 1625 2088 1694 Cyprianus

440 1692 686 1768 affirmat
725 1708 794 1768 se
823 1702 1114 1768 praesente
1147 1697 1449 1766 contigisse
1499 1695 1586 1752 liis
1634 1692 1729 1766 qui
1779 1692 1982 1768 polluti
2019 1695 2089 1751 de

441 1764 770 1833 idolothytis
823 1765 1103 1822 Dominici
1156 1764 1404 1838 corporis
1453 1775 1507 1824 et
1565 1764 1858 1838 sanguinis
1913 1782 2090 1838 sacra-

441 1843 634 1892 menta
665 1842 874 1892 temere
904 1837 1290 1908 susceperunt.
1583 1838 1586 1843 ’
1684 1837 1691 1838 ⁷
1983 1837 2090 1894 389

514 1909 647 1980 CAP.
699 1911 1010 1964 XXXVIII.
1052 1941 1120 1950 ——
1167 1912 1347 1974 Quare
1399 1911 1642 1980 peccatis
1697 1909 2088 1967 criminalibus

443 1977 658 2034 irrelita
688 1981 1057 2036 sacramentis
1090 1977 1752 2037 Dominicisurceantur.
1981 1981 2086 2036 389

511 2053 642 2106 CAP.
675 2053 936 2105 XXXIX.
960 2083 1027 2094 -
1058 2053 1282 2108 Iudaeos
1311 2053 1382 2106 ab
1430 2052 1590 2108 omni
1638 2059 1915 2108 conventu
1947 2050 2085 2108 fide-

440 2119 582 2194 lium
640 2121 916 2194 arcendos
962 2125 1245 2194 praecipue
1298 2123 1393 2178 ubi
1443 2123 1887 2180 Christianorum
1937 2123 2083 2179 cele-

442 2190 634 2246 bratur
657 2191 886 2248 oblatio.
962 2190 980 2194 7
1136 2190 1153 2194 7
1981 2194 2086 2251 390

511 2266 644 2318 CAP.
678 2267 794 2319 XL.
817 2294 884 2304 —
905 2265 1155 2328 Qualiter
1183 2266 1568 2322 accedendum
1601 2266 1670 2320 sit
1700 2266 1768 2320 ad
1805 2265 2086 2322 Dominici

439 2334 510 2391 de
539 2335 770 2409 veritate
815 2339 1066 2409 corporis
1109 2343 1164 2394 et
1211 2338 1506 2409 sanguinis
1559 2336 1644 2392 sui
1698 2337 2085 2409 haesitantium

439 2407 610 2464 corda
639 2405 899 2462 ﬁrmavit.
916 2405 931 2406 7
1320 2405 1339 2409 ⁷
1979 2407 2087 2463 392

510 2480 641 2534 CAP.
674 2477 844 2550 XLII.
869 2505 936 2519 -ι
966 2478 1301 2535 Miraculum
1327 2479 1396 2536 de
1427 2478 1668 2550 quodam
1698 2479 1910 2535 Iudaeo.
1981 2480 2086 2534 393

510 2552 644 2621 CAP.
675 2549 872 2604 XLIII.
895 2581 965 2590 ——
992 2553 1134 2605 Item
1155 2550 1225 2607 de
1246 2549 1488 2620 quodam
1508 2566 1644 2606 sene
1664 2551 1896 2606 eremita
1924 2550 2086 2621 cujus

439 2619 851 2677 dubitationem
885 2621 1158 2678 Dominus
1203 2619 1396 2678 eadem
1448 2622 1696 2679 veritatis
1745 2619 2086 2679 revelatione

435 2691 698 2748 ﬁrmavit.
1977 2694 2084 2748 395

508 2766 640 2889 lCAP.
675 2766 863 2818 VLIV.
888 2795 951 2804 —
980 2767 1119 2820 Item
1143 2765 1482 2822 miraculum
1507 2765 1652 2836 quod
1684 2765 1874 2820 Romae
1897 2771 2084 2890 aetatis;

436 2843 517 2891 est
527 2876 540 2888 .
1977 2843 2029 2890 δὲ

509 2909 640 2962 CAP.
676 2908 841 2960 XLV.
866 2937 932 2948 —
962 2909 1105 2963 Item
1135 2907 1308 2963 aliud.
1975 2907 2084 2963 396

508 2980 640 3050 CAP.
665 2981 952 3050 XLVI.—-
985 2979 1062 3034 De
1099 2986 1450 3036 sacramento
1489 2979 1682 3036 calicis
1716 2979 1844 3050 quid
1881 2977 2086 3050 revela-

441 3053 560 3104 tum
592 3049 664 3104 sit
692 3049 991 3119 Cypriane.
1736 3049 1743 3050 7
1979 3049 2050 3105 39

510 3123 641 3176 CAP.
675 3122 1278 3186 XLVII.—,Quatiter
1335 3121 1396 3178 in
1450 3121 1680 3179 Domini
1726 3120 1903 3178 nostri
1951 3121 2082 3176 Iesu

436 3191 644 3270 Christi
674 3193 935 3270 passione
963 3193 1263 3270 mysticum
1298 3192 1606 3270 sit_Pascha
1632 3193 1906 3250 abolitum
1939 3191 2080 3270 etin

437 3263 560 3334 ejus
592 3263 981 3320 immolatione
1010 3263 1091 3320 ri‘i
1122 3265 1328 3320 veritas
1352 3265 1422 3320 sit
1450 3273 1694 3321 ostensa.
1976 3263 2080 3318 398

507 3338 642 3390 CAP.
671 3339 924 3390 XLVIII.
950 3366 1015 3376 -—
1048 3337 1242 3393 Utrum
1301 3337 1512 3393 Pascha
1567 3336 1714 3391 istud
1763 3335 2078 3405 legitimum

435 3411 562 3475 pest
589 3407 727 3478 anni
756 3407 1022 3478 spatium,
1044 3407 1135 3462 vel
1165 3414 1288 3477 post
1319 3409 1486 3476 longa
1514 3405 1807 3463 intervalla
1834 3407 2074 3473 dierum,

436 3492 510 3532 an
541 3477 793 3546 quotidie
821 3494 855 3531 a
885 3477 1147 3532 fidelibus
1175 3479 1246 3532 sit
1274 3479 1574 3535 edendum.
1971 3478 2077 3532 398

507 3549 639 3620 CAP.
673 3551 869 3602 XLIX.
891 3578 961 3592 -
983 3551 1262 3620 Quantum
1298 3565 1470 3606 sacra:
1490 3548 1849 3620 obligationis
1878 3549 2080 3604 immo-

432 3617 567 3673 latio
597 3625 948 3676 mortuorum
981 3619 1273 3690 spiritibus
1300 3621 1494 3690 prosit.
1613 3617 1633 3620 ⁷
1969 3621 2076 3675 399

501 3693 634 3763 CAP.
668 3695 727 3763 L.
755 3719 826 3734 --
859 3696 933 3747 De
960 3693 1203 3762 quodam
1249 3693 1529 3749 monacho
1571 3693 1668 3763 qui
1713 3708 1812 3763 per
1863 3692 2071 3748 saluta-

430 3776 551 3836 rem
585 3760 826 3818 hostiam
854 3760 1199 3836 supplicium
1229 3763 1424 3836 evasit.
1511 3833 1522 3836 _
1589 3760 1605 3763 ⁷
1644 3833 1654 3836 Α
1713 3760 1755 3836 ⁷,
1967 3764 2074 3836 399

503 3835 759 3907 CAP_._LI.
783 3865 850 3874 —
884 3833 1233 3907 De7quodam
1280 3835 1443 3907 cujus
1473 3833 1696 3907 vincula
1742 3834 1804 3891 in
1851 3834 2077 3907 captivi-

429 3909 544 3968 tate
573 3903 764 3962 oblato
793 3903 1025 3977 peracto
1045 3906 1324 3962 sacrificio
1355 3905 1733 3962 solvebantur.
1918 3903 1937 3907 ⁷
1967 3907 2074 3961 399

501 3979 635 4048 CAP.
673 3980 787 4032 LII.
813 4010 881 4017 -—
914 3978 990 4034 De
1015 3977 1258 4047 quodam
1290 3984 1460 4034 nauta
1487 3977 1580 4048 qui
1615 3985 1736 4046 post
1763 3977 1932 4046 longa
1961 3993 2074 4032 ma-

425 4046 504 4101 ris
531 4046 865 4104 discrimina
898 4046 1176 4106 Dominici
1222 4049 1425 4106 virtute
1465 4046 1801 4106 sacramenti
1831 4055 2070 4106 mortem

423 4116 618 4173 evasit.

497 4192 630 4261 CAP.
664 4193 808 4244 LIII.
834 4221 898 4230 —
927 4189 1482 4254 Quibus'immolatio
1514 4191 1793 4249 Dominici
1823 4191 2074 4261 corporis

423 4259 662 4316 mortuis
693 4261 888 4331 prosit.
1675 4309 1680 4314 .
1923 4259 1941 4261 ⁷
1965 4263 2070 4318 400

493 4335 620 4388 CAP.
661 4336 800 4386 LIV.
821 4363 890 4372 —
920 4335 1041 4397 Qua
1069 4331 1392 4403 disciplina,
1443 4348 1554 4402 qua
1595 4333 1879 4390 modestia
1907 4349 2068 4388 oran-

426 4403 561 4460 dum
593 4403 660 4476 sit
693 4419 826 4476 cum
873 4405 1132 4460 sacerdos
1179 4403 1456 4461 sacrificat
1484 4411 1537 4462 et
1574 4405 1959 4476 unusquisque
2009 4405 2070 4461 in

430 4490 531 4531 suo
561 4474 760 4532 ordine
790 4474 986 4532 horam
1029 4490 1204 4534 sacrae
1251 4475 1718 4534 communitiouis
1741 4474 2066 4604 exspee‘zz‘i):j

493 4620 626 4672 CAP.
661 4620 862 4670 LV.—-
892 4619 1032 4683 Quid
1087 4619 1399 4675 cavendum
1451 4619 1823 4678 inoratione
1872 4619 1962 4686 sit,
2013 4627 2066 4672 et

419 4688 661 4760 qualiter
689 4689 966 4746 faciendae
1003 4705 1216 4761 preces.
1960 4691 2054 4745 401

493 4763 624 4816 CAP.
660 4765 798 4816 LVI.
825 4793 890 4803 —
933 4763 1246 4833 Cyprianus
1285 4762 1353 4818 ad
1401 4762 1616 4820 clerum
1666 4761 1734 4818 de
1783 4762 2064 4833 precando

419 4831 618 4888 Deum.
1960 4832 2056 4891 404

465 4847 618 4888 eum.

487 4907 618 4960 CAP.
654 4907 910 4971 LVII,--
942 4904 1096 4970 Quod
1143 4906 1310 4961 etiam
1360 4904 1618 4962 exteriori
1672 4903 1826 4961 cultu
1879 4920 2062 4960 sacro-

416 4981 675 5032 sanctum
708 4977 988 5033 Dominici
1017 4977 1192 5034 altare
1221 4977 1541 5032 ornandum
1569 4975 1660 5031 sit.
1957 4977 2054 5032 401

487 5051 618 5102 CAP.
653 5048 847 5104 LVIII.
870 5079 937 5088 —
966 5049 1126 5112 Quod
1156 5048 1300 5104 nihil
1330 5064 1498 5119 super
1527 5047 1701 5104 altare
1732 5048 2062 5118 ponendum

414 5117 486 5175 sit
517 5127 718 5189 prmler
748 5127 1165 5176 sacrosanctam
1193 5117 1560 5176 oblationem.
1736 5117 1747 5118 7
1954 5119 2062 5174 402

483 5193 614 5247 CAP.
649 5195 884 5246 LIX.—-
920 5191 1079 5256 Quod
1136 5207 1238 5262 pro
1296 5190 1596 5248 homicidis
1645 5197 1700 5246 et
1748 5189 2060 5246 latronibus

414 5278 529 5320 non
561 5270 644 5318 est
673 5263 1132 5320 sacrificandum.
1955 5262 2061 5318 402

483 5338 613 5389 CAP.
645 5339 758 5390 LX.
785 5367 852 5376 —
887 5335 962 5390 De
993 5334 1081 5390 his
1129 5335 1224 5404 qui
1253 5328 1668 5402 eleemosynam
1703 5333 1958 5388 tribuunt
2005 5342 2060 5389 et

413 5412 646 5476 peccata
674 5423 792 5462 non
821 5405 1132 5462 dimittunt.
1746 5474 1756 5476 _
1953 5404 2060 5460 403

417 5474 432 5476 ⁷
483 5479 616 5533 CAP.
651 5481 880 5532 I.XI.—
908 5476 1260 5548 Stupendum
1309 5475 1484 5532 nimis
1515 5475 1586 5532 de
1615 5474 1856 5546 quodam
1903 5491 2056 5546 pres-

411 5544 624 5604 bytero.
1951 5548 2057 5604 403

448 5554 624 5615 ylero.

481 5622 614 5672 CAP.
652 5623 820 5672 LXII.
845 5650 910 5659 —
942 5619 1098 5682 Quod
1147 5618 1556 5690 qualiscunque
1602 5619 1908 5675 sacerdotis
1955 5635 2052 5675 ex-

411 5690 855 5744 communicatio
887 5690 1044 5744 valde
1081 5690 1435 5746 formidanda
1485 5691 1579 5756 sit,
1610 5704 1718 5746 nec
1767 5691 2055 5746 attenden-

411 5755 550 5830 dum
579 5758 954 5830 cujusmeriti
973 5759 1074 5830 sit,
1099 5761 1194 5816 sed
1224 5761 1385 5830 cujus
1411 5755 1738 5817 auctoritate
1763 5760 1869 5816 hoc
1899 5762 2052 5828 facit,

412 5825 888 5896 etiamsiinjusta
931 5825 1170 5900 videtur,
1204 5825 1352 5900 quod
1400 5831 1564 5903 absit,
1603 5825 2056 5889 excommunica-

1463 347 1644 420 QU/E
1687 349 1764 408 IN
1797 346 1961 409 .HOC
2003 345 2220 409 TOftiO
2267 345 2844 412 CONTINEN'I‘UR.

2157 1145 2170 1158 ο
2199 1125 2323 1182 loca
2354 1135 2645 1198 temerare,
2682 1129 2763 1182 vel
2797 1130 2986 1198 aliqua
3009 1125 3184 1184 sorde
3217 1125 3489 1198 polluere.

3643 366 3648 367 ’
3697 353 3843 417 1216

2202 483 2297 536 tio.
3747 489 3844 546 ,ιω

2275 557 2741 631 CAP;_LXII_I._—-
2784 557 3086 631 Laudabile
3133 557 3308 614 nimis
3353 559 3684 631 exemplum
3735 562 3842 630 glo-

2205 626 2339 681 riosi
2369 627 2608 682 Thedosi
2643 628 3017 699 imperatoris.
3523 626 3542 631 ⁷
3737 626 3847 689 ⁷403

2273 703 2403 772 CAP.
2444 702 2725 754 LXIV.—
2768 705 2908 756 Item
2957 700 3109 756 aliud
3159 702 3484 772 exemplum
3534 703 3710 760 nimis
3759 721 3846 770 pa-

2204 770 2468 824 vendum.
3205 825 3218 836 ,
3327 770 3342 772 ⁷
3748 777 3844 832 404

2272 845 2402 896 CAP.
2438 843 2601 915 LXV.
2628 874 2691 884 —
2724 847 2942 907 Quanta
2976 844 3286 900 reverentia
3316 843 3626 915 episcopali
3663 848 3846 902 cathe-

2199 911 2314 988 dra:
2371 913 2646 988 habenda.
2685 916 2760 971 De
2817 916 3028 971 domno
3091 915 3250 972 Petro
3301 911 3690 974 Alexandrino
3749 935 3847 988 pa-

2202 983 2461 1040 triarcha.
3748 983 3845 1045 404

2269 1058 2398 1111 CAP.
2438 1059 2716 1110 LXVI.—
2761 1059 2935 1121 Quam
2999 1073 3163 1126 grave
3222 1064 3516 1126 peccatum
3568 1060 3647 1114 ait
3696 1075 3848 1114 sacra

3749 1133 3848 1187 405

2271 1203 2400 1253 CAP.
2435 1203 2656 1270 LXVII.
2681 1231 2747 1238 —
2779 1201 2856 1256 De
2884 1201 3128 1270 quodam
3161 1200 3379 1256 latrone
3422 1201 3481 1256 in
3527 1206 3848 1258 ctemcterio

2201 1268 2255 1323 S.
2283 1269 2520 1326 Joannis
2548 1271 2805 1340 apostoli.
2902 1268 2915 1270 ⁷
3749 1275 3848 1330 405

2271 1344 2401 1396 CAP.
2431 1345 2678 1396 LXVIII.
2702 1373 2769 1383 ——-
2791 1343 2996 1398 Incidit
3018 1342 3252 1412 epistola
3280 1342 3576 1412 Augustini
3597 1344 3670 1398 ad
3693 1345 3850 1402 Auxi-

2203 1411 2340 1485 lium
2372 1415 2698 1484 episcopum
2752 1429 2851 1485 pro
2895 1411 3064 1470 causa
3108 1413 3336 1484 iniustae
3384 1417 3848 1472 excommunica-

2199 1483 2389 1541 tionis.
2566 1483 2579 1484 7
2753 1483 2768 1485 ⁷
3168 1483 3182 1484 7
3746 1490 3846 1545 406

2267 1559 2400 1631 CAP.
2435 1559 2630 1631 LXIX.
2654 1587 2718 1596 —
2752 1561 2890 1631 Item
2919 1556 3163 1626 capitula
3193 1556 3259 1612 ad
3293 1557 3550 1614 eamdem
3582 1573 3704 1614 rem
3739 1577 3851 1631 per-

2198 1627 2434 1682 tinentia
2467 1627 2525 1682 II.
2562 1627 2924 1698 Augustinus.
3740 1627 3852 1688 ⁷406

2267 1702 2400 1754 CAP.
2437 1702 2602 1754 LXX.
2629 1730 2694 1740 -—
2730 1700 2805 1755 De
2835 1705 3188 1756 sacramento
3231 1698 3584 1770 baptismatis
3629 1703 3694 1760 Β.
3727 1705 3848 1758 Am-

2199 1768 2440 1826 brosius.
3303 1768 3318 1770 7
3753 1776 3848 1830 406

2347 1885 2642 1942 SANCTUS
2682 1886 3081 1943 DUNSTANUS
3120 1887 3700 1946 ARCHIEPISCOPUS

2747 1957 2882 2013 CAN
2889 1957 3299 2015 TUARIENSIS.

2229 2055 2320 2182 hS.
2359 2056 2633 2113 Dunstani
2663 2064 2890 2113 auctore
2930 2055 3186 2113 Osberno
3231 2057 3631 2115 Cantuariensi
3664 2075 3848 2186 moros,-

2269 2143 2321 2182 o.

2193 2132 2321 2183 cbo.
3751 2132 3845 2186 .507

2265 2197 2696 2254 Observationes
2719 2197 2964 2258 ιιι-ξενίας.
3747 2203 3844 2258 407

2265 2214 2696 2254 uoservauones
2759 2214 2964 2256 revue.
3747 2214 3841 2258 4w

2265 2214 2772 2351 Csbverniepistoﬁt
2794 2286 2890 2326 seu
2923 2271 3196 2342 praefatio.

2267 2341 2475 2411 Incipit
2504 2341 2650 2397 Vita.
3743 2345 3842 2400 415

2267 2411 2544 2467 Dunsrani
2575 2418 2834 2483 parentes
2863 2411 3084 2469 nobiles
3119 2427 3185 2468 ac
3213 2411 3314 2483 pii.
3749 2416 3849 2470 415

2265 2483 2450 2539 Cereis
2479 2483 2574 2539 lux
2603 2483 2824 2540 ccelitus
2855 2483 3086 2540 reddila.
3747 2487 3849 2543 415

2269 2555 2544 2626 Dunstani
2577 2555 2836 2610 nativitas
2867 2563 2922 2611 et
2951 2555 3301 2626 baptismus.
3745 2559 3849 2613 416

2265 2624 2459 2682 Morbo
2489 2634 2780 2696 correptus
2809 2627 2952 2685 mira
2980 2624 3114 2683 facit
3142 2625 3346 2694 angelo
3377 2626 3544 2685 duce.
3749 2630 3846 2686 418

2263 2697 2502 2753 Ordines
2533 2697 2780 2754 minores
2812 2699 3066 2769 suscipit.
3096 2697 3345 2754 Lectioni
3375 2707 3428 2754 et
3458 2701 3728 2756 scientiis
3757 2702 3847 2756 dat

2191 2783 2442 2838 operam.
3744 2773 3846 2827 419

2259 2839 2343 2895 Ab
2374 2839 2632 2896 Athclmo
2661 2839 2896 2896 traditur
2925 2839 3042 2911 regi
3072 2839 3417 2897 Ethelstano.
3745 2845 3845 2900 520

2263 2911 2484 2966 Cithara
2514 2912 2738 2968 coalitus
2767 2911 2860 2968 dat
2885 2927 3109 2968 sonum.
3740 2915 3834 2971 421

2265 2982 2587 3038 Dunstanus
2615 2983 2932 3040 aulicorum
2961 2983 3234 3040 invidiam
3265 2981 3425 3053 fugit.
3739 2987 3842 3042 422

2261 3053 2454 3129 Elfego
2477 3053 3195 3129 cpisc0po_hortanle,deiu
3225 3055 3424 3112 morbo
3453 3055 3842 3129 accidente,fit

2190 3125 2508 3180 monachus
2536 3132 2589 3182 et
2621 3125 2924 3196 presbyter.
3036 3125 3039 3126 7
3475 3181 3480 3187 .
3739 3125 3843 3185 422

2258 3196 2564 3272 Glastpnize
2580 3197 2637 3252 in
2658 3205 2893 3270 augusta
2913 3196 3056 3255 cella
3074 3197 3350 3270 inclusus,
3367 3197 3670 3255 diabolum
3693 3215 3842 3272 egre-

2187 3268 2276 3339 gie
2304 3269 2532 3339 excipit.
2745 3268 2754 3270 7
3332 3268 3338 3270 7
3731 3268 3840 3333 71123

2259 3339 2510 3395 Matrona
2562 3340 2714 3409 regia
2767 3339 2833 3395 ad
2888 3339 3241 3396 Dunstanum
3269 3341 3510 3397 accedit.
3548 3341 3608 3396 Β.
3647 3343 3840 3399 Marize

2184 3411 2382 3466 devota
2415 3411 2616 3482 Regem
2649 3418 2859 3468 recreat
2887 3427 2992 3482 0pc
3023 3411 3288 3480 Dciparae.
3734 3416 3836 3470 425

2258 3481 2549 3557 digrotans
2579 3498 2666 3538 res
2691 3497 2820 3557 suas
2839 3481 3168 3557 disponitin
3192 3497 3395 3557 manus
3429 3483 3835 3557 Dunstani,qui

2185 3552 2418 3610 mobilia
2447 3553 2540 3609 dat
2568 3551 3032 3626 pauperibus.7—-
3060 3551 3162 3608 Illa
3200 3553 3450 3626 Spiritus
3495 3557 3688 3612 sancti
3718 3551 3807 3613 ad

2184 3631 2350 3680 ventu
2407 3622 2995 3695 recreata,7unctione
3049 3638 3118 3680 ac
3159 3622 3386 3696 viatico,
3419 3628 3646 3682 munita
3695 3629 3835 3685 obit.

2185 3695 2508 3822 Dunstanus
2534 3695 2913 3754 haereditatcm
2944 3695 3220 3754 convertit
3247 3695 3307 3753 in
3339 3696 3607 3756 ecclesias
3640 3708 3698 3756 et
3723 3717 3839 3827 1:96-

2185 3783 2282 3824 nas
2308 3781 2441 3823 eria.
3771 3783 3792 3824 ξ

3727 3843 3834 3898 428

2178 3765 2441 3824 nasteria.

2256 3841 2468 3894 Arcana
2497 3837 2718 3894 cmlitus
2747 3837 2932 3896 discit.

2249 3909 2332 3965 Ab
2369 3909 2700 3982 Eadmundo
2745 3909 2806 3966 in
2859 3909 3133 3981 palatium
3153 3910 3390 3982 accitus,
3440 3911 3650 3968 iterum
3701 3913 3839 3969 inde

2181 3981 2668 4052 protruditur.Sed
2701 3997 2829 4053 rege
2857 3999 2924 4037 ex
2957 3981 3268 4053 praecipitio
3296 3981 3489 4052 erepto
3516 3983 3835 4041 honor-ilice

2180 4058 2490 4123 revocatur,
2512 4067 2783 4109 concesso
2813 4052 2920 4122 ipsi
2948 4053 3068 4109 solo
3094 4052 3288 4109 natali.
3727 4056 3835 4111 428

2248 4123 2552 4179 Οιδςιθηὶῖθ
2582 4125 2990 4180 monasterium
3020 4123 3242 4181 celebre
3291 4123 3493 4180 reddit.
3542 4125 3831 4181 Daemonis

2178 4193 2354 4269 eludit
2379 4195 2688 4269 terriculas.
2709 4266 2716 4269 _
2739 4196 2793 4248 S.
2844 4195 3080 4269 Andreae
3112 4211 3188 4269 se
3211 4197 3562 4269 committit.
3595 4199 3831 4269 Angelis

2176 4264 2493 4336 familiaris,
2520 4266 2722 4336 Edgari
2745 4273 2956 4324 sortem
2983 4267 3170 4323 discit.
3194 4266 3459 4324 Absentia
3479 4269 3649 4323 videt.
3689 4264 3715 4269 ⁷
3732 4270 3832 4324 430

2247 4337 2410 4463 Βεῖδῐίε
2441 4343 2678 4394 mortem
2713 4339 3033 4408 prmnoscit.
3067 4339 3229 4408 cujus
3269 4353 3478 4410 corpus
3520 4340 3832 4467 Glaslogg

2247 4425 2305 4467 De
2335 4425 2348 4463 ι
2381 4451 2393 4462 .
3795 4449 3828 4467 .-

2175 4415 2393 4479 sepelit.
3722 4415 3828 4467 432

2221 4499 2225 4504 δ
2249 4480 2466 4536 Edredo
2496 4479 2610 4549 regi
2634 4479 2840 4535 charus
2871 4479 2951 4535 fit.
3723 4483 3832 4540 432

2247 4551 2437 4622 Elfego
2469 4557 2690 4607 mortuo
2719 4551 2909 4607 sedem
2941 4551 3396 4609 Wintoniensem
3421 4560 3662 4608 recusat.
3725 4555 3833 4610 432

2247 4623 2449 4678 Edredi
2480 4621 2686 4678 mortui
2709 4622 2879 4678 funus
2908 4629 3086 4680 curat.
3723 4627 3830 4682 ,434

2247 4694 2399 4750 Edwi
2431 4693 2575 4764 regis
2605 4692 2677 4750 ob
2707 4692 2886 4764 malos
2916 4709 3120 4764 mores,
3153 4694 3385 4752 recedit.
3723 4698 3830 4753 435

2245 4763 2550 4820 Glastoniae
2577 4765 2669 4836 pie
2688 4763 2859 4836 degit.
3103 4763 3108 4764 7
3719 4769 3829 4824 435

2246 4836 2408 4905 Regis
2435 4835 2656 4908 amores
2685 4835 3014 4907 insectatus,
3049 4837 3108 4892 in
3141 4837 3402 4893 exsilium
3435 4836 3638 4908 agitur.
3664 4841 3826 4907 Apud

2171 4909 2493 4964 Gaudarum
2522 4907 2693 4978 degit.
3480 4907 3489 4908 ⁷
3719 4912 3828 4966 ,436

2243 4979 2436 5035 Edwin
2466 4993 2595 5050 rege
2617 4979 2825 5050 fugato,
2844 4979 3108 5050 ,Edgarus
3140 4986 3356 5050 regnat.
3717 4982 3826 5038 437

2244 5051 2568 5122 Dunstanus
2595 5049 2666 5105 ab
2691 5049 2892 5122 exsilio
2921 5049 3233 5122 revocatur.
3267 5050 3686 5122 Wigorniensis
3714 5053 3824 5108 Ec-

2169 5121 2357 5179 clesiae
2388 5121 2685 5192 episcopus
2713 5121 3008 5177 ordinatur
3047 5121 3152 5178 sub
3193 5121 3826 5194 titulo7archiepiscopi

2169 5194 2610 5250 Cantuariensis.
3718 5197 3826 5252 .538

2243 5264 2418 5320 Edwii
2448 5263 2700 5320 animam
2730 5280 2762 5318 a
2791 5263 2976 5335 pinnis
3005 5263 3226 5320 liberat.
3717 5267 3824 5322 439

2241 5335 2552 5391 Lundonia;
2580 5335 2772 5390 sedem
2798 5333 3026 5404 accipit.
3718 5338 3824 5393 uo

2237 5408 2434 5480 Odone
2464 5413 2706 5476 mortuo,
2720 5405 2978 5480 itemque
3007 5405 3222 5475 Elfino;
3255 5406 3578 5464 Bcrthelino
3615 5407 3822 5480 ejecta,

2165 5477 2524 5534 Cantuariam
2553 5479 2902 5534 transfertur.
3646 5477 3661 5480 7
3717 5477 3816 5537 441

2199 5547 2510 5677 li(clalnmba
2550 5549 2697 5605 inter
2742 5563 2898 5605 sacra
2949 5547 3281 5606 illustratur.
3327 5548 3540 5622 Aquam
3572 5566 3639 5606 ex
3681 5567 3821 5679 r223

2163 5621 2336 5678 elicit.
3396 5621 3399 5622 7
3713 5621 3821 5679 442

2201 5693 2443 5819 dﬁﬁﬁttam
2472 5689 2545 5748 ob
2577 5691 2842 5748 violatam
2873 5691 3148 5764 virginem
3180 5692 3440 5764 septenni
3471 5694 3820 5820 paenitetat:

2164 5777 2394 5818 auurcu.

2239 5835 2583 5890 (tlericorum
2615 5833 2921 5904 ejeetorum
2954 5835 3214 5906 querelas
3242 5836 3519 5907 refringit.
3709 5837 3818 5894 445
