2027 3247
213 161 245 194 15
943 164 1113 196 ΝΟΤΙΤΙΑ·
1797 168 1828 202 16

211 219 298 254 libris.
312 218 457 255 Carolique
471 219 613 250 Annibalis
626 219 760 253 Fabrotti,
775 220 821 256 qui
839 220 990 249 versionem
1008 230 1069 250 cum
1085 221 1187 250 Graecis
1201 229 1267 251 mss.
1287 222 1409 257 contuiit,
1428 222 1499 252 notis
1513 222 1670 258 prodierunt
1683 223 1710 252 in
1728 224 1762 252 ll.
1780 225 1829 253 Ju-

209 263 279 292 stelli
294 263 365 291 Bibl.
379 262 514 291 Canonica
535 268 600 291 tom.
619 263 653 297 Il,
668 271 730 299 pag.
745 263 825 292 1225,
839 263 928 293 Paris.
944 264 1024 298 1661,
1042 266 1089 293 fol.
1106 264 1171 293 Vide
1185 269 1212 293 et
1225 265 1381 294 Fabrottum
1397 266 1430 294 ad
1445 266 1650 295 COnstantinum
1664 267 1827 303 Manassem,

209 315 269 344 pag.
289 307 350 340 195,
367 307 411 335 ubi
426 307 460 335 de
475 306 568 335 codice
587 314 636 336 ms.
656 306 762 342 (νιιιιι.)
779 307 856 335 Cont'.
872 307 951 341 infra,
966 308 1020 336 vol.
1038 307 1103 343 Xll;
1119 316 1145 344 p.
1159 309 1222 343 405,
1233 308 1291 337 Jos.
1304 309 1371 337 Mar.
1387 308 1506 338 Suaresii
1520 309 1606 338 Notit.
1625 310 1804 339 Basilicornm
1818 330 1827 345 ,

211 353 255 381 ed.
274 351 305 379 D.
320 351 421 379 Christi
438 350 513 378 Frid.
530 350 627 384 Pohlii,
643 350 717 386 Lips.
733 350 820 384 1804,
838 350 865 383 8,
883 350 898 387 §
915 351 941 384 9,
956 359 1016 387 pag.
1041 351 1086 380 28.
1111 366 1144 373 —-
1157 352 1254 380 Exstat
1272 351 1439 381 Balsamonis
1454 351 1582 381 Collectio
1599 354 1826 381 constitutionum

204 390 292 423 Vvariis
307 396 334 423 in
350 394 428 424 codd.
447 403 462 422 e
475 393 524 422 Gr.
542 394 693 422 Vindobon.
711 394 757 427 16,
772 403 801 424 n.
819 395 836 423 '5
849 395 1020 423 Novellarum
1038 395 1268 424 Constitutionutn
1285 395 1351 427 imp.
1365 395 1510 424 Iustiniani
1528 395 1537 422 l
1555 396 1677 430 Epitome
1698 396 1828 424 ecclesia-

210 440 288 470 stica,
305 447 320 466 a
335 438 477 466 Theodoro
494 437 609 470 Balsatn,
623 438 782 472 composita,
798 443 824 466 et
839 438 865 466 in
890 446 970 474 capp.
993 439 1130 475 octoginta
1144 445 1245 475 septem
1261 440 1357 468 divisa.
1378 440 1408 468 ν.
1424 440 1550 468 Latnbec.
1569 439 1602 468 Vl
1616 461 1623 473 ,
1639 446 1709 475 part.
1726 440 1746 473 l,
1762 448 1824 475 pag.

210 483 261 510 1'18
274 490 334 518 sqq.
353 482 397 510 ed.
414 481 515 509 Kollar.
530 481 619 516 Atque
631 480 758 510 Lambec.
773 482 922 516 adnotavit,
938 487 1046 511 exstare
1065 484 1173 518 quidem
1193 484 1218 511 id
1233 484 1391 519 opusculum
1416 484 1443 511 in
1463 483 1546 511 Voelli
1571 490 1598 511 et
1619 483 1724 512 Justelli
1753 483 1823 512 Bibl.

209 527 257 555 Gr.
276 526 335 554 Lat.
349 525 423 553 Juris
436 525 560 552 canonici
578 529 632 552 vet.
650 529 714 553 tom.
731 525 762 559 ll,
779 526 987 561 p.1512-1561,
1000 525 1046 553 sed
1061 525 1137 560 longe
1150 525 1239 558 aliter,
1255 533 1335 561 quant
1351 526 1376 552 in
1392 526 1443 553 hoc
1459 526 1552 552 codice
1563 526 1664 554 Ctesar.
1682 526 1753 557 (sed.
1770 525 1823 553 vid.

209 570 291 607 paulo
307 574 367 605 post
380 570 414 597 de
433 568 512 597 codd.
527 567 639 596 Taurin.
657 573 683 596 et
697 568 846 606 Marciano)
862 570 982 597 Fahrott.
999 571 1088 595 autem
1106 567 1134 595 in
1157 567 1246 596 fronte
1261 572 1362 595 tnonet.
1378 572 1486 595 exstare
1503 568 1529 595 in
1550 568 1638 596 Vatic.
1655 570 1715 596 cod.
1732 569 1783 597 856
1799 573 1827 596 et

207 613 323 642 Palatin.
338 613 398 640 cod.
414 611 466 640 226
482 611 530 640 Gr.
544 611 681 640 sitnillima
695 612 836 640 Paratitla.
851 612 1008 640 —Florent.
1023 611 1052 639 in
1066 612 1127 640 cod.
1144 611 1273 639 Laurent.
1287 612 1314 645 8,
1331 620 1359 639 ιι.
1375 611 1418 646 56,
1435 612 1501 646 plut.
1516 612 1543 645 9,
1562 616 1588 640 et
1605 613 1665 640 cod.
1685 613 1729 645 15,
1746 621 1772 641 n.
1788 613 1822 640 15

207 667 266 695 sqq.
285 659 351 694 plut.
366 657 414 691 56,
426 658 460 685 de
472 657 569 692 quibus
589 655 621 684 V.
641 657 754 685 Bandin.
769 658 795 685 in
810 657 870 685 Cat.
889 657 968 686 codd.
984 656 1030 684 Gr.
1049 656 1131 685 Laur.
1147 656 1168 689 l,
1184 664 1246 692 pag.
1264 656 1327 690 402,
1345 662 1372 684 et
1391 662 1455 685 tom.
1470 656 1504 690 ll,
1521 664 1549 692 p.
1562 657 1781 686 510.—Taurini
1795 658 1823 686 in

206 704 267 735 cod,
284 710 338 737 reg.
355 696 390 729 26
409 701 454 735 qui
467 700 588 729 continet
612 700 685 728 varia
702 700 837 728 Theodor.
854 700 970 729 Balsam.
990 700 1090 736 Opusc.
1109 700 1383 736 juridico-canonica,
1403 709 1482 735 quem
1504 701 1643 729 coniector
1667 706 1719 729 cat.
1745 703 1824 729 codd.

206 756 247 783 gr.
261 746 342 779 Taur,
357 754 384 781 p.
399 744 433 773 96
448 752 508 780 sqq.
524 748 617 772 curate
632 745 794 780 copioseque
810 750 944 773 recenset.
961 744 1082 772 Primum
1105 749 1197 771 monet
1212 749 1305 772 contra
1328 744 1490 778 Nesselium,
1504 744 1531 772 in
1549 744 1609 772 Cat.
1626 745 1690 773 bibl.
1708 744 1822 774 Vindob.

206 794 274 826 part.
291 798 321 821 ιι.
338 797 364 824 p.
382 788 428 821 22,
445 796 472 822 ιι,
488 788 515 816 5.
533 788 588 821 (ευί
615 793 704 816 tamen
720 787 787 824 jam,
812 793 840 816 ut
858 789 983 821 vidimus,
1001 788 1105 823 praeivit
1121 786 1261 823 Lambec.)
1278 787 1466 820 aﬂirmantem,
1486 788 1550 815 illud
1574 788 1741 817 Balsamonis
1757 796 1824 824 opus

206 835 235 862 in
250 835 310 862 cod.
329 833 442 861 Vindob.
456 837 563 860 exstare
579 832 605 859 in
621 831 707 860 Voelli
724 838 751 860 et
765 831 869 860 Justelli
886 832 1053 860 Bibliotheca
1066 850 1074 863 .
1092 836 1158 859 tom.
1178 831 1211 858 ll.
1231 830 1324 867 Longe
1350 832 1427 859 aliter
1450 836 1539 860 tamen
1563 832 1717 867 expositum
1741 837 1822 868 atque

205 880 352 910 diversum,
364 877 440 905 valde
455 884 567 909 errare;
583 881 611 904 et
627 881 769 909 tractatus,
785 877 830 911 qui
844 876 909 904 editi
925 875 1033 903 fuerunt
1043 883 1058 903 a
1072 875 1164 904 Voello
1177 880 1204 904 et
1217 874 1341 909 Justello,
1356 875 1423 903 alios
1436 883 1547 912 prorsus
1557 883 1617 904 esse
1631 881 1658 904 et
1672 871 1818 905 distinctos

205 924 239 951 ab
254 930 335 958 opere
353 922 378 950 in
392 921 453 949 cod.
471 921 584 948 Taurin.
602 921 729 956 (quocum
745 921 805 948 cod.
822 920 951 948 Laurent.
975 923 1150 952 memoratus,
1167 920 1260 954 paucis
1277 919 1353 947 initio
1369 921 1493 955 exceptis
1504 941 1512 955 ,
1529 921 1685 952 concordat.
1700 921 1823 948 animad-

203 971 326 996 vertente
339 965 452 993 Bandin.
468 965 487 992 ι.
503 965 540 999 c.)
558 963 637 998 llinc,
653 964 725 997 qttod
756 964 782 992 id
809 964 926 1000 primunt
958 963 1117 998 opusculum
1134 963 1272 998 (nimirum
1291 963 1336 997 87,
1355 964 1444 998 priora
1464 963 1590 1000 capitula)
1610 964 1822 1000 praetermissum

203 1011 254 1039 init
268 1011 294 1038 in
305 1001 391 1038 Voelli
402 1013 427 1036 et
440 1007 544 1037 Justelli
560 1007 628 1035 Bibl.
644 1009 717 1043 (nam
734 1009 760 1035 in
771 1007 822 1035 hac
836 1008 948 1042 reliqua,
966 1013 1051 1042 quzea
1067 1005 1133 1034 folio
1149 1006 1202 1034 100
1218 1006 1346 1042 deinceps
1359 1012 1509 1042 sequuntur
1524 1007 1550 1035 in
1566 1008 1668 1040 codice,
1686 1011 1748 1035 sunt
1764 1007 1823 1034 vul-

202 1054 287 1090 gata).
302 1053 440 1081 coniector
465 1052 525 1080 Cat.
544 1052 637 1079 titulos
659 1050 825 1087 singulorum
848 1051 965 1086 capitum
983 1058 1024 1084 ex,
1037 1050 1098 1078 cod.
1117 1049 1230 1084 protulit
1244 1057 1306 1085 pag.
1323 1050 1436 1078 96-107.
1453 1065 1489 1071 -—
1511 1051 1541 1078 1n
1557 1051 1649 1079 codice
1664 1050 1710 1083 26,
1728 1057 1743 1077 a
1757 1050 1823 1078 folio

200 1099 264 1130 262,
278 1098 305 1125 2.
322 1097 355 1125 ι’.
373 1096 453 1125 catal.
468 1095 514 1124 cit.
532 1103 559 1131 p.
576 1095 637 1123 198.
653 1110 686 1116 —
704 1094 821 1123 Venetiis
839 1096 864 1122 in
878 1094 938 1122 cod.
955 1094 1094 1121 Marciano
1109 1093 1174 1122 269.
1193 1093 1225 1123 V.
1236 1094 1296 1122 Cat.
1314 1094 1393 1122 codd.
1408 1094 1455 1123 Gr.
1467 1095 1549 1123 Marc.
1567 1103 1593 1131 p.
1606 1095 1652 1124 98.
1671 1094 1725 1123 Sed
1740 1094 1822 1123 multo

202 1142 358 1171 distinctius
380 1141 515 1169 recensuit
529 1147 591 1167 eum
607 1139 660 1167 cel.
674 1138 787 1172 Morclli,
806 1138 832 1166 in
850 1137 916 1167 bibl.
932 1146 996 1166 tnss.
1013 1137 1060 1165 Gr.
1076 1142 1103 1165 et
1124 1136 1183 1165 Lat.
1200 1139 1223 1172 1,
1247 1146 1308 1173 pag.
1324 1138 1370 1171 97,
1387 1146 1484 1174 nempe
1499 1139 1593 1166 insunt
1609 1147 1616 1166 :
1636 1139 1664 1166 1°
1684 1138 1823 1167 Constitu-

203 1187 300 1219 tiones,
314 1192 347 1213 ex
362 1185 396 1212 iis
412 1185 531 1217 selectae,
548 1191 618 1218 quas
634 1187 696 1218 post
710 1183 880 1211 Novellarum
896 1183 1017 1211 codicem
1029 1181 1200 1212 Justinianus
1217 1181 1309 1215 edidit,
1326 1179 1376 1210 sub
1394 1190 1470 1217 capp.
1483 1182 1529 1216 87,
1547 1183 1666 1218 syllogen
1680 1204 1687 1216 ,
1704 1191 1718 1210 a
1733 1182 1823 1210 Theo-

201 1232 268 1258 doro
283 1229 400 1256 Balsam.
416 1228 588 1261 adornatam,
605 1226 735 1260 ctIiciunt,
749 1227 855 1262 qualem
871 1227 981 1255 exhibet
996 1226 1057 1254 cod.
1074 1225 1265 1258 Taurinensis,
1281 1231 1307 1253 et
1323 1234 1383 1260 quas
1398 1226 1499 1262 sylloge
1513 1233 1529 1253 a
1549 1226 1695 1255 Lambecio
1714 1226 1739 1254 iit
1759 1227 1820 1254 cod.

201 1273 353 1303 Vindobon.
370 1279 483 1299 memor.
499 1279 548 1306 pro
563 1271 686 1305 sequenti
705 1270 872 1298 Balsamonis
885 1278 965 1306 opere
980 1277 1121 1305 perperam
1138 1269 1229 1298 habita
1247 1274 1299 1297 est.
1322 1269 1420 1297 Exstat
1442 1277 1548 1305 quoque
1574 1270 1601 1297 in
1623 1271 1683 1298 cod.
1708 1270 1822 1298 Coislin.

200 1325 262 1353 pag.
275 1317 320 1349 87,
336 1315 406 1344 Bibl.
420 1315 602 1343 Coisliniante.
629 1314 658 1341 2'
674 1314 745 1343 XXV
761 1314 971 1342 Constitutiones
987 1315 1075 1350 legum
1092 1313 1212 1341 civilium
1227 1321 1260 1340 ex
1275 1312 1395 1342 Novellis
1408 1313 1573 1347 Justiniani,
1589 1318 1617 1341 ut
1633 1314 1658 1341 in
1671 1314 1731 1341 cod.
1747 1313 1820 1341 Tau~

201 1362 252 1389 riu.
270 1368 297 1395 p.
317 1359 378 1387 104.
394 1360 474 1387 catat.
491 1363 518 1385 et
533 1358 664 1385 Laurent.
679 1365 723 1392 ap.
739 1356 852 1385 Bandin.
871 1358 892 1391 1,
907 1365 934 1392 p.
950 1356 1013 1390 478,
1031 1365 1059 1385 ιι.
1077 1357 1157 1391 7-25)
1174 1359 1232 1385 duae
1249 1358 1421 1385 collectiones
1445 1366 1505 1385 cum
1532 1358 1618 1386 titulis
1644 1359 1741 1391 tribus,
1759 1365 1818 1393 qtae

201 1405 341 1432 continent
355 1402 523 1430 Balsantonis
545 1399 736 1429 Collectionetn
751 1400 907 1428 Constitutt.
923 1401 1179 1433 ecclesiasticarum,
1192 1402 1278 1429 tribus
1291 1402 1366 1429 libris
1383 1402 1550 1435 distinctam,
1568 1404 1676 1438 qualem
1692 1403 1755 1430 bibl.
1770 1402 1819 1430 Ju-

202 1448 271 1476 stelli
286 1446 483 1483 complectitur.
498 1459 535 1466 —-
548 1445 635 1473 Paris.
653 1445 680 1472 in
696 1445 756 1472 cod.
773 1444 851 1477 1555,
869 1450 953 1479 atque
968 1452 1028 1480 cap.
1046 1444 1076 1472 11
1094 1451 1121 1473 et
1138 1445 1171 1472 12
1186 1445 1213 1472 in
1238 1444 1299 1472 cod.
1322 1444 1401 1478 1552,
1421 1453 1449 1473 n.
1475 1446 1520 1479 51,
1547 1446 1612 1474 bibl.
1635 1446 1710 1481 pubi.
1739 1445 1819 1474 (Ioni.

201 1493 283 1530 etiam
294 1491 333 1529 VD.
345 1492 425 1525 Casp.
442 1489 540 1518 Achat.
554 1488 636 1530 Beck,
654 1489 691 1517 De
706 1487 823 1516 Novellis
837 1488 933 1516 Leonis
946 1488 1028 1523 Aug.,
1045 1494 1099 1518 etc.
1118 1490 1162 1517 ed.
1186 1490 1219 1518 Ι).
1242 1489 1306 1517 Car.
1331 1488 1406 1518 Frid.
1420 1489 1567 1525 Zepernlclr
1580 1510 1588 1524 ,
1608 1490 1681 1519 Halat:
1698 1490 1777 1525 1779,
1791 1490 1820 1524 8,

199 1544 229 1573 ρ.
240 1527 397 1571 27;'lhique
411 1539 468 1562 not.
482 1527 665 1570 Zepernickii,
681 1536 707 1560 et
724 1533 794 1560 hunc
809 1540 835 1567 p.
851 1531 914 1560 562.
933 1531 1047 1570 (Ηιιιι.)

234 1579 279 1608 lll.
299 1580 439 1622 Responsa
454 1577 528 1605 varia
542 1582 569 1604 et
583 1575 756 1611 imperatoria
771 1575 858 1603 edicta
873 1583 970 1604 causas
983 1577 1184 1605 ecclesiasticas
1198 1575 1359 1612 spectantia,
1372 1584 1432 1613 quae
1446 1582 1554 1606 exstant
1568 1578 1593 1606 in
1610 1576 1679 1606 libro
1693 1577 1815 1606 secundo

200 1625 274 1655 Juris
288 1620 516 1662 Graeco-Romani
539 1629 555 1649 a
577 1621 681 1657 Marqu.
699 1620 817 1649 Frehcro
842 1620 936 1650 Gratce
957 1627 984 1650 et
1001 1621 1058 1649 Lat.
1076 1620 1141 1650 editi
1168 1620 1294 1648 Francof.
1310 1620 1391 1654 1596,
1412 1621 1459 1649 ubi
1475 1621 1643 1650 Balsamonis
1657 1629 1755 1650 nomen
1772 1628 1820 1649 oc-

200 1668 288 1698 currit
304 1675 312 1695 :

237 1714 264 1741 1.
280 1712 349 1749 Περὶ
363 1711 411 1739 τοῦ
425 1710 570 1747 ἔφειμένον
585 1700 654 1738 εἷναῖ
679 1709 718 1745 τῷ
744 1710 860 1745 βασιλεῖ,
876 1710 988 1745 ἀνάγειν
1002 1711 1036 1736 τὰ

1019 1711 1051 1741 ἃς
1066 1708 1221 1741 ὲπισκοπὰς
1237 1709 1277 1741 είς
1295 1708 1476 1745 μητροπόλεις
1493 1708 1538 1745 (s).
1561 1708 1638 1742 Quod
1660 1709 1817 1744 imperatori

200 1758 356 1793 permissum
370 1756 405 1784 sit
424 1756 586 1791 episcopatus
603 1755 631 1782 in
646 1754 801 1788 titelrapoles
815 1755 925 1789 erigere,
942 1762 969 1789 p.
989 1754 1052 1782 150.

236 1801 265 1829 2.
277 1799 346 1836 Περὶ
358 1799 448 1835 γάμου
467 1798 542 1831 θείας
557 1798 605 1826 καὶ
620 1795 734 1834 ἀνεψιᾶς
750 1799 819 1834 μετὰ
833 1798 907 1825 θείου
920 1798 968 1825 καὶ
979 1799 1036 1834 ἀνες

1017 1798 1090 1834 εψιοῡ
1106 1797 1138 1834 (1)
1162 1806 1169 1825 :
1198 1796 1236 1825 De
1251 1797 1347 1831 nuptiis
1363 1797 1453 1823 amitte
1466 1801 1489 1823 et
1505 1796 1599 1830 fratris
1621 1796 1685 1831 ﬁlia.-
1708 1796 1817 1832 legitimi

202 1853 262 1873 cum
276 1844 332 1879 [ilio
347 1843 439 1878 fratris
458 1847 483 1869 et
497 1849 592 1877 patruo
610 1842 744 1877 ineundis,
770 1850 820 1879 pag
838 1842 899 1870 158.
914 1842 1007 1878 (ΡΑιιιι.
1025 1842 1126 1878 (Conf.
1153 1842 1213 1870 cod.
1238 1840 1353 1868 Nanian.
1368 1840 1431 1874 229,
1451 1848 1478 1867 ιι.
1494 1840 1520 1873 1,
1533 1844 1561 1868 et
1583 1839 1642 1868 Cat.
1666 1840 1745 1868 codd.
1767 1839 1816 1868 Gr.

204 1889 272 1916 Nan.
289 1896 315 1922 p.
333 1887 397 1915 425.
414 1886 525 1921 (ιίιιιιι.)

237 1932 264 1960 5.
281 1931 349 1968 Περὶ
369 1931 424 1958 τῶν
445 1929 636 1966 ψηφισθέντων
653 1930 691 1962 si;
712 1930 761 1962 τὰς
779 1929 952 1962 ’Δνατολικάς
985 1929 1037 1956 ‘Ex:

1016 1928 1148 1964 κκλησεας
1172 1928 1211 1965 (ιι)
1238 1935 1245 1956 :
1272 1927 1312 1955 De
1337 1927 1425 1956 electis
1439 1928 1473 1955 ad
1501 1927 1650 1956 Orientales
1675 1926 1816 1961 Ecclesias,

202 1983 265 2012 pag.
288 1975 350 2004 158.

190 2054 193 2056 _
237 2020 265 2047 ι.
282 2019 350 2056 Περὶ
360 2019 540 2056 δικαστηρίου
556 2019 610 2046 τῶν
626 2018 767 2054 κληρικῶν
792 2018 828 2054 (υ)
846 2026 853 2045 :
869 2018 906 2045 De
920 2017 979 2052 [oro

488 2019 540 2046 aiou
556 2019 610 2046 τῶν
626 2018 767 2054 κληρικῶν
792 2018 828 2054 (υ)
846 2026 853 2045 :
869 2018 906 2045 De
920 2017 979 2052 [aro
996 2017 1163 2048 clericorum,
1181 2023 1207 2050 p.
1228 2016 1288 2044 1'59.

239 2064 266 2093 5.
286 2064 355 2100 Περὶ
366 2063 413 2090 τοῦ
429 2061 633 2099 πατριαρχικοῧ
651 2062 757 2090 δικαίου
774 2062 821 2089 ἐπὶ
835 2062 870 2089 τὰ
886 2062 1037 2097 μοναστήρι

1015 2069 1057 2096 pta
1073 2060 1112 2096 (τι)
1128 2067 1137 2087 :
1153 2060 1190 2088 De
1200 2061 1263 2095 jure
1286 2061 1460 2095 patriarcltico
1481 2060 1508 2088 in
1525 2060 1695 2092 monasteria,
1710 2067 1736 2095 p.
1756 2058 1815 2087 110.

202 2108 301 2144 [Paris.
318 2108 344 2136 in
360 2108 421 2136 cod.
436 2107 515 2139 1552,
533 2115 559 2135 tt.
577 2105 634 2143 15.]

236 2152 264 2179 6.
279 2152 349 2186 Περὶ
360 2151 537 2183 διδασκάλων,
548 2151 586 2186 (y)
602 2158 610 2176 :
628 2150 665 2178 De
677 2150 840 2183 doctoribus,
856 2158 882 2185 p.
900 2150 962 2177 145.

189 2217 191 2225 ι
236 2195 266 2225 7,
281 2196 349 2231 Περὶ
363 2195 557 2231 δικαιωμάτων
585 2195 639 2222 τῶν
663 2194 821 2230 ἁπανταχοῦ
850 2193 1003 2230 ἐκκλησιῶν
1023 2192 1070 2218 ἐπὶ
1091 2193 1124 2228 τῇ
1142 2193 1244 2228 κατοχῇ
1258 2193 1311 2219 τῶν
1327 2193 1464 2227 ἀκινήτων
1488 2191 1526 2228 (ι)
1546 2202 1552 2220 :
1574 2191 1612 2219 De
1633 2192 1816 2219 instrumentis

201 2235 328 2268 omnium,
344 2243 403 2271 σωκ
420 2235 523 2275 ultique,
536 2235 704 2262 ecclesiarum
725 2234 756 2261 ob
772 2236 958 2269 possessionem
976 2237 1158 2267 immobilium,
1176 2244 1202 2271 p.
1220 2237 1282 2265 149.

236 2280 263 2308 8.
282 2279 479 2317 Περὶ-ἡμερῶν
495 2279 646 2315 ἀπράκτων
665 2278 702 2313 (n)
720 2287 727 2306 :
746 2278 784 2306 De
798 2278 881 2313 feriis,
908 2286 969 2315 pag.
986 2279 1036 2307 160

1016 2279 1048 2306 ιο.
1073 2279 1180 2315 (ham)
1208 2280 1407 2308 Eruditissimis
1430 2280 1540 2308 scltoliis
1565 2287 1579 2306 a
1606 2278 1765 2306 Balsamone
1791 2278 1816 2305 in

188 2323 355 2361 _Summario
371 2324 404 2350 ad
424 2322 548 2350 Novella:
565 2321 690 2350 illustrari
707 2329 722 2349 a
736 2321 806 2349 Man.
821 2321 959 2350 Comtieno
974 2324 1192 2352 constitutionem
1213 2324 1246 2352 de
1263 2323 1350 2357 feriis,
1365 2331 1417 2351 non
1434 2324 1562 2352 ditlitetur
1576 2322 1634 2350 Nic.
1651 2322 1813 2354 Coninenus,

201 2375 229 2402 p.
245 2366 308 2398 588,
325 2365 476 2394 Balsamoni
495 2365 563 2393 alias
580 2365 708 2400 iniquior.

236 2409 282 2437 ιγ.
301 2409 434 2444 Responsa
448 2409 483 2436 ad
497 2410 652 2446 quaestiones
667 2408 761 2436 LXIV
772 2409 924 2442 canonicos,
945 2410 1002 2439 sive
1019 2410 1056 2438 De
1081 2411 1142 2446 jure
1167 2411 1362 2445 ecclesiastico,
1379 2411 1531 2447 propositas
1555 2418 1570 2437 a
1595 2410 1685 2438 Marco
1701 2409 1818 2437 Alexan-

201 2454 280 2481 drino
294 2453 461 2492 patriarcha.
475 2452 638 2480 Prodierunt
652 2453 678 2480 in
692 2453 754 2487 jure
768 2453 897 2481 Orientali
923 2460 984 2480 cum
1000 2455 1125 2483 versione
1148 2456 1292 2484 Enimundi
1309 2456 1437 2483 Bonelldii
1458 2456 1530 2483 edito
1549 2463 1595 2482 an.
1610 2455 1690 2488 1575,
1704 2454 1731 2487 8,
1748 2452 1818 2488 apud

201 2496 347 2524 Henricum
364 2496 540 2531 Stephanum,
558 2497 628 2524 libro
644 2496 733 2528 tertio,
748 2495 840 2524 Graece
856 2504 882 2530 p.
895 2496 1028 2529 257-500,
1044 2501 1071 2525 et
1083 2496 1178 2527 Latine
1194 2507 1254 2535 pag.
1270 2498 1402 2528 265-509.
1418 2498 1452 2526 Et
1469 2500 1495 2526 in
1510 2498 1574 2526 Jure
1586 2498 1818 2526 Graeco-Romano

200 2540 355 2576 Marquardi
370 2540 492 2573 Freheri,
507 2539 575 2568 libro
591 2540 703 2575 quinto.-
714 2547 774 2575 pag.
790 2539 910 2568 562-594
925 2540 1062 2576 (Fraucof.
1093 2540 1172 2574 1596,
1189 2542 1258 2578 foL).
1275 2543 1319 2570 ubi
1335 2551 1361 2578 p.
1371 2542 1446 2577 Β588,
1459 2542 1552 2570 lacuna
1564 2542 1709 2576 supplenda
1722 2540 1817 2575 κυρίου

200 2584 349 2617 Νικολάου,
363 2588 393 2611 ιιι
407 2591 440 2612 ex
453 2583 621 2610 Balsantonis
634 2590 768 2611 canonum
784 2583 949 2611 Collectiom:
961 2585 1115 2614 observavit
1124 2586 1287 2620 Cotelerius,
1299 2592 1367 2615 tom.
1382 2587 1402 2619 l,
1419 2587 1451 2615 ad
1463 2586 1556 2614 Patres
1573 2585 1745 2620 apostolicos,
1756 2591 1818 2618 pag.

201 2628 263 2656 526.
279 2628 317 2655 Ex
330 2629 463 2663 prooemio
477 2627 601 2664 colligas,
617 2635 643 2656 a.
658 2627 690 2655 C.
706 2627 775 2656 1205
788 2628 889 2663 scripta
905 2627 990 2658 fuisse
1002 2627 1160 2665 Responsa;
1176 2630 1226 2659 sed.
1238 2638 1379 2658 numerum
1391 2634 1546 2665 corruptum
1561 2636 1630 2663 esse,
1645 2636 1697 2656 non
1711 2626 1816 2655 dubitat

239 2743 272 2775 (ε)
287 2743 353 2769 Curti
375 2741 499 2768 versione
516 2741 612 2777 Latina
626 2740 768 2769 Euimnndi
784 2740 912 2777 Bonclidii
934 2748 981 2767 ex-
1073 2740 1106 2775 (υ)
1123 2741 1163 2768 1d.
1179 2741 1224 2768 Gr.
1239 2749 1263 2775 p.
1281 2741 1313 2768 75
1321 2741 1394 2777 ;_Lat.
1413 2749 1438 2777 p.
1456 2742 1500 2768 51.

201 2783 255 2804 stat
270 2779 295 2803 in
313 2778 371 2811 ejus
384 2777 446 2803 Jure
460 2776 592 2803 orientali.
607 2775 654 2803 lib.
673 2784 679 2802 ι
697 2778 756 2808 Gr.,
771 2784 795 2811 p.
809 2776 860 2809 64;
880 2775 938 2803 Lat.
955 2783 981 2810 p.
1072 2778 1110 2811 (με)
1128 2777 1164 2803 Id.
1181 2776 1227 2803 Gr.
1243 2784 1268 2809 p.
1284 2776 1328 2809 7i;
1346 2775 1447 2810 Lat.'p.
1465 2777 1509 2803 5t.

204 2813 249 2844 46,
270 2812 354 2839 Paris.
377 2812 454 2843 1575,
474 2819 517 2845 ap.
537 2811 815 2846 lleur.’Stcphanutn,
832 2811 858 2838 8.
1073 2811 1110 2846 (υ)
1128 2811 1165 2846 1d.
1182 2812 1229 2837 Gr.
1244 2818 1270 2845 p.
1285 2811 1332 2843 (il;
1349 2811 1404 2838 Lat.
1419 2820 1443 2845 p.
1460 2811 1504 2838 41.

236 2849 266 2882 (ι)
285 2848 312 2874 ld
328 2847 374 2875 Gr.
391 2855 416 2881 p.
434 2847 485 2878 40;
503 2846 562 2874 Lat.
581 2854 607 2881 p.
621 2845 665 2882 29.
686 2845 691 2846 ⁷
789 2881 793 2882 7
1073 2845 1110 2881 (ι)
1127 2845 1169 2882 1d.
1181 2846 1227 2882 Gr.
1242 2854 1268 2879 p.
1285 2846 1351 2882 109;
1369 2846 1427 2874 Lat.
1442 2855 1466 2882 p.
1486 2846 1534 2874 79.

235 2880 274 2918 (ιι)
291 2883 338 2911 Gr.
355 2880 519 2915 Bonelidius,
535 2889 562 2916 p.
579 2880 628 2917 ει,
650 2880 708 2909 Lat.
725 2888 751 2916 p.
769 2881 813 2908 45.

725 2888 751 2916 p.
769 2881 813 2908 45.
1073 2880 1111 2917 (a)
1127 2881 1165 2908 ld.
1179 2881 1225 2910 Gr.
1239 2889 1266 2916 p.
1283 2881 1333 2916 80;
1353 2882 1411 2910 Lat.
1430 2880 1455 2917 p.
1475 2882 1517 2909 58.
