4054 6494
351 476 421 546 ιτ
1779 471 1952 531 NOTI

1978 473 2116 531 I‘IA.
3516 458 3579 522 18

340 590 591 654 Allatius,
634 603 689 660 p.
725 587 850 653 705,
886 588 954 644 de
984 602 1272 654 consensu,
1306 597 1360 644 et
1387 600 1570 644 verum
1598 600 1689 641 an.
1724 587 1882 650 1195,
1915 584 2334 641 restituendum.
2373 583 2586 656 (Fiam)
2613 614 2683 625 —
2711 583 2887 640 Paris.
2928 583 2982 639 in
3014 592 3216 654 septem
3251 580 3409 637 codd.
3442 579 3578 635 bibl.

339 677 563 746 publ.-—
597 675 888 745 Sexaginta
917 689 1010 730 sex
1062 676 1411 744 quaestiones,
1439 684 1544 728 etc.
1580 673 1808 728 Vindob.
1844 673 1897 725 in
1924 673 2044 727 cod.
2076 673 2166 735 15,
2210 671 2299 725 11.
2344 669 2406 726 γ.
2445 671 2697 725 Lambec.
2729 671 2792 726 VI
2819 707 2833 733 ,
2882 680 3024 742 part.
3070 685 3129 736 ι,
3179 684 3301 739 pag.
3342 667 3464 722 106.
3509 693 3584 708 —

343 762 548 820 Monac.
586 763 638 817 in
669 763 790 818 cod.
819 761 1010 818 Bavar.
1042 762 1133 817 85.
1181 761 1244 816 γ.
1277 761 1467 817 Hardt.
1507 763 1560 816 in
1590 759 1794 816 Aretini
1826 758 2160 830 Beytraagen,
2193 767 2322 823 etc.,
2356 759 2514 824 1801,
2544 765 2683 828 part.
2712 772 2763 822 ν,
2793 773 2912 827 pag.
2945 757 3011 811 17
3046 766 3100 814 et
3125 757 3285 812 18.-
3310 755 3500 808 Venet.
3529 753 3584 807 in

339 851 461 905 eod.
496 849 732 903 Nanian.
760 849 868 903 228
897 849 984 912 15,
1015 848 1080 905 γ.
1111 848 1230 905 Cat.
1267 851 1424 906 codd.
1448 847 1545 906 Gr.
1576 847 1715 902 Nan.
1743 863 1865 918 pag.
1897 845 2023 899 420.
2049 876 2121 887 —
2162 845 2404 901 Florent.
2433 845 2486 900 in
2515 845 2636 901 cod.
2662 843 2921 899 Laurent.
2955 845 3012 911 2,
3044 861 3099 899 n.
3131 843 3227 904 96.
3257 843 3396 913 plut.
3436 840 3490 906 5,
3527 847 3584 894 et

340 936 465 990 cod.
495 935 583 998 40,
620 951 676 990 η.
710 935 772 990 61
817 934 876 988 V.
913 935 1140 989 Bandin.
1173 944 1281 990 cat.
1315 936 1407 990 cit.
1439 934 1477 999 l,
1507 949 1632 1004 pag.
1661 934 1727 986 10
1756 943 1809 987 et
1841 931 1933 987 78.
1970 935 2062 989 ubi
2094 935 2337 989 adnotat.
2368 934 2420 988 in
2449 934 2719 998 versione,
2751 948 2869 1002 qum
2899 949 2925 986 a
2963 932 3288 988 Leunclavio
3318 931 3410 984 lib.
3443 944 3499 991 ν,
3529 941 3585 998 p.

349 1023 481 1088 562,
523 1021 769 1088 aﬁ‘ertur,
807 1022 976 1076 multa
1010 1023 1330 1092 reprehendi
1364 1037 1392 1076 a
1422 1022 1538 1076 Jac.
1573 1021 1851 1089 Gretsero,
1885 1017 2022 1092 Opp.
2053 1033 2184 1076 tom.
2217 1020 2384 1088 XVII,
2417 1037 2468 1091 p.
2499 1021 2588 1087 I6,
2623 1021 2710 1077 ed.
2735 1020 3194 1077 Ratisbon.-——LX
3223 1017 3582 1087 Quaestiones,

340 1121 470 1175 etc.,
523 1109 827 1179 Mosquensi
883 1111 971 1172 52,
1025 1127 1077 1165 η.
1124 1112 1214 1165 15.
1250 1109 1309 1166 V.
1365 1110 1597 1165 Matthaei
1652 1107 1818 1164 Notit:
1875 1125 1929 1180 p.
1990 1112 2078 1177 51,
2113 1109 2208 1166 fol.
2263 1109 2422 1182 paulo
2483 1097 2636 1165 aliter
2687 1111 2739 1166 in
2799 1111 2886 1167 ed.
2914 1109 2966 1166 in
2998 1110 3051 1178 8,
3076 1124 3129 1180 p.
3150 1109 3249 1175 17,
3278 1106 3407 1163 ibid.
3432 1121 3488 1161 η.
3517 1103 3588 1158 55

344 1200 699 1266 Balsamonis,
731 1201 948 1272 εἰσῆλθε
976 1203 1038 1256 τὸ
1065 1203 1282 1275 ἀξίωμά
1319 1218 1435 1258 σου’
1467 1213 1521 1259 et
1545 1202 1783 1273 ejusdem
1810 1203 1932 1260 alia.

580 1203 699 1266 mis,
731 1201 948 1272 εἰσῆλθε
976 1203 1038 1256 τὸ
1065 1203 1282 1275 ἀξίωμά
1319 1218 1435 1258 σουο
1467 1213 1521 1259 et
1545 1202 1783 1273 ejusdem
1810 1203 1932 1260 alia.
1962 1203 2181 1276 (Iliun)

419 1289 484 1343 V.
518 1290 757 1342 Μελέται
804 1291 925 1360 ἦτοι
981 1291 1325 1361 ἀποκρίσεις·
1374 1290 1746 1345 Mcditationes
1793 1291 1897 1345 sive
1951 1291 2020 1346 Re

1984 1293 2238 1362 lesponsa.
2294 1293 2347 1347 1ο
2396 1293 2570 1362 Χάριν
2618 1293 2728 1345 τῶν
2776 1290 3195 1361 πατριαρχικῶν
3246 1285 3585 1357 προνομιῶν·

346 1375 425 1431 De
450 1377 875 1444 patriarcharum
905 1378 1211 1448 privilegiis,
1241 1389 1372 1434 tom.
1397 1378 1491 1434 VII
1519 1378 1668 1433 luris
1697 1377 2063 1433 Graeco-Rom.
2091 1394 2144 1448 p.
2175 1377 2301 1432 442.
2330 1375 2541 1449 (Fann)
2568 1376 2622 1430 In
2649 1376 2770 1431 cod.
2804 1375 3110 1444 Mosquensi
3155 1372 3244 1438 52,
3280 1389 3334 1427 n.
3371 1370 3439 1425 59
3466 1383 3587 1438 sqq.

347 1477 464 1518 sec.
506 1462 742 1518 Matthxi
770 1463 936 1519 Notit.
979 1479 1032 1534 p.
1070 1467 1139 1520 55
1167 1467 1253 1522 ed.
1291 1468 1345 1521 in
1380 1465 1470 1521 fol.
1498 1475 1623 1522 sunt
1663 1465 1948 1532 Μελέται,ι

1986 1472 2076 1528 tc.,
2116 1464 2167 1530 1,
2208 1465 2264 1528 1,
2295 1464 2328 1518 5
2351 1471 2402 1517 et
2430 1464 2483 1518 6.
2511 1463 2833 1518 —Vindob.
2873 1463 2924 1516 in
2957 1461 3078 1516 cod.
3106 1460 3310 1515 Caesar.
3340 1457 3428 1522 I5,
3451 1471 3507 1509 n.
3533 1455 3587 1520 4,

356 1559 481 1604 sunt
507 1550 743 1604 Balsam.
772 1551 1030 1607 meditata
1063 1553 1175 1607 sive
1205 1568 1462 1624 responsa
1491 1553 1862 1608 ecclesiastica
1889 1561 2032 1618 octo,
2061 1565 2090 1607 e
2115 1553 2311 1622 quibus
2337 1552 2578 1623 quinque
2600 1561 2816 1607 exstant
2843 1552 2895 1604 in
2917 1550 3135 1606 Freheri
3154 1549 3286 1602 lure
3310 1544 3592 1603 (in-Rom.

349 1654 470 1710 pag.
509 1639 777 1706 4I2-478;
813 1641 1018 1712 reliqua
1056 1643 1156 1698 tria
1195 1643 1264 1698 ibi
1301 1643 1517 1707 desunt,
1560 1645 1788 1699 docente
1821 1642 2076 1698 Lambec.
2113 1640 2216 1694 vol.
2249 1639 2341 1703 VI,
2376 1647 2514 1710 part.
2545 1655 2584 1704 ι,
2617 1653 2740 1709 pag.
2776 1639 2896 1702 115,
2939 1639 3027 1692 ubi
3061 1651 3278 1707 quoque
3308 1649 3359 1687 v.
3384 1631 3594 1686 Kollar.

357 1736 470 1779 not.
501 1727 644 1781 Inter
676 1743 737 1782 ea
765 1744 884 1798 qua;
923 1746 1029 1784 non
1058 1731 1197 1785 edita
1227 1739 1372 1796 sunt,
1409 1740 1491 1785 est
1520 1731 1761 1800 Epistola
1789 1731 1852 1785 de
1895 1729 2027 1783 libro
2080 1727 2448 1782 mathematica
2480 1743 2582 1781 non
2629 1725 2870 1796 legendo,
2900 1731 3040 1794 (qua:
3092 1734 3270 1779 tamen
3318 1719 3591 1790 reperitur

353 1830 571 1884 quoque
598 1816 652 1870 in
682 1819 803 1872 cod.
833 1816 1008 1874 Paris.
1044 1819 1205 1885 i552,
1233 1835 1287 1872 n.
1323 1819 1391 1874 48
1437 1819 1570 1874 bibl.
1599 1819 1747 1889 publ.
1781 1819 1857 1889 (in
1891 1832 1998 1887 quo
2031 1815 2192 1872 etiam
2222 1825 2437 1870 exstant
2485 1823 2688 1883 septem
2739 1812 3018 1883 Responsa
3071 1810 3297 1866 secund.
3344 1805 3595 1863 ordinem

357 1900 575 1957 Fabric.
626 1912 678 1957 et
728 1904 918 1958 Venet.
955 1904 1007 1958 in
1054 1908 1174 1960 cod.
1217 1903 1490 1961 Marciano
1525 1905 1648 1969 168,
1695 1906 1746 1959 in
1791 1920 1898 1974 quo
1930 1904 2052 1959 cod.
2091 1911 2217 1958 sunt
2261 1910 2518 1971 praeterea
2564 1900 2824 1965 Μελέται,
2860 1916 2914 1954 n.
2946 1899 3000 1966 2,
3036 1899 3091 1968 4,
3132 1897 3166 1953 5
3200 1905 3254 1953 et
3284 1895 3339 1962 7,
3366 1909 3396 1948 a
3431 1892 3598 1948 Fabr.

351 1989 600 2058 signatas.
634 1989 750 2042 Vid.
788 1999 893 2044 cat.
921 1992 1077 2046 codd.
1108 1991 1203 2046 Gr.
1241 1992 1408 2047 Marc.
1443 2007 1495 2061 p.
1528 1993 1616 2056 96,
1652 2001 1705 2046 et
1742 1991 1884 2045 conl'.
1921 1989 2086 2053 infra,
2122 1989 2228 2044 vol.
2259 1987 2376 2054 XII,
2406 2003 2462 2058 p.
2495 1987 2623 2042 191.
2659 1987 2884 2056 (ΒΑΜ.)

419 2079 496 2134 2⁸.
550 2079 728 2151 Χάριν
757 2081 865 2134 τῶν
890 2082 984 2134 δύο
1015 2082 1310 2151 ὀφφικῖων,
1349 2082 1442 2138 τοῦ
1469 2101 1528 2136 τε
1559 2082 1974 2154 χαρτοφύλακος
2003 2099 2020 2135 3

2003 2082 2099 2136 καὶ
2134 2080 2227 2136 τοῦ
2261 2079 2670 2152 πρωτεκδίκουο
2702 2079 2779 2136 De
2805 2080 3008 2135 duobus
3035 2079 3240 2152 ofﬁciis,
3273 2077 3597 2134 chartularii

351 2184 414 2220 ac
445 2167 603 2232 primi
641 2168 952 2236 defensoris,
984 2185 1039 2238 ρ,
1064 2169 1192 2225 455,
1665 2159 1798 2167 -..η

422 2255 496 2308 5°.
551 2255 727 2324 Χάριν
752 2255 848 2308 τοῦ
873 2255 1206 2328 λαληθέντος
1239 2258 1542 2322 συνοδικῶς
1581 2257 1918 2329 ζητήματος,
1951 2256 2224 2329 περὶτοῦ,
2259 2256 2307 2310 εἰ
2330 2256 2436 2328 χρὴ
2467 2256 2560 2310 τὸν
2588 2255 2754 2311 αὑτὸν
2787 2256 2876 2309 καὶ
2908 2255 3004 2310 ἕνα
3034 2253 3159 2308 δυσὶ
3183 2251 3600 2322 δισεξαδέλφαις

353 2342 733 2396 συνάπτεσθαι
757 2359 773 2375 ο
803 2341 878 2397 De
904 2344 1193 2413 disceptata
1221 2347 1274 2399 in
1305 2347 1503 2416 synodo
1527 2347 1834 2417 quastione,
1871 2362 1995 2400 num
2020 2362 2154 2399 unus
2181 2354 2228 2399 et
2261 2346 2400 2399 idem
2449 2344 2656 2398 duabus
2684 2344 2910 2398 sobrinis
2941 2344 3096 2414 jungi
3127 2343 3339 2405 debeat,
3391 2357 3444 2410 p.
3470 2338 3598 2394 465.

354 2426 568 2497 (Fasti)
606 2430 667 2482 In
705 2429 828 2484 cod.
855 2429 1081 2486 Baroec.
1110 2433 1494 2488 i49.—Paris.
1531 2434 1583 2487 in
1617 2435 1776 2490 codd.
1806 2434 1964 2500 I527,
2003 2450 2057 2488 n.
2092 2433 2178 2496 15,
2208 2442 2262 2487 et
2291 2433 2421 2486 1551
2456 2474 2471 2497 ,
2509 2447 2568 2488 n.
2594 2431 2702 2496 49;
2743 2430 3053 2485 Vindobon.
3088 2429 3141 2482 in
3177 2427 3300 2483 cod.
3338 2427 3425 2490 15,
3453 2441 3511 2481 n.
3541 2428 3598 2490 9,

353 2531 420 2571 ex
454 2532 562 2585 quo
591 2515 956 2586 Responsum,
996 2519 1049 2572 in
1087 2519 1310 2574 Freheri
1337 2519 1469 2574 Jure
1497 2518 1592 2574 Gr.
1629 2519 1780 2575 Rom.
1813 2529 1946 2576 tum.
1980 2519 2023 2585 l,
2046 2537 2102 2591 p.
2128 2520 2232 2575 465
2266 2521 2492 2585 editum,
2542 2533 2703 2590 posse
2745 2517 3020 2574 emendari
3052 2533 3115 2571 ac
3146 2516 3411 2587 suppleri,
3440 2514 3604 2570 Lam-

354 2609 477 2662 hec.
515 2607 601 2671 VI,
629 2617 771 2675 part.
805 2622 843 2670 ι,
871 2621 925 2674 p.
963 2607 1088 2673 105,
1127 2616 1382 2676 testatur,
1435 2617 1488 2666 et
1552 2609 1606 2664 in
1659 2610 1782 2665 cod.
1837 2608 1966 2676 270,
1996 2626 2056 2664 n.
2091 2609 2147 2677 8,
2185 2608 2454 2680 Excerpta
2489 2623 2519 2663 a
2563 2607 2836 2662 ‘b‘imeone
2869 2605 3196 2662 'l‘hessalon.
3249 2605 3413 2671 facta,
3462 2611 3602 2658 teste

289 2708 291 2710 ·
353 2692 610 2749 Lambec.
646 2691 710 2757 ν,
746 2708 798 2762 p.
834 2693 962 2750 155.
1002 2694 1232 2766 (Hann)
1295 2720 1297 2722 ·

423 2783 501 2836 1⁸.
566 2781 858 2852 Ἐπιστολὴ
888 2783 1054 2852 χάριν
1083 2783 1193 2837 τῶν
1219 2782 1514 2853 διδομένων
1546 2783 1910 2855 θυμιαμάτων
1941 2782 2093 2856 παρὰ
2126 2781 2221 2837 τοῦ
2263 2783 2609 2855 πατριάρχου
2669 2782 2813 2838 κατὰ
2855 2781 2950 2854 τὴν
2988 2781 3205 2852 ἡμέραν
3235 2780 3332 2852 τῆς
3357 2777 3605 2848 κατηχή-

362 2886 540 2933 σεωςο
575 2869 814 2937 Epistola
841 2871 904 2924 de
931 2873 1176 2940 incensis,
1207 2889 1323 2943 quis
1353 2890 1385 2926 a
1411 2875 1718 2940 patriarcha
1750 2875 1870 2928 dari
1899 2873 2061 2928 solent
2095 2888 2153 2925 eo
2176 2872 2260 2927 die
2287 2889 2386 2943 quo
2417 2873 2697 2928 catechesis
2740 2873 2981 2936 habetur,
3016 2886 3068 2940 p.
3102 2868 3227 2924 470.

428 2955 506 3009 5°.
567 2954 785 3024 Μελέτη
816 2957 978 3026 χάριν
1003 2957 1103 3026 τῆς
1133 2958 1214 3020 εἰς
1245 2958 1374 3019 τοὺς
1403 2957 1584 3020 θείους
1609 2959 1774 3022 ναοὺς
1807 2958 1917 3011 τῶν
1949 2961 2331 3031 μοναστηρίων
2357 2960 2654 3030 γινομένης
2679 2959 3070 3030 μετακλήσεως
3099 2957 3188 3016 διὰ
3213 2954 3604 3028 σημαντηρῖων

357 3042 563 3114 τριῶνο
598 3041 911 3095 Heditatum
946 3043 1010 3097 de
1043 3047 1426 3109 convocatione,
1451 3063 1568 3117 qua:
1590 3047 1651 3113 ﬁt
1689 3048 1758 3100 ad
1790 3061 1973 3100 sacras
2007 3049 2442 3101 monasteriorum
2480 3048 2616 3102 aedes
2659 3063 2751 3114 per
2791 3048 2895 3101 tria
2938 3047 3110 3116 signa,
3143 3062 3197 3116 p.
3226 3043 3349 3101 476.
3385 3041 3602 3111 (Finan)

359 3131 417 3186 In
441 3131 569 3185 eod.
599 3128 850 3184 Naniano
871 3131 1000 3195 228,
1031 3148 1087 3187 η.
1115 3132 1167 3188 5.
1194 3133 1263 3188 ν.
1293 3132 1413 3189 Cat.
1446 3134 1599 3187 codd.
1635 3133 1730 3189 Gr.
1760 3133 1992 3188 Nanian.
2027 3149 2082 3203 p.
2112 3134 2235 3190 4l9.
2268 3133 2492 3204 (Hann)

430 3218 511 3272 6ο.
571 3218 863 3289 Ἐπιστολὴ
895 3219 1055 3290 χάριν
1093 3221 1204 3273 τῶν
1251 3221 1585 3290 ὀφειλονσῶν
1631 3221 1906 3276 τελεῖσθαι
1943 3223 2212 3292 νηστειῶν
2260 3223 2494 3276 ἑκάστου
2537 3221 2728 3286 ἔτους,
2776 3222 3092 3292 πεμφθεῖσα
3122 3219 3258 3290 πρὸς
3302 3220 3428 3283 τοὺς
3481 3219 3605 3272 ’Δνο

358 3307 597 3376 τιοχεῐς·
638 3305 878 3376 Epistola
913 3309 977 3362 de
1004 3310 1250 3380 jejuniis,
1284 3327 1401 3381 qua:
1451 3311 1634 3381 peragi
1673 3310 1856 3364 debent
1899 3327 1988 3379 per
2028 3311 2263 3380 singulos
2312 3327 2503 3377 annos,
2553 3313 2714 3366 missa
2755 3311 2822 3364 ad
2856 3309 3252 3371 Antiochenses,
3282 3316 3335 3361 et
3368 3309 3600 3376 primum

360 3393 546 3448 Gra‘ee
576 3408 639 3447 ac
675 3393 868 3450 Latine
893 3398 1034 3450 edita
1065 3413 1091 3450 a
1120 3398 1281 3453 Joan.
1315 3397 1558 3466 Baptista
1588 3398 1867 3466 Cotelerio,
1906 3407 2036 3452 tom.
2070 3397 2113 3452 ll
2148 3398 2474 3453 Monument.
2529 3398 2781 3454 Ecclesia:
2826 3401 2993 3453 Gra'c.
3035 3414 3084 3468 p.
3129 3396 3393 3460 492-5”,
3424 3395 3601 3450 Paris.

360 3481 522 3543 1681,
550 3483 603 3536 1.
633 3482 850 3550 (Fann)
883 3481 972 3555 [V.
1011 3483 1242 3539 Bandini
1272 3485 1392 3540 Cat.
1423 3487 1578 3540 codd.
1622 3486 1718 3539 Gr.
1752 3485 1961 3539 Lauren

1998 3485 2078 3550 .I,
2126 3502 2177 3557 p.
2207 3487 2293 3549 11,
2326 3486 2510 3552 n.99;
2551 3498 2605 3541 ct
2639 3503 2690 3556 p.
2727 3488 2815 3551 78,
2854 3502 2911 3542 n.
2949 3485 3047 3552 60;
3080 3494 3133 3540 et
3161 3484 3352 3538 Lamb.
3387 3481 3496 3538 vol.
3537 3483 3599 3548 V,

363 3584 416 3637 p.
443 3568 549 3622 558
579 3585 663 3639 sq.
689 3586 744 3624 n.
783 3571 870 3633 I2,
905 3571 1085 3640 ibique
1116 3571 1318 3626 Kollar.
1353 3572 1407 3626 In
1435 3575 1552 3628 cod.
1589 3573 1760 3628 Paris.
1803 3573 1961 3634 I528.
2003 3590 2055 3629 n.
2083 3574 2169 3628 4|.
2208 3571 2467 3646 (Hann)]
2519 3573 2736 3628 Tomum
2789 3576 3097 3644 synodicum
3149 3571 3379 3642 appellat
3411 3571 3599 3624 Balsa-

366 3670 488 3708 ruon
515 3655 582 3709 ad
616 3656 950 3725 interrogata
988 3657 1152 3711 Marci
1183 3659 1341 3714 Alex.
1380 3668 1573 3729 quam.
1609 3660 1698 3723 55,
1728 3669 1782 3713 et
1823 3661 2014 3729 paucis
2047 3663 2268 3715 mutatis
2291 3662 2455 3714 etiam
2499 3665 2563 3713 ad
2602 3661 2967 3714 Theodosium
3019 3661 3383 3729 Sarpeiotem,
3413 3674 3604 3711 mona-

363 3743 520 3796 chum
557 3742 608 3798 in
642 3744 776 3800 valle
813 3744 871 3799 S.
902 3747 1156 3801 Auxentii
1193 3749 1414 3802 missum
1448 3764 1476 3802 a
1511 3763 1570 3802 se
1607 3756 1842 3802 testatur
1900 3748 1952 3800 in
1986 3746 2249 3814 Responso
2290 3746 2486 3817 synodi
2538 3745 2701 3802 CPol.
2756 3747 2851 3801 sub
2900 3745 3126 3800 Nicotao
3166 3745 3474 3814 patriarcha
3525 3744 3593 3795 aa

364 3833 700 3900 quastionem
758 3833 964 3886 tertiam
998 3835 1371 3887 monachorum
1415 3835 1781 3904 quorumdam.
1821 3833 1972 3901 cujus
2016 3847 2247 3904 partem,
2283 3837 2470 3893 Latine
2519 3847 2722 3892 tantum
2756 3839 2823 3892 ab
2867 3835 3099 3892 Herveto
3149 3837 3373 3900 editam,
3405 3832 3596 3888 Graeco

369 3933 503 3975 mss.
533 3920 677 3986 regis
711 3920 1090 3975 Christianiss.
1113 3921 1260 3976 dedit
1283 3923 1423 3977 idem
1450 3921 1757 3977 Cotelerius
1781 3923 1831 3976 in
1868 3922 2021 3978 Notis
2048 3925 2112 3976 ad
2143 3923 2577 3979 Constitutioncs
2605 3924 2835 3996 apostol.
2865 3925 2958 3979 lib.
2989 3940 3041 3991 v,
3069 3940 3187 3994 cap.
3227 3923 3317 3981 20.

438 4005 514 4062 7'.
582 4007 875 4080 Ἐπιστολὴ
904 4009 1066 4080 χάριν
1095 4010 1206 4063 τῶν
1246 4013 1568 4084 ρασοφόρων
1593 4031 1606 4044 ο
1633 4013 1870 4083 Epistola
1894 4013 1956 4065 de
1983 4030 2039 4066 ra

2007 4013 2283 4082 'asophoria
2306 4013 2402 4085 (b),
2433 4015 2546 4070 sive
2574 4013 2853 4068 monachis
2901 4015 2965 4068 ad
3010 4012 3378 4069 Theodosium
3415 4026 3608 4065 mona-

365 4092 526 4146 chum
549 4094 874 4166 καθηγητὴν
904 4096 1016 4150 τῶν
1039 4096 1182 4150 κατὰ
1212 4098 1490 4154 Παπξκιον
1533 4100 1912 4170 μοναστηριων
1943 4115 1966 4170 p

2003 4101 2288 4168 a:positum
2321 4100 2524 4170 Papicii
2573 4102 3054 4156 monasteriorum.
3107 4101 3258 4154 Edita
3302 4099 3370 4154 ab
3416 4100 3604 4154 eodem

365 4181 654 4250 Cotelerio,
689 4194 822 4238 tom.
858 4184 924 4237 III
957 4184 1285 4243 Monument.
1318 4203 1441 4258 pag.
1477 4189 1606 4256 175,
1638 4190 1760 4254 191,
1796 4189 1966 4244 Paris.

2004 4188 2158 4252 1686,
2191 4189 2244 4243 1.
2278 4189 2493 4260 (Fasn.)
2540 4189 2844 4245 Vindobon.
2882 4191 2936 4244 in
2971 4188 3093 4245 cod.
3125 4189 3192 4243 15
3227 4185 3429 4244 Caesar.
3465 4203 3518 4241 n.
3550 4189 3605 4240 4.

368 4269 431 4328 ν.
464 4270 717 4326 Lambec.
751 4271 837 4337 VI,
873 4283 1015 4343 part.
1046 4292 1086 4336 ι.
1113 4291 1236 4346 pag.
1274 4278 1397 4341 115,
1428 4278 1515 4332 ubi
1547 4279 1749 4333 Kollar.
1785 4279 1836 4331 in
1867 4287 1979 4332 not.
2021 4289 2086 4328 ex
2121 4273 2378 4330 Cotelerii
2415 4277 2556 4343 loco,
2615 4291 2646 4331 a
2681 4276 2936 4332 Fabricio
2965 4275 3080 4346 jam
3114 4276 3306 4342 citato,
3338 4276 3605 4330 adnotatt.

367 4357 433 4412 de
459 4357 676 4426 Papicio
702 4369 755 4414 et
789 4363 1105 4431 rasophoris
1134 4373 1416 4434 excerptas
1443 4366 1695 4421 reddidit.
1728 4363 1954 4434 (Hann)

435 4443 687 4500 Nieolaus
714 4446 1023 4502 Comnenus
1045 4447 1371 4520 Papadopoli
1410 4453 1461 4505 in
1489 4452 1914 4506 Prwnotionibus
1948 4453 2340 4524 mystagogicis,
2364 4469 2488 4524 pag.
2517 4455 2571 4520 5,
2603 4455 2731 4508 citat
2759 4453 3120 4524 Athenagorae
3151 4451 3517 4506 testimonium
3541 4465 3610 4506 ex

367 4531 700 4588 Balsamonis
734 4533 985 4600 Respons.
1016 4537 1084 4590 ad
1115 4540 1272 4605 episc.
1303 4539 1480 4609 Cypri,
1514 4555 1622 4609 quo
1653 4551 1853 4606 monet,
1883 4541 2239 4597 ordinationis
2272 4544 2544 4608 negotium
2580 4543 2915 4613 negotiorum
2947 4541 3189 4598 onmium
3234 4539 3291 4593 iu
3353 4537 3597 4594 Ecclesia

369 4621 658 4674 niaximum
687 4636 749 4676 ac
779 4623 1175 4678 divinissimum
1207 4627 1273 4679 ab
1307 4626 1437 4693 ipsis
1467 4627 1629 4681 fuisse
1663 4628 1904 4682 habitum
1936 4629 2216 4696 apostolis.
2248 4629 2468 4699 (FABR.)

435 4707 496 4762 In
522 4709 642 4762 cod.
673 4710 850 4764 Paris.
887 4711 1019 4766 bibl.
1057 4712 1206 4780 pnbl.
1244 4714 1403 4781 i528,
1436 4731 1490 4770 n.
1517 4716 1578 4770 2|
1617 4732 1738 4785 sqq.
1786 4715 2123 4771 Balsamonis
2156 4717 2363 4773 scholia
2413 4719 2477 4773 ad
2525 4719 2788 4790 quasdam
2820 4715 3070 4788 Gregorii
3119 4713 3606 4775 Neocmsariensis.

367 4793 670 4860 Athanasii,
703 4795 909 4865 Basilii,
945 4799 1190 4869 Gregorii
1223 4799 1474 4871 Nysseni,
1503 4814 1635 4868 etc.,
1672 4804 1961 4871 Epistolas.
1991 4833 2062 4844 —-
2091 4802 2226 4859 Tres
2269 4804 2916 4875 Balsatnonis'Epistolae,
2957 4806 3011 4858 in
3050 4803 3451 4882 cod\Naniano
3476 4801 3605 4867 281.,

367 4899 424 4937 η.
451 4884 572 4937 {‘21.
603 4882 722 4937 Vid.
745 4885 865 4940 Cat.
892 4885 1046 4940 codd.
1079 4887 1174 4942 Gr.
1216 4888 1349 4943 Nan.
1381 4891 1564 4960 p.470
1623 4891 1757 4945 Add.
1790 4905 1974 4959 supra,
2007 4892 2113 4948 vol.
2144 4891 2252 4955 VII,
2287 4909 2338 4963 p.
2373 4893 2501 4958 655,
2531 4895 2633 4947 sub
2668 4896 2767 4947 tiu.

439 4968 774 5027 Balsamonis
795 4971 1071 5029 Carmina.
1105 4977 1300 5032 Venet.
1337 4978 1388 5031 in
1424 4979 1547 5033 cod.
1585 4979 1698 5033 bih.
1745 4977 2034 5032 Marciana:
2081 4980 2205 5035 524.
2243 4980 2305 5034 V.
2342 4981 2462 5035 Cat.
2512 4981 2669 5035 codd.
2706 4979 2804 5035 Gr.
2845 4979 3012 5034 Mare.
3043 4995 3097 5048 p.
3132 4979 3261 5034 285.
3300 5009 3369 5020 -—-
3397 4977 3604 5032 Versus

367 5060 760 5130 quinquaginta
800 5061 1018 5118 iambici
1075 5066 1128 5118 in
1183 5063 1438 5135 Lapidem
1464 5065 1772 5137 quemdam,
1831 5075 1934 5121 etc.
1967 5066 2206 5124 FIorcnt.
2241 5068 2292 5122 in
2327 5069 2447 5123 cod.
2481 5066 2739 5121 Laurent.
2806 5066 2874 5134 V,
2902 5084 2957 5123 n.
2983 5067 3074 5122 27.
3101 5065 3168 5121 Υ.
3215 5067 3448 5121 Bandin.
3485 5066 3606 5118 Cat.
3697 5084 3700 5088 ί

369 5145 529 5200 codd.
556 5144 651 5200 Gr.
682 5145 847 5202 Laur.
872 5147 937 5212 II,
961 5165 1015 5219 p.
1047 5149 1172 5205 665.

439 5231 754 5305 Hartyrium
784 5235 1078 5304 Theodori,
1111 5238 1414 5303 orientalis,
1453 5247 1507 5294 et
1540 5239 1774 5306 Claudii,
1806 5249 2028 5298 auctore
2060 5240 2374 5309 Theodoro,
2401 5241 2713 5314 patriarcha
2746 5245 3110 5315 Antiocheno,
3133 5246 3187 5300 in
3220 5245 3341 5302 cod.
3379 5244 3603 5301 Selden.

369 5318 461 5382 62,
501 5335 546 5374 ο.
571 5337 626 5377 ιι.
663 5322 824 5386 5274,
860 5324 912 5376 in
937 5323 1057 5378 Cat.
1086 5325 1242 5380 codd.
1279 5327 1505 5395 Anglire,
1534 5337 1666 5394 etc.,
1697 5337 1832 5384 tom.
1864 5327 1907 5384 I.

444 5407 710 5480 Dionysii,
734 5411 976 5478 archiep.
1000 5411 1376 5479 Alexandrini,
1406 5414 1648 5482 Epistola
1700 5415 1766 5470 de
1813 5416 1944 5472 hora
1973 5416 2166 5485 ieiunii
2197 5417 2421 5472 Pascha!
2442 5458 2458 5484 ,
2518 5432 2644 5474 cum
2681 5419 3092 5475 Commentario
3155 5421 3513 5489 Balsamonis,
3552 5421 3610 5478 In

369 5495 514 5557 Bibl.
550 5497 706 5553 Patr.
737 5499 914 5556 Paris.
946 5501 1107 5568 1575,
1139 5503 1248 5558 vol.
1279 5502 1334 5569 I;
1370 5503 1503 5561 ibid.
1538 5505 1698 5573 1589,
1726 5505 1834 5562 vol.
1868 5505 1954 5573 111,

1757 5505 1834 5562 01.
1868 5505 1954 5573 111,
1989 5506 2088 5562 Gr.
2115 5522 2179 5562 ac
2212 5506 2369 5573 Lat.;
2406 5507 2539 5563 ibid.
2563 5508 2671 5563 vol;
2703 5507 2745 5573 I,
2768 5523 2821 5578 ρ.
2848 5507 2976 5574 275,
3007 5509 3102 5564 fol.
3135 5509 3358 5583 (Hann)

403 5682 520 5765 .(b)
559 5684 881 5769 'Raaocpdgm
922 5689 1084 5743 etiam
1138 5689 1478 5769 ρασεῄύται,
1531 5707 1655 5752 raso
1694 5693 1810 5752 sive
1843 5693 2001 5751 vilior

2005 5695 2472 5764 s'panno-induti.
2541 5694 2672 5754 Vide
2707 5696 2914 5769 Cangii
2963 5695 3206 5752 Glossar.
3268 5701 3350 5768 et.
3387 5691 3603 5747 Catela-

369 5756 537 5823 rium,
572 5756 662 5813 lib.
693 5774 750 5812 tu
779 5757 1104 5815 Monumcnl.
1138 5756 1196 5832 'p.
1225 5762 1350 5819 659.
1465 5756 1474 5761 ⁷
2071 5756 2086 5764 ’
2826 5756 2858 5769 ν
3097 5807 3104 5816 .
