  <div class='ocr_page' id='page_1' title='image "/cluster/home/n/w/nwhite01/storage/ocr_20150623/137/hvd.32044020166120/019.png"; bbox 0 0 4054 6494; ppageno 0'>
   <div class='ocr_carea' id='block_1_1' title="bbox 403 437 2004 525">
    <p class='ocr_par' dir='ltr' id='par_1_1' title="bbox 403 437 2004 516">
     <span class='ocr_line' id='line_1_1' title="bbox 403 437 2004 516; baseline 0.006 -15"><span class='ocrx_word' id='word_1_1' title='bbox 403 437 468 502; x_wconf 78' lang='lat'><strong>19</strong></span> <span class='ocrx_word' id='word_1_2' title='bbox 1457 450 1666 516; x_wconf 74' lang='lat' dir='ltr'><strong>GUIL.</strong></span> <span class='ocrx_word' id='word_1_3' title='bbox 1696 451 2004 515; x_wconf 80' lang='lat' dir='ltr'><strong>BEVEBEt</strong></span> 
     </span>
    </p>
   </div>
   <div class='ocr_carea' id='block_1_2' title="bbox 2045 437 3646 525">
    <p class='ocr_par' dir='ltr' id='par_1_2' title="bbox 2048 451 3646 525">
     <span class='ocr_line' id='line_1_2' title="bbox 2048 451 3646 525; baseline 0.008 -12"><span class='ocrx_word' id='word_1_4' title='bbox 2048 451 2108 513; x_wconf 86' lang='grc' dir='ltr'><strong>ΙΙ</strong></span> <span class='ocrx_word' id='word_1_5' title='bbox 2139 453 2549 520; x_wconf 70' lang='grc' dir='ltr'><strong>ΡΒᾹΞΕΑΤΙΟ.</strong></span> <span class='ocrx_word' id='word_1_6' title='bbox 3010 474 3012 477; x_wconf 79' lang='lat'>&#39;</span> <span class='ocrx_word' id='word_1_7' title='bbox 3575 459 3646 525; x_wconf 68' lang='grc'><strong>20</strong></span> 
     </span>
    </p>
   </div>
   <div class='ocr_carea' id='block_1_3' title="bbox 411 596 1501 624">
    <p class='ocr_par' dir='ltr' id='par_1_3' title="bbox 411 596 1501 624">
     <span class='ocr_line' id='line_1_3' title="bbox 411 596 1501 624; baseline -0.003 1"><span class='ocrx_word' id='word_1_8' title='bbox 411 596 1501 624; x_wconf 53' lang='grc' dir='ltr'><strong>’.Μ</strong></span> 
     </span>
    </p>
   </div>
   <div class='ocr_carea' id='block_1_4' title="bbox 1537 605 3631 633">
    <p class='ocr_par' dir='ltr' id='par_1_4' title="bbox 1537 605 3631 633">
     <span class='ocr_line' id='line_1_4' title="bbox 1537 605 3631 633; baseline -0.002 1"><span class='ocrx_word' id='word_1_9' title='bbox 1537 605 3631 633; x_wconf 57' lang='lat' dir='ltr'><strong>mm</strong></span> 
     </span>
    </p>
   </div>
   <div class='ocr_carea' id='block_1_5' title="bbox 1490 789 2546 892">
    <p class='ocr_par' dir='ltr' id='par_1_5' title="bbox 1490 789 2546 892">
     <span class='ocr_line' id='line_1_5' title="bbox 1490 789 2546 892; baseline 0.008 -10"><span class='ocrx_word' id='word_1_10' title='bbox 1490 789 1652 884; x_wconf 86' lang='lat' dir='ltr'><strong>EX</strong></span> <span class='ocrx_word' id='word_1_11' title='bbox 1739 794 2546 892; x_wconf 67' lang='grc' dir='ltr'><strong>ΡΒΛΕΓᾹΤΙΟΝΕ</strong></span> 
     </span>
    </p>
   </div>
   <div class='ocr_carea' id='block_1_6' title="bbox 978 1016 3080 1150">
    <p class='ocr_par' dir='ltr' id='par_1_6' title="bbox 978 1016 3080 1150">
     <span class='ocr_line' id='line_1_6' title="bbox 978 1016 3080 1150; baseline 0.01 -19"><span class='ocrx_word' id='word_1_12' title='bbox 978 1016 1915 1139; x_wconf 65' lang='grc' dir='ltr'><strong>ευιιιειωι</strong></span> <span class='ocrx_word' id='word_1_13' title='bbox 2064 1029 3080 1150; x_wconf 70' lang='lat' dir='ltr'><strong>BEVEBEGH</strong></span> 
     </span>
    </p>
   </div>
   <div class='ocr_carea' id='block_1_7' title="bbox 1174 1261 2880 1343">
    <p class='ocr_par' dir='ltr' id='par_1_7' title="bbox 1174 1261 2880 1343">
     <span class='ocr_line' id='line_1_7' title="bbox 1174 1261 2880 1343; baseline 0.005 -20"><span class='ocrx_word' id='word_1_14' title='bbox 1174 1263 1244 1324; x_wconf 86' lang='lat' dir='ltr'><strong>In</strong></span> <span class='ocrx_word' id='word_1_15' title='bbox 1279 1261 1614 1328; x_wconf 75' lang='lat' dir='ltr'><strong>Pandectis</strong></span> <span class='ocrx_word' id='word_1_16' title='bbox 1648 1283 1979 1343; x_wconf 81' lang='lat' dir='ltr'><strong>canonum,</strong></span> <span class='ocrx_word' id='word_1_17' title='bbox 2012 1267 2053 1330; x_wconf 75' lang='grc'><strong>2</strong></span> <span class='ocrx_word' id='word_1_18' title='bbox 2083 1264 2212 1330; x_wconf 86' lang='lat' dir='ltr'><strong>vol.</strong></span> <span class='ocrx_word' id='word_1_19' title='bbox 2246 1265 2403 1332; x_wconf 84' lang='lat' dir='ltr'><strong>folio</strong></span> <span class='ocrx_word' id='word_1_20' title='bbox 2434 1271 2671 1334; x_wconf 82' lang='lat' dir='ltr'><strong>Oxonii</strong></span> <span class='ocrx_word' id='word_1_21' title='bbox 2707 1271 2880 1333; x_wconf 74' lang='lat'><strong>1672.</strong></span> 
     </span>
    </p>
   </div>
   <div class='ocr_carea' id='block_1_8' title="bbox 472 1596 3643 1688">
    <p class='ocr_par' dir='ltr' id='par_1_8' title="bbox 472 1596 3643 1688">
     <span class='ocr_line' id='line_1_8' title="bbox 472 1596 3643 1688; baseline 0.004 -33"><span class='ocrx_word' id='word_1_22' title='bbox 472 1596 622 1688; x_wconf 70' lang='lat' dir='ltr'><strong>Iuris</strong></span> <span class='ocrx_word' id='word_1_23' title='bbox 655 1599 902 1657; x_wconf 70' lang='lat' dir='ltr'><strong>canonici</strong></span> <span class='ocrx_word' id='word_1_24' title='bbox 946 1603 1184 1658; x_wconf 84' lang='lat' dir='ltr'><strong>studium</strong></span> <span class='ocrx_word' id='word_1_25' title='bbox 1228 1602 1553 1663; x_wconf 84' lang='lat' dir='ltr'><strong>duodecimo</strong></span> <span class='ocrx_word' id='word_1_26' title='bbox 1599 1611 1868 1680; x_wconf 76' lang='lat' dir='ltr'><strong>praecipue</strong></span> <span class='ocrx_word' id='word_1_27' title='bbox 1913 1613 2110 1669; x_wconf 68' lang='lat' dir='ltr'><strong>saeculo</strong></span> <span class='ocrx_word' id='word_1_28' title='bbox 2137 1616 2189 1670; x_wconf 94' lang='lat' dir='ltr'><strong>in</strong></span> <span class='ocrx_word' id='word_1_29' title='bbox 2219 1613 2443 1674; x_wconf 75' lang='lat' dir='ltr'><strong>Oriente</strong></span> <span class='ocrx_word' id='word_1_30' title='bbox 2478 1619 2668 1688; x_wconf 83' lang='lat' dir='ltr'><strong>viguit,</strong></span> <span class='ocrx_word' id='word_1_31' title='bbox 2707 1631 2814 1686; x_wconf 92' lang='lat' dir='ltr'><strong>quo</strong></span> <span class='ocrx_word' id='word_1_32' title='bbox 2843 1621 3099 1672; x_wconf 89' lang='lat' dir='ltr'><strong>currente</strong></span> <span class='ocrx_word' id='word_1_33' title='bbox 3133 1621 3243 1670; x_wconf 85' lang='lat' dir='ltr'><strong>tres</strong></span> <span class='ocrx_word' id='word_1_34' title='bbox 3285 1612 3643 1670; x_wconf 64' lang='lat' dir='ltr'><strong>erudithsimi</strong></span> 
     </span>
    </p>
   </div>
   <div class='ocr_carea' id='block_1_9' title="bbox 403 1687 3642 1773">
    <p class='ocr_par' dir='ltr' id='par_1_9' title="bbox 403 1687 3642 1773">
     <span class='ocr_line' id='line_1_9' title="bbox 403 1687 3642 1773; baseline 0.003 -29"><span class='ocrx_word' id='word_1_35' title='bbox 403 1687 530 1754; x_wconf 81' lang='lat' dir='ltr'><strong>viri,</strong></span> <span class='ocrx_word' id='word_1_36' title='bbox 563 1687 879 1745; x_wconf 81' lang='lat' dir='ltr'><strong>Theodorus</strong></span> <span class='ocrx_word' id='word_1_37' title='bbox 911 1688 1218 1760; x_wconf 76' lang='lat' dir='ltr'><strong>Balsama,</strong></span> <span class='ocrx_word' id='word_1_38' title='bbox 1267 1693 1505 1752; x_wconf 81' lang='lat' dir='ltr'><strong>Joannes</strong></span> <span class='ocrx_word' id='word_1_39' title='bbox 1554 1697 1796 1753; x_wconf 81' lang='lat' dir='ltr'><strong>Zonaras</strong></span> <span class='ocrx_word' id='word_1_40' title='bbox 1833 1709 1886 1754; x_wconf 91' lang='lat' dir='ltr'><strong>et</strong></span> <span class='ocrx_word' id='word_1_41' title='bbox 1910 1700 2132 1755; x_wconf 82' lang='lat' dir='ltr'><strong>Alexius</strong></span> <span class='ocrx_word' id='word_1_42' title='bbox 2170 1699 2458 1758; x_wconf 82' lang='lat' dir='ltr'><strong>Aristenus</strong></span> <span class='ocrx_word' id='word_1_43' title='bbox 2488 1687 2824 1769; x_wconf 90' lang='lat' dir='ltr'><strong>claruerunt,</strong></span> <span class='ocrx_word' id='word_1_44' title='bbox 2850 1701 2940 1773; x_wconf 86' lang='lat' dir='ltr'><strong>qui</strong></span> <span class='ocrx_word' id='word_1_45' title='bbox 2970 1716 3159 1757; x_wconf 91' lang='lat' dir='ltr'><strong>omnes</strong></span> <span class='ocrx_word' id='word_1_46' title='bbox 3197 1700 3467 1771; x_wconf 75' lang='lat' dir='ltr'><strong>egregiam</strong></span> <span class='ocrx_word' id='word_1_47' title='bbox 3515 1700 3642 1755; x_wconf 87' lang='lat' dir='ltr'><strong>huic</strong></span> 
     </span>
    </p>
   </div>
   <div class='ocr_carea' id='block_1_10' title="bbox 290 1777 3647 1857">
    <p class='ocr_par' dir='ltr' id='par_1_10' title="bbox 290 1777 3647 1857">
     <span class='ocr_line' id='line_1_10' title="bbox 290 1777 3647 1857; baseline 0.002 -25"><span class='ocrx_word' id='word_1_48' title='bbox 290 1839 298 1846; x_wconf 90' lang='lat'><strong>_</strong></span> <span class='ocrx_word' id='word_1_49' title='bbox 404 1777 483 1833; x_wconf 85' lang='lat' dir='ltr'><strong>rei</strong></span> <span class='ocrx_word' id='word_1_50' title='bbox 513 1792 732 1847; x_wconf 82' lang='lat' dir='ltr'><strong>operam</strong></span> <span class='ocrx_word' id='word_1_51' title='bbox 769 1779 1055 1835; x_wconf 82' lang='lat' dir='ltr'><strong>dederunt.</strong></span> <span class='ocrx_word' id='word_1_52' title='bbox 1091 1780 1296 1838; x_wconf 85' lang='lat' dir='ltr'><strong>Horum</strong></span> <span class='ocrx_word' id='word_1_53' title='bbox 1325 1782 1508 1855; x_wconf 89' lang='lat' dir='ltr'><strong>itaque</strong></span> <span class='ocrx_word' id='word_1_54' title='bbox 1537 1783 1872 1856; x_wconf 81' lang='lat' dir='ltr'><strong>singulorum</strong></span> <span class='ocrx_word' id='word_1_55' title='bbox 1903 1787 2110 1844; x_wconf 86' lang='lat' dir='ltr'><strong>scholia</strong></span> <span class='ocrx_word' id='word_1_56' title='bbox 2163 1789 2216 1842; x_wconf 92' lang='lat' dir='ltr'><strong>in</strong></span> <span class='ocrx_word' id='word_1_57' title='bbox 2251 1789 2352 1845; x_wconf 93' lang='lat' dir='ltr'><strong>hoc</strong></span> <span class='ocrx_word' id='word_1_58' title='bbox 2385 1789 2523 1845; x_wconf 88' lang='lat' dir='ltr'><strong>libro</strong></span> <span class='ocrx_word' id='word_1_59' title='bbox 2552 1789 2898 1856; x_wconf 76' lang='lat' dir='ltr'><strong>exhibemus,</strong></span> <span class='ocrx_word' id='word_1_60' title='bbox 2952 1787 3112 1857; x_wconf 84' lang='lat' dir='ltr'><strong>idque</strong></span> <span class='ocrx_word' id='word_1_61' title='bbox 3157 1801 3218 1842; x_wconf 88' lang='lat' dir='ltr'><strong>ea</strong></span> <span class='ocrx_word' id='word_1_62' title='bbox 3265 1787 3537 1850; x_wconf 90' lang='lat' dir='ltr'><strong>methodo,</strong></span> <span class='ocrx_word' id='word_1_63' title='bbox 3584 1795 3647 1840; x_wconf 87' lang='lat' dir='ltr'><strong>nt</strong></span> 
     </span>
    </p>
   </div>
   <div class='ocr_carea' id='block_1_11' title="bbox 403 1862 3648 1945">
    <p class='ocr_par' dir='ltr' id='par_1_11' title="bbox 403 1862 3648 1945">
     <span class='ocr_line' id='line_1_11' title="bbox 403 1862 3648 1945; baseline 0.002 -27"><span class='ocrx_word' id='word_1_64' title='bbox 403 1862 602 1931; x_wconf 77' lang='lat' dir='ltr'><strong>singuli</strong></span> <span class='ocrx_word' id='word_1_65' title='bbox 629 1878 866 1919; x_wconf 81' lang='lat' dir='ltr'><strong>canones</strong></span> <span class='ocrx_word' id='word_1_66' title='bbox 892 1867 1054 1922; x_wconf 88' lang='lat' dir='ltr'><strong>trium</strong></span> <span class='ocrx_word' id='word_1_67' title='bbox 1084 1865 1307 1922; x_wconf 86' lang='lat' dir='ltr'><strong>istorum</strong></span> <span class='ocrx_word' id='word_1_68' title='bbox 1335 1869 1692 1940; x_wconf 85' lang='lat' dir='ltr'><strong>interpretum</strong></span> <span class='ocrx_word' id='word_1_69' title='bbox 1715 1877 2105 1929; x_wconf 89' lang='lat' dir='ltr'><strong>commentaria</strong></span> <span class='ocrx_word' id='word_1_70' title='bbox 2133 1875 2237 1930; x_wconf 84' lang='lat' dir='ltr'><strong>sibi</strong></span> <span class='ocrx_word' id='word_1_71' title='bbox 2261 1891 2467 1930; x_wconf 82' lang='lat' dir='ltr'><strong>annexa</strong></span> <span class='ocrx_word' id='word_1_72' title='bbox 2496 1877 2756 1932; x_wconf 86' lang='lat' dir='ltr'><strong>habeant.</strong></span> <span class='ocrx_word' id='word_1_73' title='bbox 2777 1877 2836 1932; x_wconf 87' lang='lat' dir='ltr'><strong>in</strong></span> <span class='ocrx_word' id='word_1_74' title='bbox 2867 1877 3062 1945; x_wconf 90' lang='lat' dir='ltr'><strong>quibus</strong></span> <span class='ocrx_word' id='word_1_75' title='bbox 3088 1883 3264 1930; x_wconf 90' lang='lat' dir='ltr'><strong>tamen</strong></span> <span class='ocrx_word' id='word_1_76' title='bbox 3299 1871 3648 1944; x_wconf 80' lang='lat' dir='ltr'><strong>disponendis</strong></span> 
     </span>
    </p>
   </div>
   <div class='ocr_carea' id='block_1_12' title="bbox 403 1947 3647 2031">
    <p class='ocr_par' dir='ltr' id='par_1_12' title="bbox 403 1947 3647 2031">
     <span class='ocr_line' id='line_1_12' title="bbox 403 1947 3647 2031; baseline 0.004 -28"><span class='ocrx_word' id='word_1_77' title='bbox 403 1947 651 2006; x_wconf 84' lang='lat' dir='ltr'><strong>ordinem</strong></span> <span class='ocrx_word' id='word_1_78' title='bbox 686 1954 969 2023; x_wconf 86' lang='lat' dir='ltr'><strong>temporis,</strong></span> <span class='ocrx_word' id='word_1_79' title='bbox 1005 1969 1112 2023; x_wconf 84' lang='lat' dir='ltr'><strong>quo</strong></span> <span class='ocrx_word' id='word_1_80' title='bbox 1147 1950 1374 2026; x_wconf 85' lang='lat' dir='ltr'><strong>quisque</strong></span> <span class='ocrx_word' id='word_1_81' title='bbox 1402 1957 1639 2027; x_wconf 86' lang='lat' dir='ltr'><strong>scripsit,</strong></span> <span class='ocrx_word' id='word_1_82' title='bbox 1684 1975 1790 2015; x_wconf 89' lang='lat' dir='ltr'><strong>non</strong></span> <span class='ocrx_word' id='word_1_83' title='bbox 1831 1962 2205 2027; x_wconf 86' lang='lat' dir='ltr'><strong>observamus,</strong></span> <span class='ocrx_word' id='word_1_84' title='bbox 2259 1965 2352 2020; x_wconf 90' lang='lat' dir='ltr'><strong>sed</strong></span> <span class='ocrx_word' id='word_1_85' title='bbox 2401 1961 2750 2019; x_wconf 88' lang='lat' dir='ltr'><strong>Theodorum</strong></span> <span class='ocrx_word' id='word_1_86' title='bbox 2793 1963 3196 2026; x_wconf 86' lang='lat' dir='ltr'><strong>Balsamonem,</strong></span> <span class='ocrx_word' id='word_1_87' title='bbox 3256 1963 3350 2031; x_wconf 89' lang='lat' dir='ltr'><strong>qui</strong></span> <span class='ocrx_word' id='word_1_88' title='bbox 3400 1969 3647 2031; x_wconf 79' lang='lat' dir='ltr'><strong>tempore</strong></span> 
     </span>
    </p>
   </div>
   <div class='ocr_carea' id='block_1_13' title="bbox 404 2042 3649 2125">
    <p class='ocr_par' dir='ltr' id='par_1_13' title="bbox 404 2042 3649 2125">
     <span class='ocr_line' id='line_1_13' title="bbox 404 2042 3649 2125; baseline 0.002 -31"><span class='ocrx_word' id='word_1_89' title='bbox 404 2051 711 2107; x_wconf 87' lang='lat' dir='ltr'><strong>postremus</strong></span> <span class='ocrx_word' id='word_1_90' title='bbox 743 2042 864 2109; x_wconf 80' lang='lat' dir='ltr'><strong>fuit,</strong></span> <span class='ocrx_word' id='word_1_91' title='bbox 909 2046 1083 2113; x_wconf 90' lang='lat' dir='ltr'><strong>primo</strong></span> <span class='ocrx_word' id='word_1_92' title='bbox 1120 2045 1170 2099; x_wconf 91' lang='lat' dir='ltr'><strong>iu</strong></span> <span class='ocrx_word' id='word_1_93' title='bbox 1206 2045 1322 2100; x_wconf 88' lang='lat' dir='ltr'><strong>loco</strong></span> <span class='ocrx_word' id='word_1_94' title='bbox 1349 2048 1752 2108; x_wconf 84' lang='lat' dir='ltr'><strong>constituimus.</strong></span> <span class='ocrx_word' id='word_1_95' title='bbox 1787 2050 2042 2106; x_wconf 84' lang='lat' dir='ltr'><strong>nimirum</strong></span> <span class='ocrx_word' id='word_1_96' title='bbox 2069 2053 2140 2106; x_wconf 93' lang='lat' dir='ltr'><strong>ob</strong></span> <span class='ocrx_word' id='word_1_97' title='bbox 2163 2069 2432 2108; x_wconf 84' lang='lat' dir='ltr'><strong>summam</strong></span> <span class='ocrx_word' id='word_1_98' title='bbox 2479 2053 2595 2125; x_wconf 82' lang='lat' dir='ltr'><strong>ejus</strong></span> <span class='ocrx_word' id='word_1_99' title='bbox 2624 2053 2676 2106; x_wconf 91' lang='lat' dir='ltr'><strong>in</strong></span> <span class='ocrx_word' id='word_1_100' title='bbox 2723 2052 2871 2108; x_wconf 85' lang='lat' dir='ltr'><strong>hisee</strong></span> <span class='ocrx_word' id='word_1_101' title='bbox 2919 2051 3118 2107; x_wconf 88' lang='lat' dir='ltr'><strong>studiis</strong></span> <span class='ocrx_word' id='word_1_102' title='bbox 3151 2051 3555 2114; x_wconf 82' lang='lat' dir='ltr'><strong>auctoritatem,</strong></span> <span class='ocrx_word' id='word_1_103' title='bbox 3591 2057 3649 2102; x_wconf 86' lang='lat' dir='ltr'><strong>et</strong></span> 
     </span>
    </p>
   </div>
   <div class='ocr_carea' id='block_1_14' title="bbox 405 2133 3648 2210">
    <p class='ocr_par' dir='ltr' id='par_1_14' title="bbox 405 2133 3648 2210">
     <span class='ocr_line' id='line_1_14' title="bbox 405 2133 3648 2210; baseline 0 -23"><span class='ocrx_word' id='word_1_104' title='bbox 405 2133 701 2188; x_wconf 79' lang='lat' dir='ltr'><strong>maximam</strong></span> <span class='ocrx_word' id='word_1_105' title='bbox 736 2135 788 2190; x_wconf 92' lang='lat' dir='ltr'><strong>in</strong></span> <span class='ocrx_word' id='word_1_106' title='bbox 819 2134 1062 2191; x_wconf 86' lang='lat' dir='ltr'><strong>Ecclesia</strong></span> <span class='ocrx_word' id='word_1_107' title='bbox 1097 2137 1452 2208; x_wconf 81' lang='lat' dir='ltr'><strong>dignitatem;</strong></span> <span class='ocrx_word' id='word_1_108' title='bbox 1490 2153 1611 2192; x_wconf 89' lang='lat' dir='ltr'><strong>nam</strong></span> <span class='ocrx_word' id='word_1_109' title='bbox 1657 2142 1968 2209; x_wconf 82' lang='lat' dir='ltr'><strong>patriarcha</strong></span> <span class='ocrx_word' id='word_1_110' title='bbox 2001 2141 2122 2206; x_wconf 83' lang='lat' dir='ltr'><strong>fuit,</strong></span> <span class='ocrx_word' id='word_1_111' title='bbox 2170 2149 2230 2195; x_wconf 90' lang='lat' dir='ltr'><strong>ut</strong></span> <span class='ocrx_word' id='word_1_112' title='bbox 2271 2155 2394 2196; x_wconf 82' lang='lat' dir='ltr'><strong>mox</strong></span> <span class='ocrx_word' id='word_1_113' title='bbox 2445 2140 2819 2196; x_wconf 87' lang='lat' dir='ltr'><strong>ostendemus.</strong></span> <span class='ocrx_word' id='word_1_114' title='bbox 2871 2139 2949 2194; x_wconf 88' lang='lat' dir='ltr'><strong>De</strong></span> <span class='ocrx_word' id='word_1_115' title='bbox 2995 2136 3219 2210; x_wconf 77' lang='lat' dir='ltr'><strong>singulis</strong></span> <span class='ocrx_word' id='word_1_116' title='bbox 3264 2145 3442 2190; x_wconf 86' lang='lat' dir='ltr'><strong>autem</strong></span> <span class='ocrx_word' id='word_1_117' title='bbox 3497 2135 3648 2189; x_wconf 90' lang='lat' dir='ltr'><strong>hisce</strong></span> 
     </span>
    </p>
   </div>
   <div class='ocr_carea' id='block_1_15' title="bbox 403 2222 3647 2301">
    <p class='ocr_par' dir='ltr' id='par_1_15' title="bbox 403 2222 3647 2301">
     <span class='ocr_line' id='line_1_15' title="bbox 403 2222 3647 2301; baseline -0.001 -23"><span class='ocrx_word' id='word_1_118' title='bbox 403 2222 734 2290; x_wconf 85' lang='lat' dir='ltr'><strong>scholiastis,</strong></span> <span class='ocrx_word' id='word_1_119' title='bbox 767 2240 902 2295; x_wconf 90' lang='lat' dir='ltr'><strong>quos</strong></span> <span class='ocrx_word' id='word_1_120' title='bbox 929 2226 1143 2280; x_wconf 85' lang='lat' dir='ltr'><strong>edimus</strong></span> <span class='ocrx_word' id='word_1_121' title='bbox 1169 2225 1358 2282; x_wconf 89' lang='lat' dir='ltr'><strong>ordine</strong></span> <span class='ocrx_word' id='word_1_122' title='bbox 1393 2242 1551 2296; x_wconf 91' lang='lat' dir='ltr'><strong>quem</strong></span> <span class='ocrx_word' id='word_1_123' title='bbox 1590 2229 1642 2283; x_wconf 91' lang='lat' dir='ltr'><strong>in</strong></span> <span class='ocrx_word' id='word_1_124' title='bbox 1674 2230 1816 2284; x_wconf 92' lang='lat' dir='ltr'><strong>libro</strong></span> <span class='ocrx_word' id='word_1_125' title='bbox 1849 2238 2138 2301; x_wconf 89' lang='lat' dir='ltr'><strong>occupant,</strong></span> <span class='ocrx_word' id='word_1_126' title='bbox 2163 2227 2302 2284; x_wconf 87' lang='lat' dir='ltr'><strong>ratio</strong></span> <span class='ocrx_word' id='word_1_127' title='bbox 2332 2228 2541 2298; x_wconf 86' lang='lat' dir='ltr'><strong>pariter</strong></span> <span class='ocrx_word' id='word_1_128' title='bbox 2573 2237 2732 2298; x_wconf 88' lang='lat' dir='ltr'><strong>atque</strong></span> <span class='ocrx_word' id='word_1_129' title='bbox 2766 2226 3099 2282; x_wconf 84' lang='lat' dir='ltr'><strong>consuetudo</strong></span> <span class='ocrx_word' id='word_1_130' title='bbox 3137 2223 3397 2296; x_wconf 85' lang='lat' dir='ltr'><strong>postulat,</strong></span> <span class='ocrx_word' id='word_1_131' title='bbox 3425 2232 3484 2278; x_wconf 90' lang='lat' dir='ltr'><strong>ut</strong></span> <span class='ocrx_word' id='word_1_132' title='bbox 3511 2235 3647 2276; x_wconf 89' lang='lat' dir='ltr'><strong>non-</strong></span> 
     </span>
    </p>
   </div>
   <div class='ocr_carea' id='block_1_16' title="bbox 401 2308 1239 2381">
    <p class='ocr_par' dir='ltr' id='par_1_16' title="bbox 401 2308 1239 2381">
     <span class='ocr_line' id='line_1_16' title="bbox 401 2308 1239 2381; baseline 0.004 -18"><span class='ocrx_word' id='word_1_133' title='bbox 401 2308 534 2364; x_wconf 85' lang='lat' dir='ltr'><strong>nihil</strong></span> <span class='ocrx_word' id='word_1_134' title='bbox 558 2311 658 2365; x_wconf 90' lang='lat' dir='ltr'><strong>hoc</strong></span> <span class='ocrx_word' id='word_1_135' title='bbox 684 2309 805 2366; x_wconf 91' lang='lat' dir='ltr'><strong>loco</strong></span> <span class='ocrx_word' id='word_1_136' title='bbox 824 2313 1239 2381; x_wconf 61' lang='lat' dir='ltr'><strong>praemittamus.</strong></span> 
     </span>
    </p>
   </div>
   <div class='ocr_carea' id='block_1_17' title="bbox 473 2421 3649 2498">
    <p class='ocr_par' dir='ltr' id='par_1_17' title="bbox 473 2421 3649 2498">
     <span class='ocr_line' id='line_1_17' title="bbox 473 2421 3649 2498; baseline 0.001 -20"><span class='ocrx_word' id='word_1_137' title='bbox 473 2421 793 2480; x_wconf 83' lang='lat' dir='ltr'><strong>Theodorus</strong></span> <span class='ocrx_word' id='word_1_138' title='bbox 819 2423 1106 2482; x_wconf 85' lang='lat' dir='ltr'><strong>Balsamon</strong></span> <span class='ocrx_word' id='word_1_139' title='bbox 1136 2425 1606 2498; x_wconf 77' lang='lat' dir='ltr'><strong>Constantinopoli</strong></span> <span class='ocrx_word' id='word_1_140' title='bbox 1633 2428 1902 2485; x_wconf 88' lang='lat' dir='ltr'><strong>oriundus</strong></span> <span class='ocrx_word' id='word_1_141' title='bbox 1931 2438 2035 2486; x_wconf 90' lang='lat' dir='ltr'><strong>est.</strong></span> <span class='ocrx_word' id='word_1_142' title='bbox 2083 2430 2204 2498; x_wconf 81' lang='lat' dir='ltr'><strong>ipse</strong></span> <span class='ocrx_word' id='word_1_143' title='bbox 2232 2429 2378 2484; x_wconf 89' lang='lat' dir='ltr'><strong>enim</strong></span> <span class='ocrx_word' id='word_1_144' title='bbox 2409 2442 2466 2485; x_wconf 89' lang='lat' dir='ltr'><strong>se</strong></span> <span class='ocrx_word' id='word_1_145' title='bbox 2499 2425 3163 2493; x_wconf 81' lang='lat' dir='ltr'><strong>Constantinopolitanum</strong></span> <span class='ocrx_word' id='word_1_146' title='bbox 3197 2424 3433 2497; x_wconf 79' lang='lat' dir='ltr'><strong>appellat</strong></span> <span class='ocrx_word' id='word_1_147' title='bbox 3478 2425 3532 2484; x_wconf 88' lang='lat' dir='ltr'><strong>in</strong></span> <span class='ocrx_word' id='word_1_148' title='bbox 3567 2428 3649 2484; x_wconf 86' lang='lat' dir='ltr'><strong>al-</strong></span> 
     </span>
    </p>
   </div>
   <div class='ocr_carea' id='block_1_18' title="bbox 403 2508 2004 2584">
    <p class='ocr_par' dir='ltr' id='par_1_18' title="bbox 403 2508 2000 2579">
     <span class='ocr_line' id='line_1_18' title="bbox 403 2508 2000 2579; baseline 0.003 -16"><span class='ocrx_word' id='word_1_149' title='bbox 403 2518 518 2564; x_wconf 91' lang='lat' dir='ltr'><strong>tera</strong></span> <span class='ocrx_word' id='word_1_150' title='bbox 545 2508 994 2579; x_wconf 77' lang='lat' dir='ltr'><strong>interpretatione</strong></span> <span class='ocrx_word' id='word_1_151' title='bbox 1022 2511 1461 2570; x_wconf 88' lang='lat' dir='ltr'><strong>duodetricesimi</strong></span> <span class='ocrx_word' id='word_1_152' title='bbox 1509 2513 1734 2570; x_wconf 84' lang='lat' dir='ltr'><strong>canonis</strong></span> <span class='ocrx_word' id='word_1_153' title='bbox 1765 2515 2000 2572; x_wconf 85' lang='lat' dir='ltr'><strong>Chalced</strong></span> 
     </span>
    </p>
   </div>
   <div class='ocr_carea' id='block_1_19' title="bbox 2047 2508 3648 2584">
    <p class='ocr_par' dir='ltr' id='par_1_19' title="bbox 2047 2512 3648 2584">
     <span class='ocr_line' id='line_1_19' title="bbox 2047 2512 3648 2584; baseline 0 -14"><span class='ocrx_word' id='word_1_154' title='bbox 2047 2516 2248 2582; x_wconf 87' lang='lat' dir='ltr'><strong>nensis,</strong></span> <span class='ocrx_word' id='word_1_155' title='bbox 2289 2516 2521 2573; x_wconf 83' lang='lat' dir='ltr'><strong>dicens:</strong></span> <span class='ocrx_word' id='word_1_156' title='bbox 2565 2512 2708 2584; x_wconf 82' lang='grc' dir='ltr'><strong>Ἐγὼ</strong></span> <span class='ocrx_word' id='word_1_157' title='bbox 2760 2514 2820 2569; x_wconf 70' lang='grc' dir='ltr'>δὲ</span> <span class='ocrx_word' id='word_1_158' title='bbox 2864 2514 3508 2582; x_wconf 79' lang='grc' dir='ltr'>Κωνσταντινουπολιτης</span> <span class='ocrx_word' id='word_1_159' title='bbox 3569 2513 3648 2570; x_wconf 82' lang='grc' dir='ltr'>ὣν</span> 
     </span>
    </p>
   </div>
   <div class='ocr_carea' id='block_1_20' title="bbox 400 2597 3648 2675">
    <p class='ocr_par' dir='ltr' id='par_1_20' title="bbox 400 2597 3648 2675">
     <span class='ocr_line' id='line_1_20' title="bbox 400 2597 3648 2675; baseline 0.002 -22"><span class='ocrx_word' id='word_1_160' title='bbox 400 2597 898 2672; x_wconf 80' lang='grc' dir='ltr'>ἁκραιφνέστατος,</span> <span class='ocrx_word' id='word_1_161' title='bbox 931 2601 1026 2654; x_wconf 73' lang='grc' dir='ltr'><strong>καὶ</strong></span> <span class='ocrx_word' id='word_1_162' title='bbox 1055 2597 1150 2654; x_wconf 78' lang='grc' dir='ltr'>τοῦ</span> <span class='ocrx_word' id='word_1_163' title='bbox 1181 2601 1486 2669; x_wconf 81' lang='grc' dir='ltr'>ἁγιωτάτου</span> <span class='ocrx_word' id='word_1_164' title='bbox 1517 2600 1710 2672; x_wconf 78' lang='grc' dir='ltr'>Θρόνου</span> <span class='ocrx_word' id='word_1_165' title='bbox 1739 2601 1840 2672; x_wconf 84' lang='grc' dir='ltr'><strong>τῆς</strong></span> <span class='ocrx_word' id='word_1_166' title='bbox 1879 2604 2512 2666; x_wconf 72' lang='grc' dir='ltr'>Κωνσταντινουπόλεως</span> <span class='ocrx_word' id='word_1_167' title='bbox 2541 2604 2708 2675; x_wconf 70' lang='grc' dir='ltr'>μέρος</span> <span class='ocrx_word' id='word_1_168' title='bbox 2739 2603 3004 2671; x_wconf 83' lang='grc' dir='ltr'><strong>γεγονώς.</strong></span> <span class='ocrx_word' id='word_1_169' title='bbox 3047 2602 3160 2674; x_wconf 80' lang='lat' dir='ltr'><strong>Ego</strong></span> <span class='ocrx_word' id='word_1_170' title='bbox 3191 2619 3325 2662; x_wconf 68' lang='lat' dir='ltr'><strong>vero.</strong></span> <span class='ocrx_word' id='word_1_171' title='bbox 3359 2617 3480 2658; x_wconf 76' lang='lat' dir='ltr'><strong>cum</strong></span> <span class='ocrx_word' id='word_1_172' title='bbox 3510 2601 3648 2658; x_wconf 72' lang='lat' dir='ltr'><strong>Cors-</strong></span> 
     </span>
    </p>
   </div>
   <div class='ocr_carea' id='block_1_21' title="bbox 404 2686 3648 2760">
    <p class='ocr_par' dir='ltr' id='par_1_21' title="bbox 404 2686 3648 2760">
     <span class='ocr_line' id='line_1_21' title="bbox 404 2686 3648 2760; baseline 0 -18"><span class='ocrx_word' id='word_1_173' title='bbox 404 2686 910 2749; x_wconf 77' lang='lat' dir='ltr'><strong>stantinonolitanus</strong></span> <span class='ocrx_word' id='word_1_174' title='bbox 934 2689 1061 2742; x_wconf 78' lang='lat' dir='ltr'><strong>civis</strong></span> <span class='ocrx_word' id='word_1_175' title='bbox 1085 2689 1181 2742; x_wconf 91' lang='lat' dir='ltr'><strong>sim</strong></span> <span class='ocrx_word' id='word_1_176' title='bbox 1217 2690 1607 2760; x_wconf 78' lang='lat' dir='ltr'><strong>integerrimus,</strong></span> <span class='ocrx_word' id='word_1_177' title='bbox 1642 2698 1689 2742; x_wconf 80' lang='lat' dir='ltr'><strong>et</strong></span> <span class='ocrx_word' id='word_1_178' title='bbox 1736 2692 2054 2746; x_wconf 70' lang='lat' dir='ltr'><strong>sanctissimi</strong></span> <span class='ocrx_word' id='word_1_179' title='bbox 2087 2693 2259 2746; x_wconf 79' lang='lat' dir='ltr'><strong>throni</strong></span> <span class='ocrx_word' id='word_1_180' title='bbox 2301 2691 2874 2758; x_wconf 80' lang='lat' dir='ltr'><strong>Constantinopolitani</strong></span> <span class='ocrx_word' id='word_1_181' title='bbox 2913 2706 3038 2760; x_wconf 77' lang='lat' dir='ltr'><strong>pars</strong></span> <span class='ocrx_word' id='word_1_182' title='bbox 3067 2689 3263 2759; x_wconf 81' lang='lat' dir='ltr'><strong>factus.</strong></span> <span class='ocrx_word' id='word_1_183' title='bbox 3303 2687 3456 2744; x_wconf 89' lang='lat' dir='ltr'><strong>Unde</strong></span> <span class='ocrx_word' id='word_1_184' title='bbox 3483 2689 3648 2744; x_wconf 83' lang='lat' dir='ltr'><strong>simul</strong></span> 
     </span>
    </p>
   </div>
   <div class='ocr_carea' id='block_1_22' title="bbox 404 2773 3645 2848">
    <p class='ocr_par' dir='ltr' id='par_1_22' title="bbox 404 2773 3645 2848">
     <span class='ocr_line' id='line_1_22' title="bbox 404 2773 3645 2848; baseline 0 -19"><span class='ocrx_word' id='word_1_185' title='bbox 404 2773 678 2845; x_wconf 75' lang='lat' dir='ltr'><strong>colligitur</strong></span> <span class='ocrx_word' id='word_1_186' title='bbox 697 2788 822 2828; x_wconf 91' lang='lat' dir='ltr'><strong>eum</strong></span> <span class='ocrx_word' id='word_1_187' title='bbox 855 2774 908 2829; x_wconf 88' lang='lat' dir='ltr'><strong>in</strong></span> <span class='ocrx_word' id='word_1_188' title='bbox 939 2775 1045 2830; x_wconf 91' lang='lat' dir='ltr'><strong>ista</strong></span> <span class='ocrx_word' id='word_1_189' title='bbox 1076 2773 1316 2834; x_wconf 81' lang='lat' dir='ltr'><strong>Ecclesia</strong></span> <span class='ocrx_word' id='word_1_190' title='bbox 1347 2776 1524 2846; x_wconf 85' lang='lat' dir='ltr'><strong>primo</strong></span> <span class='ocrx_word' id='word_1_191' title='bbox 1553 2777 1864 2832; x_wconf 88' lang='lat' dir='ltr'><strong>ordinatum</strong></span> <span class='ocrx_word' id='word_1_192' title='bbox 1925 2779 2118 2834; x_wconf 78' lang='lat' dir='ltr'><strong>fuisse.</strong></span> <span class='ocrx_word' id='word_1_193' title='bbox 2173 2778 2440 2833; x_wconf 76' lang='lat' dir='ltr'><strong>Nimirum</strong></span> <span class='ocrx_word' id='word_1_194' title='bbox 2485 2777 2770 2845; x_wconf 83' lang='lat' dir='ltr'><strong>diaconus,</strong></span> <span class='ocrx_word' id='word_1_195' title='bbox 2820 2778 3208 2848; x_wconf 77' lang='lat' dir='ltr'><strong>nomophylax,</strong></span> <span class='ocrx_word' id='word_1_196' title='bbox 3268 2788 3432 2846; x_wconf 83' lang='lat' dir='ltr'><strong>atque</strong></span> <span class='ocrx_word' id='word_1_197' title='bbox 3481 2777 3645 2831; x_wconf 86' lang='lat' dir='ltr'><strong>etiam</strong></span> 
     </span>
    </p>
   </div>
   <div class='ocr_carea' id='block_1_23' title="bbox 404 2859 3650 2936">
    <p class='ocr_par' dir='ltr' id='par_1_23' title="bbox 404 2859 3650 2936">
     <span class='ocr_line' id='line_1_23' title="bbox 404 2859 3650 2936; baseline 0 -21"><span class='ocrx_word' id='word_1_198' title='bbox 404 2859 804 2932; x_wconf 79' lang='lat' dir='ltr'><strong>chartophylax</strong></span> <span class='ocrx_word' id='word_1_199' title='bbox 837 2861 992 2916; x_wconf 86' lang='lat' dir='ltr'><strong>istius</strong></span> <span class='ocrx_word' id='word_1_200' title='bbox 1024 2861 1285 2918; x_wconf 73' lang='lat' dir='ltr'><strong>Ecclesia:</strong></span> <span class='ocrx_word' id='word_1_201' title='bbox 1330 2861 1456 2927; x_wconf 77' lang='lat' dir='ltr'><strong>fuit,</strong></span> <span class='ocrx_word' id='word_1_202' title='bbox 1501 2873 1560 2919; x_wconf 89' lang='lat' dir='ltr'><strong>ut</strong></span> <span class='ocrx_word' id='word_1_203' title='bbox 1610 2874 1756 2935; x_wconf 89' lang='lat' dir='ltr'><strong>patet</strong></span> <span class='ocrx_word' id='word_1_204' title='bbox 1786 2881 1850 2920; x_wconf 81' lang='lat' dir='ltr'><strong>ea</strong></span> <span class='ocrx_word' id='word_1_205' title='bbox 1892 2865 2250 2936; x_wconf 84' lang='lat' dir='ltr'><strong>inscriptione</strong></span> <span class='ocrx_word' id='word_1_206' title='bbox 2303 2865 2758 2920; x_wconf 87' lang='lat' dir='ltr'><strong>Constitutionum</strong></span> <span class='ocrx_word' id='word_1_207' title='bbox 2807 2863 3295 2920; x_wconf 67' lang='lat' dir='ltr'><strong>ecclesiasticarum</strong></span> <span class='ocrx_word' id='word_1_208' title='bbox 3341 2877 3477 2932; x_wconf 85' lang='lat' dir='ltr'><strong>quas</strong></span> <span class='ocrx_word' id='word_1_209' title='bbox 3529 2862 3650 2931; x_wconf 80' lang='lat' dir='ltr'><strong>ipse</strong></span> 
     </span>
    </p>
   </div>
   <div class='ocr_carea' id='block_1_24' title="bbox 404 2947 3646 3020">
    <p class='ocr_par' dir='ltr' id='par_1_24' title="bbox 404 2947 3646 3020">
     <span class='ocr_line' id='line_1_24' title="bbox 404 2947 3646 3020; baseline 0 -18"><span class='ocrx_word' id='word_1_210' title='bbox 404 2947 644 3018; x_wconf 74' lang='lat' dir='ltr'><strong>collegit,</strong></span> <span class='ocrx_word' id='word_1_211' title='bbox 669 2963 788 3020; x_wconf 75' lang='lat' dir='ltr'><strong>qua:</strong></span> <span class='ocrx_word' id='word_1_212' title='bbox 817 2949 869 3002; x_wconf 86' lang='lat' dir='ltr'><strong>in</strong></span> <span class='ocrx_word' id='word_1_213' title='bbox 909 2947 1096 3004; x_wconf 89' lang='lat' dir='ltr'><strong>codice</strong></span> <span class='ocrx_word' id='word_1_214' title='bbox 1125 2965 1228 3006; x_wconf 85' lang='lat' dir='ltr'><strong>ms.</strong></span> <span class='ocrx_word' id='word_1_215' title='bbox 1255 2948 1458 3006; x_wconf 85' lang='lat' dir='ltr'><strong>Nicolai</strong></span> <span class='ocrx_word' id='word_1_216' title='bbox 1495 2949 1776 3018; x_wconf 80' lang='lat' dir='ltr'><strong>Peirescii,</strong></span> <span class='ocrx_word' id='word_1_217' title='bbox 1808 2955 2080 3010; x_wconf 84' lang='lat' dir='ltr'><strong>senatoris</strong></span> <span class='ocrx_word' id='word_1_218' title='bbox 2111 2953 2594 3020; x_wconf 79' lang='lat' dir='ltr'><strong>Aquissextiensis,</strong></span> <span class='ocrx_word' id='word_1_219' title='bbox 2629 2969 2658 3006; x_wconf 90' lang='lat' dir='ltr'><strong>a</strong></span> <span class='ocrx_word' id='word_1_220' title='bbox 2687 2953 2882 3007; x_wconf 84' lang='lat' dir='ltr'><strong>Carolo</strong></span> <span class='ocrx_word' id='word_1_221' title='bbox 2909 2953 3172 3007; x_wconf 82' lang='lat' dir='ltr'><strong>Annibale</strong></span> <span class='ocrx_word' id='word_1_222' title='bbox 3209 2951 3446 3005; x_wconf 77' lang='lat' dir='ltr'><strong>Fabroto</strong></span> <span class='ocrx_word' id='word_1_223' title='bbox 3465 2950 3517 3004; x_wconf 92' lang='lat' dir='ltr'><strong>iu</strong></span> <span class='ocrx_word' id='word_1_224' title='bbox 3541 2965 3646 3004; x_wconf 74' lang='grc' dir='ltr'>πο·</span> 
     </span>
    </p>
   </div>
   <div class='ocr_carea' id='block_1_25' title="bbox 405 3029 2006 3112">
    <p class='ocr_par' dir='ltr' id='par_1_25' title="bbox 405 3029 2006 3104">
     <span class='ocr_line' id='line_1_25' title="bbox 405 3029 2006 3104; baseline 0.003 -14"><span class='ocrx_word' id='word_1_225' title='bbox 405 3029 476 3091; x_wconf 90' lang='lat' dir='ltr'><strong>tis</strong></span> <span class='ocrx_word' id='word_1_226' title='bbox 505 3036 571 3090; x_wconf 88' lang='lat' dir='ltr'><strong>ad</strong></span> <span class='ocrx_word' id='word_1_227' title='bbox 602 3037 820 3093; x_wconf 85' lang='lat' dir='ltr'><strong>easdem</strong></span> <span class='ocrx_word' id='word_1_228' title='bbox 850 3035 1282 3095; x_wconf 88' lang='lat' dir='ltr'><strong>Constitutiones</strong></span> <span class='ocrx_word' id='word_1_229' title='bbox 1305 3040 1492 3104; x_wconf 88' lang='lat' dir='ltr'><strong>citato,</strong></span> <span class='ocrx_word' id='word_1_230' title='bbox 1518 3040 1594 3095; x_wconf 89' lang='lat' dir='ltr'><strong>sic</strong></span> <span class='ocrx_word' id='word_1_231' title='bbox 1620 3056 1678 3095; x_wconf 93' lang='lat' dir='ltr'><strong>se</strong></span> <span class='ocrx_word' id='word_1_232' title='bbox 1713 3041 1876 3096; x_wconf 84' lang='lat' dir='ltr'><strong>habet</strong></span> <span class='ocrx_word' id='word_1_233' title='bbox 1913 3061 1927 3097; x_wconf 91' lang='lat'><strong>:</strong></span> <span class='ocrx_word' id='word_1_234' title='bbox 1961 3042 2006 3095; x_wconf 57' lang='grc' dir='ltr'><strong>Θη</strong></span> 
     </span>
    </p>
   </div>
   <div class='ocr_carea' id='block_1_26' title="bbox 2044 3029 3645 3112">
    <p class='ocr_par' dir='ltr' id='par_1_26' title="bbox 2044 3037 3645 3112">
     <span class='ocr_line' id='line_1_26' title="bbox 2044 3037 3645 3112; baseline -0.004 -16"><span class='ocrx_word' id='word_1_235' title='bbox 2044 3041 2240 3112; x_wconf 72' lang='grc' dir='ltr'>οδὼρου</span> <span class='ocrx_word' id='word_1_236' title='bbox 2264 3042 2514 3095; x_wconf 82' lang='grc' dir='ltr'><strong>διακόνου</strong></span> <span class='ocrx_word' id='word_1_237' title='bbox 2544 3042 2642 3111; x_wconf 81' lang='grc' dir='ltr'><strong>τῆς</strong></span> <span class='ocrx_word' id='word_1_238' title='bbox 2669 3039 2982 3109; x_wconf 79' lang='grc' dir='ltr'><strong>ἁγιωτάτης</strong></span> <span class='ocrx_word' id='word_1_239' title='bbox 3006 3041 3101 3094; x_wconf 82' lang='grc' dir='ltr'>τοῦ</span> <span class='ocrx_word' id='word_1_240' title='bbox 3133 3037 3270 3094; x_wconf 82' lang='grc' dir='ltr'><strong>Θεοῦ</strong></span> <span class='ocrx_word' id='word_1_241' title='bbox 3316 3038 3645 3109; x_wconf 71' lang='grc' dir='ltr'><strong>Ἐκκλησίας</strong></span> 
     </span>
    </p>
   </div>
   <div class='ocr_carea' id='block_1_27' title="bbox 401 3123 3645 3201">
    <p class='ocr_par' dir='ltr' id='par_1_27' title="bbox 401 3123 3645 3201">
     <span class='ocr_line' id='line_1_27' title="bbox 401 3123 3645 3201; baseline -0.001 -20"><span class='ocrx_word' id='word_1_242' title='bbox 401 3123 807 3194; x_wconf 80' lang='grc' dir='ltr'><strong>νομοφύλακος,</strong></span> <span class='ocrx_word' id='word_1_243' title='bbox 840 3127 935 3181; x_wconf 71' lang='grc' dir='ltr'><strong>καὶ</strong></span> <span class='ocrx_word' id='word_1_244' title='bbox 956 3129 1395 3198; x_wconf 81' lang='grc' dir='ltr'>χαρτοφύλακος,</span> <span class='ocrx_word' id='word_1_245' title='bbox 1438 3129 1533 3183; x_wconf 80' lang='grc' dir='ltr'><strong>καὶ</strong></span> <span class='ocrx_word' id='word_1_246' title='bbox 1564 3128 1781 3199; x_wconf 81' lang='grc' dir='ltr'>πρώτου</span> <span class='ocrx_word' id='word_1_247' title='bbox 1809 3130 1918 3184; x_wconf 86' lang='grc' dir='ltr'><strong>τῶν</strong></span> <span class='ocrx_word' id='word_1_248' title='bbox 1947 3130 2294 3201; x_wconf 83' lang='grc' dir='ltr'><strong>Βλαχερνῶν,</strong></span> <span class='ocrx_word' id='word_1_249' title='bbox 2324 3129 2418 3184; x_wconf 84' lang='grc' dir='ltr'>τοῦ</span> <span class='ocrx_word' id='word_1_250' title='bbox 2468 3129 2858 3199; x_wconf 76' lang='grc' dir='ltr'><strong>Βαλσαμῶνος.</strong></span> <span class='ocrx_word' id='word_1_251' title='bbox 2904 3128 3002 3183; x_wconf 78' lang='grc' dir='ltr'>τοῦ</span> <span class='ocrx_word' id='word_1_252' title='bbox 3042 3128 3180 3198; x_wconf 79' lang='grc' dir='ltr'><strong>μετὰ</strong></span> <span class='ocrx_word' id='word_1_253' title='bbox 3218 3128 3444 3198; x_wconf 77' lang='grc' dir='ltr'>χρόνους</span> <span class='ocrx_word' id='word_1_254' title='bbox 3491 3126 3645 3189; x_wconf 75' lang='grc' dir='ltr'>τινὰς</span> 
     </span>
    </p>
   </div>
   <div class='ocr_carea' id='block_1_28' title="bbox 401 3215 2002 3289">
    <p class='ocr_par' dir='ltr' id='par_1_28' title="bbox 401 3215 2002 3289">
     <span class='ocr_line' id='line_1_28' title="bbox 401 3215 2002 3289; baseline 0.002 -22"><span class='ocrx_word' id='word_1_255' title='bbox 401 3215 691 3283; x_wconf 76' lang='grc' dir='ltr'><strong>γεγονότος</strong></span> <span class='ocrx_word' id='word_1_256' title='bbox 726 3217 1067 3287; x_wconf 85' lang='grc' dir='ltr'>πατριάρχου</span> <span class='ocrx_word' id='word_1_257' title='bbox 1101 3217 1451 3280; x_wconf 85' lang='grc' dir='ltr'><strong>Θεουπόλεως</strong></span> <span class='ocrx_word' id='word_1_258' title='bbox 1483 3218 1727 3289; x_wconf 80' lang='grc' dir='ltr'><strong>μεγάλης</strong></span> <span class='ocrx_word' id='word_1_259' title='bbox 1767 3220 2002 3288; x_wconf 83' lang='grc' dir='ltr'>Ἀντιοχε</span> 
     </span>
    </p>
   </div>
   <div class='ocr_carea' id='block_1_29' title="bbox 2046 3215 3647 3289">
    <p class='ocr_par' dir='ltr' id='par_1_29' title="bbox 2046 3215 3647 3282">
     <span class='ocr_line' id='line_1_29' title="bbox 2046 3215 3647 3282; baseline -0.004 -10"><span class='ocrx_word' id='word_1_260' title='bbox 2046 3237 2122 3282; x_wconf 72' lang='grc' dir='ltr'><strong>ις.</strong></span> <span class='ocrx_word' id='word_1_261' title='bbox 2157 3217 2412 3272; x_wconf 74' lang='lat' dir='ltr'><strong>Theodori</strong></span> <span class='ocrx_word' id='word_1_262' title='bbox 2440 3218 2650 3271; x_wconf 82' lang='lat' dir='ltr'><strong>diaconi</strong></span> <span class='ocrx_word' id='word_1_263' title='bbox 2682 3219 3026 3272; x_wconf 66' lang='lat' dir='ltr'><strong>sanctissima:</strong></span> <span class='ocrx_word' id='word_1_264' title='bbox 3059 3215 3155 3271; x_wconf 81' lang='lat' dir='ltr'><strong>Dei</strong></span> <span class='ocrx_word' id='word_1_265' title='bbox 3187 3215 3438 3270; x_wconf 74' lang='lat' dir='ltr'><strong>Ecclesia!</strong></span> <span class='ocrx_word' id='word_1_266' title='bbox 3465 3229 3647 3268; x_wconf 70' lang='lat' dir='ltr'><strong>nomo-</strong></span> 
     </span>
    </p>
   </div>
   <div class='ocr_carea' id='block_1_30' title="bbox 403 3300 3645 3376">
    <p class='ocr_par' dir='ltr' id='par_1_30' title="bbox 403 3300 3645 3376">
     <span class='ocr_line' id='line_1_30' title="bbox 403 3300 3645 3376; baseline -0 -21"><span class='ocrx_word' id='word_1_267' title='bbox 403 3301 642 3374; x_wconf 76' lang='lat' dir='ltr'><strong>plrylucis</strong></span> <span class='ocrx_word' id='word_1_268' title='bbox 670 3317 714 3359; x_wconf 82' lang='lat' dir='ltr'><strong>et</strong></span> <span class='ocrx_word' id='word_1_269' title='bbox 741 3303 1183 3375; x_wconf 79' lang='lat' dir='ltr'><strong>chartophylacis,</strong></span> <span class='ocrx_word' id='word_1_270' title='bbox 1206 3316 1256 3361; x_wconf 79' lang='lat' dir='ltr'><strong>et</strong></span> <span class='ocrx_word' id='word_1_271' title='bbox 1283 3308 1441 3376; x_wconf 86' lang='lat' dir='ltr'><strong>primi</strong></span> <span class='ocrx_word' id='word_1_272' title='bbox 1472 3306 1888 3361; x_wconf 84' lang='lat' dir='ltr'><strong>Blachernarum</strong></span> <span class='ocrx_word' id='word_1_273' title='bbox 1923 3306 2282 3368; x_wconf 86' lang='lat' dir='ltr'><strong>Balsamonis,</strong></span> <span class='ocrx_word' id='word_1_274' title='bbox 2308 3313 2424 3372; x_wconf 84' lang='lat' dir='ltr'><strong>post</strong></span> <span class='ocrx_word' id='word_1_275' title='bbox 2451 3304 2650 3375; x_wconf 82' lang='lat' dir='ltr'><strong>aliquot</strong></span> <span class='ocrx_word' id='word_1_276' title='bbox 2681 3321 2798 3359; x_wconf 72' lang='lat' dir='ltr'><strong>vero</strong></span> <span class='ocrx_word' id='word_1_277' title='bbox 2826 3321 2992 3358; x_wconf 82' lang='lat' dir='ltr'><strong>annos</strong></span> <span class='ocrx_word' id='word_1_278' title='bbox 3024 3305 3338 3367; x_wconf 65' lang='lat' dir='ltr'><strong>patriarchas</strong></span> <span class='ocrx_word' id='word_1_279' title='bbox 3368 3300 3645 3369; x_wconf 81' lang='lat' dir='ltr'><strong>Thcopolis</strong></span> 
     </span>
    </p>
   </div>
   <div class='ocr_carea' id='block_1_31' title="bbox 411 3390 3646 3464">
    <p class='ocr_par' dir='ltr' id='par_1_31' title="bbox 411 3390 3646 3464">
     <span class='ocr_line' id='line_1_31' title="bbox 411 3390 3646 3464; baseline -0.001 -19"><span class='ocrx_word' id='word_1_280' title='bbox 411 3409 619 3462; x_wconf 65' lang='lat' dir='ltr'><strong>magna!</strong></span> <span class='ocrx_word' id='word_1_281' title='bbox 653 3394 968 3447; x_wconf 72' lang='lat' dir='ltr'><strong>Antiochiae.</strong></span> <span class='ocrx_word' id='word_1_282' title='bbox 1009 3393 1139 3460; x_wconf 69' lang='lat' dir='ltr'><strong>Qum</strong></span> <span class='ocrx_word' id='word_1_283' title='bbox 1168 3397 1356 3448; x_wconf 84' lang='lat' dir='ltr'><strong>eadem</strong></span> <span class='ocrx_word' id='word_1_284' title='bbox 1393 3394 1504 3449; x_wconf 82' lang='lat' dir='ltr'><strong>fere</strong></span> <span class='ocrx_word' id='word_1_285' title='bbox 1528 3393 1788 3449; x_wconf 83' lang='lat' dir='ltr'><strong>habentur</strong></span> <span class='ocrx_word' id='word_1_286' title='bbox 1810 3406 1864 3449; x_wconf 91' lang='lat' dir='ltr'><strong>et</strong></span> <span class='ocrx_word' id='word_1_287' title='bbox 1891 3395 1942 3448; x_wconf 91' lang='lat' dir='ltr'><strong>in</strong></span> <span class='ocrx_word' id='word_1_288' title='bbox 1980 3394 2337 3464; x_wconf 88' lang='lat' dir='ltr'><strong>inscriptione</strong></span> <span class='ocrx_word' id='word_1_289' title='bbox 2387 3392 2549 3460; x_wconf 82' lang='lat' dir='ltr'><strong>huius</strong></span> <span class='ocrx_word' id='word_1_290' title='bbox 2587 3393 2766 3461; x_wconf 88' lang='lat' dir='ltr'><strong>operis</strong></span> <span class='ocrx_word' id='word_1_291' title='bbox 2799 3409 2921 3447; x_wconf 78' lang='lat' dir='ltr'><strong>mox</strong></span> <span class='ocrx_word' id='word_1_292' title='bbox 2953 3393 3194 3448; x_wconf 89' lang='lat' dir='ltr'><strong>citanda.</strong></span> <span class='ocrx_word' id='word_1_293' title='bbox 3235 3391 3376 3457; x_wconf 82' lang='lat' dir='ltr'><strong>Quin</strong></span> <span class='ocrx_word' id='word_1_294' title='bbox 3417 3390 3580 3442; x_wconf 85' lang='lat' dir='ltr'><strong>etiam</strong></span> <span class='ocrx_word' id='word_1_295' title='bbox 3611 3403 3646 3442; x_wconf 89' lang='lat' dir='ltr'><strong>a</strong></span> 
     </span>
    </p>
   </div>
   <div class='ocr_carea' id='block_1_32' title="bbox 405 3475 3646 3549">
    <p class='ocr_par' dir='ltr' id='par_1_32' title="bbox 405 3475 3646 3549">
     <span class='ocr_line' id='line_1_32' title="bbox 405 3475 3646 3549; baseline -0.002 -16"><span class='ocrx_word' id='word_1_296' title='bbox 405 3477 697 3535; x_wconf 85' lang='lat' dir='ltr'><strong>Philotheo</strong></span> <span class='ocrx_word' id='word_1_297' title='bbox 730 3481 1042 3549; x_wconf 87' lang='lat' dir='ltr'><strong>patriarcha</strong></span> <span class='ocrx_word' id='word_1_298' title='bbox 1079 3480 1132 3534; x_wconf 92' lang='lat' dir='ltr'><strong>in</strong></span> <span class='ocrx_word' id='word_1_299' title='bbox 1168 3480 1516 3536; x_wconf 78' lang='lat' dir='ltr'><strong>Refutatioue</strong></span> <span class='ocrx_word' id='word_1_300' title='bbox 1545 3485 1984 3537; x_wconf 75' lang='lat' dir='ltr'><strong>exsecrationum</strong></span> <span class='ocrx_word' id='word_1_301' title='bbox 2034 3481 2102 3535; x_wconf 84' lang='lat' dir='ltr'><strong>ab</strong></span> <span class='ocrx_word' id='word_1_302' title='bbox 2137 3479 2546 3549; x_wconf 78' lang='lat' dir='ltr'><strong>liarmenOpulo</strong></span> <span class='ocrx_word' id='word_1_303' title='bbox 2593 3481 2924 3548; x_wconf 89' lang='lat' dir='ltr'><strong>scriptarum</strong></span> <span class='ocrx_word' id='word_1_304' title='bbox 2955 3482 2984 3533; x_wconf 79' lang='grc' dir='ltr'>ὀ</span> <span class='ocrx_word' id='word_1_305' title='bbox 3020 3480 3180 3546; x_wconf 70' lang='grc' dir='ltr'>σοφὸς</span> <span class='ocrx_word' id='word_1_306' title='bbox 3209 3475 3521 3546; x_wconf 74' lang='grc' dir='ltr'>νομοφύλαξ</span> <span class='ocrx_word' id='word_1_307' title='bbox 3549 3489 3646 3545; x_wconf 87' lang='lat' dir='ltr'><strong>ap-</strong></span> 
     </span>
    </p>
   </div>
   <div class='ocr_carea' id='block_1_33' title="bbox 401 3563 3646 3640">
    <p class='ocr_par' dir='ltr' id='par_1_33' title="bbox 401 3563 3646 3640">
     <span class='ocr_line' id='line_1_33' title="bbox 401 3563 3646 3640; baseline 0 -24"><span class='ocrx_word' id='word_1_308' title='bbox 401 3563 656 3640; x_wconf 74' lang='lat' dir='ltr'><strong>pellatur.</strong></span> <span class='ocrx_word' id='word_1_309' title='bbox 688 3563 805 3631; x_wconf 83' lang='lat' dir='ltr'><strong>Ipse</strong></span> <span class='ocrx_word' id='word_1_310' title='bbox 833 3565 994 3619; x_wconf 90' lang='lat' dir='ltr'><strong>etiam</strong></span> <span class='ocrx_word' id='word_1_311' title='bbox 1032 3579 1090 3618; x_wconf 90' lang='lat' dir='ltr'><strong>se</strong></span> <span class='ocrx_word' id='word_1_312' title='bbox 1121 3565 1592 3635; x_wconf 83' lang='lat' dir='ltr'><strong>chartephylacem</strong></span> <span class='ocrx_word' id='word_1_313' title='bbox 1628 3564 1793 3640; x_wconf 70' lang='lat' dir='ltr'><strong>luisse</strong></span> <span class='ocrx_word' id='word_1_314' title='bbox 1822 3567 1873 3619; x_wconf 91' lang='lat' dir='ltr'><strong>in</strong></span> <span class='ocrx_word' id='word_1_315' title='bbox 1920 3567 2148 3623; x_wconf 85' lang='lat' dir='ltr'><strong>scholiis</strong></span> <span class='ocrx_word' id='word_1_316' title='bbox 2176 3569 2242 3622; x_wconf 85' lang='lat' dir='ltr'><strong>ad</strong></span> <span class='ocrx_word' id='word_1_317' title='bbox 2273 3570 2506 3638; x_wconf 88' lang='lat' dir='ltr'><strong>primum</strong></span> <span class='ocrx_word' id='word_1_318' title='bbox 2550 3569 2739 3640; x_wconf 83' lang='lat' dir='ltr'><strong>synodi</strong></span> <span class='ocrx_word' id='word_1_319' title='bbox 2783 3567 3012 3622; x_wconf 56' lang='lat' dir='ltr'><strong>Nicaeum</strong></span> <span class='ocrx_word' id='word_1_320' title='bbox 3048 3584 3064 3622; x_wconf 83' lang='grc' dir='ltr'><strong>ι</strong></span> <span class='ocrx_word' id='word_1_321' title='bbox 3097 3581 3360 3621; x_wconf 86' lang='lat' dir='ltr'><strong>canouem</strong></span> <span class='ocrx_word' id='word_1_322' title='bbox 3417 3572 3646 3618; x_wconf 86' lang='lat' dir='ltr'><strong>testatus</strong></span> 
     </span>
    </p>
   </div>
   <div class='ocr_carea' id='block_1_34' title="bbox 400 3634 2001 3725">
    <p class='ocr_par' dir='ltr' id='par_1_34' title="bbox 400 3634 2001 3723">
     <span class='ocr_line' id='line_1_34' title="bbox 400 3634 2001 3723; baseline 0.001 -17"><span class='ocrx_word' id='word_1_323' title='bbox 400 3659 508 3715; x_wconf 81' lang='lat' dir='ltr'><strong>est,</strong></span> <span class='ocrx_word' id='word_1_324' title='bbox 542 3634 639 3708; x_wconf 47' lang='lat' dir='ltr'><strong>his.</strong></span> <span class='ocrx_word' id='word_1_325' title='bbox 662 3653 863 3717; x_wconf 88' lang='lat' dir='ltr'><strong>verbis,</strong></span> <span class='ocrx_word' id='word_1_326' title='bbox 895 3654 1005 3706; x_wconf 73' lang='grc' dir='ltr'><strong>Καὶ</strong></span> <span class='ocrx_word' id='word_1_327' title='bbox 1032 3652 1120 3704; x_wconf 84' lang='grc' dir='ltr'><strong>ὅτε</strong></span> <span class='ocrx_word' id='word_1_328' title='bbox 1145 3653 1204 3705; x_wconf 83' lang='grc' dir='ltr'>τὸ</span> <span class='ocrx_word' id='word_1_329' title='bbox 1238 3634 1713 3722; x_wconf 54' lang='grc' dir='ltr'>χαρτοφυλακιὴὸν</span> <span class='ocrx_word' id='word_1_330' title='bbox 1748 3654 2001 3723; x_wconf 59' lang='grc' dir='ltr'>ὲνήργουη</span> 
     </span>
    </p>
   </div>
   <div class='ocr_carea' id='block_1_35' title="bbox 2042 3634 3643 3725">
    <p class='ocr_par' dir='ltr' id='par_1_35' title="bbox 2055 3634 3643 3725">
     <span class='ocr_line' id='line_1_35' title="bbox 2055 3634 3643 3725; baseline -0.003 -18"><span class='ocrx_word' id='word_1_331' title='bbox 2055 3634 2314 3724; x_wconf 79' lang='grc' dir='ltr'>ὸφφίκιον</span> <span class='ocrx_word' id='word_1_332' title='bbox 2355 3656 2448 3708; x_wconf 73' lang='grc' dir='ltr'><strong>καὶ</strong></span> <span class='ocrx_word' id='word_1_333' title='bbox 2485 3634 2624 3724; x_wconf 64' lang='grc' dir='ltr'><strong>μετὰ</strong></span> <span class='ocrx_word' id='word_1_334' title='bbox 2652 3654 2713 3708; x_wconf 82' lang='grc' dir='ltr'>τὸ</span> <span class='ocrx_word' id='word_1_335' title='bbox 2752 3653 3210 3725; x_wconf 79' lang='grc' dir='ltr'>πατριαρχεῦσαι.</span> <span class='ocrx_word' id='word_1_336' title='bbox 3248 3653 3290 3707; x_wconf 88' lang='grc' dir='ltr'><strong>Ε</strong></span> <span class='ocrx_word' id='word_1_337' title='bbox 3326 3653 3522 3722; x_wconf 80' lang='lat' dir='ltr'><strong>quibus</strong></span> <span class='ocrx_word' id='word_1_338' title='bbox 3558 3648 3643 3704; x_wconf 83' lang='lat' dir='ltr'><strong>ul-</strong></span> 
     </span>
    </p>
   </div>
   <div class='ocr_carea' id='block_1_36' title="bbox 401 3739 3640 3812">
    <p class='ocr_par' dir='ltr' id='par_1_36' title="bbox 401 3739 3640 3812">
     <span class='ocr_line' id='line_1_36' title="bbox 401 3739 3640 3812; baseline -0.001 -18"><span class='ocrx_word' id='word_1_339' title='bbox 401 3739 550 3794; x_wconf 90' lang='lat' dir='ltr'><strong>timis</strong></span> <span class='ocrx_word' id='word_1_340' title='bbox 582 3741 761 3796; x_wconf 81' lang='lat' dir='ltr'><strong>verbis</strong></span> <span class='ocrx_word' id='word_1_341' title='bbox 791 3755 850 3795; x_wconf 92' lang='lat' dir='ltr'><strong>se</strong></span> <span class='ocrx_word' id='word_1_342' title='bbox 880 3739 1244 3809; x_wconf 88' lang='lat' dir='ltr'><strong>patriarcham</strong></span> <span class='ocrx_word' id='word_1_343' title='bbox 1277 3743 1440 3795; x_wconf 90' lang='lat' dir='ltr'><strong>etiam</strong></span> <span class='ocrx_word' id='word_1_344' title='bbox 1469 3740 1636 3796; x_wconf 76' lang='lat' dir='ltr'><strong>fuisse</strong></span> <span class='ocrx_word' id='word_1_345' title='bbox 1665 3740 1824 3795; x_wconf 81' lang='lat' dir='ltr'><strong>ﬁdem</strong></span> <span class='ocrx_word' id='word_1_346' title='bbox 1856 3741 2018 3809; x_wconf 80' lang='lat' dir='ltr'><strong>facit;</strong></span> <span class='ocrx_word' id='word_1_347' title='bbox 2056 3744 2360 3798; x_wconf 77' lang='lat' dir='ltr'><strong>Antiochiae</strong></span> <span class='ocrx_word' id='word_1_348' title='bbox 2392 3743 2624 3806; x_wconf 85' lang='lat' dir='ltr'><strong>scilicet.</strong></span> <span class='ocrx_word' id='word_1_349' title='bbox 2655 3757 2818 3812; x_wconf 90' lang='lat' dir='ltr'><strong>quam</strong></span> <span class='ocrx_word' id='word_1_350' title='bbox 2854 3741 3268 3811; x_wconf 83' lang='lat' dir='ltr'><strong>patriarchalem</strong></span> <span class='ocrx_word' id='word_1_351' title='bbox 3296 3740 3478 3794; x_wconf 83' lang='lat' dir='ltr'><strong>sedem</strong></span> <span class='ocrx_word' id='word_1_352' title='bbox 3515 3752 3640 3792; x_wconf 80' lang='lat' dir='ltr'><strong>eum</strong></span> 
     </span>
    </p>
   </div>
   <div class='ocr_carea' id='block_1_37' title="bbox 403 3825 3645 3898">
    <p class='ocr_par' dir='ltr' id='par_1_37' title="bbox 403 3825 3645 3898">
     <span class='ocr_line' id='line_1_37' title="bbox 403 3825 3645 3898; baseline -0.001 -17"><span class='ocrx_word' id='word_1_353' title='bbox 403 3841 700 3894; x_wconf 85' lang='lat' dir='ltr'><strong>occupasse</strong></span> <span class='ocrx_word' id='word_1_354' title='bbox 731 3826 918 3881; x_wconf 87' lang='lat' dir='ltr'><strong>Isaacii</strong></span> <span class='ocrx_word' id='word_1_355' title='bbox 949 3827 1137 3896; x_wconf 80' lang='lat' dir='ltr'><strong>Angeli</strong></span> <span class='ocrx_word' id='word_1_356' title='bbox 1167 3827 1376 3893; x_wconf 84' lang='lat' dir='ltr'><strong>diebus,</strong></span> <span class='ocrx_word' id='word_1_357' title='bbox 1409 3829 1502 3898; x_wconf 91' lang='lat' dir='ltr'><strong>qui</strong></span> <span class='ocrx_word' id='word_1_358' title='bbox 1537 3830 1804 3896; x_wconf 87' lang='lat' dir='ltr'><strong>imperare</strong></span> <span class='ocrx_word' id='word_1_359' title='bbox 1853 3831 2018 3898; x_wconf 73' lang='lat' dir='ltr'><strong>cmpit</strong></span> <span class='ocrx_word' id='word_1_360' title='bbox 2065 3845 2208 3885; x_wconf 90' lang='lat' dir='ltr'><strong>anno</strong></span> <span class='ocrx_word' id='word_1_361' title='bbox 2264 3831 2475 3884; x_wconf 86' lang='lat' dir='ltr'><strong>Domini</strong></span> <span class='ocrx_word' id='word_1_362' title='bbox 2510 3830 2648 3884; x_wconf 80' lang='lat' dir='ltr'><strong>H85</strong></span> <span class='ocrx_word' id='word_1_363' title='bbox 2675 3847 2742 3884; x_wconf 80' lang='lat' dir='ltr'><strong>ex</strong></span> <span class='ocrx_word' id='word_1_364' title='bbox 2772 3830 2973 3885; x_wconf 70' lang='lat' dir='ltr'><strong>Nicetae</strong></span> <span class='ocrx_word' id='word_1_365' title='bbox 3017 3828 3296 3884; x_wconf 78' lang='lat' dir='ltr'><strong>Choniata:</strong></span> <span class='ocrx_word' id='word_1_366' title='bbox 3347 3825 3645 3879; x_wconf 82' lang='lat' dir='ltr'><strong>Annalibus</strong></span> 
     </span>
    </p>
   </div>
   <div class='ocr_carea' id='block_1_38' title="bbox 403 3911 3644 3986">
    <p class='ocr_par' dir='ltr' id='par_1_38' title="bbox 403 3911 3644 3986">
     <span class='ocr_line' id='line_1_38' title="bbox 403 3911 3644 3986; baseline -0.002 -15"><span class='ocrx_word' id='word_1_367' title='bbox 403 3914 703 3981; x_wconf 85' lang='lat' dir='ltr'><strong>discimus;</strong></span> <span class='ocrx_word' id='word_1_368' title='bbox 745 3915 833 3984; x_wconf 83' lang='lat' dir='ltr'><strong>qui</strong></span> <span class='ocrx_word' id='word_1_369' title='bbox 867 3917 1142 3971; x_wconf 68' lang='lat' dir='ltr'><strong>memoriae</strong></span> <span class='ocrx_word' id='word_1_370' title='bbox 1171 3917 1414 3978; x_wconf 83' lang='lat' dir='ltr'><strong>tradidit,</strong></span> <span class='ocrx_word' id='word_1_371' title='bbox 1445 3925 1502 3968; x_wconf 92' lang='lat' dir='ltr'><strong>ut</strong></span> <span class='ocrx_word' id='word_1_372' title='bbox 1531 3917 1708 3970; x_wconf 87' lang='lat' dir='ltr'><strong>dictus</strong></span> <span class='ocrx_word' id='word_1_373' title='bbox 1733 3917 2025 3986; x_wconf 84' lang='lat' dir='ltr'><strong>imperator</strong></span> <span class='ocrx_word' id='word_1_374' title='bbox 2050 3917 2102 3971; x_wconf 92' lang='lat' dir='ltr'><strong>in</strong></span> <span class='ocrx_word' id='word_1_375' title='bbox 2133 3918 2316 3972; x_wconf 88' lang='lat' dir='ltr'><strong>animo</strong></span> <span class='ocrx_word' id='word_1_376' title='bbox 2343 3919 2548 3974; x_wconf 87' lang='lat' dir='ltr'><strong>habens</strong></span> <span class='ocrx_word' id='word_1_377' title='bbox 2586 3919 2898 3973; x_wconf 84' lang='lat' dir='ltr'><strong>Dositheum</strong></span> <span class='ocrx_word' id='word_1_378' title='bbox 2929 3915 3290 3986; x_wconf 83' lang='lat' dir='ltr'><strong>patriarcham</strong></span> <span class='ocrx_word' id='word_1_379' title='bbox 3325 3911 3644 3980; x_wconf 69' lang='lat' dir='ltr'><strong>Hierosoly-</strong></span> 
     </span>
    </p>
   </div>
   <div class='ocr_carea' id='block_1_39' title="bbox 401 4001 3644 4074">
    <p class='ocr_par' dir='ltr' id='par_1_39' title="bbox 401 4001 3644 4074">
     <span class='ocr_line' id='line_1_39' title="bbox 401 4001 3644 4074; baseline -0.001 -16"><span class='ocrx_word' id='word_1_380' title='bbox 401 4003 670 4058; x_wconf 89' lang='lat' dir='ltr'><strong>mitanum</strong></span> <span class='ocrx_word' id='word_1_381' title='bbox 694 4003 761 4056; x_wconf 91' lang='lat' dir='ltr'><strong>ad</strong></span> <span class='ocrx_word' id='word_1_382' title='bbox 793 4001 975 4057; x_wconf 86' lang='lat' dir='ltr'><strong>sedem</strong></span> <span class='ocrx_word' id='word_1_383' title='bbox 1000 4001 1648 4073; x_wconf 86' lang='lat' dir='ltr'><strong>Coustautinopolitanam</strong></span> <span class='ocrx_word' id='word_1_384' title='bbox 1681 4002 1893 4057; x_wconf 87' lang='lat' dir='ltr'><strong>Leontii</strong></span> <span class='ocrx_word' id='word_1_385' title='bbox 1921 4004 2133 4074; x_wconf 78' lang='lat' dir='ltr'><strong>expulsi</strong></span> <span class='ocrx_word' id='word_1_386' title='bbox 2183 4007 2302 4060; x_wconf 89' lang='lat' dir='ltr'><strong>loco</strong></span> <span class='ocrx_word' id='word_1_387' title='bbox 2349 4021 2690 4074; x_wconf 85' lang='lat' dir='ltr'><strong>promovere,</strong></span> <span class='ocrx_word' id='word_1_388' title='bbox 2740 4014 2796 4060; x_wconf 84' lang='lat' dir='ltr'><strong>et</strong></span> <span class='ocrx_word' id='word_1_389' title='bbox 2850 4009 3053 4061; x_wconf 90' lang='lat' dir='ltr'><strong>certior</strong></span> <span class='ocrx_word' id='word_1_390' title='bbox 3106 4005 3281 4060; x_wconf 74' lang='lat' dir='ltr'><strong>{actus</strong></span> <span class='ocrx_word' id='word_1_391' title='bbox 3321 4003 3424 4057; x_wconf 85' lang='lat' dir='ltr'><strong>hoc</strong></span> <span class='ocrx_word' id='word_1_392' title='bbox 3455 4009 3644 4056; x_wconf 81' lang='lat' dir='ltr'><strong>contra</strong></span> 
     </span>
    </p>
   </div>
   <div class='ocr_carea' id='block_1_40' title="bbox 407 4089 3649 4163">
    <p class='ocr_par' dir='ltr' id='par_1_40' title="bbox 407 4089 3649 4163">
     <span class='ocr_line' id='line_1_40' title="bbox 407 4089 3649 4163; baseline -0.002 -16"><span class='ocrx_word' id='word_1_393' title='bbox 407 4105 647 4148; x_wconf 86' lang='lat' dir='ltr'><strong>canones</strong></span> <span class='ocrx_word' id='word_1_394' title='bbox 675 4104 812 4157; x_wconf 88' lang='lat' dir='ltr'><strong>esse,</strong></span> <span class='ocrx_word' id='word_1_395' title='bbox 845 4091 910 4146; x_wconf 90' lang='lat' dir='ltr'><strong>ad</strong></span> <span class='ocrx_word' id='word_1_396' title='bbox 942 4089 1318 4146; x_wconf 85' lang='lat' dir='ltr'><strong>Balsamonem</strong></span> <span class='ocrx_word' id='word_1_397' title='bbox 1349 4092 1772 4158; x_wconf 81' lang='lat' dir='ltr'><strong>Autiochenum,</strong></span> <span class='ocrx_word' id='word_1_398' title='bbox 1803 4102 1984 4159; x_wconf 89' lang='lat' dir='ltr'><strong>utpote</strong></span> <span class='ocrx_word' id='word_1_399' title='bbox 2007 4093 2131 4163; x_wconf 83' lang='lat' dir='ltr'><strong>jure</strong></span> <span class='ocrx_word' id='word_1_400' title='bbox 2163 4092 2429 4146; x_wconf 88' lang='lat' dir='ltr'><strong>canonico</strong></span> <span class='ocrx_word' id='word_1_401' title='bbox 2462 4092 2976 4148; x_wconf 81' lang='lat' dir='ltr'><strong>exercitatissimum</strong></span> <span class='ocrx_word' id='word_1_402' title='bbox 3010 4107 3069 4148; x_wconf 85' lang='lat' dir='ltr'><strong>se</strong></span> <span class='ocrx_word' id='word_1_403' title='bbox 3098 4089 3412 4154; x_wconf 80' lang='lat' dir='ltr'><strong>contulerit,</strong></span> <span class='ocrx_word' id='word_1_404' title='bbox 3453 4090 3520 4142; x_wconf 91' lang='lat' dir='ltr'><strong>de</strong></span> <span class='ocrx_word' id='word_1_405' title='bbox 3544 4089 3649 4141; x_wconf 86' lang='lat' dir='ltr'><strong>hac</strong></span> 
     </span>
    </p>
   </div>
   <div class='ocr_carea' id='block_1_41' title="bbox 407 4173 3646 4251">
    <p class='ocr_par' dir='ltr' id='par_1_41' title="bbox 407 4173 3646 4251">
     <span class='ocr_line' id='line_1_41' title="bbox 407 4173 3646 4251; baseline -0.003 -16"><span class='ocrx_word' id='word_1_406' title='bbox 407 4195 471 4235; x_wconf 82' lang='lat' dir='ltr'><strong>re</strong></span> <span class='ocrx_word' id='word_1_407' title='bbox 498 4177 842 4234; x_wconf 87' lang='lat' dir='ltr'><strong>consulturus</strong></span> <span class='ocrx_word' id='word_1_408' title='bbox 866 4197 882 4235; x_wconf 92' lang='lat'><strong>:</strong></span> <span class='ocrx_word' id='word_1_409' title='bbox 921 4177 1091 4242; x_wconf 75' lang='grc' dir='ltr'>Εἰδὼς</span> <span class='ocrx_word' id='word_1_410' title='bbox 1117 4179 1172 4232; x_wconf 81' lang='grc' dir='ltr'>δὲ</span> <span class='ocrx_word' id='word_1_411' title='bbox 1199 4181 1325 4242; x_wconf 83' lang='grc' dir='ltr'>τοὺς</span> <span class='ocrx_word' id='word_1_412' title='bbox 1349 4179 1578 4243; x_wconf 74' lang='grc' dir='ltr'><strong>κανόνας</strong></span> <span class='ocrx_word' id='word_1_413' title='bbox 1603 4178 1763 4233; x_wconf 75' lang='grc' dir='ltr'>τοῦτο</span> <span class='ocrx_word' id='word_1_414' title='bbox 1803 4179 1876 4250; x_wconf 78' lang='grc' dir='ltr'><strong>μὴ</strong></span> <span class='ocrx_word' id='word_1_415' title='bbox 1905 4179 2351 4251; x_wconf 82' lang='grc' dir='ltr'>συγχωροῦντας.</span> <span class='ocrx_word' id='word_1_416' title='bbox 2385 4180 2628 4248; x_wconf 80' lang='grc' dir='ltr'><strong>μέτεισιν</strong></span> <span class='ocrx_word' id='word_1_417' title='bbox 2663 4179 2915 4244; x_wconf 76' lang='grc' dir='ltr'><strong>ὑπούλως</strong></span> <span class='ocrx_word' id='word_1_418' title='bbox 2952 4179 3044 4233; x_wconf 75' lang='grc' dir='ltr'>τὸν</span> <span class='ocrx_word' id='word_1_419' title='bbox 3069 4179 3323 4231; x_wconf 77' lang='grc' dir='ltr'>διέποντα</span> <span class='ocrx_word' id='word_1_420' title='bbox 3341 4175 3432 4228; x_wconf 80' lang='grc' dir='ltr'>τὸν</span> <span class='ocrx_word' id='word_1_421' title='bbox 3458 4173 3646 4243; x_wconf 76' lang='grc' dir='ltr'>θρόνον</span> 
     </span>
    </p>
   </div>
   <div class='ocr_carea' id='block_1_42' title="bbox 408 4265 3654 4340">
    <p class='ocr_par' dir='ltr' id='par_1_42' title="bbox 408 4265 3654 4340">
     <span class='ocr_line' id='line_1_42' title="bbox 408 4265 3654 4340; baseline -0.002 -19"><span class='ocrx_word' id='word_1_422' title='bbox 408 4266 506 4322; x_wconf 77' lang='grc' dir='ltr'>τοῦ</span> <span class='ocrx_word' id='word_1_423' title='bbox 539 4265 676 4320; x_wconf 82' lang='grc' dir='ltr'><strong>Θεοῦ</strong></span> <span class='ocrx_word' id='word_1_424' title='bbox 705 4267 916 4333; x_wconf 83' lang='grc' dir='ltr'>πόλεως</span> <span class='ocrx_word' id='word_1_425' title='bbox 950 4269 1193 4339; x_wconf 78' lang='grc' dir='ltr'><strong>μεγάλης</strong></span> <span class='ocrx_word' id='word_1_426' title='bbox 1237 4267 1589 4338; x_wconf 80' lang='grc' dir='ltr'>Ἀντιοχείας,</span> <span class='ocrx_word' id='word_1_427' title='bbox 1626 4267 1902 4339; x_wconf 71' lang='grc' dir='ltr'>Θεόδωρον</span> <span class='ocrx_word' id='word_1_428' title='bbox 1947 4269 2038 4321; x_wconf 85' lang='grc' dir='ltr'>τὸν</span> <span class='ocrx_word' id='word_1_429' title='bbox 2080 4267 2412 4339; x_wconf 75' lang='grc' dir='ltr'><strong>Βαλσαμὼν.</strong></span> <span class='ocrx_word' id='word_1_430' title='bbox 2447 4269 2618 4340; x_wconf 73' lang='grc' dir='ltr'>ἄνδρα</span> <span class='ocrx_word' id='word_1_431' title='bbox 2641 4269 2746 4322; x_wconf 81' lang='grc' dir='ltr'><strong>ὑπὸ</strong></span> <span class='ocrx_word' id='word_1_432' title='bbox 2766 4269 2894 4332; x_wconf 77' lang='grc' dir='ltr'>τοὺς</span> <span class='ocrx_word' id='word_1_433' title='bbox 2935 4268 3059 4322; x_wconf 82' lang='grc' dir='ltr'>τότε</span> <span class='ocrx_word' id='word_1_434' title='bbox 3089 4266 3300 4327; x_wconf 78' lang='grc' dir='ltr'><strong>πάντας</strong></span> <span class='ocrx_word' id='word_1_435' title='bbox 3330 4265 3462 4316; x_wconf 66' lang='grc' dir='ltr'>ὄντα.</span> <span class='ocrx_word' id='word_1_436' title='bbox 3489 4277 3654 4330; x_wconf 80' lang='grc' dir='ltr'>νομοο</span> 
     </span>
    </p>
   </div>
   <div class='ocr_carea' id='block_1_43' title="bbox 402 4352 3649 4434">
    <p class='ocr_par' dir='ltr' id='par_1_43' title="bbox 402 4352 3649 4434">
     <span class='ocr_line' id='line_1_43' title="bbox 402 4352 3649 4434; baseline -0.002 -26"><span class='ocrx_word' id='word_1_437' title='bbox 402 4355 589 4426; x_wconf 78' lang='grc' dir='ltr'>τριϐἧ.</span> <span class='ocrx_word' id='word_1_438' title='bbox 618 4352 773 4420; x_wconf 82' lang='lat' dir='ltr'><strong>Quod</strong></span> <span class='ocrx_word' id='word_1_439' title='bbox 811 4371 928 4409; x_wconf 77' lang='lat' dir='ltr'><strong>cum</strong></span> <span class='ocrx_word' id='word_1_440' title='bbox 956 4373 1183 4410; x_wconf 82' lang='lat' dir='ltr'><strong>canones</strong></span> <span class='ocrx_word' id='word_1_441' title='bbox 1217 4373 1317 4410; x_wconf 83' lang='lat' dir='ltr'><strong>non</strong></span> <span class='ocrx_word' id='word_1_442' title='bbox 1342 4359 1643 4425; x_wconf 78' lang='lat' dir='ltr'><strong>permittere</strong></span> <span class='ocrx_word' id='word_1_443' title='bbox 1671 4357 1933 4423; x_wconf 81' lang='lat' dir='ltr'><strong>sciret,ad</strong></span> <span class='ocrx_word' id='word_1_444' title='bbox 1970 4357 2297 4411; x_wconf 79' lang='lat' dir='ltr'><strong>Theodorum</strong></span> <span class='ocrx_word' id='word_1_445' title='bbox 2335 4356 2702 4412; x_wconf 83' lang='lat' dir='ltr'><strong>Balsamonsm</strong></span> <span class='ocrx_word' id='word_1_446' title='bbox 2733 4358 2976 4410; x_wconf 82' lang='lat' dir='ltr'><strong>thronum</strong></span> <span class='ocrx_word' id='word_1_447' title='bbox 3025 4355 3120 4408; x_wconf 76' lang='lat' dir='ltr'><strong>Dei</strong></span> <span class='ocrx_word' id='word_1_448' title='bbox 3157 4354 3386 4434; x_wconf 63' lang='lat' dir='ltr'><strong>civitatis</strong></span> <span class='ocrx_word' id='word_1_449' title='bbox 3443 4363 3649 4418; x_wconf 70' lang='lat' dir='ltr'><strong>magna:</strong></span> 
     </span>
    </p>
   </div>
   <div class='ocr_carea' id='block_1_44' title="bbox 402 4438 3647 4513">
    <p class='ocr_par' dir='ltr' id='par_1_44' title="bbox 402 4438 3647 4513">
     <span class='ocr_line' id='line_1_44' title="bbox 402 4438 3647 4513; baseline -0.003 -13"><span class='ocrx_word' id='word_1_450' title='bbox 402 4443 1193 4510; x_wconf 72' lang='lat' dir='ltr'><strong>Antiochicadministrantem,</strong></span> <span class='ocrx_word' id='word_1_451' title='bbox 1231 4446 1398 4498; x_wconf 79' lang='lat' dir='ltr'><strong>virum</strong></span> <span class='ocrx_word' id='word_1_452' title='bbox 1431 4460 1498 4497; x_wconf 82' lang='lat' dir='ltr'><strong>ea</strong></span> <span class='ocrx_word' id='word_1_453' title='bbox 1541 4454 1694 4498; x_wconf 72' lang='lat' dir='ltr'><strong>celate</strong></span> <span class='ocrx_word' id='word_1_454' title='bbox 1739 4460 1901 4511; x_wconf 72' lang='lat' dir='ltr'><strong>supra</strong></span> <span class='ocrx_word' id='word_1_455' title='bbox 1948 4460 2124 4499; x_wconf 79' lang='lat' dir='ltr'><strong>omnes</strong></span> <span class='ocrx_word' id='word_1_456' title='bbox 2175 4445 2308 4498; x_wconf 87' lang='lat' dir='ltr'><strong>alios</strong></span> <span class='ocrx_word' id='word_1_457' title='bbox 2347 4445 2493 4513; x_wconf 86' lang='lat' dir='ltr'><strong>juris</strong></span> <span class='ocrx_word' id='word_1_458' title='bbox 2549 4445 2998 4500; x_wconf 67' lang='lat' dir='ltr'><strong>consultissimum</strong></span> <span class='ocrx_word' id='word_1_459' title='bbox 3051 4441 3267 4497; x_wconf 71' lang='lat' dir='ltr'><strong>subdole</strong></span> <span class='ocrx_word' id='word_1_460' title='bbox 3319 4438 3540 4493; x_wconf 73' lang='lat' dir='ltr'><strong>accedit.</strong></span> <span class='ocrx_word' id='word_1_461' title='bbox 3581 4438 3647 4491; x_wconf 85' lang='lat' dir='ltr'><strong>Et</strong></span> 
     </span>
    </p>
   </div>
   <div class='ocr_carea' id='block_1_45' title="bbox 402 4531 3646 4604">
    <p class='ocr_par' dir='ltr' id='par_1_45' title="bbox 402 4531 3646 4604">
     <span class='ocr_line' id='line_1_45' title="bbox 402 4531 3646 4604; baseline -0.002 -17"><span class='ocrx_word' id='word_1_462' title='bbox 402 4534 594 4604; x_wconf 84' lang='lat' dir='ltr'><strong>paucis</strong></span> <span class='ocrx_word' id='word_1_463' title='bbox 630 4531 932 4602; x_wconf 75' lang='lat' dir='ltr'><strong>interiectis</strong></span> <span class='ocrx_word' id='word_1_464' title='bbox 961 4531 1171 4598; x_wconf 91' lang='lat' dir='ltr'><strong>scribit,</strong></span> <span class='ocrx_word' id='word_1_465' title='bbox 1201 4540 1258 4587; x_wconf 92' lang='lat' dir='ltr'><strong>ut</strong></span> <span class='ocrx_word' id='word_1_466' title='bbox 1289 4533 1430 4586; x_wconf 88' lang='lat' dir='ltr'><strong>idem</strong></span> <span class='ocrx_word' id='word_1_467' title='bbox 1467 4531 1761 4601; x_wconf 85' lang='lat' dir='ltr'><strong>imperator</strong></span> <span class='ocrx_word' id='word_1_468' title='bbox 1793 4549 1915 4588; x_wconf 82' lang='lat' dir='ltr'><strong>cum</strong></span> <span class='ocrx_word' id='word_1_469' title='bbox 1945 4534 2272 4588; x_wconf 86' lang='lat' dir='ltr'><strong>Balsamone</strong></span> <span class='ocrx_word' id='word_1_470' title='bbox 2309 4535 2623 4604; x_wconf 81' lang='lat' dir='ltr'><strong>colloquens</strong></span> <span class='ocrx_word' id='word_1_471' title='bbox 2657 4533 2998 4589; x_wconf 80' lang='lat' dir='ltr'><strong>simulaverit</strong></span> <span class='ocrx_word' id='word_1_472' title='bbox 3037 4548 3096 4587; x_wconf 85' lang='lat' dir='ltr'><strong>se</strong></span> <span class='ocrx_word' id='word_1_473' title='bbox 3116 4547 3238 4587; x_wconf 85' lang='lat' dir='ltr'><strong>eum</strong></span> <span class='ocrx_word' id='word_1_474' title='bbox 3268 4532 3504 4585; x_wconf 84' lang='lat' dir='ltr'><strong>voluisse</strong></span> <span class='ocrx_word' id='word_1_475' title='bbox 3534 4532 3646 4582; x_wconf 77' lang='lat' dir='ltr'><strong>An-</strong></span> 
     </span>
    </p>
   </div>
   <div class='ocr_carea' id='block_1_46' title="bbox 405 4618 2006 4693">
    <p class='ocr_par' dir='ltr' id='par_1_46' title="bbox 405 4618 2006 4690">
     <span class='ocr_line' id='line_1_46' title="bbox 405 4618 2006 4690; baseline -0.001 -15"><span class='ocrx_word' id='word_1_476' title='bbox 405 4621 604 4675; x_wconf 88' lang='lat' dir='ltr'><strong>tiochia</strong></span> <span class='ocrx_word' id='word_1_477' title='bbox 635 4619 1165 4690; x_wconf 85' lang='lat' dir='ltr'><strong>Constantinopolim</strong></span> <span class='ocrx_word' id='word_1_478' title='bbox 1200 4618 1515 4674; x_wconf 77' lang='lat' dir='ltr'><strong>transferre.</strong></span> <span class='ocrx_word' id='word_1_479' title='bbox 1565 4621 1676 4676; x_wconf 69' lang='lat' dir='ltr'><strong>Kal</strong></span> <span class='ocrx_word' id='word_1_480' title='bbox 1709 4620 1917 4675; x_wconf 79' lang='grc' dir='ltr'>τοιαῦθ’</span> <span class='ocrx_word' id='word_1_481' title='bbox 1955 4621 2006 4674; x_wconf 65' lang='lat' dir='ltr'><strong>Et</strong></span> 
     </span>
    </p>
   </div>
   <div class='ocr_carea' id='block_1_47' title="bbox 2044 4618 3645 4693">
    <p class='ocr_par' dir='ltr' id='par_1_47' title="bbox 2049 4619 3645 4693">
     <span class='ocr_line' id='line_1_47' title="bbox 2049 4619 3645 4693; baseline -0.003 -19"><span class='ocrx_word' id='word_1_482' title='bbox 2049 4639 2117 4693; x_wconf 84' lang='grc' dir='ltr'>ρα</span> <span class='ocrx_word' id='word_1_483' title='bbox 2143 4621 2570 4690; x_wconf 80' lang='grc' dir='ltr'>σχετλιαστικῶς</span> <span class='ocrx_word' id='word_1_484' title='bbox 2591 4621 3132 4692; x_wconf 78' lang='grc' dir='ltr'>προαναόαλόμενος,</span> <span class='ocrx_word' id='word_1_485' title='bbox 3181 4620 3431 4688; x_wconf 76' lang='grc' dir='ltr'><strong>ἐπήγαγε</strong></span> <span class='ocrx_word' id='word_1_486' title='bbox 3464 4619 3645 4670; x_wconf 77' lang='grc' dir='ltr'>πάλαι</span> 
     </span>
    </p>
   </div>
   <div class='ocr_carea' id='block_1_48' title="bbox 407 4712 3644 4790">
    <p class='ocr_par' dir='ltr' id='par_1_48' title="bbox 407 4712 3644 4790">
     <span class='ocr_line' id='line_1_48' title="bbox 407 4712 3644 4790; baseline -0.002 -21"><span class='ocrx_word' id='word_1_487' title='bbox 407 4717 508 4788; x_wconf 72' lang='grc' dir='ltr'><strong>μὲν</strong></span> <span class='ocrx_word' id='word_1_488' title='bbox 542 4715 831 4787; x_wconf 82' lang='grc' dir='ltr'>βούλεσθαι</span> <span class='ocrx_word' id='word_1_489' title='bbox 864 4717 1211 4787; x_wconf 74' lang='grc' dir='ltr'><strong>μετενεγκεῖν</strong></span> <span class='ocrx_word' id='word_1_490' title='bbox 1241 4715 1406 4770; x_wconf 81' lang='grc' dir='ltr'>αὐτὸν</span> <span class='ocrx_word' id='word_1_491' title='bbox 1448 4715 1514 4769; x_wconf 74' lang='grc' dir='ltr'><strong>ἐκ</strong></span> <span class='ocrx_word' id='word_1_492' title='bbox 1560 4717 1660 4785; x_wconf 78' lang='grc' dir='ltr'><strong>τῆς</strong></span> <span class='ocrx_word' id='word_1_493' title='bbox 1704 4717 2034 4787; x_wconf 67' lang='grc' dir='ltr'>Ἀντιοχέων</span> <span class='ocrx_word' id='word_1_494' title='bbox 2103 4718 2436 4788; x_wconf 79' lang='grc' dir='ltr'><strong>Ἐκκλησίας</strong></span> <span class='ocrx_word' id='word_1_495' title='bbox 2486 4721 2567 4784; x_wconf 75' lang='grc' dir='ltr'><strong>εἰς</strong></span> <span class='ocrx_word' id='word_1_496' title='bbox 2614 4718 2714 4790; x_wconf 79' lang='grc' dir='ltr'>τὴν</span> <span class='ocrx_word' id='word_1_497' title='bbox 2773 4718 3166 4788; x_wconf 75' lang='grc' dir='ltr'>οἰκουμενικὴν</span> <span class='ocrx_word' id='word_1_498' title='bbox 3224 4712 3517 4785; x_wconf 77' lang='grc' dir='ltr'>περιωπήν</span> <span class='ocrx_word' id='word_1_499' title='bbox 3566 4712 3644 4777; x_wconf 84' lang='grc' dir='ltr'><strong>ὡς</strong></span> 
     </span>
    </p>
   </div>
   <div class='ocr_carea' id='block_1_49' title="bbox 403 4802 2004 4877">
    <p class='ocr_par' dir='ltr' id='par_1_49' title="bbox 403 4803 2004 4877">
     <span class='ocr_line' id='line_1_49' title="bbox 403 4803 2004 4877; baseline 0.002 -20"><span class='ocrx_word' id='word_1_500' title='bbox 403 4803 597 4877; x_wconf 82' lang='grc' dir='ltr'>λύχνον</span> <span class='ocrx_word' id='word_1_501' title='bbox 633 4805 738 4874; x_wconf 82' lang='grc' dir='ltr'><strong>τῆς</strong></span> <span class='ocrx_word' id='word_1_502' title='bbox 760 4806 872 4858; x_wconf 83' lang='grc' dir='ltr'><strong>τῶν</strong></span> <span class='ocrx_word' id='word_1_503' title='bbox 893 4805 1074 4875; x_wconf 86' lang='grc' dir='ltr'>νόμων</span> <span class='ocrx_word' id='word_1_504' title='bbox 1093 4803 1431 4874; x_wconf 76' lang='grc' dir='ltr'>τηλαυγειας</span> <span class='ocrx_word' id='word_1_505' title='bbox 1465 4805 1794 4875; x_wconf 74' lang='grc' dir='ltr'>πάμφωτον.</span> <span class='ocrx_word' id='word_1_506' title='bbox 1836 4805 1965 4860; x_wconf 64' lang='lat' dir='ltr'><strong>Ilaec</strong></span> <span class='ocrx_word' id='word_1_507' title='bbox 1994 4827 2004 4861; x_wconf 78' lang='grc' dir='ltr'><strong>ι</strong></span> 
     </span>
    </p>
   </div>
   <div class='ocr_carea' id='block_1_50' title="bbox 2040 4802 3641 4877">
    <p class='ocr_par' dir='ltr' id='par_1_50' title="bbox 2074 4802 3641 4877">
     <span class='ocr_line' id='line_1_50' title="bbox 2074 4802 3641 4877; baseline -0.005 -17"><span class='ocrx_word' id='word_1_508' title='bbox 2074 4807 2127 4860; x_wconf 85' lang='lat' dir='ltr'><strong>id</strong></span> <span class='ocrx_word' id='word_1_509' title='bbox 2152 4823 2314 4876; x_wconf 75' lang='lat' dir='ltr'><strong>genus</strong></span> <span class='ocrx_word' id='word_1_510' title='bbox 2365 4808 2474 4864; x_wconf 78' lang='lat' dir='ltr'><strong>alia</strong></span> <span class='ocrx_word' id='word_1_511' title='bbox 2507 4823 2608 4862; x_wconf 88' lang='lat' dir='ltr'><strong>non</strong></span> <span class='ocrx_word' id='word_1_512' title='bbox 2641 4808 2756 4862; x_wconf 75' lang='lat' dir='ltr'><strong>sine</strong></span> <span class='ocrx_word' id='word_1_513' title='bbox 2793 4819 2975 4877; x_wconf 74' lang='lat' dir='ltr'><strong>questu</strong></span> <span class='ocrx_word' id='word_1_514' title='bbox 3029 4804 3286 4873; x_wconf 57' lang='lat' dir='ltr'><strong>praefatus</strong></span> <span class='ocrx_word' id='word_1_515' title='bbox 3345 4802 3641 4870; x_wconf 75' lang='lat' dir='ltr'><strong>subjuna‘it,</strong></span> 
     </span>
    </p>
   </div>
   <div class='ocr_carea' id='block_1_51' title="bbox 410 4889 3648 4966">
    <p class='ocr_par' dir='ltr' id='par_1_51' title="bbox 410 4889 3648 4966">
     <span class='ocr_line' id='line_1_51' title="bbox 410 4889 3648 4966; baseline -0.002 -19"><span class='ocrx_word' id='word_1_516' title='bbox 410 4894 534 4947; x_wconf 84' lang='lat' dir='ltr'><strong>olim</strong></span> <span class='ocrx_word' id='word_1_517' title='bbox 566 4894 728 4963; x_wconf 81' lang='lat' dir='ltr'><strong>fuisse</strong></span> <span class='ocrx_word' id='word_1_518' title='bbox 757 4894 854 4947; x_wconf 88' lang='lat' dir='ltr'><strong>sibi</strong></span> <span class='ocrx_word' id='word_1_519' title='bbox 880 4894 933 4946; x_wconf 91' lang='lat' dir='ltr'><strong>in</strong></span> <span class='ocrx_word' id='word_1_520' title='bbox 960 4893 1137 4946; x_wconf 88' lang='lat' dir='ltr'><strong>animo</strong></span> <span class='ocrx_word' id='word_1_521' title='bbox 1165 4892 1314 4944; x_wconf 84' lang='lat' dir='ltr'><strong>illum</strong></span> <span class='ocrx_word' id='word_1_522' title='bbox 1343 4908 1406 4946; x_wconf 80' lang='lat' dir='ltr'><strong>ea:</strong></span> <span class='ocrx_word' id='word_1_523' title='bbox 1432 4893 1758 4947; x_wconf 76' lang='lat' dir='ltr'><strong>Antiochena</strong></span> <span class='ocrx_word' id='word_1_524' title='bbox 1795 4892 2035 4950; x_wconf 76' lang='lat' dir='ltr'><strong>Ecclesia</strong></span> <span class='ocrx_word' id='word_1_525' title='bbox 2062 4895 2131 4948; x_wconf 80' lang='lat' dir='ltr'><strong>ad</strong></span> <span class='ocrx_word' id='word_1_526' title='bbox 2154 4898 2524 4950; x_wconf 68' lang='lat' dir='ltr'><strong>murnsnicatss</strong></span> <span class='ocrx_word' id='word_1_527' title='bbox 2563 4896 2890 4966; x_wconf 79' lang='lat' dir='ltr'><strong>dignitatem,</strong></span> <span class='ocrx_word' id='word_1_528' title='bbox 2930 4903 2987 4946; x_wconf 84' lang='lat' dir='ltr'><strong>ut</strong></span> <span class='ocrx_word' id='word_1_529' title='bbox 3031 4893 3292 4951; x_wconf 69' lang='lat' dir='ltr'><strong>illustrem</strong></span> <span class='ocrx_word' id='word_1_530' title='bbox 3325 4889 3509 4958; x_wconf 72' lang='lat' dir='ltr'><strong>legatis</strong></span> <span class='ocrx_word' id='word_1_531' title='bbox 3547 4905 3648 4956; x_wconf 77' lang='lat' dir='ltr'><strong>pu-</strong></span> 
     </span>
    </p>
   </div>
   <div class='ocr_carea' id='block_1_52' title="bbox 411 4980 3649 5054">
    <p class='ocr_par' dir='ltr' id='par_1_52' title="bbox 411 4980 3649 5054">
     <span class='ocr_line' id='line_1_52' title="bbox 411 4980 3649 5054; baseline -0.002 -16"><span class='ocrx_word' id='word_1_532' title='bbox 411 4983 587 5038; x_wconf 84' lang='lat' dir='ltr'><strong>ritatis</strong></span> <span class='ocrx_word' id='word_1_533' title='bbox 611 4981 880 5036; x_wconf 78' lang='lat' dir='ltr'><strong>lucernam</strong></span> <span class='ocrx_word' id='word_1_534' title='bbox 909 4982 1218 5050; x_wconf 73' lang='lat' dir='ltr'><strong>transferre.</strong></span> <span class='ocrx_word' id='word_1_535' title='bbox 1249 4981 1428 5036; x_wconf 86' lang='lat' dir='ltr'><strong>Nicet.</strong></span> <span class='ocrx_word' id='word_1_536' title='bbox 1462 4981 1710 5035; x_wconf 68' lang='lat' dir='ltr'><strong>tilioniat.</strong></span> <span class='ocrx_word' id='word_1_537' title='bbox 1741 4983 1795 5036; x_wconf 89' lang='lat' dir='ltr'><strong>in</strong></span> <span class='ocrx_word' id='word_1_538' title='bbox 1836 4982 2011 5037; x_wconf 84' lang='lat' dir='ltr'><strong>Isaac.</strong></span> <span class='ocrx_word' id='word_1_539' title='bbox 2041 4985 2229 5053; x_wconf 68' lang='lat' dir='ltr'><strong>Augei.</strong></span> <span class='ocrx_word' id='word_1_540' title='bbox 2261 4985 2355 5040; x_wconf 82' lang='lat' dir='ltr'><strong>lib.</strong></span> <span class='ocrx_word' id='word_1_541' title='bbox 2390 5001 2450 5040; x_wconf 87' lang='lat' dir='ltr'><strong>ll.</strong></span> <span class='ocrx_word' id='word_1_542' title='bbox 2481 4984 2522 5038; x_wconf 86' lang='lat' dir='ltr'><strong>E</strong></span> <span class='ocrx_word' id='word_1_543' title='bbox 2553 4985 2748 5054; x_wconf 89' lang='lat' dir='ltr'><strong>quibus</strong></span> <span class='ocrx_word' id='word_1_544' title='bbox 2773 4983 2932 5038; x_wconf 85' lang='lat' dir='ltr'><strong>simul</strong></span> <span class='ocrx_word' id='word_1_545' title='bbox 2963 4981 3388 5049; x_wconf 80' lang='lat' dir='ltr'><strong>constatquanti</strong></span> <span class='ocrx_word' id='word_1_546' title='bbox 3414 4980 3649 5032; x_wconf 87' lang='lat' dir='ltr'><strong>nominis</strong></span> 
     </span>
    </p>
   </div>
   <div class='ocr_carea' id='block_1_53' title="bbox 409 5067 3648 5141">
    <p class='ocr_par' dir='ltr' id='par_1_53' title="bbox 409 5067 3648 5141">
     <span class='ocr_line' id='line_1_53' title="bbox 409 5067 3648 5141; baseline -0.002 -17"><span class='ocrx_word' id='word_1_547' title='bbox 409 5080 574 5141; x_wconf 87' lang='lat' dir='ltr'><strong>atque</strong></span> <span class='ocrx_word' id='word_1_548' title='bbox 607 5070 658 5124; x_wconf 92' lang='lat' dir='ltr'><strong>in</strong></span> <span class='ocrx_word' id='word_1_549' title='bbox 686 5070 808 5141; x_wconf 82' lang='lat' dir='ltr'><strong>jure</strong></span> <span class='ocrx_word' id='word_1_550' title='bbox 835 5069 1100 5124; x_wconf 86' lang='lat' dir='ltr'><strong>canonico</strong></span> <span class='ocrx_word' id='word_1_551' title='bbox 1125 5068 1468 5123; x_wconf 87' lang='lat' dir='ltr'><strong>auctoritatis</strong></span> <span class='ocrx_word' id='word_1_552' title='bbox 1503 5067 1822 5124; x_wconf 89' lang='lat' dir='ltr'><strong>Theodorus</strong></span> <span class='ocrx_word' id='word_1_553' title='bbox 1857 5071 1948 5125; x_wconf 88' lang='lat' dir='ltr'><strong>hic</strong></span> <span class='ocrx_word' id='word_1_554' title='bbox 1972 5069 2348 5126; x_wconf 80' lang='lat' dir='ltr'><strong>Antiocheuus</strong></span> <span class='ocrx_word' id='word_1_555' title='bbox 2387 5081 2498 5126; x_wconf 82' lang='lat' dir='ltr'><strong>tum</strong></span> <span class='ocrx_word' id='word_1_556' title='bbox 2528 5072 2739 5126; x_wconf 88' lang='lat' dir='ltr'><strong>dierum</strong></span> <span class='ocrx_word' id='word_1_557' title='bbox 2796 5070 2978 5124; x_wconf 82' lang='lat' dir='ltr'><strong>fuerit.</strong></span> <span class='ocrx_word' id='word_1_558' title='bbox 3023 5067 3126 5135; x_wconf 83' lang='lat' dir='ltr'><strong>Qui</strong></span> <span class='ocrx_word' id='word_1_559' title='bbox 3182 5067 3538 5122; x_wconf 84' lang='lat' dir='ltr'><strong>nihilominus</strong></span> <span class='ocrx_word' id='word_1_560' title='bbox 3579 5067 3648 5119; x_wconf 84' lang='lat' dir='ltr'><strong>ad</strong></span> 
     </span>
    </p>
   </div>
   <div class='ocr_carea' id='block_1_54' title="bbox 410 5155 3650 5228">
    <p class='ocr_par' dir='ltr' id='par_1_54' title="bbox 410 5155 3650 5228">
     <span class='ocr_line' id='line_1_54' title="bbox 410 5155 3650 5228; baseline -0.001 -17"><span class='ocrx_word' id='word_1_561' title='bbox 410 5157 669 5213; x_wconf 89' lang='lat' dir='ltr'><strong>thronum</strong></span> <span class='ocrx_word' id='word_1_562' title='bbox 704 5157 806 5212; x_wconf 87' lang='lat' dir='ltr'><strong>sibi</strong></span> <span class='ocrx_word' id='word_1_563' title='bbox 837 5155 1183 5211; x_wconf 88' lang='lat' dir='ltr'><strong>commissum</strong></span> <span class='ocrx_word' id='word_1_564' title='bbox 1224 5169 1501 5224; x_wconf 90' lang='lat' dir='ltr'><strong>nunquam</strong></span> <span class='ocrx_word' id='word_1_565' title='bbox 1533 5158 1796 5213; x_wconf 90' lang='lat' dir='ltr'><strong>accedere</strong></span> <span class='ocrx_word' id='word_1_566' title='bbox 1824 5162 2022 5228; x_wconf 91' lang='lat' dir='ltr'><strong>potuit,</strong></span> <span class='ocrx_word' id='word_1_567' title='bbox 2072 5160 2282 5214; x_wconf 85' lang='lat' dir='ltr'><strong>Latinis</strong></span> <span class='ocrx_word' id='word_1_568' title='bbox 2322 5167 2451 5214; x_wconf 91' lang='lat' dir='ltr'><strong>tunc</strong></span> <span class='ocrx_word' id='word_1_569' title='bbox 2491 5159 2752 5227; x_wconf 89' lang='lat' dir='ltr'><strong>temporis</strong></span> <span class='ocrx_word' id='word_1_570' title='bbox 2803 5159 3144 5213; x_wconf 85' lang='lat' dir='ltr'><strong>Antiochiam</strong></span> <span class='ocrx_word' id='word_1_571' title='bbox 3197 5157 3523 5218; x_wconf 79' lang='lat' dir='ltr'><strong>tenentibus,</strong></span> <span class='ocrx_word' id='word_1_572' title='bbox 3583 5168 3650 5207; x_wconf 86' lang='lat' dir='ltr'><strong>ae</strong></span> 
     </span>
    </p>
   </div>
   <div class='ocr_carea' id='block_1_55' title="bbox 407 5240 3646 5324">
    <p class='ocr_par' dir='ltr' id='par_1_55' title="bbox 407 5240 3646 5324">
     <span class='ocr_line' id='line_1_55' title="bbox 407 5240 3646 5324; baseline -0.002 -25"><span class='ocrx_word' id='word_1_573' title='bbox 407 5253 695 5324; x_wconf 75' lang='lat' dir='ltr'><strong>propterea</strong></span> <span class='ocrx_word' id='word_1_574' title='bbox 723 5243 904 5299; x_wconf 89' lang='lat' dir='ltr'><strong>omnia</strong></span> <span class='ocrx_word' id='word_1_575' title='bbox 933 5241 1320 5310; x_wconf 89' lang='lat' dir='ltr'><strong>ecclesiastica,</strong></span> <span class='ocrx_word' id='word_1_576' title='bbox 1352 5257 1475 5315; x_wconf 72' lang='lat' dir='ltr'><strong>qua:</strong></span> <span class='ocrx_word' id='word_1_577' title='bbox 1495 5242 1566 5299; x_wconf 89' lang='lat' dir='ltr'><strong>ad</strong></span> <span class='ocrx_word' id='word_1_578' title='bbox 1589 5245 2022 5316; x_wconf 85' lang='lat' dir='ltr'><strong>patriarchatum</strong></span> <span class='ocrx_word' id='word_1_579' title='bbox 2052 5262 2208 5304; x_wconf 88' lang='lat' dir='ltr'><strong>suum</strong></span> <span class='ocrx_word' id='word_1_580' title='bbox 2239 5247 2582 5316; x_wconf 82' lang='lat' dir='ltr'><strong>pertinebant</strong></span> <span class='ocrx_word' id='word_1_581' title='bbox 2622 5246 2838 5319; x_wconf 74' lang='lat' dir='ltr'><strong>negotia</strong></span> <span class='ocrx_word' id='word_1_582' title='bbox 2883 5243 3352 5314; x_wconf 80' lang='lat' dir='ltr'><strong>Constantinopoli</strong></span> <span class='ocrx_word' id='word_1_583' title='bbox 3411 5240 3646 5296; x_wconf 79' lang='lat' dir='ltr'><strong>admitti-</strong></span> 
     </span>
    </p>
   </div>
   <div class='ocr_carea' id='block_1_56' title="bbox 408 5339 979 5389">
    <p class='ocr_par' dir='ltr' id='par_1_56' title="bbox 408 5339 979 5389">
     <span class='ocr_line' id='line_1_56' title="bbox 408 5339 979 5389; baseline -0.002 0"><span class='ocrx_word' id='word_1_584' title='bbox 408 5342 522 5389; x_wconf 84' lang='lat' dir='ltr'><strong>stra</strong></span> <span class='ocrx_word' id='word_1_585' title='bbox 531 5347 589 5389; x_wconf 89' lang='lat' dir='ltr'><strong>re</strong></span> <span class='ocrx_word' id='word_1_586' title='bbox 618 5343 843 5387; x_wconf 89' lang='lat' dir='ltr'><strong>coactus</strong></span> <span class='ocrx_word' id='word_1_587' title='bbox 872 5339 979 5388; x_wconf 89' lang='lat' dir='ltr'><strong>est.</strong></span> 
     </span>
    </p>
   </div>
   <div class='ocr_carea' id='block_1_57' title="bbox 481 5435 3646 5514">
    <p class='ocr_par' dir='ltr' id='par_1_57' title="bbox 481 5435 3646 5514">
     <span class='ocr_line' id='line_1_57' title="bbox 481 5435 3646 5514; baseline -0.002 -16"><span class='ocrx_word' id='word_1_588' title='bbox 481 5442 638 5498; x_wconf 83' lang='lat' dir='ltr'><strong>Hunc</strong></span> <span class='ocrx_word' id='word_1_589' title='bbox 663 5457 827 5513; x_wconf 88' lang='lat' dir='ltr'><strong>porro</strong></span> <span class='ocrx_word' id='word_1_590' title='bbox 855 5441 1203 5497; x_wconf 81' lang='lat' dir='ltr'><strong>Theodorum</strong></span> <span class='ocrx_word' id='word_1_591' title='bbox 1237 5443 1612 5500; x_wconf 80' lang='lat' dir='ltr'><strong>Balsamonem</strong></span> <span class='ocrx_word' id='word_1_592' title='bbox 1645 5444 1770 5514; x_wconf 76' lang='lat' dir='ltr'><strong>iure</strong></span> <span class='ocrx_word' id='word_1_593' title='bbox 1795 5442 2064 5500; x_wconf 74' lang='lat' dir='ltr'><strong>canonico</strong></span> <span class='ocrx_word' id='word_1_594' title='bbox 2095 5444 2301 5514; x_wconf 86' lang='lat' dir='ltr'><strong>pariter</strong></span> <span class='ocrx_word' id='word_1_595' title='bbox 2324 5459 2388 5499; x_wconf 90' lang='lat' dir='ltr'><strong>ac</strong></span> <span class='ocrx_word' id='word_1_596' title='bbox 2417 5445 2566 5500; x_wconf 85' lang='lat' dir='ltr'><strong>civili</strong></span> <span class='ocrx_word' id='word_1_597' title='bbox 2615 5443 3096 5498; x_wconf 83' lang='lat' dir='ltr'><strong>instructissimum</strong></span> <span class='ocrx_word' id='word_1_598' title='bbox 3147 5440 3338 5510; x_wconf 75' lang='lat' dir='ltr'><strong>fuisse,</strong></span> <span class='ocrx_word' id='word_1_599' title='bbox 3386 5453 3494 5493; x_wconf 90' lang='lat' dir='ltr'><strong>non</strong></span> <span class='ocrx_word' id='word_1_600' title='bbox 3535 5435 3646 5492; x_wconf 88' lang='lat' dir='ltr'><strong>tam</strong></span> 
     </span>
    </p>
   </div>
   <div class='ocr_carea' id='block_1_58' title="bbox 410 5527 3648 5602">
    <p class='ocr_par' dir='ltr' id='par_1_58' title="bbox 410 5527 3648 5602">
     <span class='ocr_line' id='line_1_58' title="bbox 410 5527 3648 5602; baseline -0.003 -13"><span class='ocrx_word' id='word_1_601' title='bbox 410 5547 480 5589; x_wconf 79' lang='lat' dir='ltr'><strong>ea</strong></span> <span class='ocrx_word' id='word_1_602' title='bbox 509 5532 738 5585; x_wconf 86' lang='lat' dir='ltr'><strong>aliorum</strong></span> <span class='ocrx_word' id='word_1_603' title='bbox 769 5529 1123 5594; x_wconf 84' lang='lat' dir='ltr'><strong>testimoniis,</strong></span> <span class='ocrx_word' id='word_1_604' title='bbox 1151 5544 1315 5599; x_wconf 87' lang='lat' dir='ltr'><strong>quam</strong></span> <span class='ocrx_word' id='word_1_605' title='bbox 1343 5546 1411 5586; x_wconf 80' lang='lat' dir='ltr'><strong>ex</strong></span> <span class='ocrx_word' id='word_1_606' title='bbox 1443 5532 1556 5587; x_wconf 85' lang='lat' dir='ltr'><strong>suis</strong></span> <span class='ocrx_word' id='word_1_607' title='bbox 1587 5532 1756 5601; x_wconf 84' lang='lat' dir='ltr'><strong>ipsius</strong></span> <span class='ocrx_word' id='word_1_608' title='bbox 1777 5532 2041 5602; x_wconf 86' lang='lat' dir='ltr'><strong>operibus</strong></span> <span class='ocrx_word' id='word_1_609' title='bbox 2075 5540 2311 5588; x_wconf 80' lang='lat' dir='ltr'><strong>censtat.</strong></span> <span class='ocrx_word' id='word_1_610' title='bbox 2344 5531 2510 5587; x_wconf 80' lang='lat' dir='ltr'><strong>Multa</strong></span> <span class='ocrx_word' id='word_1_611' title='bbox 2558 5531 2828 5601; x_wconf 86' lang='lat' dir='ltr'><strong>siquidem</strong></span> <span class='ocrx_word' id='word_1_612' title='bbox 2855 5531 3184 5599; x_wconf 86' lang='lat' dir='ltr'><strong>composuit,</strong></span> <span class='ocrx_word' id='word_1_613' title='bbox 3218 5542 3337 5596; x_wconf 66' lang='lat' dir='ltr'><strong>quae</strong></span> <span class='ocrx_word' id='word_1_614' title='bbox 3371 5528 3548 5580; x_wconf 85' lang='lat' dir='ltr'><strong>omnia</strong></span> <span class='ocrx_word' id='word_1_615' title='bbox 3581 5527 3648 5580; x_wconf 89' lang='lat' dir='ltr'><strong>ad</strong></span> 
     </span>
    </p>
   </div>
   <div class='ocr_carea' id='block_1_59' title="bbox 408 5617 3649 5692">
    <p class='ocr_par' dir='ltr' id='par_1_59' title="bbox 408 5617 3649 5692">
     <span class='ocr_line' id='line_1_59' title="bbox 408 5617 3649 5692; baseline -0.002 -18"><span class='ocrx_word' id='word_1_616' title='bbox 408 5618 893 5692; x_wconf 60' lang='lat' dir='ltr'><strong>furisprudentiam</strong></span> <span class='ocrx_word' id='word_1_617' title='bbox 931 5625 1198 5686; x_wconf 86' lang='lat' dir='ltr'><strong>spectant.</strong></span> <span class='ocrx_word' id='word_1_618' title='bbox 1235 5618 1332 5674; x_wconf 86' lang='lat' dir='ltr'><strong>llic</strong></span> <span class='ocrx_word' id='word_1_619' title='bbox 1369 5621 1512 5675; x_wconf 90' lang='lat' dir='ltr'><strong>enim</strong></span> <span class='ocrx_word' id='word_1_620' title='bbox 1548 5630 1740 5675; x_wconf 90' lang='lat' dir='ltr'><strong>auctor</strong></span> <span class='ocrx_word' id='word_1_621' title='bbox 1779 5621 1878 5675; x_wconf 81' lang='lat' dir='ltr'><strong>fuit</strong></span> <span class='ocrx_word' id='word_1_622' title='bbox 1911 5619 2256 5676; x_wconf 87' lang='lat' dir='ltr'><strong>collectionis</strong></span> <span class='ocrx_word' id='word_1_623' title='bbox 2302 5619 2444 5673; x_wconf 90' lang='lat' dir='ltr'><strong>illius</strong></span> <span class='ocrx_word' id='word_1_624' title='bbox 2484 5618 2941 5674; x_wconf 85' lang='lat' dir='ltr'><strong>Constitutionum</strong></span> <span class='ocrx_word' id='word_1_625' title='bbox 2985 5617 3497 5676; x_wconf 87' lang='lat' dir='ltr'><strong>ecclesiasticarum,</strong></span> <span class='ocrx_word' id='word_1_626' title='bbox 3528 5628 3649 5682; x_wconf 72' lang='lat' dir='ltr'><strong>qua:</strong></span> 
     </span>
    </p>
   </div>
   <div class='ocr_carea' id='block_1_60' title="bbox 409 5699 3648 5778">
    <p class='ocr_par' dir='ltr' id='par_1_60' title="bbox 409 5699 3648 5778">
     <span class='ocr_line' id='line_1_60' title="bbox 409 5699 3648 5778; baseline -0.003 -15"><span class='ocrx_word' id='word_1_627' title='bbox 409 5709 518 5763; x_wconf 85' lang='lat' dir='ltr'><strong>sub</strong></span> <span class='ocrx_word' id='word_1_628' title='bbox 549 5704 928 5761; x_wconf 82' lang='lat' dir='ltr'><strong>Paratitlorum</strong></span> <span class='ocrx_word' id='word_1_629' title='bbox 954 5705 1172 5759; x_wconf 87' lang='lat' dir='ltr'><strong>nomine</strong></span> <span class='ocrx_word' id='word_1_630' title='bbox 1202 5721 1230 5760; x_wconf 88' lang='lat' dir='ltr'><strong>a</strong></span> <span class='ocrx_word' id='word_1_631' title='bbox 1257 5705 1463 5762; x_wconf 84' lang='lat' dir='ltr'><strong>Joanne</strong></span> <span class='ocrx_word' id='word_1_632' title='bbox 1489 5705 1817 5763; x_wconf 81' lang='lat' dir='ltr'><strong>Leuuclavio</strong></span> <span class='ocrx_word' id='word_1_633' title='bbox 1854 5710 2033 5778; x_wconf 89' lang='lat' dir='ltr'><strong>primo</strong></span> <span class='ocrx_word' id='word_1_634' title='bbox 2056 5707 2250 5763; x_wconf 86' lang='lat' dir='ltr'><strong>Latine</strong></span> <span class='ocrx_word' id='word_1_635' title='bbox 2272 5708 2416 5763; x_wconf 85' lang='lat' dir='ltr'><strong>edita</strong></span> <span class='ocrx_word' id='word_1_636' title='bbox 2449 5717 2554 5769; x_wconf 88' lang='lat' dir='ltr'><strong>est,</strong></span> <span class='ocrx_word' id='word_1_637' title='bbox 2584 5717 2638 5760; x_wconf 86' lang='lat' dir='ltr'><strong>et</strong></span> <span class='ocrx_word' id='word_1_638' title='bbox 2667 5715 2849 5774; x_wconf 85' lang='lat' dir='ltr'><strong>postea</strong></span> <span class='ocrx_word' id='word_1_639' title='bbox 2883 5703 3075 5759; x_wconf 66' lang='lat' dir='ltr'><strong>Graece</strong></span> <span class='ocrx_word' id='word_1_640' title='bbox 3105 5719 3134 5758; x_wconf 90' lang='lat' dir='ltr'><strong>a</strong></span> <span class='ocrx_word' id='word_1_641' title='bbox 3159 5703 3354 5757; x_wconf 87' lang='lat' dir='ltr'><strong>Carolo</strong></span> <span class='ocrx_word' id='word_1_642' title='bbox 3384 5699 3648 5754; x_wconf 83' lang='lat' dir='ltr'><strong>Annibale</strong></span> 
     </span>
    </p>
   </div>
   <div class='ocr_carea' id='block_1_61' title="bbox 409 5789 3652 5866">
    <p class='ocr_par' dir='ltr' id='par_1_61' title="bbox 409 5789 3652 5866">
     <span class='ocr_line' id='line_1_61' title="bbox 409 5789 3652 5866; baseline -0.003 -14"><span class='ocrx_word' id='word_1_643' title='bbox 409 5796 648 5853; x_wconf 79' lang='lat' dir='ltr'><strong>Fabroto</strong></span> <span class='ocrx_word' id='word_1_644' title='bbox 685 5791 736 5847; x_wconf 68' lang='grc' dir='ltr'><strong>εἰ.</strong></span> <span class='ocrx_word' id='word_1_645' title='bbox 767 5792 856 5857; x_wconf 86' lang='lat' dir='ltr'><strong>C.,</strong></span> <span class='ocrx_word' id='word_1_646' title='bbox 887 5800 948 5847; x_wconf 92' lang='lat' dir='ltr'><strong>ut</strong></span> <span class='ocrx_word' id='word_1_647' title='bbox 976 5793 1118 5849; x_wconf 87' lang='lat' dir='ltr'><strong>idem</strong></span> <span class='ocrx_word' id='word_1_648' title='bbox 1155 5792 1422 5849; x_wconf 83' lang='lat' dir='ltr'><strong>Fabrotus</strong></span> <span class='ocrx_word' id='word_1_649' title='bbox 1449 5795 1501 5849; x_wconf 90' lang='lat' dir='ltr'><strong>in</strong></span> <span class='ocrx_word' id='word_1_650' title='bbox 1537 5797 1683 5851; x_wconf 90' lang='lat' dir='ltr'><strong>notis</strong></span> <span class='ocrx_word' id='word_1_651' title='bbox 1709 5797 1976 5866; x_wconf 89' lang='lat' dir='ltr'><strong>probavit.</strong></span> <span class='ocrx_word' id='word_1_652' title='bbox 2022 5796 2292 5851; x_wconf 88' lang='lat' dir='ltr'><strong>Plurimos</strong></span> <span class='ocrx_word' id='word_1_653' title='bbox 2315 5796 2476 5849; x_wconf 89' lang='lat' dir='ltr'><strong>etiam</strong></span> <span class='ocrx_word' id='word_1_654' title='bbox 2515 5803 2779 5847; x_wconf 83' lang='lat' dir='ltr'><strong>tractatus</strong></span> <span class='ocrx_word' id='word_1_655' title='bbox 2804 5793 3151 5862; x_wconf 83' lang='lat' dir='ltr'><strong>conscripsit,</strong></span> <span class='ocrx_word' id='word_1_656' title='bbox 3201 5800 3258 5844; x_wconf 94' lang='lat' dir='ltr'><strong>ut</strong></span> <span class='ocrx_word' id='word_1_657' title='bbox 3309 5789 3373 5844; x_wconf 90' lang='lat' dir='ltr'><strong>de</strong></span> <span class='ocrx_word' id='word_1_658' title='bbox 3420 5790 3652 5859; x_wconf 88' lang='lat' dir='ltr'><strong>patriar-</strong></span> 
     </span>
    </p>
   </div>
   <div class='ocr_carea' id='block_1_62' title="bbox 409 5877 3651 5974">
    <p class='ocr_par' dir='ltr' id='par_1_62' title="bbox 409 5877 3651 5974">
     <span class='ocr_line' id='line_1_62' title="bbox 409 5877 3651 5974; baseline -0.004 -30"><span class='ocrx_word' id='word_1_659' title='bbox 409 5886 637 5944; x_wconf 79' lang='lat' dir='ltr'><strong>charum</strong></span> <span class='ocrx_word' id='word_1_660' title='bbox 668 5879 1004 5954; x_wconf 73' lang='lat' dir='ltr'><strong>privilegiis;</strong></span> <span class='ocrx_word' id='word_1_661' title='bbox 1034 5880 1104 5940; x_wconf 74' lang='grc' dir='ltr'><strong>«ιθ</strong></span> <span class='ocrx_word' id='word_1_662' title='bbox 1129 5882 1337 5941; x_wconf 88' lang='lat' dir='ltr'><strong>duobus</strong></span> <span class='ocrx_word' id='word_1_663' title='bbox 1365 5881 1470 5942; x_wconf 90' lang='lat' dir='ltr'><strong>illis</strong></span> <span class='ocrx_word' id='word_1_664' title='bbox 1494 5881 1688 5942; x_wconf 75' lang='lat' dir='ltr'><strong>ofﬁciis</strong></span> <span class='ocrx_word' id='word_1_665' title='bbox 1714 5884 2154 5956; x_wconf 85' lang='lat' dir='ltr'><strong>chartophylacis</strong></span> <span class='ocrx_word' id='word_1_666' title='bbox 2183 5893 2238 5940; x_wconf 88' lang='lat' dir='ltr'><strong>et</strong></span> <span class='ocrx_word' id='word_1_667' title='bbox 2259 5883 2419 5953; x_wconf 87' lang='lat' dir='ltr'><strong>primi</strong></span> <span class='ocrx_word' id='word_1_668' title='bbox 2447 5881 2792 5947; x_wconf 81' lang='lat' dir='ltr'><strong>defensoris;</strong></span> <span class='ocrx_word' id='word_1_669' title='bbox 2824 5881 2890 5939; x_wconf 84' lang='lat' dir='ltr'><strong>de</strong></span> <span class='ocrx_word' id='word_1_670' title='bbox 2919 5881 3216 5950; x_wconf 68' lang='lat' dir='ltr'><strong>quaestione</strong></span> <span class='ocrx_word' id='word_1_671' title='bbox 3241 5877 3369 5945; x_wconf 84' lang='lat' dir='ltr'><strong>ista.</strong></span> <span class='ocrx_word' id='word_1_672' title='bbox 3404 5877 3484 5933; x_wconf 77' lang='lat' dir='ltr'><strong>An</strong></span> <span class='ocrx_word' id='word_1_673' title='bbox 3509 5892 3651 5974; x_wconf 43' lang='lat' dir='ltr'><strong>un&#39;ua</strong></span> 
     </span>
    </p>
   </div>
  </div>
