4054 6494
382 445 448 509 21
1479 452 1690 518 GUIL.
1730 451 2148 512 BEVEREGII
2185 447 2610 510 vaesano.
3560 440 3632 502 se

384 563 441 606 et
475 551 619 609 idem
648 553 864 611 duabus
889 558 1230 616 consobrinis
1265 559 1626 632 coniungatur
1659 579 1674 616 :
1706 561 1773 618 de
1809 561 2047 616 incensis
2071 575 2191 629 quae
2225 575 2253 614 a
2285 557 2591 627 patriarcha
2616 554 2731 610 dari
2773 554 2946 611 solent
2974 567 3042 610 eo
3069 552 3158 615 die
3189 566 3298 623 quo
3327 551 3632 607 catechesis

385 641 616 696 habetur
642 659 657 708 ;
693 653 744 696 et
773 645 841 698 de
869 648 1262 703 convocationc
1288 664 1406 717 quas
1443 649 1499 703 lit
1521 649 1584 703 ad
1613 665 1797 704 sacras
1824 648 2274 702 monasteriorum
2302 646 2446 700 aedes
2470 659 2565 714 per
2591 645 2690 698 tria
2720 644 2895 709 signa,
2923 642 3011 712 qui
3039 656 3229 696 omnes
3261 641 3363 695 sub
3397 640 3632 693 Medita-

389 739 565 783 torum
598 732 816 787 nomine
848 736 1139 803 septimum
1165 735 1358 791 librum
1405 737 1557 790 Juris
1589 733 2037 792 Graeco-Romani
2065 752 2091 790 a
2121 735 2328 789 Joanne
2369 731 2696 787 Leunciavio
2751 731 2934 786 emissi
2994 729 3353 786 constituunt.
3405 727 3634 797 Scripsit

389 818 556 869 etiam
589 831 854 887 respousa
883 821 948 874 ad
987 837 1113 875 utv
1143 826 1434 877 canonicos
1461 825 1918 893 interrogationes
1951 839 1979 878 a
2009 823 2191 879 Marco
2221 822 2590 877 Alexandrino
2637 818 2944 889 patriarcha
2988 818 3086 888 ipsi
3135 817 3466 888 propositas,
3516 830 3635 884 Quae

383 904 550 958 etiam
584 905 637 958 in
669 906 861 974 quinto
890 907 1020 962 dicti
1059 910 1210 988 luris
1241 909 1679 966 Graeco-Romani
1710 911 1849 968 libro
1875 921 2112 967 exstant.
2156 913 2361 967 Horum
2397 910 2660 980 prooemio
2710 909 2827 964 ista:
2858 906 3314 976 interrogationes
3365 904 3523 958 facta)
3553 905 3635 957 di-

385 1003 606 1059 cuntur,
632 998 935 1064 imperante
967 995 1173 1053 lsaacio
1205 999 1434 1067 Angelo,
1459 1008 1514 1054 et
1545 999 1778 1070 Georgio
1806 1000 2230 1070 patriarchatum
2263 996 2884 1066 ConstantinOpiitannm
2911 1004 3146 1055 tenente,
3175 1007 3357 1047 mense
3398 991 3640 1046 Februa-

387 1087 492 1149 rio,
527 1086 826 1142 indictione
865 1103 988 1153 χιιι,
1021 1103 1163 1142 anno
1198 1097 1320 1158 post
1352 1089 1778 1144 incarnationem
1809 1087 1988 1144 Domir

2056 1090 2214 1153 1203,
2252 1088 2384 1159 μηνὶ
2433 1085 2809 1158 Φεϐρουαρίῳ,
2844 1084 3223 1153 ἒπινεμήσεως
3264 1079 3354 1150 ιγ’,
3380 1081 3472 1134 καὶ
3498 1080 3637 1134 ἐτῶν

389 1174 530 1242 μετὰ
574 1175 676 1242 τὴν
708 1175 987 1246 σάρκωσιν
1011 1174 1106 1228 τοῦ
1145 1177 1350 1246 Κυρίου
1382 1177 1475 1229 καὶ
1502 1175 1638 1229 Θεοῦ
1672 1177 1768 1230 κα)⁸
1802 1177 1990 1246 Σωτῆρ

2036 1177 2246 1248 ςὴμῶν
2287 1175 2462 1247 Ἰησοῦ
2498 1169 2736 1244 Χριστοῦ
2799 1179 2955 1242 ,ασγ¹.
2994 1171 3120 1226 Hinc
3147 1180 3326 1224 autem
3380 1169 3480 1225 sibi
3527 1185 3635 1223 non

385 1270 663 1314 constant.
697 1261 831 1315 Nam
858 1278 1001 1317 anno
1030 1262 1170 1318 1204
1199 1279 1226 1319 a
1269 1263 1488 1320 Venetis
1521 1274 1578 1319 et
1606 1263 1832 1319 Francis
1861 1273 2123 1334 occupata
2149 1275 2234 1318 est
2261 1261 2779 1332 Constantinopolis.
2817 1259 3014 1315 Verum
3046 1267 3166 1326 post
3197 1255 3481 1322 isaacium,
3514 1255 3642 1309 Ale—

392 1347 516 1401 sius
540 1347 781 1416 Angelus
804 1357 930 1403 octo
961 1363 1157 1416 annos,
1181 1359 1239 1404 et
1269 1350 1408 1404 alius
1436 1357 1561 1420 post
1593 1365 1716 1406 eum
1750 1350 1995 1416 Alexius,
2034 1350 2208 1405 Ducas
2236 1351 2581 1420 cognomine,
2629 1349 3022 1418 aliquantisper
3054 1345 3338 1416 imperavit
3387 1353 3515 1400 ante
3549 1358 3644 1398 ca-

391 1442 540 1502 ptam
577 1437 797 1500 urbem;
829 1435 955 1504 quin
985 1437 1152 1491 etiam
1178 1447 1299 1506 post
1334 1438 1629 1506 Georgiqu
1656 1439 1819 1493 istum
1857 1438 2192 1508 Xiphiliuum
2221 1437 2460 1494 Ioannes
2506 1437 2828 1493 Camaterus
2863 1437 3115 1491 thronum
3147 1431 3644 1500 Constantinopoli-

393 1529 582 1575 tanum
611 1523 850 1591 quinque
873 1539 1046 1579 annos
1070 1536 1123 1579 et
1149 1534 1276 1581 octo
1307 1541 1525 1582 menses
1560 1527 1983 1589 administravit,
2017 1526 2331 1596 priusquam
2365 1525 2493 1582 urbs
2527 1541 2554 1577 a
2589 1525 2796 1580 Latinis
2848 1533 3156 1593 caperetur.
3208 1524 3282 1577 Ac
3338 1519 3563 1589 proinde
3597 1518 3643 1575 si

394 1611 515 1664 ista:
543 1612 999 1683 interrogationes
1030 1616 1188 1671 facta;
1219 1615 1420 1673 fuerint
1447 1617 1546 1672 sub
1577 1617 1804 1686 im'perio
1831 1617 2045 1682 isaacii,
2091 1624 2143 1671 et
2189 1612 2562 1684 patriarchatu
2612 1610 2851 1682 Georgii,
2885 1621 3008 1665 ante
3044 1625 3242 1664 annum
3301 1607 3438 1663 1203
3494 1604 3649 1660 facta:

394 1697 507 1752 sint
537 1713 762 1754 necesse
790 1713 895 1757 est.
922 1699 1103 1771 Neque
1131 1707 1291 1758 etiam
1323 1705 1546 1760 indictio
1563 1707 1840 1771 convenit;
1860 1705 1961 1759 isto
1984 1703 2125 1758 enim
2155 1715 2438 1764 anno,nou
2466 1716 2560 1755 xm
2589 1701 2681 1755 sed
2705 1716 2763 1755 vr
2789 1700 3010 1755 indiCtio
3032 1698 3316 1763 currebat;
3350 1696 3399 1750 in
3423 1703 3648 1784 utroque

397 1785 578 1853 itaque
595 1801 843 1853 numero,
864 1798 918 1843 et
947 1791 1070 1844 anni
1095 1791 1304 1847 scilicet
1319 1800 1370 1846 et
1390 1792 1717 1853 imlictiouis,
1739 1807 1893 1846 error
1912 1792 2178 1847 admissus
2196 1799 2298 1846 est.
2331 1789 2438 1845 Nec
2461 1791 2614 1844 video
2637 1789 2904 1858 quomodo
2926 1789 3252 1858 corrigatur,
3272 1785 3374 1841 nisi
3401 1801 3494 1856 pro
3509 1800 3632 1850 ,ασγ

396 1874 691 1939 scribatur,
751 1882 926 1947 ,αριγι
957 1888 1010 1934 et
1062 1879 1129 1933 ια’
1179 1891 1279 1949 pro
1334 1879 1660 1946 ty’.Utistaa
1695 1881 1951 1935 nimirum
1985 1881 2434 1951 interrogationes
2465 1879 2774 1933 Baisamoni
2815 1877 3102 1949 proposita:
3126 1877 3326 1930 {iuerint
3370 1891 3508 1929 anno
3552 1872 3654 1924 Do-

402 1960 538 2015 mini
573 1963 731 2027 1195,
766 1965 955 2022 indict.
997 1981 1078 2034 ιι,
1112 1981 1222 2035 quo
1257 1968 1473 2037 quidem
1511 1983 1653 2023 anno
1682 1967 1924 2023 isaaeius
1955 1969 2193 2038 Angelus
2240 1969 2550 2038 imperium,
2586 1976 2640 2021 et
2670 1965 2935 2036 Georgius
2998 1963 3309 2034 Xiphiiinus
3351 1960 3652 2015 Ecclesium

400 2049 1062 2123 Goustantinopoiitanam
1097 2057 1436 2128 gubernabat
1469 2076 1483 2113 :
1513 2074 1676 2129 quam
1706 2057 1880 2113 facilis
1913 2067 2091 2112 autem
2126 2057 2487 2128 frequensque
2520 2054 2588 2109 sit
2619 2054 2800 2124 lapsus
2837 2054 2888 2108 in
2919 2049 3123 2108 Graecis
3146 2048 3518 2106 describendis
3550 2062 3649 2102 nu-

405 2138 590 2202 meris,
622 2141 892 2195 neminem
917 2142 1067 2197 latet.

476 2223 622 2280 inter
649 2228 830 2282 omnia
863 2240 1043 2286 autem
1067 2245 1230 2301 opera
1270 2247 1390 2303 quae
1423 2232 1646 2290 illustris
1683 2235 1769 2291 hic
1803 2235 1857 2290 in
1884 2243 2119 2306 utroque
2141 2231 2266 2304 jure
2307 2231 2559 2302 princeps
2587 2228 2900 2293 elaboravit,
2964 2226 3194 2297 primum
3240 2224 3366 2279 illud
3390 2224 3510 2294 iure
3542 2237 3653 2276 me-

407 2307 517 2364 rito
547 2313 795 2378 habetur,
830 2331 938 2385 quo
987 2318 1239 2388 antiquos
1287 2322 1640 2377 conciliorum
1673 2323 2005 2392 Petrumque
2038 2335 2271 2377 canones
2298 2319 2684 2387 interpretatus
2716 2326 2814 2379 est,
2843 2314 3094 2385 quodque
3131 2314 3213 2368 his
3252 2313 3428 2366 verbis
3461 2310 3655 2366 inscri-

407 2405 554 2458 bitur
583 2422 598 2459 :
641 2405 934 2478 Ἐξήγησις
958 2411 1066 2465 τῶν
1097 2412 1262 2482 ιερῶν
1284 2414 1378 2468 καὶ
1397 2415 1557 2468 θείων
1602 2418 1868 2484 κανόνων,
1908 2416 2018 2470 τῶν
2044 2433 2102 2469 τε
2135 2413 2307 2484 ἁγίων
2338 2412 2434 2465 καὶ
2461 2411 2710 2479 πανευυρή
2721 2427 2836 2479 μων
2882 2407 3194 2461 ἀποστόλων
3227 2405 3320 2458 καὶ
3356 2404 3463 2456 τῶν
3495 2403 3670 2485 ιερῶν.

405 2495 804 2565 οἱκουμενικῶν
857 2500 1115 2566 συνόδων,
1183 2501 1320 2556 ἀλλὰ
1382 2505 1486 2574 μὴν
1535 2506 1630 2559 καὶ
1673 2505 1784 2558 τῶν
1817 2506 2058 2560 τοπικῶν
2106 2501 2516 2576 ἦτοι·μερικῶν
2577 2501 2671 2555 καὶ
2721 2499 2826 2553 τῶν
2869 2497 3074 2551 λοιπῶν
3129 2495 3300 2565 ἁγίων
3349 2493 3609 2562 Πατὲρων
3638 2507 3652 2522 ·

406 2581 548 2649 πρὸς
575 2584 632 2636 δὲ
658 2586 754 2638 καὶ
783 2587 1018 2657 δήλωσις
1067 2588 1178 2642 τῶν
1224 2591 1593 2660 ἐνεργούντων
1639 2593 1842 2664 νόμων,
1877 2596 1974 2647 xui.
2011 2580 2108 2666 pi]
2162 2589 2554 2663 ἐνεργούντων,
2602 2588 2710 2642 τῶν
2758 2584 3204 2656 ἀναταττομένων
3249 2583 3307 2637 ὲν
3352 2583 3464 2645 τοῖς
3526 2581 3658 2634 δέκα

408 2670 547 2742 πρὸς
577 2675 686 2736 τοίς
712 2673 974 2746 τέσσαρσι
1005 2676 1203 2742 τίτλοις
1246 2681 1360 2741 τοῖς
1385 2682 1510 2734 κατ’
1540 2682 1717 2751 ἀρχὴν
1746 2681 1854 2734 τῶν
1899 2682 2139 2735 κανόνων
2170 2677 2447 2746 κειμένοις
2473 2694 2490 2711 ο
2538 2675 2836 2745 πονηϐεἳσα
2902 2673 3042 2727 κατὰ
3088 2671 3386 2742 πρόσταξιν
3449 2668 3659 2739 βασιλι-

409 2759 516 2828 κὴν
541 2762 639 2812 καὶ
667 2766 1078 2835 πατριαρχικὴν
1111 2767 1373 2840 Θεοδώρῳ
1420 2769 1498 2840 τῷ
1543 2771 1755 2823 εὐτελεῖ
1797 2769 2030 2840 διακόνῳ
2069 2772 2166 2838 τῆς
2198 2768 2509 2836 ἁγιωτάτης
2542 2763 2634 2818 τοῦ
2683 2763 2819 2818 Θεοῦ
2873 2761 3135 2831 Μεγάλης
3200 2758 3500 2829 ἐκκλησίας
3567 2775 3656 2813 νο-

413 2846 706 2915 μοφύλακι,
737 2852 1130 2919 χαρτοφύλακι,
1167 2855 1261 2908 καὶ
1303 2856 1503 2927 πρώτῳ
1554 2855 1664 2910 τῶν
1707 2857 2048 2930 Βλαχερνὼν,
2087 2856 2165 2924 τῷ
2206 2852 2511 2924 Βαλσαμὼν
2571 2852 2648 2922 τῷ
2682 2852 2819 2922 μετὰ
2871 2849 3096 2922 χρόνους
3141 2846 3294 2910 τινὰς
3344 2846 3660 2918 πατριάρκιι

408 2934 754 3000 Θεουπόλεως
786 2940 1031 3009 μεγάλης
1066 2940 1399 3013 Ἀντιοχείας
1419 2944 1514 2999 καὶ
1547 2945 1731 3017 πάσης
1772 2946 2009 2998 ’Δνατολὶ

2057 2963 2081 3005 ς.
2114 2942 2386 3012 Expositio
2416 2957 2687 2994 sacrorum
2713 2941 3108 3007 divinorumque
3130 2953 3410 3000 canonum,
3446 2943 3658 2988 sancto-

414 3036 534 3073 rum
571 3022 1206 3094 celebratissimorumque
1227 3030 1587 3097 apostolorum
1614 3043 1660 3086 et
1691 3049 1962 3087 sacrorum
1991 3032 2426 3086 mcumenirorum
2460 3039 2616 3096 atque
2650 3028 2808 3082 etiam
2841 3025 3240 3092 provincialium
3270 3025 3377 3077 sive
3419 3023 3657 3089 particu-

415 3107 612 3162 larium
637 3111 1001 3176 conciliorum,
1031 3116 1453 3186 reliquorumque
1482 3127 1784 3172 sanctorum
1828 3119 2055 3172 Patrum
2088 3134 2110 3173 :
2138 3120 2350 3180 insuper
2370 3126 2418 3170 et
2451 3115 2740 3168 declaratio
2797 3114 3084 3183 efficaciam
3118 3123 3272 3176 atque
3311 3109 3658 3177 iucﬂicacium

416 3195 588 3264 legum
609 3199 665 3250 in
685 3203 1084 3268 quatuordecim
1105 3203 1287 3258 titulis
1313 3214 1434 3258 ante
1465 3221 1692 3259 canones
1726 3208 1910 3273 positis
1938 3206 2316 3259 collocuturum
2343 3222 2360 3269 ;
2403 3203 2673 3256 elaborata
2689 3201 2846 3270 jussu
2879 3200 3217 3268 imperatorio
3243 3206 3400 3266 atque
3421 3197 3658 3264 patriar-

415 3285 628 3346 clsalim
657 3285 928 3342 Theodoro
956 3287 1292 3356 Balsamone,
1331 3293 1679 3348 sanctissime
1732 3293 1824 3347 Dei
1876 3293 2086 3364 Magnae
2131 3293 2363 3346 ecclesia:
2409 3291 2650 3354 diacono,
2694 3286 3085 3356 nomophylacc,
3132 3295 3180 3339 et
3226 3281 3654 3353 chartopltylace.

414 3373 663 3440 prcfecto
687 3372 1127 3439 Blacliernarum,
1150 3379 1240 3440 qui
1266 3380 1426 3432 etiam
1452 3388 1567 3447 post
1625 3379 1825 3450 aliquot
1855 3397 2022 3434 annos
2050 3379 2323 3449 Tlieopolis
2343 3393 2544 3446 magna:
2579 3375 2779 3430 scilicet
2813 3374 3106 3428 Antiochia:
3137 3384 3182 3427 et
3213 3374 3374 3425 tatius
3428 3371 3657 3425 Orientis

414 3460 720 3526 patriarcha
743 3462 918 3529 factus
944 3471 1041 3518 est.
1077 3461 1187 3518 Hoc
1213 3474 1296 3520 est
1326 3467 1582 3520 eximium
1612 3466 1739 3520 illud
1766 3482 1920 3535 opus,
1945 3469 2085 3537 quod
2115 3477 2283 3522 totum
2310 3468 2409 3521 hoc
2441 3463 2643 3520 libroin
2672 3463 2942 3532 publicum
2971 3465 3181 3522 damus,
3211 3460 3313 3514 nisi
3341 3461 3480 3528 quod
3512 3459 3656 3512 illam

417 3547 839 3604 declarationem
869 3551 1048 3621 legum
1082 3554 1134 3606 in
1165 3553 1319 3607 titulo
1345 3565 1851 3619 commemoratam,
1885 3557 1984 3609 hoc
2013 3565 2117 3620 εει,
2151 3555 2541 3609 nomoranonis
2587 3549 2762 3604 Photii
2799 3549 2850 3603 in
2901 3547 3307 3620 quatuordecim
3339 3544 3522 3600 titulos
3550 3545 3661 3597 «lis-

417 3636 630 3700 tributi,
682 3637 1184 3707 interpretationem
1227 3643 1642 3710 praetermittere
1687 3643 1863 3698 visum
1899 3653 1983 3698 est
2013 3643 2126 3714 (a);
2157 3642 2352 3710 partim
2385 3642 2526 3710 quod
2564 3639 2616 3694 in
2645 3638 2978 3694 Bibliotheca
3014 3636 3210 3691 veteris
3246 3634 3491 3690 canonici
3523 3633 3662 3700 juris

417 3737 526 3777 non
554 3724 628 3778 ita
659 3725 867 3792 pridem
897 3728 1040 3782 edita
1071 3738 1174 3795 est,
1208 3738 1265 3784 et
1292 3730 1488 3799 partim
1521 3732 1664 3799 quod
1707 3734 1772 3786 de
1816 3732 2024 3799 legibus
2057 3731 2305 3785 civilibus
2339 3731 2522 3800 petius
2579 3743 2743 3797 quam
2791 3727 2864 3782 de
2909 3725 3214 3780 canonibus
3271 3717 3661 3778 ecclesiasticis

417 3811 530 3879 agit
563 3829 578 3865 :
621 3812 764 3868 unde
789 3822 844 3868 et
878 3815 930 3868 in
955 3815 1067 3883 ipsa
1108 3816 1214 3871 hac
1243 3831 1511 3876 canonum
1535 3819 2006 3885 interpretatione,
2036 3817 2128 3872 ubi
2167 3819 2234 3872 de
2263 3818 2470 3887 legibus
2502 3815 2732 3885 politicis
2759 3814 3018 3882 loquitur,
3055 3813 3236 3882 ibique
3266 3813 3462 3876 solum,
3496 3807 3656 3863 istam

419 3898 817 3955 Nomocanonis
846 3905 1241 3972 expositionem
1269 3907 1421 3973 citat,
1456 3909 1556 3971 sub
1591 3909 1808 3962 nomine
1845 3907 1940 3960 τοῦ
1969 3923 2020 3959 πε

2061 3907 2238 3973 paveo;
2273 3905 2671 3970 συντάγματος.
2702 3901 2775 3957 Ut
2806 3903 2857 3954 in
2901 3901 3195 3955 secundum
3228 3912 3489 3950 canonem
3533 3910 3662 3949 cou—

420 3985 530 4038 cilii
565 3985 1171 4057 Constantinopolitaui,
1199 3993 1464 4049 novellam
1495 3998 1632 4050 citat
1664 3993 2021 4064 καταστρωθε

2060 4009 2150 4047 παν
2181 3995 2261 4056 είς
2295 3992 2392 4059 τὴν
2417 3990 2735 4060 ,ἑρμηνείαν
2764 3987 2858 4042 τοῦ
2897 3995 2937 4041 e'
2982 4005 3104 4056 κεφ.
3135 3987 3230 4040 τοῦ
3257 3993 3306 4039 α’
3329 3986 3509 4061 τίτλου
3565 3982 3661 4035 τοῦ

423 4076 695 4144 παρόντος
722 4078 1106 4148 συντάγματος
1139 4100 1152 4136 :
1189 4082 1290 4136 hoc
1321 4089 1430 4149 est,
1466 4084 1522 4136 in
1543 4084 2024 4153 interpretationeq

2056 4080 2176 4134 siuti
2203 4079 2392 4147 capitis
2423 4077 2583 4146 primi
2625 4075 2766 4129 tituli
2825 4075 3214 4129 Nomocanonis
3250 4069 3657 4128 Pltotii‘sitam.

423 4161 577 4226 Quod
607 4163 780 4234 ttupr
808 4165 1100 4234 σύνταγμα
1131 4177 1416 4238 propterea
1446 4170 1698 4239 appellat,
1722 4171 1864 4238 quod
1900 4170 2004 4225 iste
2029 4169 2373 4221 Nomocanon
2408 4166 2538 4234 ipsis
2567 4163 2870 4218 canonibus
2909 4163 3134 4231 prteligi,
3159 4171 3213 4217 et
3248 4176 3413 4214 unum
3443 4173 3564 4214 cum
3594 4159 3663 4211 iis

423 4251 676 4304 volumen
705 4266 1034 4320 componere
1066 4255 1262 4310 solitus
1292 4255 1492 4324 fuerit;
1527 4260 1669 4326 quod
1707 4258 1794 4313 hic
1820 4258 2078 4312 lectorem
2115 4254 2490 4324 praemonitum
2533 4265 2656 4307 esse
2689 4251 2938 4305 sulliciat.
2997 4250 3130 4306 Cum
3179 4257 3360 4304 autem
3413 4249 3465 4302 in
3505 4247 3667 4302 titulo

421 4353 589 4406 supra
616 4339 854 4402 laudato,
889 4341 992 4395 hoc
1026 4356 1160 4410 opus
1186 4341 1521 4398 elaboratum
1550 4344 1766 4398 dicatur
1815 4343 1958 4397 κατὰ
2005 4363 2022 4396 1

2060 4341 2304 4407 οόσταξιν
2352 4339 2638 4411 βασιλικὴν
2672 4340 2766 4393 καὶ
2819 4338 3247 4409 πατριαρχικὴν,
3308 4341 3408 4390 hoc
3457 4335 3661 4389 idcirco

422 4428 642 4492 asserit,
677 4426 820 4496 quod
862 4428 993 4482 illud
1027 4445 1316 4499 aggressus
1346 4440 1429 4487 est
1456 4432 1606 4500 jussu
1643 4433 1909 4490 Manueiis
1940 4433 2208 4489 Comueni
2241 4429 2586 4498 imperatoris
2624 4439 2679 4483 et.
2724 4427 3001 4482 Michaelis
3056 4426 3300 4481 Anchiali
3333 4426 3658 4495 patriarchrc

421 4512 999 4582 Constantinepolitani
1058 4525 1117 4570 ut
1155 4518 1271 4584 ipse
1301 4519 1403 4573 sub
1452 4520 1660 4575 initium
1692 4522 2022 4590 praefationis
2066 4536 2177 4577 suae.
2224 4520 2277 4573 in
2322 4519 2761 4575 Nomocanonem
2809 4516 3008 4580 Photii,
3047 4530 3166 4584 qua:
3214 4514 3402 4568 eadem
3447 4523 3500 4567 et
3535 4513 3659 4565 huic

424 4617 695 4658 canonum
723 4603 1160 4672 interpretationi
1195 4606 1444 4672 inservit,
1481 4615 1712 4662 testatus
1738 4618 1842 4673 est,
1871 4610 2025 4663 dicen

2058 4644 2060 4656 ι
2088 4627 2102 4664 :
2133 4607 2305 4663 Τοῦτο
2341 4606 2438 4659 καὶ
2473 4607 2633 4676 ἡμεῖς
2663 4604 2973 4676 ὁρισθέντος
3013 4603 3168 4672 παρὰ
3201 4601 3294 4655 τοῦ
3330 4599 3659 4667 θεοστεφοῦς

423 4688 586 4755 ἁγίου
614 4688 774 4758 ἡμῶν
816 4689 1220 4762 αὐτοκράτορος
1259 4691 1414 4759 ἁγίου
1454 4693 1713 4763 Μανουὴλ
1740 4695 2042 4764 Κομνηνοῦ
2066 4697 2166 4749 καὶ
2201 4694 2296 4748 τοῦ
2329 4693 2746 4760 παναγιωτάτου
2785 4692 2944 4762 ἡμῶν
2987 4690 3248 4743 δεσπότου
3273 4689 3370 4742 καὶ
3411 4689 3666 4758 οίκουμε-

425 4775 580 4828 νικοῦ
610 4775 954 4846 πατριάρχου
979 4778 1076 4831 τοῦ
1100 4779 1388 4847 γεγονότος
1415 4780 1622 4835 ὑπάτου
1670 4782 1778 4834 τῶν
1833 4781 2160 4850 φιλοσόφων,
2193 4782 2384 4853 κυρίου
2413 4781 2632 4850 Μιχαὴλ
2679 4779 2774 4833 τοῦ
2835 4779 3141 4848 Ἀγχιάλου,
3179 4781 3306 4841 τοὺς
3341 4779 3520 4848 ἱεροὺς
3567 4791 3668 4829 και-

425 4865 587 4928 νόνας
619 4867 1090 4935 κατασκέψασθαι,
1126 4869 1314 4923 καὶτὰ
1339 4870 1399 4924 ὲν
1427 4871 1610 4934 αὐτοῖς
1635 4871 1820 4941 ἀσαφῆ
1850 4871 2077 4934 καὶτοῖς
2109 4871 2295 4940 νόμοις
2323 4870 2385 4922 τὸ
2411 4869 2588 4923 δοκεῖν
2617 4867 3007 4935 ἐναντιούμενοι
3045 4865 3342 4936 σαφηνίσαι
3370 4866 3460 4918 καὶ
3492 4864 3666 4933 ἐρμη·

425 4953 638 5008 νεῦσαι.
671 4953 996 5035 Quapropter
1031 4973 1122 5010 nos
1144 4973 1290 5022 sane,
1322 4960 1412 5012 ubi
1447 4976 1478 5012 a
1508 4959 1759 5014 diuinitus
1789 4969 2040 5014 coronato
2078 4974 2263 5013 sancto
2299 4967 2476 5011 nostra
2531 4957 2853 5022 imperatore
2899 4954 2966 5008 Π.
3013 4953 3259 5009 Manuele
3299 4951 3581 5011 Comneno.
3615 4961 3663 5003 et

425 5042 762 5094 sanctissimo
795 5041 1012 5096 domino
1043 5054 1222 5098 nostro
1255 5055 1305 5099 et
1338 5047 1658 5100 meumeniro
1689 5046 1994 5114 patriarcha
2030 5046 2098 5100 Ι).
2131 5042 2678 5103 MichaeleAnchialo,
2701 5044 2792 5111 qui
2829 5041 3253 5110 philosophorum
3278 5041 3510 5103 princeps
3536 5038 3661 5105 fuit,

427 5126 697 5182 decretum
729 5140 883 5192 esset.
915 5139 973 5184 ut
1003 5147 1186 5185 sacros
1209 5148 1434 5186 canones
1461 5133 1741 5201 diligenter
1775 5134 2172 5200 inspiceremus,
2211 5143 2259 5185 et
2293 5147 2409 5200 qua:
2433 5131 2484 5182 in
2516 5129 2628 5182 illis
2659 5128 2963 5183 obscuriora
2991 5138 3179 5187 essent.
3207 5127 3460 5196 modoque
3490 5125 3668 5195 aliqua

431 5213 629 5282 legibus
673 5215 944 5271 aduersari
976 5219 1294 5282 viderentur,
1322 5220 1736 5282 declararemus,
1761 5231 1914 5290 atque
1939 5221 2416 5290 interpretarentur.
2443 5216 2545 5272 Ubi
2573 5217 2735 5270 etiam
2759 5219 3050 5274 observare
3099 5218 3244 5280 licet,
3298 5217 3399 5269 hoc
3437 5215 3485 5268 ei
3532 5228 3674 5282 opus-

429 5301 742 5369 impositutn
771 5303 964 5368 luisse,
995 5305 1312 5376 priusquam
1341 5306 1650 5374 patriarcha
1691 5315 1909 5362 creatus
1935 5318 2106 5372 esset,
2137 5315 2192 5360 et
2212 5321 2334 5361 cum
2373 5303 2552 5358 adhuc
2583 5301 2764 5359 oﬂicio
2793 5304 2971 5375 aliqua
2998 5305 3051 5359 in
3079 5303 3316 5358 Ecclesia
3345 5302 3668 5357 Constanti—

429 5391 746 5460 nopolitana
775 5393 1088 5462 iungeretur
1122 5409 1138 5449 :
1173 5394 1442 5464 siquidem
1491 5397 1856 5465 patriarcham
1889 5396 2544 5467 Constantinopolitauum
2575 5398 2856 5452 dominum
2892 5410 3051 5451 suum
3101 5394 3350 5465 appellet.
3404 5394 3654 5463 Coeptum

428 5486 515 5532 est
545 5479 710 5546 igitur
739 5480 841 5535 hoc
867 5495 1003 5549 opus
1032 5479 1291 5537 Micbaeie
1329 5482 1604 5538 Anchiale
1636 5485 1891 5539 thronum
1923 5484 2580 5553 Constantinopolitanum
2640 5494 2889 5552 tenente;
2925 5485 3020 5539 sed
3074 5496 3182 5537 non
3228 5490 3659 5538 consummatum

427 5574 515 5618 est
582 5579 756 5634 usque
807 5568 874 5620 ad
928 5566 1217 5635 Georgium
1270 5567 1632 5638 Xiphilinum.
1696 5571 1762 5624 ad
1813 5573 1996 5625 sedem
2052 5571 2212 5625 istam
2272 5581 2522 5627 evectum
2585 5586 2728 5627 anno
2791 5570 3003 5626 Domini
3061 5570 3221 5636 1191,
3281 5570 3404 5637 plus
3462 5568 3661 5622 minus.

431 5653 575 5707 Huic
625 5654 776 5711 enim
835 5655 1157 5724 patriarcha:
1196 5655 1481 5713 Balsamon
1528 5657 1850 5728 praeclarum
1906 5659 2010 5716 hoc
2059 5674 2196 5732 opus
2242 5673 2272 5716 a
2312 5673 2372 5718 se
2413 5661 2753 5719 elaboratum
2801 5659 3070 5717 dedicavit
3113 5676 3132 5714 :
3189 5667 3244 5715 et
3294 5657 3362 5712 ad
3418 5657 3670 5712 eumdem

497 5876 567 5940 (α)
599 5874 850 5928 Edidimus
880 5876 1012 5928 inter
1041 5876 1203 5931 Photii
1229 5890 1396 5944 opera,
1420 5881 1534 5930 tom.
1563 5877 1681 5932 CIV.
1705 5880 1838 5932 Εοιτ.
1868 5880 2020 5934 Pus.
