4054 6494
341 444 409 506 25
1406 447 1615 511 GUIL.
1655 447 2068 510 BEVEREGII
2102 444 2519 507 PlUEFATIO.
3490 430 3561 493 Ξδ

342 574 456 614 τινα
491 557 755 614 inveniens
782 561 839 614 in
871 563 1138 620 nonnullis
1181 565 1442 621 codicibus
1471 583 1702 622 errorem
1734 568 2010 635 scriptura:
2055 567 2196 620 circa
2225 566 2472 620 Celestini
2509 579 2694 619 nomen
2738 561 2983 632 (namque
3007 551 3111 628 pro
3142 555 3368 613 Celestio
3401 553 3562 607 Cele-

338 649 511 703 stinus
539 649 770 702 insertus
802 653 900 720 est)
926 652 1081 705 dictis
1112 654 1320 720 scriptis
1348 671 1410 708 ne
1433 655 1666 708 animum
1695 656 1956 710 advertas.
1988 653 2036 705 Ν
2047 671 2129 708 am
2165 653 2455 709 Celestinus
2494 668 2628 720 papa
2650 662 2758 706 erat
2794 651 3084 713 Romanus,
3119 645 3463 708 orthodozns,
3497 649 3555 693 ut

337 753 498 806 supra
525 735 726 790 dictum
755 747 837 792 est
870 753 890 794 :
919 738 1178 794 Celestins
1200 758 1319 796 vero
1353 759 1470 797 cum
1506 741 1754 797 Nestorio
1789 742 2062 806 sentiebat,
2090 744 2193 796 sive
2241 741 2522 795 haereticus
2550 749 2683 794 erat.
2721 737 2847 805 Quae
2879 739 2989 806 ipsa
3022 733 3359 789 Balsamonis
3393 730 3558 782 verba

338 833 560 878 exstant
586 826 640 877 in
672 826 893 880 scholiis
921 828 1038 896 ejus
1065 829 1130 880 ad
1165 829 1394 896 primum
1446 831 1636 901 synodi
1665 831 1951 900 Ephesinae
1987 845 2274 885 canonem.
2317 827 2600 883 Matthzeus
2631 826 2900 880 Blastares
2931 824 3094 879 etiam
3139 823 3190 875 in
3218 817 3561 888 alphabetico

337 911 504 980 Ipsius
533 922 886 983 syntagmate,
917 915 1032 970 hate
1063 917 1396 973 Balsamonis
1451 919 1653 972 scholia
1684 933 1786 972 non
1819 917 1948 972 citat
1972 922 2149 981 modo,
2183 919 2276 971 sed
2303 925 2356 971 et
2386 915 2614 970 subinde
2645 913 2979 968 transcribit.
3019 909 3156 975 Quin
3183 908 3345 961 etiam
3382 905 3559 959 Isido-

339 1014 435 1054 rus
465 999 761 1063 Mercator,
794 1003 860 1054 ad
899 1002 1144 1057 Latinam
1173 1020 1326 1060 suam
1359 1020 1627 1060 canonum
1660 1005 1965 1061 versionem
2007 1006 2399 1068 exornandam,
2435 1004 2584 1058 hisce
2617 1001 3020 1058 commentariis
3054 1013 3181 1052 usus
3202 1004 3303 1050 est.
3339 997 3387 1048 Is
3412 993 3556 1046 enim

335 1101 450 1141 suae
479 1089 783 1142 tlnodccimi
807 1091 1031 1143 canonis
1061 1093 1249 1162 synodi
1294 1091 1622 1163 Gangreusis
1646 1093 1880 1146 versioni
1914 1093 2028 1147 haec
2061 1093 2361 1157 interserit,
2389 1092 2550 1145 Beros
2579 1091 2789 1144 videtur
2815 1087 3116 1141 Balsamon‘
3144 1085 3410 1152 episcOpus
3446 1080 3556 1133 An-

336 1173 608 1227 tiochenus
642 1175 780 1229 hunc
817 1176 989 1229 locum
1039 1179 1420 1248 interpretans,
1447 1193 1633 1234 vocare
1655 1189 1817 1234 vestes
1846 1196 1912 1234 ex
1940 1181 2105 1233 serico
2147 1189 2438 1233 contextus.
2490 1179 2554 1232 Et
2592 1179 2662 1231 ita
2718 1176 2932 1232 cuidem
2968 1173 3342 1227 Balsamonem
3369 1182 3554 1222 vocem

334 1257 551 1328 Βήρως
586 1262 1000 1331 interpretatum
1035 1278 1178 1328 esse,
1207 1279 1274 1319 ex
1312 1265 1535 1321 seholiis
1564 1265 1679 1334 ejus
1712 1267 1763 1319 in
1797 1266 1999 1322 dictum
2029 1283 2288 1321 canonem
2325 1267 2601 1322 elucescit.

415 1349 460 1400 A
494 1358 734 1416 tempore
762 1360 941 1404 autem
965 1366 1074 1418 quo
1111 1362 1484 1406 consummata
1525 1362 1645 1406 sunt
1675 1351 1986 1407 doctissima
2036 1355 2146 1407 haec
2182 1354 2512 1409 Balsamonis
2544 1356 2594 1408 in
2639 1353 3078 1408 Nomocanonem
3115 1345 3314 1408 Photii,
3338 1354 3392 1399 et
3423 1357 3553 1398 con-

335 1434 584 1488 ciliorum
629 1435 960 1506 Patrumque
991 1453 1228 1494 canones
1261 1441 1674 1505 commentaria,
1706 1441 2130 1510 quadringentos
2166 1442 2551 1509 propemodum
2607 1455 2777 1494 annos
2831 1440 2972 1491 inter
3010 1436 3227 1490 Griecos
3257 1434 3558 1493 latuerunt,

332 1523 540 1578 Latinis
570 1524 844 1593 plerisque
880 1526 1154 1594 incognita
1186 1547 1198 1583 :
1229 1529 1400 1583 donec
1434 1528 1737 1583 Gentianns
1761 1528 2045 1592 llervetus,
2075 1529 2344 1593 Tridenti,
2376 1545 2495 1582 cum
2532 1529 2819 1584 concilium
2857 1527 2926 1579 ibi
2965 1526 3274 1583 haberetur,
3313 1535 3556 1573 commo-

331 1627 481 1677 rans,
515 1624 568 1666 et
590 1625 903 1669 accuratum
929 1631 1118 1670 eorum
1155 1627 1345 1673 nactus
1373 1619 1652 1688 exemplar
1684 1634 1709 1671 a
1739 1616 1952 1672 Joanne
2006 1617 2163 1681 Tilio,
2189 1617 2441 1686 episcopo
2483 1616 2781 1681 Briocensi,
2817 1613 2944 1667 illud
2978 1611 3177 1665 Latine
3210 1609 3390 1662 vertit.
3429 1607 3559 1672 Οηω

331 1698 452 1766 ejus
479 1703 658 1754 versio
708 1703 828 1756 sine
865 1702 1056 1760 Graeco
1119 1715 1291 1771 textu,
1329 1721 1358 1760 a
1411 1706 1700 1761 Guilielmo
1745 1704 1972 1759 Morclio
2021 1704 2245 1758 Lutetia:
2274 1702 2604 1758 Parisiorum
2637 1704 2777 1775 typis
2823 1702 3074 1755 mandata
3119 1698 3222 1752 luit
3266 1711 3410 1750 anno
3451 1695 3557 1747 Do-

332 1787 462 1839 mini
488 1786 647 1841 1561.
680 1786 810 1842 Post
853 1790 1055 1845 multos
1087 1803 1268 1846 autem
1320 1806 1491 1847 annos
1537 1791 1838 1861 bibliopolae
1867 1790 2200 1846 Parisienses
2228 1790 2474 1844 Grzrcum
2526 1791 2798 1859 quoddam
2846 1788 3121 1843 consecuti
3163 1784 3557 1854 apogmplmm,

332 1870 468 1926 illud
504 1889 607 1926 una
643 1889 763 1927 cum
808 1877 1064 1944 praedicta
1095 1877 1311 1932 Herveti
1340 1880 1588 1933 versione
1631 1879 1682 1932 in
1733 1878 2002 1947 publicam
2062 1878 2236 1932 lucem
2286 1878 2610 1942 emiserunt,
2640 1875 2867 1930 Lutetia:
2915 1875 3247 1929 Parisiorum
3282 1884 3422 1923 anno
3453 1869 3562 1923 Do-

332 1960 466 2014 mini
505 1961 662 2017 £630.
701 1964 768 2016 Et
799 1964 911 2019 haec
938 1965 1156 2034 quidem
1189 1967 1377 2030 editio,
1409 1981 1580 2036 eaque
1610 1966 1749 2027 sola.
1792 1966 1860 2018 ab
1884 1980 1950 2018 eo
1975 1980 2146 2033 usque
2177 1973 2416 2034 tempore
2455 1964 2737 2018 doctorum
2765 1965 3013 2016 manibus
3046 1961 3168 2015 trita
3203 1959 3320 2012 fuit.
3358 1957 3556 2010 Verum

328 2047 609 2103 enimvero
659 2050 783 2106 licet
836 2054 902 2106 ad
939 2053 1093 2107 istam
1145 2055 1517 2110 exornandam
1568 2054 1862 2108 editionem
1899 2055 2286 2115 Parisiensem,
2319 2053 2484 2105 multa
2513 2067 2579 2105 ex
2615 2067 2743 2105 mss.
2784 2049 3083 2109 Vaticanis,
3114 2056 3167 2102 et
3186 2043 3456 2100 .nonnulla
3488 2058 3554 2097 ex

327 2137 525 2189 codice
566 2137 842 2192 haerednm
864 2140 1086 2195 Achillis
1117 2139 1333 2207 Harlmi,
1367 2142 1523 2209 primi
1558 2143 1610 2195 in
1637 2156 1887 2204 suprema
1922 2143 2073 2196 curia
2107 2142 2400 2197 Parisiensi
2433 2139 2712 2210 praasitlis,
2746 2139 2970 2193 collecta
3001 2136 3235 2198 fuerint;
3269 2132 3558 2200 quamplu-

332 2224 474 2276 rima
502 2231 684 2277 tamen
721 2224 777 2278 in
827 2242 888 2280 ea
917 2228 1092 2282 doctis
1134 2230 1312 2286 adhuc
1360 2233 1664 2288 desiderata
1697 2242 1840 2288 sunt.
1874 2232 2051 2285 Multae
2095 2229 2238 2284 enim
2273 2228 2476 2283 lacuna!
2508 2230 2557 2280 in
2612 2229 2728 2295 ipso
2759 2226 2949 2280 Graeco
2981 2232 3129 2276 textu
3176 2223 3376 2276 relictae
3403 2228 3556 2281 sunt,

334 2323 458 2378 qua:
479 2326 508 2363 a
541 2312 688 2364 nullo
715 2313 1004 2381 exemplari
1029 2315 1219 2371 (ἷκε-ιεοο
1251 2319 1485 2388 suppleri
1519 2329 1769 2386 poterant
1797 2338 1810 2374 :
1841 2330 1894 2374 et
1924 2319 2024 2388 ipsi
2054 2317 2294 2370 editores
2328 2316 2558 2384 ingenue
2604 2314 2866 2374 fatentur,
2893 2327 2950 2366 se
2977 2313 3032 2364 in
3065 2310 3270 2365 nullum
3301 2308 3559 2363 incidisse

327 2396 630 2466 perfectum
663 2409 717 2454 et
758 2401 1031 2468 expletum
1067 2405 1307 2459 codicem
1357 2406 1625 2469 Graecum,
1658 2406 1750 2476 qui
1792 2405 2035 2460 Latinam
2073 2404 2286 2458 Herveti
2329 2406 2629 2456 versionem
2665 2410 2930 2468 aequaret,
2957 2414 3120 2469 quam
3175 2397 3345 2451 nihilo
3376 2395 3558 2449 secius

326 2485 713 2540 adhibuerunt.
739 2488 856 2552 Quo
896 2488 1098 2544 factum
1147 2502 1253 2558 est,
1302 2502 1359 2548 ut
1400 2494 1541 2548 inter
1566 2493 1813 2548 Graecum
1861 2503 2065 2547 textum
2105 2501 2160 2546 et
2206 2491 2451 2544 Latinam
2489 2491 2816 2552 versionem,
2846 2487 3264 2557 quamplurimis
3312 2485 3365 2539 in
3420 2483 3556 2536 locis

327 2572 553 2625 minime
573 2574 887 2638 conveniat,
923 2590 1042 2630 cum
1071 2579 1350 2647 exemplar
1378 2595 1485 2650 quo
1523 2595 1652 2634 usus
1679 2589 1762 2636 est
1791 2579 2088 2635 Gentianus
2128 2579 2392 2636 llervetus
2423 2595 2568 2633 nunc
2602 2579 2778 2648 plura,
2810 2593 2952 2632 nunc
2984 2575 3238 2644 pauciora
3273 2573 3553 2636 habuerit,

324 2672 490 2725 quam
521 2657 653 2713 illud
684 2662 823 2729 quod
853 2662 970 2732 ejus
994 2666 1225 2719 νει-εἰοιιί
1259 2667 1638 2737 adjunxerant.
1665 2667 1732 2723 Et
1774 2667 1862 2723 ubi
1909 2671 2129 2725 totidem
2162 2670 2446 2740 utrobique
2484 2677 2611 2722 sunt
2666 2667 2970 2725 sententiae,
2999 2679 3192 2720 sensus
3223 2672 3406 2717 tamen
3451 2659 3540 2714 hic

323 2763 490 2823 atque
518 2755 590 2808 ibi
618 2754 755 2809 alius
787 2772 928 2825 saepe
963 2760 1406 2828 deprehenditur.

396 2841 532 2895 Cum
559 2842 741 2911 itaque
794 2842 1122 2902 Parisiensis
1173 2849 1367 2904 horum
1423 2850 1762 2909 Balsamonis
1794 2854 1848 2909 in
1880 2871 2113 2912 canones
2144 2857 2658 2912 commentariorum
2708 2855 2874 2908 editio
2929 2853 3068 2907 adeo
3127 2849 3312 2904 mutila
3367 2846 3556 2906 fuerit,

322 2936 489 2997 atque
523 2928 863 2998 imperfecta,
895 2946 1109 2988 summo
1141 2937 1214 2990 rei
1241 2940 1516 2994 canonica;
1544 2941 1908 2996 emolumento
1941 2945 2156 3005 accidit.
2183 2939 2253 2998 ut
2286 2955 2437 2998 vetus
2476 2944 2764 2997 admodum
2784 2953 2836 2995 et
2877 2940 3203 3010 completum
3243 2935 3556 2990 eorumdem

322 3016 610 3085 exemplar
643 3019 695 3071 in
731 3018 1154 3090 locupletissima
1184 3035 1369 3080 nostra
1404 3027 1736 3083 bibliotheca
1785 3028 2074 3084 Bodleiana
2119 3031 2340 3086 Oxoniaz
2371 3033 2711 3092 haberemus,
2743 3030 2882 3099 quod
2913 3025 3318 3098 quadringentis
3341 3023 3561 3078 circiter

325 3102 530 3160 abhinc
568 3105 746 3169 annis,
777 3117 833 3159 ut
862 3123 927 3162 ex
963 3110 1180 3177 charta,
1217 3114 1646 3182 characteribns,
1680 3118 1950 3187 ligaturis,
1986 3119 2213 3186 aliisque
2253 3117 2559 3170 istiusmodi
2590 3117 2929 3182 antiquitatis
2960 3115 3174 3168 iudiciis
3204 3111 3553 3180 conjicimus,

323 3193 564 3262 eleganti
607 3211 768 3251 manu
803 3209 1086 3254 exaratum
1129 3204 1279 3271 prelo
1331 3206 1544 3260 tandem
1583 3207 1874 3273 aliquando
1929 3205 2281 3274 subjecimus,
2310 3214 2364 3257 et
2417 3202 2614 3274 publici
2669 3203 2767 3256 hoc
2810 3202 2862 3255 in
2906 3216 3069 3269 Opere
3114 3199 3253 3266 juris
3307 3198 3555 3252 fecimus.

324 3282 518 3352 Neque
552 3285 696 3338 enim
733 3285 812 3341 fas
839 3299 976 3354 erat,
1016 3298 1073 3344 ut
1102 3300 1209 3344 tam
1254 3295 1554 3361 pretiosum
1593 3295 1732 3362 juris
1763 3296 2006 3350 canonici
2037 3294 2322 3364 κειμήλιον
2356 3295 2406 3347 in
2439 3309 2539 3346 una
2583 3292 2905 3346 bibliotheca
2937 3290 3142 3344 diutius
3179 3290 3373 3342 lateret
3403 3305 3417 3340 :
3449 3302 3557 3354 quo

323 3383 434 3422 non
465 3370 626 3424 modo
659 3387 864 3440 omnes,
901 3391 1022 3445 quae
1052 3378 1103 3431 in
1141 3381 1308 3447 priori
1343 3379 1562 3436 fuerunt
1600 3383 1860 3446 editione,
1902 3383 2108 3437 lacunae
2140 3381 2396 3451 suppleta:
2429 3391 2589 3446 sunt;
2621 3395 2806 3433 verum
2845 3382 3006 3433 etiam
3027 3379 3132 3431 alia
3162 3375 3559 3445 quamplurima

325 3455 407 3511 ibi
432 3457 757 3524 desiderata,
796 3462 883 3516 hic
931 3465 1348 3532 interseruntnr,
1382 3478 1436 3522 et
1466 3471 1645 3524 omnia
1670 3470 1783 3525 fere
1819 3487 1986 3541 usque
2027 3471 2164 3523 adeo
2201 3471 2581 3535 emendantur,
2609 3477 2667 3522 ut
2700 3481 2827 3522 vera
2865 3466 3207 3520 Balsamonis
3229 3461 3560 3517 Antiocheni

326 3543 383 3596 in
425 3557 663 3600 canones
683 3551 1074 3604 commentaria
1106 3567 1248 3607 nunc
1276 3554 1510 3621 primum
1543 3555 1594 3608 in
1622 3555 1792 3611 lucem
1819 3561 2017 3613 emissa
2043 3557 2360 3614 videantur.

400 3655 482 3709 Ad
531 3655 788 3725 majorem
837 3669 1014 3716 tamen
1046 3664 1230 3732 operis
1277 3674 1527 3720 ornatum
1570 3667 1777 3723 duobus
1810 3669 1930 3725 aliis
1955 3672 2265 3724 earumdem
2325 3671 2667 3725 scholiorum
2720 3671 2999 3726 codicibus
3046 3683 3180 3723 mss.
3213 3666 3294 3721 usi
3343 3679 3551 3726 sumus,

326 3739 664 3807 Eteniensi,
701 3756 754 3800 et
787 3748 1222 3805 Amerbachiano
1249 3768 1262 3818 ;
1301 3767 1528 3821 quorum
1559 3755 1688 3810 illud
1723 3757 2059 3825 amplissimo
2083 3759 2199 3817 viro
2229 3757 2502 3812 Richarth
2531 3761 2782 3829 Allcstry,
2813 3759 2920 3813 SS.
2952 3757 3235 3827 theologize
3266 3751 3559 3826 profcssori

330 3829 482 3898 regio
517 3829 574 3884 in
606 3832 897 3889 Academia
923 3835 1246 3903 Oxoniensi,
1279 3848 1334 3894 et
1365 3841 1566 3910 regalis
1600 3843 1807 3912 collegii
1841 3842 2075 3899 A‘ltonice
2110 3849 2392 3901 constituti
2455 3847 2710 3916 praeferto
2749 3856 3026 3916 acceptum
3061 3845 3284 3900 ferimus
3321 3863 3335 3898 :
3369 3852 3558 3910 ntpote

326 3916 426 4003 qui
449 3932 645 4003 curam
694 3920 953 3979 adhibere
992 3925 1247 3992 dignatus
1291 3936 1396 3992 est,
1426 3941 1483 3982 ut
1517 3931 1793 3985 variantes
1837 3946 1899 3986 ex
1946 3933 2135 3987 codice
2187 3950 2286 3989 ms.
2321 3936 2373 3987 in
2425 3935 2748 3988 bibliotheca
2792 3936 3032 4003 ejusdem
3073 3933 3286 4003 collegii
3324 3930 3562 3999 reposito

326 4001 595 4059 lectiones
629 4006 1034 4076 colligerentur.
1087 4013 1238 4066 Alter
1271 4015 1443 4069 codex
1502 4031 1605 4070 ms.
1660 4031 1766 4085 quo
1795 4017 1962 4084 adjuti
2023 4035 2230 4086 sumus,
2263 4031 2348 4076 est
2384 4031 2624 4075 vetustus
2659 4023 2746 4076 ille
2773 4001 2833 4076 et
2856 4021 3101 4092 insignis,
3134 4001 3314 4088 quiin
3347 4017 3561 4088 publica

327 4088 641 4146 Academia:
683 4092 1010 4150 Basileensis
1051 4098 1378 4154 bibliotheca
1408 4111 1610 4165 exstat,
1653 4105 1738 4158 cui
1796 4119 1918 4157 eum
1950 4105 2288 4160 clarissimus
2316 4109 2398 4161 vir
2451 4106 2680 4162 Basilius
2741 4088 3133 4163 Amerliacliins
3169 4109 3220 4176 (a
3276 4104 3428 4169 cuius
3459 4117 3563 4156 uo-

332 4177 486 4260 tnine
519 4179 994 4237 Amerbachianum
1021 4187 1375 4259 appellamus)
1409 4188 1585 4258 legato
1611 4192 1755 4246 dedit
1787 4205 1928 4245 anno
1967 4191 2174 4247 Domini
2228 4195 2388 4249 1593.
2417 4195 2533 4260 Quo
2579 4196 2718 4248 inter
2751 4196 2878 4259 alia,
2920 4193 3260 4248 Balsamonis
3315 4191 3473 4246 simul
3511 4199 3566 4244 et

328 4259 562 4318 Zonara:
594 4267 646 4320 in
683 4283 920 4324 canones
969 4274 1385 4338 commentaria,
1433 4275 1604 4330 nitido
1637 4286 1691 4330 et
1739 4286 1952 4333 vetusto
1996 4281 2314 4335 charactere
2341 4259 2635 4350 descripta,
2664 4283 3046 4346 continentur;
3082 4282 3174 4335 sed
3205 4279 3413 4333 Zonara
3443 4292 3566 4347 per-

330 4357 498 4419 petuo
529 4351 834 4408 Balsamoni
861 4358 1160 4424 praemisso.
1196 4358 1366 4426 Huius
1398 4360 1662 4430 elegantis
1707 4365 1909 4418 codicis
1935 4366 2361 4421 usnml'ructum
2398 4368 2808 4422 honoratissimi
2850 4369 2994 4422 illius
3021 4368 3327 4422 Academiae
3361 4381 3554 4434 proce¢

330 4453 423 4492 res
454 4440 522 4493 ad
556 4441 694 4494 banc
715 4443 1010 4498 editionem
1036 4447 1401 4501 adornandam
1427 4451 1794 4519 permiserunt
1827 4451 1982 4507 nobis
2022 4454 2385 4509 exhibendum
2427 4473 2522 4524 per
2561 4473 2778 4510 manum
2807 4466 2864 4511 et
2898 4456 3218 4510 industriam
3245 4455 3548 4508 doctissimi

328 4527 666 4616 viriidiontini
695 4527 922 4587 Joannis
954 4532 1221 4603 Rodolphi
1261 4534 1574 4602 Wetstenii,
1621 4539 1739 4607 lilii,
1785 4541 1876 4610 qui
1929 4552 2074 4597 tanta
2129 4545 2254 4608 ﬁde,
2287 4554 2432 4598 tanta
2467 4546 2743 4616 diligentia
2780 4561 2885 4600 ms.
2937 4546 3099 4599 istum
3153 4544 3397 4597 codicem
3432 4558 3561 4596 cum

326 4613 734 4672 Parisiensibus
759 4619 1092 4676 Balsamonis
1130 4633 1184 4676 et
1226 4621 1450 4680 Zonara:
1488 4627 1812 4682 editionibus
1842 4631 2097 4692 contulit.
2137 4642 2193 4685 ut
2224 4617 2380 4699 pares
2437 4635 2485 4687 ei
2515 4613 2713 4703 gratias
2759 4633 2973 4688 referre
3003 4646 3346 4700 nequaquam
3383 4630 3564 4696 possi-

330 4717 455 4756 mus
475 4742 490 4768 ,
520 4719 694 4772 neque
732 4721 831 4762 nos
875 4708 1042 4771 solos,
1070 4725 1258 4764 verum
1286 4718 1342 4765 et
1373 4727 1566 4767 omnes
1595 4716 1981 4785 omninojuris
2005 4720 2254 4774 canonici
2284 4721 2556 4776 studiosos
2593 4722 2696 4777 hoc
2741 4721 3006 4789 singulari
3046 4720 3215 4788 ipsius
3249 4717 3433 4771 ofﬁcio
3457 4719 3559 4772 sibi

329 4789 388 4842 in
425 4797 688 4846 aeternum
740 4794 1020 4850 devinctos
1077 4796 1316 4850 habebit.
1358 4797 1560 4855 Omnes
1602 4802 1744 4856 enim
1809 4806 1995 4860 varias
2029 4806 2288 4864 lectiones
2328 4809 2752 4878 exquisitissime
2777 4809 3032 4878 collegit;
3064 4819 3117 4862 et
3151 4809 3312 4861 multa
3341 4807 3562 4876 insuper

330 4879 552 4946 antiqua
607 4881 660 4934 in
693 4895 924 4936 canones
949 4883 1156 4938 scholia
1195 4899 1226 4938 e
1260 4886 1444 4940 codice
1473 4887 1576 4942 isto
1601 4889 1916 4958 exscripsit,
1951 4906 2070 4960 qua
2105 4908 2202 4947 nec
2237 4895 2289 4948 in
2335 4894 2690 4962 Balsamonis,
2717 4911 2817 4952 nec
2863 4895 3086 4951 Zonara:
3129 4895 3561 4959 commentariis,

331 4985 434 5026 nec
462 4973 592 5037 alio,
626 4988 885 5042 quantum
930 4977 1152 5044 scimus,
1185 4981 1372 5036 codice
1405 4982 1690 5038 habentur.
1717 4983 1829 5040 Hoc
1852 5001 1985 5043 sane
2019 4990 2304 5044 dolendum
2330 5001 2434 5056 est,
2474 4992 2615 5060 quod
2646 4992 2827 5046 nescio
2851 5007 2960 5061 quo
2996 4992 3105 5046 lato
3135 5002 3403 5045 accuratae
3436 4993 3552 5044 istm

333 5059 704 5125 collectiones,
740 5078 840 5132 per
869 5064 1144 5118 biennium
1188 5065 1304 5122 fere
1349 5069 1398 5122 in
1436 5071 1628 5124 itinere
1659 5073 1952 5142 haerentes,
1977 5078 2154 5132 serius
2192 5078 2259 5131 ad
2294 5059 2734 5133 manusnostras
2768 5059 3154 5149 Pervencrnnt,
3187 5093 3345 5146 quam
3386 5087 3440 5130 ut
3477 5076 3563 5130 di—

332 5158 418 5202 cta
448 5150 653 5205 scholia
691 5151 789 5219 ipsi
833 5155 1014 5222 operis
1065 5155 1223 5224 hujus
1269 5160 1481 5227 corpori
1517 5163 1628 5216 suis
1681 5162 1736 5217 in
1770 5163 1906 5219 locis
1950 5165 2200 5220 interseri
2246 5175 2518 5234 poterant.
2549 5165 2630 5219 Ne
2654 5167 2778 5235 quis
2806 5177 2983 5221 tamen
3033 5167 3099 5221 de
3129 5166 3196 5220 iis
3227 5165 3448 5220 omnino
3474 5165 3561 5220 hic

333 5236 656 5294 desideratis
686 5255 1136 5310 conquereretur,
1174 5261 1234 5300 ea
1257 5248 1462 5313 omnia,
1496 5247 1685 5304 Latine
1716 5251 1878 5306 etiam
1905 5267 1933 5306 a
1966 5253 2122 5308 nobis
2142 5268 2321 5317 versa,
2354 5255 2792 5308 annotationibus
2845 5255 3194 5319 inseruimus,
3231 5254 3296 5306 ad
3337 5255 3558 5308 eosdem

336 5327 507 5381 relata
533 5342 798 5393 canones,
833 5331 1030 5400 quibus
1058 5333 1110 5386 in
1138 5334 1324 5389 codice
1352 5336 1784 5394 Amerbaehiano
1820 5341 2057 5410 ascripta
2091 5349 2236 5396 sunt.
2276 5339 2353 5393 Ex
2378 5341 2552 5396 Variis
2576 5350 2756 5396 autem
2795 5341 3117 5396 lectionibus
3154 5356 3251 5408 pro
3280 5349 3561 5410 comperto

338 5411 619 5480 habemus,
655 5417 892 5471 codicem
927 5418 1092 5472 istum
1125 5420 1616 5478 Amerbachianum
1650 5439 1770 5480 cum
1804 5425 2100 5484 Bodleiano
2129 5437 2320 5483 nostro
2356 5430 2673 5498 plerumque
2717 5429 3040 5492 convenire,
3071 5428 3234 5483 etiam
3281 5429 3374 5492 ubi,
3407 5427 3563 5481 l’ari-

333 5499 528 5555 siensis
565 5501 735 5556 editio
780 5505 847 5558 ab
876 5512 1105 5574 utroque
1134 5505 1452 5576 discrepat:
1492 5512 1630 5565 adeo
1681 5520 1739 5567 ut
1770 5515 1911 5570 inter
1935 5517 2246 5572 innumeras
2277 5517 2424 5581 illas,
2461 5533 2596 5585 quas
2650 5518 2988 5572 clarissimus
3019 5518 3122 5582 vir,
3159 5530 3260 5570 ms.
3287 5517 3558 5570 Amerba-

333 5587 585 5641 chianum
611 5604 732 5643 cum
767 5590 1171 5648 Parisiensibus
1195 5595 1480 5652 codicibus
1525 5599 1834 5667 conferens,
1883 5604 2066 5658 varias
2116 5605 2336 5674 collegit
2389 5605 2676 5670 lectiones,
2707 5620 2830 5659 raro
2862 5605 3149 5658 admodum
3209 5604 3338 5666 ulla,
3366 5613 3554 5654 natatu

331 5676 520 5762 saltem
553 5678 735 5748 digna,
765 5692 1036 5746 occurrat,
1063 5699 1181 5752 qua:
1211 5698 1240 5737 a
1287 5686 1474 5741 codice
1510 5700 1695 5745 nostro
1728 5691 1814 5746 hic
1861 5692 2125 5762 impresso
2175 5692 2425 5749 dissidet.
2459 5692 2615 5759 Quod
2653 5693 2791 5747 idem
2833 5700 2888 5747 et
2927 5695 2996 5745 de
3029 5691 3213 5746 codice
3238 5689 3548 5744 Atheniensi

333 5761 620 5816 dicendum
653 5773 756 5819 est.
790 5765 1032 5850 Namque
1063 5769 1204 5824 inter
1227 5781 1340 5827 tres
1373 5774 1537 5831 hosce
1574 5778 1791 5834 codices
1823 5761 2023 5851 optime
2047 5782 2332 5848 convenit;
2367 5779 2818 5851 quemadmodum
2874 5778 2928 5834 in
2952 5776 3392 5840 annotationibus
3416 5774 3554 5827 mut-

339 5848 495 5906 toties
524 5851 816 5910 observare
839 5848 988 5923 licet,
1020 5856 1109 5914 ubi
1135 5867 1244 5916 tres
1280 5860 1444 5920 hosce
1473 5864 1686 5923 codices
1727 5881 1785 5926 se
1817 5848 2045 5926 invicem
2073 5848 2460 5928 conﬁrmanth
2489 5883 2634 5937 saepe
2669 5866 3042 5937 producimus.
3068 5866 3212 5926 later
3234 5880 3330 5925 eos
3368 5870 3550 5921 autem
