4054 6494
403 393 475 457 27
1490 388 1700 450 GUlL.
1743 385 2159 449 BEVEREGII
2201 387 2622 451 PREFATIO.
3582 395 3652 458 28

406 523 461 568 et
488 509 848 568 Parisiensem
866 509 1160 568 editionem
1193 507 1418 564 multum
1440 506 1772 562 discriminis
1800 506 1999 576 passim
2020 504 2284 571 occurrit,
2326 513 2380 560 et
2407 505 2614 562 idcirco
2656 506 2868 561 etiamsi
2920 505 3167 564 Latinam
3211 509 3466 564 Gentiani
3503 510 3640 565 ller-

409 600 519 656 veli
548 601 874 666 versionem,
905 599 1082 669 quoad
1112 598 1231 667 ejus
1269 597 1383 652 ﬁeri
1411 596 1610 664 potuit,
1636 595 1872 648 retinere
1894 593 2262 661 eniteremur;
2294 609 2413 649 eam
2441 603 2623 650 tamen
2653 598 3071 666 quamplurimis
3102 599 3156 654 in
3190 600 3324 656 locis
3359 601 3653 657 immutare

407 688 581 742 coacti
605 702 820 751 sumus,
850 697 910 742 ut
937 688 1129 743 Graeco
1153 699 1274 740 eam
1309 684 1478 738 textui
1511 698 1542 736 a
1573 683 1730 738 nobis
1757 681 1904 738 edito
1937 684 2342 753 adaptaremus.
2380 685 2448 740 Et
2474 687 2565 742 ubi
2593 687 2894 745 Gentianus
2924 690 3189 746 llervetus
3222 707 3442 748 sensum
3478 694 3652 750 alicu-

399 774 492 845 jus
528 776 654 841 loci,
685 777 832 847 quod
854 790 996 844 saepe
1021 775 1240 838 accidit,
1270 773 1411 827 male
1441 771 1728 835 intellexit,
1760 770 1847 826 vel
1876 771 2066 826 saltem
2106 788 2216 828 non
2257 774 2395 829 bene
2427 775 2720 844 expressit,
2758 793 2858 832 nos
2887 779 3193 834 versionem
3238 778 3356 848 ejus
3384 783 3644 839 emenda-

407 865 607 928 vimus,
638 873 694 918 ct
721 863 1117 920 emendationis
1150 862 1454 917 istiusmodi
1480 861 1748 916 rationem
1779 861 1831 914 in
1865 861 2308 916 annotationibus
2336 873 2395 917 ut
2423 863 2716 932 plurimum
2749 866 3104 924 reddidimus.

482 951 759 1008 "actenus
790 955 856 1008 de
879 952 1221 1016 Balsamone,
1249 959 1303 1005 ct
1328 950 1559 1007 eruditis
1588 949 1706 1019 ejus
1757 950 1813 1004 in
1843 963 2080 1004 canones
2117 951 2548 1006 commentariis.
2578 950 2836 1022 Sequitur
2874 953 3142 1022 Zonaras,
3169 960 3261 1028 qui
3313 959 3415 1015 sub
3463 958 3651 1016 Alexio

405 1037 619 1094 Joanne
647 1040 926 1096 Com-neno
951 1040 1154 1104 ﬂoruit,
1189 1050 1244 1094 et
1267 1053 1508 1094 summos
1541 1039 1592 1092 in
1625 1037 1855 1108 imperio
1889 1036 2152 1092 Orientali
2188 1040 2425 1095 honores
2455 1041 2625 1109 gessit
2656 1060 2670 1097 :
2704 1058 2830 1098 nam
2875 1061 3099 1114 magnus
3120 1047 3444 1120 drungarius
3473 1049 3652 1117 viglae,

404 1137 460 1182 et
493 1131 916 1196 protossecretis
939 1129 1057 1191 fuit,
1089 1129 1203 1183 sive
1230 1127 1437 1195 primus
1465 1142 1494 1179 a
1522 1126 1770 1182 secretis.
1808 1125 1934 1184 Post
1963 1128 2166 1196 aliquot
2199 1139 2380 1183 autem
2415 1145 2586 1186 annos
2619 1133 2960 1188 saecularium
2989 1146 3252 1208 pertaesus
3283 1138 3646 1206 negotiorum,

405 1214 472 1267 ad
498 1216 856 1270 monasticam
912 1217 1080 1269 vitam
1129 1215 1382 1281 secessit,
1437 1229 1599 1283 quam
1643 1214 1970 1280 transigens.
2017 1215 2184 1269 multa
2221 1216 2464 1282 scripsit,
2495 1218 2694 1286 quibus
2753 1228 3003 1288 posteros
3026 1221 3128 1277 sibi
3183 1222 3449 1295 obligatos
3482 1233 3652 1280 tenet.

404 1301 592 1357 Primo
615 1303 762 1358 enim
797 1301 1162 1358 unlversalem
1196 1302 1523 1371 conscripsit
1557 1301 1837 1356 historiam
1885 1316 1914 1354 a
1952 1300 2156 1356 mundo
2189 1304 2409 1372 condito
2445 1319 2621 1374 usque
2649 1309 2715 1360 ad
2750 1308 2926 1362 Alesii
2978 1308 3241 1365 Comneni
3282 1310 3649 1380 imperatoris,

403 1392 506 1446 sub
532 1406 640 1459 quo
673 1391 832 1457 visit,
861 1392 1093 1454 obitum,
1127 1391 1227 1446 boc
1259 1402 1367 1454 eet,
1418 1405 1589 1458 usque
1633 1389 1699 1443 ad
1752 1403 1951 1444 annum
2004 1387 2217 1443 Domini
2266 1391 2424 1447 1118.
2458 1393 2777 1460 Elegantem
2797 1399 2962 1452 etiam
2988 1400 3290 1454 orationem
3321 1400 3648 1467 composuit,

400 1495 522 1549 qua:
546 1481 1150 1542 inscribitur,’lwa'twou
1184 1479 1279 1534 τοῦ
1306 1480 1540 1548 Ζωναρᾶ
1562 1477 1657 1531 τοῦ
1683 1477 1970 1546 γεγονότος

2051 1477 2638 1552 εγάλουδρουγγαρίου
2669 1483 2765 1552 τῆς
2799 1485 2998 1554 Βίγλης
3029 1488 3124 1540 καὶ
3153 1490 3652 1558 πρωτοασηκρῆτις

399 1568 557 1636 λόγος
589 1568 726 1638 πρὸς
773 1568 902 1631 τοὺς
948 1567 1046 1638 τὴν
1077 1569 1317 1636 φυσικὴν
1346 1570 1446 1638 τῆς
1493 1568 1662 1638 γονῆς
1706 1565 1907 1636 ὲκροὴν
1943 1564 2000 1634 μί

2050 1581 2158 1634 σμα
2220 1565 2585 1636 ἡγουμένους.
2619 1568 2848 1624 Joannis
2887 1570 3135 1640 Zonaras,
3159 1577 3338 1644 magni
3385 1575 3651 1642 quondam

399 1657 678 1725 drungarii
711 1656 883 1724 viglte,
913 1667 960 1709 et
1004 1657 1164 1725 primi
1204 1674 1237 1710 a
1278 1656 1491 1710 secretis
1543 1655 1717 1710 oratio
1747 1655 1815 1707 ad
1862 1669 1973 1718 eos,
2005 1654 2095 1721 qui
2129 1654 2427 1709 naturalem
2473 1659 2690 1712 seminis
2746 1660 2991 1730 efﬂuxum
3032 1662 3416 1717 immunditiam
3449 1665 3650 1718 existi-

400 1763 568 1805 mant.
607 1750 799 1806 Exstat
830 1752 887 1806 in
920 1749 1546 1806 Juris-Grceco-Romani
1576 1750 1670 1805 lib.
1702 1765 1755 1806 v.
1792 1749 1932 1817 Quin
1965 1749 2128 1804 etiam
2160 1749 2428 1820 majorum
2462 1751 2616 1821 jussu
2655 1764 2710 1807 et
2750 1756 3047 1811 amicorum
3080 1772 3243 1814 suasu
3296 1758 3633 1828 compulsus,

401 1837 676 1893 canonico
705 1838 1144 1908 Grmcornmjuri
1181 1839 1592 1908 interpretando
1621 1839 1895 1909 egregiam
1920 1852 2143 1905 operam
2186 1840 2432 1906 navavit,
2463 1841 2606 1909 quod
2643 1841 2920 1897 eruditum
2950 1858 3088 1912 opus
3115 1860 3144 1897 a
3177 1858 3236 1898 se
3282 1847 3655 1916 conscriptum

397 1927 482 1981 sie
507 1927 826 1994 inscripsit;
860 1928 1160 1999 Ἐξήγησις
1188 1927 1298 1982 τῶν
1329 1927 1493 1996 ἱερῶν
1534 1928 1630 1980 καὶ
1673 1925 1835 1980 Θείων
1878 1926 2126 1981 κανόνων
2157 1927 2270 1981 τῶν
2311 1945 2372 1982 τε
2404 1930 2576 1999 ἁγίων
2617 1930 2712 1984 καὶ
2747 1930 2964 1985 σεπτῶν
3009 1933 3348 1998 ἀποστόλων,
3387 1933 3482 1988 καὶ
3535 1935 3654 1989 τῶν

401 2014 569 2087 ἱερῶν
627 2016 1029 2085 οἱκουμενικῶν
1077 2016 1334 2080 συνόδων,
1386 2015 1526 2069 ἀλλὰ
1567 2015 1675 2085 μὴν
1708 2015 1805 2068 καὶ
1844 2017 1954 2068 τῶν
2000 2014 2242 2068 τοπικῶν
2274 2015 2394 2086 ἦτοι
2436 2017 2704 2086 μερικῶν,
2749 2019 2846 2072 καὶ
2876 2019 3085 2073 λοιπῶν
3119 2021 3295 2088 ἁγίων
3352 2022 3649 2092 Πατέρων,

397 2102 697 2172 πονηθεῖσα
739 2103 960 2175 Ἰωάννῃ
994 2104 1213 2175 μοναχῷ
1235 2104 1314 2176 τῷ
1338 2104 1589 2175 Ζωναρᾷ,
1606 2102 1685 2173 τῷ
1711 2102 1963 2171 γεγονότι
1989 2103 2214 2175 μεγάλῳ
2237 2103 2591 2177 δρουγγαρίφ
2615 2108 2714 2177 τῆς
2738 2107 2966 2179 Βίγλης,
3006 2108 3102 2162 καὶ
3131 2111 3651 2181 πρωτοασηκρῆτις.

399 2189 677 2259 Expositio
709 2206 981 2244 sacrarunt
1024 2191 1418 2261 divinorumque
1450 2206 1737 2258 canonum,
1763 2199 1870 2244 tam
1898 2199 2202 2246 sanctorum
2231 2201 2281 2246 et
2313 2197 2729 2250 uenerandorum
2759 2196 3154 2265 apostolorum,
3186 2213 3346 2266 quam
3376 2215 3654 2252 sacrarum

398 2282 840 2334 cacumenicarttm
877 2280 1221 2350 sgnodorum,
1251 2281 1342 2334 sed
1374 2292 1421 2334 et
1455 2279 1705 2335 localium
1739 2281 1848 2335 sive
1871 2280 2296 2348 particularium,
2317 2283 2738 2353 reliquorumque
2776 2295 3079 2339 sanctorum
3107 2284 3354 2347 Patrum,
3379 2285 3657 2339 elaborata

399 2382 494 2438 per
519 2368 782 2424 Joannem
814 2366 1084 2422 Zonaram
1105 2370 1447 2436 monachum,
1485 2369 1576 2437 qui
1607 2368 1706 2436 fuit
1739 2369 1865 2422 olim
1895 2385 2117 2438 magnus
2157 2370 2486 2443 drungarius
2543 2373 2729 2443 riglte,
2759 2384 2806 2426 et
2834 2373 3038 2438 primus
3071 2389 3102 2426 a
3135 2373 3372 2426 secretis.
3406 2371 3511 2439 Ipsi
3552 2388 3654 2426 au-

405 2462 514 2509 tem
539 2455 691 2526 operi
717 2455 858 2510 hanc
886 2456 1260 2526 prmlationem
1288 2456 1573 2526 praemisit,
1601 2470 1765 2526 quam
1796 2471 1894 2510 suo
1928 2456 2050 2512 loco
2083 2461 2508 2528 praetermissam
2553 2461 2643 2516 hic
2673 2474 2944 2531 apponere
2971 2461 3148 2514 visum
3177 2469 3284 2515 est.
3304 2459 3368 2513 Ἦ
3413 2460 3650 2531 δήλωσις

395 2541 509 2597 τῶν
537 2542 712 2612 λόγων
737 2559 830 2596 σου
859 2546 1050 2612 etans!
1074 2543 1169 2597 καὶ
1217 2547 1449 2599 συνετιεῖ
1473 2543 1724 2612 νηπίους,
1747 2544 1884 2614 πρὸς
1903 2545 1997 2598 τὸν
2016 2545 2151 2599 Θεόν
2176 2563 2343 2618 φησιν
2363 2549 2391 2601 ὁ
2413 2549 2721 2620 προφήτης,
2748 2549 2845 2602 καὶ
2873 2548 3159 2619 θεοπάτωρ
3185 2549 3368 2604 Δαϐίδ.
3400 2550 3573 2617 Λόγος
3595 2550 3654 2603 δὲ

395 2631 494 2685 τοῦ
528 2631 668 2685 Θεοῦ
693 2631 923 2696 εἰκότως
993 2631 1061 2686 ἀν
1108 2649 1196 2697 τις
1227 2633 1326 2686 καὶ
1353 2632 1424 2686 τά
1459 2631 1571 2687 τῶν
1623 2632 1787 2686 Θείων
1812 2634 2131 2687 ἀποστόλων
2176 2639 2274 2688 καὶ
2330 2636 2594 2706 Πατέρων
2654 2636 2934 2704 λογίσαιτο
2982 2639 3354 2707 διατάγματα,
3407 2638 3530 2690 ἐπεὶ
3571 2637 3653 2706 τῷ

397 2717 526 2786 θείας)
566 2718 848 2792 Πνεύματι
906 2719 1264 2792 ὲνηχούμενοι
1324 2718 1526 2774 ἐκεῖνοι
1583 2720 1744 2773 ταυτὶ
1794 2720 2133 2786 διετάξαντο.
2178 2722 2245 2776 Εἴ
2270 2741 2355 2788 τις
2411 2723 2507 2777 οὖν
2553 2725 2848 2796 ποιήσαιτο
2892 2724 2993 2795 τὴν
3043 2725 3154 2779 τῶν
3207 2724 3368 2796 ἱερῶν
3410 2725 3652 2778 κανόνων

397 2806 718 2878 σαψήνσιαν,
771 2807 868 2861 καὶ
910 2808 1003 2862 τὴν
1034 2807 1243 2867 τούτων
1291 2807 1420 2862 νοῦν
1461 2807 1780 2873 ἀναπτύξας
1815 2808 2101 2878 δηλώσειε,
2154 2812 2348 2880 φωτιεῖ
2393 2813 2526 2876 τοὺς
2565 2812 2635 2866 δι’
2683 2813 2968 2884 ἁπλότητα
3006 2814 3103 2868 καὶ
3142 2814 3449 2869 ἀπλαστίαν
3502 2814 3653 2882 ὴθῶν

393 2894 794 2966 νηπιάζοντας,
821 2897 911 2949 καὶ
951 2898 1027 2967 μὴ
1065 2897 1383 2965 πεφυκότας
1427 2895 1524 2950 τοῦ
1569 2896 1769 2966 βάθους
1807 2895 2142 2961 ἐξικνεῖσθαι
2173 2897 2286 2953 τῶν
2311 2900 2558 2954 κανόνων
2595 2901 2708 2954 τῶν
2735 2903 2920 2972 ιερῶν.
2956 2904 3056 2957 Διά
3099 2903 3274 2956 ταῦτὰ
3328 2919 3418 2972 μοι
3473 2903 3654 2972 ἐγχει-

397 2985 595 3056 ρητέον
620 2983 698 3055 τῷ
725 2984 897 3057 ἔργῳ,
931 2985 1006 3049 ὡς
1045 2987 1127 3050 είς
1156 2984 1429 3054 ὠφέλειαν
1477 2987 1607 3047 ἴσως
1643 2985 1887 3056 ἐσομένῳ
1931 2986 2169 3050 πολλοῖς,
2218 2988 2319 3043 καὶ
2367 2987 2444 3052 ὡς
2491 2988 2725 3060 δύναμις
2782 2990 2992 3062 ἑκάστῃ
3043 2991 3275 3061 διαταγῇ
3320 2989 3434 3043 τῶν
3489 2990 3651 3061 ιερῶν

392 3074 731 3140 ἀποστόλων,
768 3075 865 3130 καὶ⁴
905 3075 1120 3129 certeth
1164 3074 1449 3143 Πατέρων,
1514 3074 1719 3143 μᾶλλον
1771 3075 1976 3144 μέντοι,
2026 3075 2103 3139 ὡς
2147 3073 2214 3129 ἀν
2261 3075 2378 3146 δοίη
2432 3076 2594 3143 Θεὸς,
2639 3079 2949 3142 ἰδιάζουσαν
3004 3080 3258 3150 ποιητέον
3313 3079 3409 3132 καὶ
3465 3095 3655 3132 συντε-

393 3164 689 3235 τμημένην
719 3163 1008 3235 ἐξήγησιν.
1043 3163 1134 3235 Μή
1160 3179 1246 3226 τις
1284 3163 1342 3217 δέ
1375 3180 1465 3233 μοι
1500 3161 1797 3231 καταγνοίη
1839 3161 2175 3233 προπέτειαν
2195 3179 2210 3195 ο
2237 3164 2300 3218 οὐ
2344 3165 2453 3235 γὰρ
2483 3165 2578 3234 ἀφ’
2609 3167 2804 3220 ἑαυτοῦ
2825 3165 2900 3236 τῷ
2928 3168 3202 3238 πονήματι
3233 3167 3490 3238 ἐγχειρῶ,
3516 3166 3653 3220 ἀλλά

392 3251 772 3320 παρακληθεὶς
799 3251 1076 3321 ὑπέκυψα,
1095 3253 1191 3305 καὶ
1220 3250 1299 3320 τῷ
1323 3251 1472 3321 πόνῳ
1510 3251 1720 3304 δέδωκα
1749 3249 2005 3319 ἐμαυτὸν,
2049 3250 2137 3305 ἵνα
2173 3251 2248 3323 μὴ
2277 3251 2344 3306 δι’
2392 3253 2660 3325 ἀνηκοΐαν
2717 3256 3055 3327 κατακριθῶ.
3104 3256 3411 3311 Declaratio
3454 3273 3654 3310 sermo-

398 3353 528 3392 num
572 3349 783 3393 tuorum
814 3340 1109 3404 illuminat,
1143 3349 1190 3393 et
1220 3339 1546 3393 intellectum
1576 3338 1669 3390 dat
1695 3337 1954 3406 parvulis.
1991 3337 2122 3393 Herc
2154 3338 2262 3394 Deo
2293 3341 2421 3396 dicit
2461 3345 2711 3412 propheta
2742 3352 2792 3398 et
2820 3346 3027 3400 divtnss
3052 3355 3206 3412 pater
3245 3344 3439 3398 David.
3475 3345 3648 3399 Porro

392 3426 493 3481 Dei
519 3442 781 3482 sermones
813 3428 999 3481 merito
1031 3428 1146 3496 quis
1178 3436 1224 3480 et
1253 3425 1602 3495 probabiliter
1639 3426 1839 3480 dixerit
1872 3441 1985 3482 esse
2023 3427 2327 3486 divinorum
2355 3431 2712 3499 apostolorum
2741 3432 3064 3500 Petrumque
3095 3433 3493 3502 praceptiones,
3523 3434 3649 3500 quia

393 3513 574 3568 divino
606 3516 711 3582 ipsi
745 3516 909 3585 afflati
954 3516 1194 3583 doctique
1226 3513 1430 3584 Spiritu
1464 3515 1560 3567 hoc
1590 3515 1958 3570 instituerunt.
2000 3513 2060 3569 Si
2089 3516 2205 3584 quis
2228 3517 2391 3585 igitur
2427 3519 2833 3573 elucidationem
2857 3535 3133 3573 sacrarum
3161 3535 3424 3573 sationum
3447 3522 3656 3590 fecerit,

393 3602 800 3674 earumdemque
828 3605 1144 3659 sententiam
1180 3620 1421 3658 reserans
1453 3601 1766 3666 deelararit,
1803 3602 1883 3656 Itis
1919 3603 2127 3672 quidem
2153 3613 2293 3659 certe
2344 3605 2522 3660 lumen
2569 3607 2832 3672 intulerit,
2867 3607 2957 3677 qui
2993 3623 3085 3674 per
3113 3607 3503 3674 simplicitatem
3535 3621 3654 3660 mo-

393 3707 615 3760 rumque
641 3690 926 3746 ruditatem
957 3701 1080 3748 sunt
1112 3693 1250 3746 velut
1282 3691 1535 3760 infantes,
1567 3691 1711 3744 haud
1737 3690 1865 3743 dum
1893 3690 2026 3744 satis
2055 3691 2168 3761 apti
2190 3692 2242 3744 in
2279 3708 2556 3748 sacrorum
2598 3711 2860 3749 canonum
2897 3696 3320 3764 profunditatem
3352 3705 3652 3762 penetrare.

392 3774 686 3846 Propterea
739 3778 868 3832 mihi
919 3778 1234 3834 sumendum
1265 3778 1367 3847 fuit
1402 3778 1499 3832 hoc
1539 3794 1668 3846 opus
1698 3777 1752 3830 in
1797 3793 2009 3844 manus,
2047 3786 2104 3830 ut
2132 3779 2251 3832 usui
2283 3777 2516 3846 fortasse
2567 3781 2809 3851 futurum
2866 3782 3070 3848 multis,
3113 3791 3169 3835 ut
3212 3785 3373 3836 etiam
3399 3799 3495 3850 pro
3537 3799 3654 3838 mea

393 3865 536 3920 virili
568 3868 635 3921 sit
688 3883 1013 3938 unaquaeque
1045 3883 1320 3920 sacrorum
1361 3865 1724 3936 apostolorum
1777 3863 2104 3935 Petrumque
2162 3866 2583 3923 venerandorum
2635 3870 2913 3940 dispositio
2962 3881 3110 3935 nota,
3152 3871 3384 3924 maxime
3415 3872 3648 3939 quidem,

391 3967 547 4029 prout
579 3957 783 4013 dederit
816 3961 924 4027 ipse
954 3958 1120 4022 Deus,
1156 3959 1476 4027 peculiarem
1505 3957 2030 4026 compendiosamque
2073 3954 2276 4024 faciens
2322 3961 2735 4016 enarrationem.
2781 3959 2980 4014 Nullus
3012 3973 3185 4015 autem
3221 3977 3303 4016 me
3340 3963 3654 4016 condemnet

391 4046 689 4102 insolentia:
724 4047 800 4101 vel
833 4047 1174 4102 temeritatis.
1208 4046 1318 4100 Nec
1341 4048 1480 4102 enim
1505 4063 1622 4102 mea
1655 4053 1839 4114 sponte
1864 4043 2036 4098 labori
2061 4059 2250 4100 manus
2292 4046 2558 4104 admolior
2577 4065 2598 4116 ;
2629 4048 2722 4104 sed
2761 4058 2980 4120 rogatus
3014 4052 3387 4117 obsecundavi,
3411 4051 3655 4119 negotia-

393 4151 492 4206 que
521 4152 602 4190 me
632 4135 780 4202 dedi,
811 4152 873 4190 ne
906 4142 1119 4205 prapter
1146 4133 1556 4189 inobedientiam
1579 4149 1920 4204 coarguerer.

464 4249 523 4304 In
560 4250 714 4306 hisce
742 4257 923 4304 autem
958 4247 1184 4305 scholiis
1211 4248 1264 4302 in
1299 4262 1536 4304 canones
1557 4249 1975 4318 componendis,
2011 4249 2238 4306 Zonarre
2279 4242 2425 4308 aliud
2466 4259 2632 4320 atque
2663 4250 2969 4306 Balsamoni
3007 4252 3344 4321 propositum
3395 4251 3517 4309 fuit.
3549 4251 3654 4308 Hic

393 4340 542 4394 enim
577 4337 755 4394 civilis
783 4351 939 4407 teque
959 4351 1024 4392 ac
1053 4336 1299 4392 canonici
1321 4335 1463 4405 juris
1488 4336 1948 4402 consultissimus,
1972 4339 2260 4408 utriusque
2315 4339 2664 4394 concordiam
2691 4340 3059 4408 persequitur,
3087 4350 3411 4409 apparentes
3442 4341 3652 4396 discre-

395 4429 615 4499 pantias
645 4428 944 4499 componit,
982 4437 1038 4484 et
1068 4428 1363 4484 canonicas
1388 4427 1718 4499 quaestiones
1757 4443 1786 4483 a
1825 4443 1886 4484 se
1921 4437 2100 4486 motas
2129 4426 2406 4484 multoties
2436 4427 2613 4482 solvit.
2656 4426 2725 4480 At
2754 4424 2998 4480 Zonaras
3028 4441 3058 4481 e
3109 4436 3300 4482 contra
3328 4428 3459 4497 ipsis
3484 4443 3650 4484 cano-

398 4535 528 4574 num
553 4518 738 4574 verbis
767 4525 824 4573 et
849 4516 1034 4573 sensui
1063 4516 1490 4585 interpretandis
1515 4517 1708 4572 stricte
1737 4515 1999 4584 adhaeret,
2033 4529 2160 4572 raro
2191 4513 2480 4570 admodum
2505 4514 2572 4570 ad
2606 4513 2796 4570 civiles
2826 4515 2970 4581 leges
3005 4514 3333 4584 digrediens.
3373 4513 3510 4570 Hinc
3546 4517 3646 4582 μη,

393 4609 540 4680 quod
572 4608 859 4663 Balsamon
890 4615 1062 4662 totum
1091 4605 1319 4661 Zonaras
1351 4605 1805 4660 commentarium
1839 4606 2066 4661 totidem
2096 4617 2487 4672 nonnunquam
2519 4602 2702 4658 verbis
2727 4604 3091 4671 transcribat;
3121 4603 3455 4673 superﬂuum
3487 4605 3649 4658 nimi-

394 4711 516 4752 rum
537 4696 815 4766 judicans,
842 4695 946 4751 alia
976 4693 1205 4750 Zonaras
1229 4692 1392 4748 dictis
1423 4691 1646 4758 addere,
1685 4707 1810 4748 cum
1854 4693 1988 4747 nihil
2021 4695 2075 4747 in
2114 4692 2207 4746 tali
2241 4705 2451 4747 canone
2498 4699 2777 4756 occurrat,
2811 4692 2878 4746 de
2918 4706 3027 4760 quo
3057 4705 3122 4746 ex
3160 4691 3369 4760 legibus
3412 4691 3647 4762 politicis

393 4793 450 4840 et
507 4784 878 4854 imperiliabus
922 4782 1404 4839 constitutionibus
1431 4780 1729 4851 disputatio
1763 4780 2107 4848 instituatur,
2161 4780 2266 4835 hoc
2292 4787 2398 4845 est,
2442 4780 2576 4834 nihil
2605 4779 2753 4848 quod
2784 4779 2852 4834 ad
2883 4794 3040 4834 suum
3075 4779 3413 4848 pr0positum
3459 4780 3632 4851 perti-

395 4879 542 4928 neat.
567 4871 814 4928 Subinde
841 4872 1007 4927 etiam
1038 4871 1265 4926 Zonaras
1309 4869 1818 4940 interpretationem
1859 4869 2044 4924 celato
2076 4868 2297 4922 nomine
2332 4867 2695 4936 perstringit;
2732 4881 2908 4935 neque
2961 4866 3112 4921 ullibi
3144 4866 3264 4936 ejus
3309 4869 3642 4921 mentionem

396 4961 552 5026 iacit,
584 4971 947 5031 praeterquam
972 4960 1384 5015 commentariis
1407 4959 1475 5014 ad
1493 4958 1779 5028 epistolam
1805 4957 2126 5012 canonicam
2150 4959 2322 5013 sancti
2345 4957 2626 5014 Athanasii
2659 4958 2725 5011 ad
2751 4958 3024 5022 Ammum,
3050 4958 3140 5011 ubi
3158 4973 3280 5012 eum
3305 4966 3461 5012 voeat
3481 4959 3649 5028 ὑπερ-

396 5052 700 5120 φυέστατον
761 5051 970 5105 ἐκεῖνον
1007 5050 1286 5118 ΖωναρΞν,
1315 5062 1518 5102 summe
1569 5046 1997 5100 excellentissimi

2045 5063 2066 5099 'l
2096 5045 2249 5100 illum
2296 5043 2589 5111 lanarum,
2624 5059 2858 5114 eumque
2914 5045 3112 5098 dictam
3145 5043 3430 5114 epistolam
3467 5044 3646 5113 σοφῶς

396 5142 494 5194 καὶ
531 5137 891 5211 ὑπερδεξίως,
914 5137 1011 5192 καὶ
1029 5137 1106 5201 ὡς
1125 5138 1228 5190 οὐκ
1261 5136 1329 5191 ἀν
1360 5152 1442 5200 τις
1474 5135 1824 5206 κρειττόνως,
1855 5136 1997 5203 sapis

2047 5142 2142 5198 ter,
2168 5140 2218 5187 et
2243 5131 2632 5201 peraptissime,
2657 5137 2812 5200 atque
2854 5131 2930 5185 ita
2964 5143 3020 5184 ut
3051 5145 3201 5184 nemo
3241 5131 3450 5198 melius,
3483 5133 3648 5185 inter-

396 5237 666 5298 pretatum
698 5241 824 5283 esse
850 5226 1107 5280 amrmat.

468 5314 611 5382 Quin
658 5315 823 5369 etiam
867 5313 1159 5368 Mattheus
1199 5310 1470 5367 Blastares
1495 5311 1728 5367 Zonaras
1763 5308 1986 5385 scholia
2026 5306 2266 5362 subinde
2323 5305 2478 5369 citat,
2515 5305 2735 5358 nomine
2762 5304 2929 5358 etiam
2979 5303 3101 5374 ejus
3147 5318 3536 5373 nonnunquam
3581 5304 3646 5359 iis

398 5405 641 5476 praeﬁxo,
675 5413 734 5460 ut
765 5404 848 5459 lit.
883 5402 946 5472 E,
968 5417 1091 5472 ea-p.
1123 5403 1184 5457 ll
1213 5419 1228 5456 :
1261 5402 1324 5455 Ei
1375 5403 1557 5471 μήπου
1608 5417 1695 5464 τις
1749 5400 1973 5466 ιῐποι,.ὀ

2044 5395 2298 5466 περφυὴς
2347 5393 2406 5447 δὲ
2450 5392 2612 5448 τοῦτό
2639 5409 2772 5461 φησι
2828 5393 3108 5462 Ζωναρᾶς,
3143 5391 3226 5446 Ne
3279 5392 3416 5460 forte
3454 5393 3645 5446 dixerit

399 5495 683 5563 quispiam,
714 5493 934 5564 insignis
967 5502 1144 5545 autem
1173 5491 1270 5544 hoc
1307 5489 1438 5544 dicit
1467 5487 1732 5554 Zonaras,
1765 5487 1974 5543 scilicet
2013 5489 2067 5542 in
2102 5502 2224 5557 syn.
2257 5483 2517 5541 Cbalced.
2552 5499 2676 5538 can.
2706 5482 2797 5538 28.
2832 5483 2985 5537 Alias
3016 5497 3142 5537 raro
3197 5484 3502 5538 invenimus
3530 5483 3648 5536 haec

397 5581 634 5636 Zonaras
686 5581 1075 5636 commentaria
1125 5581 1195 5633 ab
1242 5576 1536 5647 antiquiori
1571 5574 1752 5644 aliquo
1799 5574 2050 5640 laudata;
2087 5573 2188 5628 nisi
2225 5573 2370 5643 quod
2408 5585 2711 5640 anonymus
2752 5571 2972 5638 quidam
3012 5585 3042 5624 a
3081 5569 3262 5625 Leone
3314 5570 3535 5635 Allatio,
3574 5569 3648 5623 De

402 5682 656 5741 perpetua
697 5671 1040 5725 consensione
1069 5666 1322 5722 Ecclesia
1354 5663 1715 5721 Occidentalis
1749 5671 1800 5716 et
1836 5662 2155 5728 Orientalis,
2185 5659 2279 5715 lib.
2313 5675 2373 5722 ll,
2403 5673 2524 5729 cap.
2557 5658 2646 5722 10,
2679 5660 2898 5725 citatus,
2940 5657 3057 5713 inec
3087 5659 3152 5713 de
3183 5659 3251 5714 iis
3277 5659 3474 5714 habent
3504 5677 3518 5714 :
3543 5658 3648 5713 Τε-

398 5761 652 5824 λευταῖος
696 5757 754 5813 δὲ
801 5758 1024 5813 πάντων
1070 5756 1166 5809 καὶ
1213 5755 1243 5807 ό
1280 5751 1596 5822 θαυμαστὸς
1637 5752 1896 5820 Ζωναρᾶς
1949 5749 2183 5818 μοναχὸς
2227 5747 2484 5817 Ἰωάννης
2529 5747 2654 5809 τοὺς
2685 5745 2867 5809 θείους
2919 5746 3017 5799 καὶ
3048 5746 3231 5818 ἱεροὺς
3276 5745 3510 5808 κανόνας
3537 5746 3646 5799 τῶν

403 5849 578 5918 ἁγίων
627 5846 724 5904 καὶ
789 5844 1168 5924 πανευφήμων
1207 5840 1546 5923 ἀποστόλων,
1609 5839 1704 5895 καὶ
1763 5836 1874 5896 τῶν
1916 5838 2060 5895 ἑπτὰ
2107 5833 2796 5924 ἀγίωνῌοίκουμενικῶν-
2812 5834 3070 5906 συνόδων,
3118 5836 3212 5893 καί
3267 5836 3486 5894 πάντων
3536 5831 3648 5904 τῷν
