4054 6494
323 411 394 476 ξθ
1355 417 1564 481 GUIL.
1592 408 2012 478 BEVEREGII
2048 409 2463 476 PREFATIO.
3495 407 3568 470 30

326 527 490 598 ἀγευν
541 525 809 598 Euripo»:
845 528 1008 598 ἡμῶν
1040 528 1364 597 saniora-rat
1402 531 1499 585 καὶ
1527 512 1908 584 aduocauerat

1958 526 2392 598 ὶτξηγησάμινος,
2422 524 2516 578 καὶ
2550 521 2790 595 οὐδαμῶ
2827 521 2920 577 τὸν
2946 522 3139 577 πάπαν
3164 520 3238 584 ὥς
3268 518 3559 590 ὀρθόδοξον

321 615 570 684 ὠνόμασε
598 629 615 648 ο
673 614 877 685 μᾶλλον
913 616 969 669 δὲ
1013 617 1106 669 καὶ
1133 617 1210 686 τῷ
1250 617 1551 686 ἀναθεματι
1605 616 1980 669 καθυπέίαλεν
2018 618 2144 679 τοὺς
2197 616 2264 668 τὰ
2305 616 2428 683 ὅρια
2479 614 2740 683 Πατέρων
2797 612 3148 673 σαλεύοντας.
3180 611 3274 662 και
3307 606 3570 676 ἀθέτησιν

324 702 615 766 ποιοῦντας
639 702 751 756 τῶν
783 703 945 757 θειων
974 703 1240 761 κανόνων.
1273 704 1525 761 Omnium
1558 713 1678 759 vero
1727 711 1925 770 pastrea

1962 722 2042 769 ea,
2071 713 2124 757 et
2176 702 2510 756 admirabilis
2544 701 2634 754 ille
2680 699 2916 754 Joannes
2959 697 3200 752 Zonaras
3251 694 3563 758 monachus,

322 795 526 851 divisos
559 808 850 868 sacrosque
879 807 1108 853 canones
1133 811 1441 858 sanctorum
1483 809 1533 854 et
1565 800 1951 868 peﬁtlustrirtm
1989 798 2373 868 apostolorum,
2426 805 2476 852 et
2515 807 2704 863 septem
2753 802 3056 849 sanctarum
3102 792 3550 847 oecumenicarum

322 883 667 952 synodorum,
698 895 748 940 et
792 888 1028 941 omnium
1071 896 1379 942 sanctorum
1409 888 1631 942 Patrum
1685 887 2010 950 nostrorum,
2043 887 2336 941 clarissime
2364 894 2412 939 et
2443 885 2678 953 piissime
2721 884 3122 958 interpretatus,
3163 880 3310 932 nullo
3357 879 3412 931 in
3451 877 3563 928 loco

327 985 521 1039 papam
552 971 903 1027 orthodoantm
933 975 1134 1029 uocauit
1159 989 1179 1029 :
1213 977 1301 1029 sed
1331 989 1422 1029 eos
1451 975 1648 1042 potius,
1683 975 1773 1044 qui
1805 976 2056 1029 terminos
2095 975 2319 1028 Patrum
2363 980 2742 1031 transmooent,
2771 980 2818 1022 et
2866 983 3046 1022 sacros
3093 983 3318 1020 canones
3351 977 3564 1034 perver-

325 1067 471 1124 tant,
502 1060 832 1115 anathemati
873 1061 1116 1130 subjecit.
1143 1064 1225 1116 Ex
1257 1067 1366 1132 quo
1399 1072 1580 1118 tamen
1612 1077 1723 1117 uno
1757 1061 2072 1117 testimonio
2103 1061 2236 1114 satis
2265 1058 2483 1114 abunde
2523 1067 2764 1124 constat,
2791 1057 2981 1127 quanti
3025 1056 3140 1109 huic
3175 1069 3441 1108 canonum
3469 1065 3569 1105 ex-

324 1145 524 1216 positio
556 1162 588 1201 a
618 1146 828 1204 Joanne
858 1147 1070 1203 Zonora
1095 1147 1398 1214 elaborata,
1436 1150 1580 1218 apud
1609 1148 1829 1204 Graecos
1849 1163 1982 1203 suos
2004 1147 2273 1202 mstimata
2313 1146 2502 1199 luerit.

393 1233 553 1300 Quod
578 1237 646 1289 ad
675 1236 887 1305 priores
922 1237 1117 1292 borum
1149 1235 1378 1291 Zonaras
1398 1238 1458 1290 in'
1485 1252 1730 1291 canones
1755 1237 2267 1292 commentariorum
2319 1234 2583 1288 editiones
2625 1240 2857 1299 spectat,
2887 1229 3062 1300 primo
3106 1229 3322 1297 quidem
3355 1224 3560 1282 scholia

323 1324 441 1389 eius
469 1323 524 1378 in
551 1337 794 1380 canones
825 1327 1196 1394 aposmiorum
1230 1325 1340 1380 sola
1374 1325 1574 1380 Latine
1625 1341 1782 1380 versa
1809 1324 1945 1380 etin
1975 1324 2149 1378 lucem
2182 1322 2378 1377 emissa
2411 1329 2538 1376 sunt
2576 1336 2717 1374 anno
2757 1319 2968 1374 Domini
3008 1316 3146 1373 1558
3177 1333 3272 1384 per
3298 1314 3561 1370 Joannem

325 1410 677 1477 Quintinum,
715 1412 768 1466 in
797 1412 1087 1467 Academia
1115 1411 1411 1468 Parisiensi
1436 1414 1574 1482 juris
1597 1413 1845 1468 canonici
1890 1421 2020 1467 tunc
2045 1411 2313 1482 temporis
2345 1412 2733 1480 professorem.
2775 1410 2968 1462 Postea
3004 1408 3270 1460 Antonius
3304 1404 3559 1457 Sannatiu

323 1499 754 1554 commentarios
808 1500 924 1570 ejus
950 1501 1113 1554 etiam
1157 1501 1211 1554 in
1267 1515 1504 1555 canones
1529 1501 1886 1556 conciliorum
1930 1501 2124 1554 Latine
2155 1515 2341 1555 versos
2403 1501 2570 1553 edidit
2605 1497 2914 1559 Mediolani,
2963 1510 3107 1549 anno
3155 1491 3364 1547 Domini
3399 1490 3560 1546 1618.

329 1583 543 1640 latinae
571 1587 731 1656 cujus
775 1569 1012 1642 versioni
1049 1591 1413 1658 typographus
1444 1588 1775 1642 Parisiensis
1796 1587 2046 1643 Grmcum
2082 1589 2244 1641 etiam
2284 1595 2490 1641 textum
2513 1602 2577 1640 ex
2607 1587 2795 1639 codice
2831 1569 2934 1658 ms.
2971 1583 3022 1636 in
3058 1580 3382 1634 bibliotheca
3419 1581 3563 1648 regis

323 1673 782 1730 Christianissimi
810 1683 1053 1741 erutum,
1074 1657 1307 1742 addidit,
1331 1676 1686 1746 et_evulgavit
1708 1675 1936 1730 Lutetiae
1959 1673 2292 1730 Parisiorum
2323 1688 2464 1727 anno
2489 1674 2700 1727 Domini
2729 1657 2886 1726 i6i8.
2921 1669 3027 1724 Sed
3051 1669 3228 1722 adhuc
3258 1667 3563 1720 desiderata

321 1771 486 1818 erant
511 1763 904 1818 commentaria
927 1764 1047 1833 eius
1077 1764 1132 1819 in
1163 1765 1458 1820 canonicas
1492 1775 1808 1819 sanctorum
1843 1762 2064 1816 Patrum
2105 1762 2385 1832 epistolas,
2422 1775 2542 1828 qua:
2572 1769 2859 1831 propterea
2905 1757 3107 1812 ibidem
3139 1757 3403 1823 impressa
3432 1763 3562 1805 sunt

321 1864 428 1904 una
456 1860 580 1906 cum
605 1850 668 1906 S.
685 1850 936 1921 Gregorii
965 1851 1424 1910 Neocaesariensis
1465 1853 1584 1908 sive
1610 1851 2027 1922 Thaumaturgi,
2059 1850 2277 1905 Macarii
2307 1847 2574 1919 Egyptii,
2601 1857 2656 1900 et
2698 1846 2881 1901 Basilii
2918 1845 3079 1899 l622.
3115 1842 3264 1897 Adeo
3293 1851 3353 1894 ut
3381 1839 3562 1894 omnia

319 1936 552 1992 lunaria
575 1937 632 1992 in
668 1954 910 1994 «nones
936 1942 1352 2003 commentaria,
1385 1949 1512 1996 ante
1541 1941 1682 1996 hanc
1710 1950 1951 1996 nostram
1992 1952 2179 1994 eorum
2211 1937 2506 1992 editionem
2531 1934 2922 1998 Oxoniensem,
2957 1931 3123 1988 simul
3145 1927 3393 1999 nuspiam
3432 1941 3560 1994 pro.

318 2024 544 2080 dierint.
573 2025 654 2080 Ad
680 2026 822 2082 hanc
854 2036 1036 2083 autem
1073 2027 1446 2084 exornandam
1489 2028 1806 2090 editionem,
1834 2041 1948 2081 non
1993 2026 2157 2081 modo
2183 2023 2521 2079 variantibus
2575 2022 2895 2078 lectionibus
2924 2036 2991 2076 es
3047 2020 3234 2075 codice
3265 2015 3484 2071 Henrici
3521 2013 3562 2070 li

319 2113 626 2184 insignibus
654 2124 871 2182 ornato,
901 2125 956 2171 et
985 2132 1054 2171 ex
1083 2118 1253 2173 altero
1289 2117 1382 2172 illo
1409 2117 1638 2186 Augusti
1663 2116 1936 2183 Gallsndi,
1971 2116 2025 2170 in
2078 2112 2376 2168 Parisiensi
2415 2110 2536 2165 loro
2565 2108 2836 2176 advocati,
2869 2109 2921 2162 in
2957 2107 3330 2178 supplemento
3363 2104 3429 2158 ad
3465 2101 3569 2156 Pa-

320 2201 607 2258 risiensem
635 2204 928 2259 editionem
948 2204 1209 2268 collectis,
1237 2205 1323 2261 usi
1353 2221 1562 2273 sumus,
1595 2221 1783 2261 verum
1814 2204 1980 2260 etiam
2002 2201 2311 2258 consultum
2342 2200 2540 2254 ivimus
2572 2198 2852 2267 antiquum
2885 2211 2987 2249 ms.
3017 2195 3258 2250 codicem
3287 2194 3340 2247 in
3371 2191 3566 2248 biblio-

319 2291 484 2346 theca
521 2301 709 2346 noslra
745 2291 1066 2356 Bodleiana,
1091 2309 1205 2364 quo
1229 2309 1420 2350 omnes
1453 2296 1724 2350 habentur
1751 2292 2125 2365 apostolorum
2150 2303 2388 2346 canones
2431 2303 2538 2343 una
2571 2301 2692 2342 cum
2723 2284 2951 2340 Zonaras
2973 2294 3028 2338 et
3049 2281 3389 2337 Baisamonis
3415 2295 3566 2335 com-

320 2378 610 2434 mentariis
632 2379 699 2434 iis
721 2380 972 2435 annexis.
996 2378 1224 2435 Summo
1254 2390 1436 2438 autem
1468 2391 1794 2438 ornamento
1814 2381 1942 2436 huic
1961 2388 2168 2435 nostra:
2199 2377 2424 2433 editioni
2454 2375 2582 2439 luit,
2617 2374 2787 2429 codex
2815 2372 2904 2428 ille
2933 2370 3406 2426 Amerhachianus
3434 2377 3564 2422 ante

317 2471 808 2530 commentor-atus,
828 2482 894 2522 ea
927 2481 1037 2538 quo
1071 2469 1348 2526 variantes
1385 2469 1650 2525 lectiones
1674 2471 2058 2537 per.universa
2090 2467 2319 2522 Zonarat
2356 2481 2465 2522 non
2495 2478 2654 2520 secus
2683 2478 2746 2519 ac
2774 2462 3117 2518 Balsamonis
3140 2456 3562 2519 commentaria,

321 2552 662 2609 clarissimas
689 2555 795 2620 vir,
823 2552 948 2609 Job.
975 2553 1115 2610 Rud.
1148 2553 1487 2614 Wetstenlus
1515 2559 1881 2627 supradictus,
1918 2559 2203 2614 nobiscum
2230 2555 2638 2612 communicare
2659 2553 2912 2624 dignatus
2941 2561 3047 2608 est.
3072 2551 3282 2617 Quibus
3313 2545 3568 2603 omnibus

317 2640 606 2697 codicibus
639 2657 850 2697 summa
887 2643 1165 2713 diligentia
1195 2655 1251 2700 et
1271 2645 1534 2704 ﬁdelitate
1562 2646 1706 2702 inter
1735 2659 1796 2701 se
1822 2644 2059 2713 collatis,
2088 2644 2331 2714 perfecta
2356 2642 2577 2699 tandem
2607 2650 2664 2697 et
2686 2641 2954 2713 completa
2991 2638 3218 2694 Joannis
3243 2635 3470 2692 Zonaras
3506 2633 3565 2688 in

315 2741 514 2784 omnes
542 2732 935 2798 apostolorum,
973 2732 1354 2796 conciliem,
1389 2744 1446 2787 et
1475 2731 1698 2788 Patrum
1728 2748 1965 2790 canones
1993 2731 2405 2796 commentaria,
2438 2746 2544 2785 una
2577 2745 2698 2785 cum
2749 2729 3022 2800 prioribus
3057 2727 3266 2783 Latinis
3290 2723 3564 2780 versioni-

317 2816 448 2882 bus,
475 2819 572 2873 sed
593 2817 899 2874 innumeris
919 2817 978 2873 in
998 2818 1132 2876 locis
1165 2821 1486 2886 emendatis,
1516 2830 1570 2875 et
1591 2820 1783 2877 Graeco
1807 2822 1980 2877 textui
2010 2823 2169 2892 longe
2210 2819 2797 2876 accommodatioribus
2828 2819 3064 2874 edimus.

388 2935 526 2993 Post
559 2935 892 2994 Balsamonis
926 2948 981 2994 et
1015 2937 1241 2996 Zonaras
1273 2943 1683 3006 commentaria,
1714 2942 1951 3012 epitome
1985 2942 2248 3012 cujusque
2296 2941 2543 3004 canonis,
2597 2947 2653 2996 et
2702 2937 2875 2992 Alexii
2928 2933 3165 2990 Aristeni
3221 2932 3274 2986 in
3322 2928 3566 2986 eamdem

307 3024 537 3080 scholia
565 3026 670 3080 hoc
695 3037 862 3093 opere
892 3027 1244 3086 exhibentur.
1274 3029 1548 3096 Quantum
1578 3029 1754 3100 primo
1785 3030 1849 3084 ad
1885 3045 2152 3085 canonum
2201 3028 2480 3100 epitomen
2525 3036 2756 3097 spectat,
2805 3040 2867 3080 ea
2913 3024 3108 3096 partim
3150 3022 3200 3076 in
3246 3018 3568 3074 Bibliotheca

317 3112 476 3168 luris
525 3115 768 3169 canonici
823 3117 1007 3171 ueteris
1064 3117 1210 3171 edita
1251 3127 1357 3182 est,
1413 3118 1574 3188 idque
1625 3118 1727 3174 sub
1759 3119 1931 3189 ipsius
1956 3115 2132 3172 Alexii
2172 3116 2411 3172 Aristeni
2445 3115 2684 3180 nomine,
2739 3114 2964 3184 perinde
3009 3111 3263 3165 nimirum
3314 3122 3380 3162 ac
3432 3103 3477 3162 si
3521 3105 3568 3160 is

318 3204 592 3274 epitomes
619 3205 776 3260 istius
801 3215 992 3262 auctor
1023 3205 1234 3263 luisset.
1273 3204 1377 3261 Sed
1413 3206 1583 3263 multa
1618 3217 1765 3274 sunt,
1797 3221 1917 3276 quae
1949 3205 2036 3261 isti
2066 3204 2305 3275 opinioni
2338 3201 2699 3274 refragantur.
2739 3201 2938 3256 Eadem
2968 3199 3112 3254 enim
3143 3197 3400 3265 epitome,
3441 3193 3570 3248 licet

317 3291 430 3345 alio
458 3292 811 3348 conciliorum
842 3293 1035 3349 ordine
1066 3294 1374 3362 observato,
1403 3294 1568 3350 etiam
1598 3292 1854 3366 Symeoni
1885 3293 2198 3366 Logothetaa
2223 3294 2278 3348 in
2322 3292 2510 3349 eadem
2558 3291 2890 3346 Bibliotheca
2942 3285 3276 3343 attribuitur.
3333 3283 3406 3338 At
3450 3279 3566 3334 veri

322 3387 553 3449 prorsus
582 3380 848 3436 dissimile
880 3388 984 3447 est,
1015 3391 1074 3437 ut
1103 3384 1264 3438 ambo
1298 3396 1538 3438 canones
1568 3383 1620 3438 in
1653 3382 1922 3452 epitomen
1951 3383 2255 3454 redigeutcs
2287 3380 2340 3435 in
2385 3381 2574 3435 eadem
2610 3381 2774 3434 verba
2808 3375 3207 3445 conspirarent.
3248 3367 3356 3425 Nec
3409 3368 3567 3423 video

319 3465 573 3535 quidem,
607 3483 714 3538 quo
741 3469 863 3538 jure
892 3468 1006 3524 haec
1035 3469 1281 3539 epitome
1316 3471 1514 3525 utrivis
1542 3485 1730 3526 eorum
1773 3470 2095 3525 ascribatur.
2125 3469 2269 3525 Sane
2317 3467 2508 3523 Alexio
2550 3467 2803 3521 Aristeno
2853 3462 3053 3519 ascribi
3112 3459 3319 3530 nequit,
3369 3456 3567 3527 quippe

322 3556 420 3624 qui
457 3569 574 3610 eam
607 3569 994 3625 nonnunquam
1031 3557 1327 3626 redarguit,
1375 3566 1430 3612 et
1461 3569 1739 3613 auctorem
1781 3559 1920 3625 eius,
1969 3557 2278 3628 quicunque
2334 3557 2548 3611 demum
2606 3555 2652 3611 is
2702 3553 2884 3619 fuerit,
2936 3565 3199 3605 canonem
3258 3562 3364 3601 non
3422 3551 3568 3599 recte

321 3641 661 3698 intellexisse
715 3641 930 3707 asserit,
993 3651 1054 3697 ut
1109 3643 1166 3697 in
1226 3643 1452 3698 scholiis
1501 3645 1617 3715 ejus
1675 3646 1741 3699 ad
1803 3645 2070 3714 epitomcn
2113 3643 2337 3700 canonis
2399 3641 2677 3713 apostolici
2733 3655 2873 3695 Lxxv
2925 3639 3078 3705 dicit,
3106 3637 3167 3691 '0
3196 3637 3287 3690 τὶν
3322 3633 3567 3706 παρόντα

323 3730 622 3799 συνοψῑσας
645 3730 845 3783 κανόνα
873 3731 935 3784 οὺ
989 3729 1175 3796 καλῶς
1211 3730 1402 3785 τοῦτον
1432 3732 1642 3802 ἐνόησε,
1676 3734 1782 3798 Qui
1819 3750 1924 3804 sym

1966 3733 2065 3786 isin
2104 3733 2377 3800 prtcsentis
2413 3731 2628 3784 canonis
2660 3730 2807 3799 fecit,
2837 3743 2952 3782 eum
2987 3741 3089 3778 non
3120 3725 3244 3778 bene
3268 3719 3520 3776 intellexit
3550 3732 3567 3772 :

321 3829 376 3871 et
409 3821 477 3872 ad
501 3820 774 3888 epitomen
801 3820 1185 3875 undevicesimi
1218 3821 1441 3875 canonis
1468 3822 1655 3890 synodi
1688 3821 1922 3892 Ancyrar

1967 3861 1981 3884 ,
2009 3821 2103 3882 ait,
2149 3820 2206 3873 '0
2234 3819 2366 3887 γοῦν
2408 3819 2697 3888 συνοψῑσας
2724 3817 2815 3871 τὸν
2842 3815 3085 3883 παρόντα
3113 3811 3314 3865 κανόνα
3343 3809 3436 3862 τὸν
3471 3805 3567 3876 μὲν

323 3907 382 3958 ὲν
421 3905 894 3976 πλάτεικεῐμινον
927 3906 1238 3977 ἁφορισμῦν
1267 3907 1379 3960 τῶν
1407 3907 1774 3977 Maurum-rip
1818 3907 2101 3962 ἀθετοῦντι
2151 3908 2250 3980 τὴν
2289 3908 2594 3978 παρθενίαν
2640 3905 2982 3979 παρέδραμε,
3041 3901 3143 3967 Qui
3183 3899 3341 3970 hujus
3395 3897 3570 3961 itaque

323 3995 549 4050 Catienis
582 3995 833 4064 synomin
873 3994 1017 4061 fecit,
1049 3997 1378 4066 digamorttm
1413 3997 1822 4067 segregationem
1859 3997 1914 4049 in
1943 3996 2232 4050 latitudine
2265 4000 2487 4065 positam
2520 3997 2571 4050 in
2620 4011 2738 4051 eum
2770 3995 2860 4064 qui
2883 3992 3160 4047 caelibatus
3195 3986 3569 4056 professionem

321 4084 543 4136 irritam
586 4085 730 4154 fecit,
774 4084 1070 4137 transtulit.
1107 4083 1256 4139 Adeo
1285 4094 1343 4138 ut
1387 4083 1502 4140 sole.
1534 4084 1833 4138 meridiano
1859 4084 2057 4139 clarius
2093 4085 2386 4150 elucescat,
2431 4085 2677 4140 Alexium
2737 4083 3046 4138 Aristeuum
3088 4077 3250 4148 hujus
3297 4085 3567 4130 canonum

325 4174 600 4240 epitomes
635 4179 915 4226 auctorem
952 4187 1058 4227 non
1088 4171 1282 4228 fuisse.

397 4281 659 4347 Quisnam
692 4281 875 4351 itaque
904 4281 1163 4350 epitomes
1191 4281 1353 4352 hujus
1385 4283 1499 4338 sive
1539 4280 1964 4337 abbreviationis
1995 4295 2262 4334 canonum
2293 4286 2486 4335 auctor
2514 4275 2636 4336 fuit.
2683 4276 2863 4330 minus
2900 4281 3234 4339 compertum
3283 4268 3566 4352 habemus.

328 4367 445 4423 Hoc
473 4369 661 4423 saltem
700 4377 951 4423 constare
982 4368 1219 4436 videtur,
1259 4351 1400 4440 quod
1433 4384 1493 4424 ea
1546 4373 1634 4424 ditt
1683 4382 1806 4425 ante
1853 4369 2159 4423 Aristenum
2214 4366 2488 4422 memoriae
2530 4363 2874 4419 sublevandas
2933 4375 3094 4415 causa
3145 4356 3392 4414 confirma
3447 4351 3567 4440 fuit,

330 4467 498 4525 atque
532 4457 666 4531 adeo
695 4464 756 4510 ut
785 4470 1171 4524 nonnunquam
1217 4438 1384 4512 totius
1415 4458 1655 4526 cujusvis
1704 4458 1930 4511 CilliOlliS
1963 4455 2135 4508 vicem
2175 4449 2466 4522 suppleret,
2516 4450 2740 4519 ejusque
2794 4449 2911 4504 loco
2957 4449 3240 4531 citaretur.
3282 4440 3452 4531 Cujus
3491 4438 3567 4531 rei

328 4528 826 4601 lliustrelhabemus
855 4543 1159 4611 exemplum
1195 4543 1246 4597 in
1279 4544 1484 4598 Nicoiai
1518 4543 1840 4615 Hydruntini
1873 4543 1985 4614 (qui
2017 4543 2117 4596 sub
2145 4540 2333 4595 Alexio
2359 4539 2565 4605 Angelo
2591 4535 2792 4607 ﬂoruit)
2828 4535 3032 4590 sebolio
3071 4548 3138 4588 ex
3166 4530 3346 4585 Leone
3374 4527 3570 4615 Allatio

329 4631 582 4700 superius
612 4631 799 4696 citato,
831 4632 972 4707 quod
1005 4630 1083 4683 sic
1114 4631 1323 4701 incipit,
1361 4612 1584 4701 Σχόλιου
1631 4612 1904 4686 Νικολάου

1964 4629 2264 4701 ῐδροῢντος,
2297 4628 2425 4699 περὶ
2455 4625 2782 4681 Κελεστίνου
2843 4624 2938 4677 καὶ
2999 4618 3297 4677 Κελεστῖου
3362 4612 3560 4707 stanti-iv

337 4697 585 4788 Ῥώμης.
653 4715 715 4770 ’0
751 4697 1023 4787 εὑρῐίσκων
1057 4718 1113 4770 ἐν
1162 4697 1240 4788 τῷ
1279 4697 1435 4771 τέλενιὝ
1462 4718 1554 4772 τοῦ
1590 4722 1854 4789 τετάρτου
1896 4697 2141 4780 κανδνος,
2178 4719 2275 4788 τῆς
2325 4697 2382 4769 es
2444 4713 2658 4783 Ἐφέσῳ
2714 4712 2879 4792 ἁγίας
2941 4708 3182 4772 συνόδου,
3216 4704 3414 4765 οἵτινες
3460 4697 3569 4792 τῶἶ)

329 4783 614 4878 amplam
660 4783 1041 4878 Κελεατίνῳῆ
1099 4783 1380 4876 Νεστηρίῳ
1445 4783 1906 4878 συμφρονῆσωσιν
1980 4783 2328 4874 καθαιρετέοι
2364 4843 2379 4866 ,
2451 4802 2528 4873 μὴ
2589 4783 3016 4868 ἀναγινῶσκέτω
3067 4792 3377 4860 Κελεστίνῳ
3427 4783 3569 4878 pecu

329 4873 523 4960 sou—ir,
551 4891 685 4945 ἀλλὰ
724 4873 1003 4962 Κελεστὶιρ
1029 4873 1230 4965 ’χωρὶς
1280 4873 1378 4946 soi?
1429 4911 1485 4947 ν.
1520 4873 1745 4964 γὰρ
1793 4893 2114 4956 Κελεστῖνος
2146 4873 2302 4960 ἅγιος
2339 4885 2408 4963 ἦν
2440 4892 2536 4944 καὶ
2602 4885 2882 4958 ὀρθόδοξος
2929 4885 3118 4947 πάπαῖ
3165 4883 3428 4965 Ῥώμηςῗ-
3452 4877 3480 4925 ὁ
3513 4873 3570 4965 .6?

333 4982 626 5042 Κελέστιος
659 4975 726 5050 ἦν
752 4961 1347 5051 αἱρετικόςίεεῆοιὶαηι
1397 4980 1607 5035 Nicolai
1646 4961 1933 5052 lludruntir

1966 4982 1970 5029 ἵ
2005 4980 2068 5034 de
2099 4961 2371 5034 Celestino
2389 4988 2437 5033 et
2473 4977 2696 5032 Celestio
2722 4975 2871 5045 papis
2906 4971 3180 5027 Romanis.
3209 4968 3314 5034 Qui
3358 4961 3567 5035 oﬂ‘endit

335 5069 396 5122 in
430 5069 535 5137 ﬁne
568 5068 746 5136 quarti
773 5069 992 5122 canonis
1028 5080 1223 5124 sancta’
1255 5069 1533 5140 Ephesium
1562 5070 1772 5142 synodi,
1808 5069 2013 5134 clerici,
2047 5068 2138 5136 qui
2189 5067 2464 5122 Celestino
2501 5065 2617 5120 sive
2670 5061 2918 5119 Nestorio
2953 5057 3349 5118 consenserint,
3401 5052 3568 5117 depo-

337 5155 523 5220 nendi,
556 5171 618 5208 ne
647 5156 787 5224 legat
818 5154 1074 5210 Celestino
1109 5173 1224 5210 cum
1255 5174 1310 5224 η,
1337 5160 1427 5212 sed
1464 5159 1684 5213 Celestio
1712 5159 1823 5212 sine
1852 5173 1905 5210 n.
1944 5153 2188 5226 Namque
2219 5153 2516 5210 Celestinus
2547 5162 2762 5208 sanctus
2809 5160 2923 5206 erat
2973 5158 3022 5203 et
3067 5143 3391 5202 orthodoxus
3431 5154 3572 5212 papa

338 5241 535 5309 Roma',
566 5238 821 5297 Celestius
851 5259 1025 5297 autem
1050 5245 1339 5299 hcereticus.
1368 5244 1470 5299 Ista
1503 5247 1645 5300 enim
1675 5247 1858 5312 verba,
1886 5245 1939 5300 οἴ

1966 5262 2109 5309 τινες
2140 5247 2249 5297 τῶν
2279 5242 2560 5313 κληρικῶν
2607 5240 2920 5312 Κελεστενῳ
2952 5239 2985 5309 ἢ
3015 5233 3292 5304 Νεστορίῳ
3318 5245 3567 5302 συμφρο-

339 5329 604 5406 νήσωςξιν,
635 5329 1002 5400 καθαιρετέοι,
1035 5331 1088 5386 in
1121 5330 1240 5400 ipso
1266 5342 1463 5403 quarto
1491 5346 1697 5388 canone
1724 5331 1914 5403 synodi

1968 5329 2245 5402 Ephesius:
2291 5346 2397 5386 non
2447 5332 2830 5397 inveniuntur;
2883 5329 2977 5386 sed
3018 5327 3074 5382 in
3128 5326 3364 5394 epitome
3413 5319 3569 5406 istius

338 5405 563 5472 canonis
594 5432 755 5486 quam
785 5417 874 5472 hic
903 5416 1242 5484 exhibemus,
1271 5419 1496 5473 tetidem
1529 5419 1708 5474 verbis
1737 5421 2020 5491 leguntur;
2045 5419 2152 5474 nisi
2184 5421 2325 5488 quod
2351 5435 2449 5490 pro
2478 5419 2536 5473 οῐ
2563 5436 2735 5486 τινες,
2768 5418 2822 5473 in
2854 5424 3044 5472 nostro
3072 5413 3260 5470 codice
3299 5405 3568 5463 levissima

338 5504 642 5560 mutatione
671 5505 942 5561 scribatur
970 5505 1022 5560 sl
1047 5522 1212 5570 τινες.
1258 5505 1414 5563 Unde
1443 5506 1620 5577 palam
1656 5517 1740 5564 est
1777 5510 1946 5578 ipsam
1979 5508 2249 5576 epitomen
2287 5506 2377 5562 hic
2405 5506 2585 5572 citari,
2618 5505 2781 5576 idque
2811 5509 2914 5561 sub
2946 5505 3163 5558 nomine
3195 5500 3362 5555 totius
3402 5509 3568 5548 cano-

340 5593 446 5646 nis.
477 5591 626 5648 Adco
655 5602 712 5645 ut
743 5593 858 5648 haec
887 5605 1154 5648 canonum
1192 5593 1442 5664 synopsis
1484 5593 1620 5663 legis
1660 5577 1832 5650 vicem
1861 5597 1930 5650 iis
1959 5594 2298 5665 suppievisse
2345 5595 2619 5661 videatur,
2665 5594 2863 5664 quibus
2908 5591 3105 5661 integri
3154 5601 3391 5644 canones
3428 5577 3570 5636 haud

339 5688 544 5747 praesto
563 5685 768 5735 essent.
793 5679 860 5735 Et
886 5681 1036 5746 hinc,
1070 5682 1124 5736 ni
1150 5680 1328 5744 fallor,
1358 5691 1464 5748 est,
1495 5683 1637 5753 quod
1669 5698 1811 5738 nunc
1839 5683 2016 5739 Alexii
2047 5685 2309 5749 Aristoni,
2340 5698 2483 5741 nunc
2503 5683 2795 5755 Symeonis
2821 5679 3158 5752 Logotbetae,
3192 5686 3247 5730 et
3281 5667 3570 5741 aliquando

339 5764 568 5823 forsitan
597 5767 829 5824 aliorum
863 5769 1082 5824 nomina
1115 5769 1217 5826 sibi
1246 5769 1501 5843 inscripta
1535 5771 1751 5839 habeat,
1781 5785 1812 5826 a
1845 5771 2041 5840 quibus
2070 5771 2136 5827 ad
2184 5771 2452 5841 privatum
2499 5783 2666 5831 usum,
2714 5770 2989 5839 descripta
3034 5765 3154 5822 luit.
3201 5761 3295 5819 Vel
3339 5756 3568 5814 forsitan

339 5853 485 5924 ειυοά
540 5855 776 5926 Symcon
833 5854 1154 5928 Logotheta,
1211 5871 1318 5917 non
1373 5858 1554 5918 minus
1600 5873 1761 5928 quam
1818 5859 2039 5919 Alexius
2098 5859 2405 5923 Aristenns.
2460 5856 2676 5918 scholia
2722 5855 2777 5916 in
2833 5869 2954 5915 eam
3001 5849 3190 5921 edidit,
3244 5863 3364 5921 quae
3405 5843 3568 5902 modo
