4054 6494
377 439 436 505 31
1446 441 1653 506 GUIL.
1700 442 2116 506 BEVEREGII
2153 441 2558 506 PPCEFATIO.
3549 437 3621 501 32

382 557 686 627 perierunt.
745 555 812 614 Et
857 571 957 614 nos
1005 559 1153 616 enim
1205 558 1453 619 Aristoni
1490 576 1684 619 nomen
1713 563 1782 619 ad
1808 561 2078 634 epitomen
2112 575 2178 619 eo
2211 569 2418 617 tantum
2459 557 2678 615 nomine
2729 557 3080 631 prteliximus,
3134 555 3279 629 quod
3347 552 3441 610 ille
3491 567 3612 610 eam

379 645 769 712 interpretatus
800 653 905 701 est.
3036 673 3038 675 '
3366 651 3370 656 ’

460 732 622 788 Istam
653 744 830 788 autem
857 734 1136 804 antiquam
1164 750 1431 792 canonum
1462 737 1926 794 abbreviationem
1955 736 2138 809 magni
2167 734 2294 791 olim
2323 733 2523 789 factam
2559 733 2749 799 luisse,
2779 747 2847 792 ex
2873 748 2940 789 eo
2967 741 3201 797 constat,
3229 731 3373 803 quod
3397 726 3620 785 Alexius

382 818 668 874 Aristonus
700 829 912 874 tantum
949 836 1130 889 operas
1155 834 1207 878 et
1233 823 1437 879 laboris
1466 824 1518 878 in
1545 839 1608 880 ea
1640 825 2041 894 interpretanda
2066 822 2486 891 consumpserit.
2515 821 2702 893 Neque
2731 823 2878 878 enim
2907 822 2962 877 in
2996 836 3056 876 re
3085 820 3239 876 nihili
3292 834 3351 875 se
3383 829 3494 873 tam
3526 817 3616 870 diu

386 905 703 961 exercuisse
729 911 1035 964 censendus
1061 918 1166 966 est.
1216 910 1327 967 Nec
1351 926 1540 980 parum
1588 913 1714 967 huic
1747 927 1846 980 pro
1879 911 2103 981 antiqua
2149 910 2310 980 huius
2353 909 2626 978 epitomcs
2674 911 3001 965 auctoritate
3051 917 3371 979 argumento
3421 905 3619 962 exinde

384 994 671 1054 accrescit.
704 995 848 1063 quod
881 996 1166 1053 Aristonus
1201 1013 1319 1052 eam
1351 999 1572 1055 scholiis
1599 999 1872 1054 illustrare
1899 1001 2149 1070 dignatus
2181 1007 2288 1063 est,
2317 997 2484 1054 etiam
2517 1007 2639 1066 post
2689 998 2960 1067 divulgata
3002 999 3214 1052 erudita
3261 997 3349 1051 illa
3394 994 3618 1051 Joannis

387 1076 624 1137 Zonaras
651 1083 704 1137 in
739 1084 979 1153 integros
1009 1100 1246 1141 canones
1270 1089 1682 1153 commentaria,
1715 1090 2005 1145 Aristeuus
2032 1087 2174 1142 enim
2207 1085 2420 1151 Zonara
2446 1085 2717 1156 posterior
2746 1085 2964 1148 claruit,
3015 1085 3108 1140 sed
3140 1083 3380 1138 anterior
3426 1081 3616 1136 Balsa-

390 1180 574 1230 mone,
607 1167 687 1220 vel
719 1167 910 1222 saltem
943 1169 1130 1224 eadem
1173 1179 1350 1224 aetate.
1398 1171 1686 1227 Balsamon
1737 1174 1878 1228 enim
1929 1187 2050 1228 eum
2095 1173 2539 1228 commemoravit
2587 1173 2643 1227 in
2704 1187 2802 1228 sua
2849 1172 2988 1227 sexti
3053 1172 3273 1226 canonis
3337 1166 3616 1238 apostolici

385 1252 870 1320 interpretatione,
933 1256 1020 1308 ubi
1081 1256 1202 1321 ait,
1257 1258 1379 1311 Ὅτι
1442 1259 1536 1313 καὶ
1587 1259 1679 1313 τὸν
1725 1260 1986 1330 ύπέρτιμε

2016 1276 2027 1310 l
2086 1262 2293 1314 ἐκεῖνον
2345 1258 2439 1313 καὶ
2473 1258 2647 1329 μέγαν
2677 1258 2984 1327 οἰκονόμον,
3030 1257 3124 1311 τὸν
3168 1253 3486 1326 Ἀριστηνδν
3529 1253 3617 1306 διὰ

385 1340 880 1410 τριακονθημέρων
941 1342 1382 1413 ἑπιςρωνημάτων
1435 1345 1604 1415 τριῶν
1634 1347 2025 1417 ἑπεφωνήσατο
2083 1348 2117 1418 ἡ
2176 1348 2308 1416 ἁγία
2363 1346 2580 1410 σύνοδος
2646 1346 2995 1416 ἀποσχέσθαι
3057 1346 3154 1400 τοῦ
3215 1343 3618 1399 ὃικαιοδοτικοῠ

385 1427 672 1495 όφφικίου.
706 1426 846 1481 Nam
887 1439 937 1482 et
969 1430 1428 1496 incomparabilem
1458 1432 1634 1498 illum,
1673 1443 1720 1487 et
1755 1449 2000 1502 magnum
2029 1450 2353 1489 oeconomum
2392 1433 2716 1501 Aristettum,
2771 1435 2940 1488 tribus
2986 1432 3206 1502 publicis
3257 1447 3364 1486 xxx
3415 1431 3619 1484 dierum

391 1514 580 1568 edictis
614 1533 644 1568 a
669 1515 812 1585 juris
841 1516 1049 1570 dicendi
1078 1519 1244 1587 o/ﬁcio
1274 1535 1476 1573 cessare
1503 1519 1664 1588 jussit
1696 1531 1880 1574 sancta
1931 1523 2185 1592 synodus.
2235 1520 2336 1576 Ubi
2389 1522 2556 1576 etiam
2611 1521 2893 1584 observes,
2955 1531 3162 1590 quanto
3212 1520 3299 1575 hic
3347 1517 3525 1573 cilicio
3565 1517 3619 1571 in

393 1599 636 1656 Ecclesia
691 1602 1287 1673 Constantinopolitana
1339 1605 1554 1660 iunctus
1601 1614 1706 1671 est,
1755 1622 1878 1662 cum
1929 1624 2154 1680 magnus
2216 1609 2268 1662 in
2319 1623 2382 1664 ea
2437 1621 2751 1664 (econotnus
2803 1607 3002 1674 fuerit;
3057 1608 3184 1661 item
3239 1615 3443 1676 quanto
3495 1619 3619 1660 eum

389 1689 569 1759 elogio
607 1690 888 1746 Balsamon
920 1701 1099 1756 ornat,
1125 1694 1430 1764 ὐπέρτιμον
1463 1696 1740 1766 appellans
1772 1715 1786 1751 :
1825 1711 1987 1764 quam
2019 1695 2370 1754 honorificam
2403 1695 2520 1764 eius
2554 1697 2880 1753 mentionem
2933 1694 3073 1750 idem
3121 1694 3406 1748 Balsamon
3454 1692 3619 1748 etiam

390 1777 448 1831 in
499 1778 724 1832 scholiis
769 1781 886 1835 suis
915 1782 979 1835 ad
1014 1784 1202 1850 synodi
1234 1781 1506 1838 Trnllante
1541 1799 1800 1840 canonem
1833 1786 1898 1840 37
1933 1785 1991 1840 fat

2023 1789 2081 1852 it,
2115 1789 2200 1843 his
2232 1789 2427 1853 verbis,
2460 1785 2800 1852 Πρωσάλετο
2829 1786 2937 1855 γὰρ
2981 1784 3071 1838 τδν
3103 1781 3346 1836 τοιοῦτον
3416 1779 3621 1834 κανόνα

388 1865 417 1917 ὁ
455 1865 754 1935 ύπὲρτιμος
785 1869 992 1931 ἐκεῖνος
1044 1868 1210 1939 κῦρος
1244 1871 1481 1936 Ἀλέξιος
1505 1873 1534 1924 ό
1583 1874 1900 1944 Ἀριστηνὸς
1952 1876 2094 1929 κατὰ
2119 1877 2214 1930 τοῦ
2263 1876 2568 1944 ἀγιωτάτου
2599 1874 2810 1928 ἑκείνου
2853 1873 3193 1943 πατριάρχου
3229 1867 3624 1940 Ἰεροσολύμων

391 1954 567 2022 κυροῦ
608 1955 748 2024 Νικη
761 1957 946 2025 φόρου.
972 1956 1124 2010 Hunc
1146 1960 1282 2012 enim
1317 1976 1564 2014 canonem
1600 1962 2027 2029 iucomparabilis
2055 1963 2145 2018 ille
2175 1965 2417 2018 dominus
2447 1963 2663 2018 Alezius
2690 1961 2967 2016 Aristenus
3001 1969 3189 2013 contra
3229 1957 3622 2010 sanctissimum

392 2042 542 2094 illum
570 2045 932 2110 patriarcham
969 2045 1516 2115 Hierosolymitanum
1552 2046 1909 2117 Nicephorum
1943 2053 2192 2118 protulit.
2223 2051 2327 2107 Ubi
2357 2052 2532 2109 obiter
2576 2050 2741 2105 etiam
2773 2050 3115 2104 observatum
3150 2046 3332 2110 velim,
3359 2050 3621 2112 quantum

391 2132 447 2186 in
479 2131 600 2201 jure
631 2135 898 2189 canonico
935 2136 1342 2204 interpretando
1370 2153 1564 2193 nomen
1599 2139 1823 2193 Alexius
1865 2141 2148 2196 Aristenus
2196 2149 2327 2195 tunc
2353 2141 2563 2194 dierum
2597 2137 2854 2200 habebat,
2885 2151 3008 2190 cum
3041 2133 3322 2189 consultus
3352 2139 3520 2192 esset,
3569 2136 3624 2182 et

393 2220 448 2274 in
482 2221 586 2275 isto
611 2221 735 2290 jure
771 2232 960 2277 contra
1007 2224 1369 2293 patriarchatn
1414 2227 1792 2294 responderet.
1829 2228 1904 2283 Ex
1938 2228 2056 2282 istis
2111 2229 2334 2296 insuper
2377 2227 2559 2281 verbis
2593 2224 2849 2294 colligere
2891 2229 2998 2288 est,
3043 2221 3242 2289 quibus
3294 2216 3626 2286 temporibus

394 2307 485 2363 llle
519 2309 718 2364 ﬂoruit.
770 2310 1011 2379 Namque
1045 2311 1388 2380 Nicephorus
1441 2313 1529 2368 ille
1567 2313 2113 2385 ilierosolymitanus.
2142 2324 2330 2370 contra
2361 2329 2521 2381 quem
2546 2313 2836 2368 Aristonus
2872 2312 3040 2366 istum
3073 2321 3335 2363 canonem
3377 2304 3622 2375 protulit,

395 2400 604 2466 synodo
633 2397 882 2452 interluit
910 2399 1381 2469 Constantinopoli
1417 2400 1704 2455 celebrata:
1739 2417 1880 2455 anno
1913 2403 2096 2457 mundi
2129 2402 2292 2466 667i,
2326 2403 2442 2456 sive
2465 2399 2692 2462 Christi,
2730 2398 2894 2461 H66,
2927 2407 2986 2452 ut
3019 2411 3085 2451 ex
3133 2393 3624 2463 subscriptionlbus

395 2493 562 2552 patet,
594 2500 732 2554 quas
757 2483 864 2540 Leo
889 2485 1122 2540 Allatins
1149 2485 1338 2550 edidit,
1374 2485 1446 2540 De
1487 2497 1738 2555 perpetua
1780 2505 2016 2544 consens.
2055 2487 2258 2544 Eccles.
2293 2487 2650 2544 Occidentalis
2695 2494 2744 2541 et
2779 2484 3068 2540 Orientalis
3106 2483 3196 2537 lib.
3243 2482 3336 2545 H,
3370 2494 3492 2546 cap.
3533 2478 3621 2531 12.

396 2568 444 2623 ls
475 2580 592 2624 erat
619 2587 793 2626 annus
822 2571 1085 2628 Mannelis
1112 2574 1374 2629 Comneni
1404 2590 1557 2639 xxnt,
1588 2575 1741 2644 cujus
1769 2575 2115 2644 imperatoris
2144 2576 2296 2644 jussu
2351 2574 2639 2628 Balsamon
2697 2587 2816 2627 sua-
2845 2571 2898 2624 in
2947 2582 3186 2624 canones
3239 2564 3626 2622 conmentario

399 2673 688 2730 aggressus
720 2669 823 2722 est,
860 2671 916 2714 ut
964 2675 995 2716 e
1029 2662 1352 2730 supradictis
1383 2662 1570 2732 liquet.
1625 2661 1736 2716 Sub
1770 2663 1958 2718 eodem
1993 2663 2155 2733 igitur
2183 2663 2510 2730 imperatore
2543 2659 2852 2714 Aristenum
2901 2657 3063 2712 etiam
3105 2653 3368 2710 claruisse
3415 2661 3626 2704 certum

395 2748 759 2804 est:etiamsi
794 2747 903 2803 Leo
934 2749 1164 2804 Allatius
1222 2758 1454 2804 tractatu
1509 2750 1574 2806 de
1618 2761 1774 2806 wtate
1822 2761 1870 2804 et
1926 2751 2244 2814 interstitiis,
2283 2750 2336 2804 in
2387 2749 2680 2804 collatione
2723 2746 2976 2802 ordinum
3008 2745 3176 2799 etiam
3223 2741 3361 2810 apud
3411 2738 3629 2795 Graecos

396 2835 698 2899 servandis,
734 2851 854 2890 eum
884 2837 1036 2904 jussu
1069 2837 1292 2894 Joannis
1330 2836 1616 2907 Comneni,
1647 2840 1739 2909 qui
1770 2838 2075 2894 Manuelem
2127 2837 2408 2908 proximus
2451 2837 2510 2892 in
2560 2834 2790 2906 imperio
2841 2831 3142 2904 praecessit,
3190 2828 3628 2886 Nomocanoneut

397 2937 556 2976 suum
588 2923 822 2979 edidisse
854 2926 1176 2981 asserucrit.

471 3033 638 3088 Porro
673 3034 788 3089 inec
820 3035 990 3090 Alexii
1025 3034 1260 3090 Aristeni
1290 3037 1342 3090 io
1371 3036 1570 3092 dictam
1603 3051 1876 3092 canonum
1903 3037 2158 3110 synopsin
2197 3035 2612 3099 commentaria,
2657 3034 2712 3089 in
2764 3033 2952 3089 codice
3010 3044 3116 3085 ms.
3179 3042 3336 3096 quem
3389 3024 3631 3086 edimus,

399 3119 482 3177 sic
541 3120 798 3189 inscripta
854 3132 1016 3184 sunt,
1049 3123 1428 3192 Νομοκάνονον
1461 3126 1559 3178 σὺν
1618 3125 1736 3194 Θεῷ
1782 3127 2000 3195 ἐρμηνεπ

2030 3126 2120 3178 θὲν
2173 3125 2328 3194 παρὰ
2377 3123 2473 3177 τοῦ
2523 3121 2942 3191 θεοφιλεστάτου
2995 3115 3375 3187 νομοφύλακας
3434 3113 3631 3182 κυρίου

415 3207 657 3274 Ἀλεξίου
721 3209 815 3262 τοῦ
859 3209 1199 3280 Ἀριστηνοῦ,
1259 3212 1715 3279 Nomocanonum,
1747 3213 1855 3267 Deo
1905 3213 2016 3268 assii

2031 3221 2199 3276 dente,
2265 3214 2664 3279 interpretatum
2707 3226 2799 3277 per
2848 3208 2960 3261 Deo
3023 3204 3397 3260 clrarissimnnt
3445 3216 3632 3254 nonta-

403 3298 672 3368 pltylacem
700 3296 968 3351 dominum
996 3298 1240 3352 Alexium
1270 3299 1597 3354 Aristennm.
1629 3300 1727 3356 Ubi
1761 3301 1933 3371 primo
1964 3303 2254 3355 observare
2283 3298 2428 3362 licet,
2457 3299 2596 3351 hanc
2625 3297 2800 3364 ipsam
2824 3309 3088 3350 canonum
3121 3293 3174 3346 in
3207 3291 3472 3359 cpitomen
3501 3302 3634 3341 con-

404 3395 697 3441 tractornm
754 3385 1124 3440 collectionem
1155 3387 1518 3455 νομοκὰνονον
1556 3386 1735 3442 vocari
1776 3406 1789 3442 :
1839 3401 1946 3455 quo
2000 3387 2218 3444 nomine
2269 3386 2433 3440 etiam
2481 3385 2814 3456 integrorum
2874 3395 3138 3436 canonum
3197 3377 3440 3433 collectio
3493 3389 3636 3444 saepe

402 3482 775 3542 nuncupatur.
841 3470 1050 3538 Nemo,
1110 3471 1328 3540 fateor,
1387 3473 1597 3527 inllcias
1655 3483 1786 3540 eat,
1847 3475 1976 3543 quin
2029 3483 2241 3528 veteres
2293 3473 2596 3529 istiusmodi
2653 3472 2798 3526 solos
2832 3469 3040 3535 libros,
3075 3465 3271 3536 quibus
3327 3464 3482 3532 νόμοι
3538 3461 3634 3516 καὶ

409 3561 636 3621 κανόνες
687 3560 830 3626 leges
859 3559 1046 3614 civiles
1076 3569 1131 3614 et
1178 3575 1417 3615 canones
1470 3561 1828 3616 ecclesiastici
1880 3562 2010 3616 simu

2033 3563 2038 3615 l
2091 3563 2302 3617 collecti
2359 3573 2508 3628 sunt,
2542 3560 2909 3632 νομοκανόνας
2961 3557 3316 3627 appellarint;
3371 3553 3634 3624 quemad-

411 3651 626 3702 modum
663 3646 900 3702 Joaunes
932 3648 1307 3703 Antiochenus
1340 3649 1534 3703 librum
1566 3651 1757 3714 istum,
1792 3665 1895 3719 quo
1924 3665 2160 3706 canones
2187 3650 2334 3705 solos
2369 3651 2421 3704 in
2453 3650 2844 3722 quinquaginta
2896 3646 3078 3700 titulos
3121 3641 3372 3712 digessit,
3427 3639 3637 3708 simpli-

406 3736 543 3789 citer
575 3735 905 3805 συναγωγὴν
939 3737 1045 3790 τῶν
1098 3736 1343 3789 κανόνων
1376 3735 1625 3801 vocavit;
1657 3736 1816 3792 istum
1850 3745 2006 3790 auten

2033 3776 2049 3801 ,
2081 3753 2189 3808 quo
2217 3739 2515 3794 canonibus
2540 3735 2927 3792 ecclesiasticis
2965 3733 3108 3803 leges
3149 3729 3524 3800 imperatorias
3576 3737 3630 3782 et

407 3823 598 3878 civiles
651 3824 921 3890 adjunxit,
969 3825 1305 3896 νομοκανόνα
1362 3825 1714 3894 nuncupavit.
1779 3825 1844 3878 Et
1892 3826 1962 3879 ob
2018 3827 2262 3881 eamdem
2314 3827 2477 3881 etiam
2513 3825 2776 3878 rationem
2829 3821 3007 3876 Pltotii
3050 3819 3398 3875 Nomocanon
3437 3829 3634 3868 nomen

407 3907 548 3963 istud
603 3909 824 3964 sortitus
879 3919 1012 3966 est:
1057 3927 1215 3981 quem
1270 3911 1554 3968 Balsamon
1615 3913 1669 3967 in
1726 3912 2044 3982 prazlatione
2090 3916 2158 3968 ad
2226 3917 2497 3980 eumdem,
2530 3913 2691 3968 etiam
2722 3912 3099 3982 ,νομοκάνονον
3157 3907 3408 3977 appellat.
3437 3901 3634 3960 Verum

408 3996 687 4052 enimvero
723 3999 924 4067 qumvis
952 3999 1280 4068 integrorum
1312 4017 1578 4056 canonum
1605 4002 1851 4058 collectio
1880 4003 2245 4072 νομοκάνονον
2279 4004 2446 4058 etiam
2494 4016 2877 4066 nonnunquam
2929 3999 3076 4054 audit
3106 4015 3120 4052 :
3169 3996 3310 4064 quod
3359 3994 3527 4048 miror
3569 3995 3636 4046 ab

410 4081 520 4136 ullo
558 4100 792 4151 unquam
827 4088 1150 4156 denegatum
1179 4087 1366 4155 fuisse,
1400 4104 1522 4142 cum
1560 4089 1675 4144 hate
1703 4104 1808 4145 vox
1859 4090 1914 4144 iu
1945 4090 2052 4146 isto
2079 4105 2241 4147 sensu
2276 4091 2344 4147 ab
2391 4095 2506 4161 ipso
2537 4090 2857 4144 Balsamone
2903 4101 3046 4155 saepe
3101 4091 3421 4152 usurpetur;
3473 4087 3534 4135 ut
3579 4079 3636 4134 in

411 4169 718 4226 Nomm-an.
754 4172 911 4230 Phot.
947 4178 1029 4229 tit.
1069 4176 1120 4237 1.
1157 4191 1274 4245 cap.
1301 4177 1334 4232 9
1365 4177 1462 4242 ait,
1499 4177 1676 4242 Αὐτὸς
1711 4179 1969 4249 ἐπέμεινε

2036 4180 2212 4247 μέγων,
2262 4178 2338 4250 μὴ
2379 4178 2589 4232 δίκαιον
2618 4174 2758 4230 εἶναι
2802 4173 3031 4245 κεραίαν
3057 4169 3388 4240 ἀθετηθῆναι
3439 4169 3502 4220 ὲκ
3529 4165 3637 4220 τῶν

410 4260 471 4312 ὲν
494 4259 572 4329 τῷ
621 4260 988 4332 Νομοκανόνῳ
1023 4263 1450 4334 γεγραμμένων,
1478 4263 1557 4334 τῷ
1578 4267 1652 4328 ὡς
1677 4266 2015 4338 θεογράφους
2045 4268 2255 4331 πλάκας
2285 4267 2436 4337 παρὰ
2465 4269 2528 4336 τῇ
2557 4264 2854 4334 Ἐκκλησία
2884 4259 3234 4330 λογιζομένῳ.
3263 4257 3380 4326 Ipse
3412 4257 3637 4325 perstitit

409 4346 609 4407 dicens.
640 4363 741 4400 non
772 4365 976 4416 (equum
1005 4367 1114 4404 esse
1150 4361 1205 4404 ut
1236 4352 1312 4405 vel
1340 4369 1473 4420 apex
1508 4353 1804 4408 aboleretur
1831 4371 1895 4408 ea:
1926 4355 2011 4420 iis,
2040 4375 2156 4427 quae
2190 4359 2243 4411 in
2284 4356 2659 4411 Nomocanonc
2686 4354 2883 4422 scripta
2917 4359 3062 4414 sunt,
3109 4349 3246 4418 quod
3280 4349 3447 4401 instar
3498 4345 3636 4398 diri-

411 4451 603 4489 nurum
673 4436 974 4491 tabularum
1025 4439 1089 4490 ab
1140 4437 1379 4493 Ecclesia
1434 4449 1728 4508 reputatur.
1790 4439 1888 4496 Ubi
1925 4443 2303 4514 Νομοκάνονον
2334 4459 2530 4514 corpus
2581 4455 2847 4496 canonum
2899 4435 3397 4491 ecclesiasticorum
3453 4442 3638 4500 aperte

411 4523 699 4589 signiﬁcat,
724 4526 1177 4596 quemadmodum
1207 4527 1336 4580 etin
1362 4525 1604 4595 ejusdem
1634 4527 1972 4583 Balsamonis
1999 4534 2218 4588 scholiis
2234 4532 2300 4587 ad
2319 4531 2508 4603 synodi
2530 4529 2802 4584 Trullante
2825 4540 3085 4580 canonem
3108 4522 3132 4576 1
3168 4521 3414 4585 dicentis,
3439 4520 3520 4576 Τὰ
3539 4519 3640 4590 μὲν

409 4612 687 4682 νεόγραφα
706 4614 1085 4684 Νομοκάνονα,
1104 4613 1178 4677 ὠς
1211 4614 1285 4684 μὴ
1307 4614 1502 4685 ἔχοντα
1528 4616 1626 4670 καὶ
1651 4616 1974 4687 ύπογραφᾶις
2000 4615 2108 4668 τῶν
2162 4614 2469 4683 ἐκθεμένων
2520 4612 2618 4675 τὰς
2669 4609 2918 4671 συνόδους
2949 4603 3208 4678 βασιλέων
3233 4603 3328 4658 καὶ
3385 4605 3640 4671 πατέρων

411 4701 764 4772 παρέδραμον
792 4718 806 4732 ·
864 4701 1198 4771 bonum“
1252 4701 1309 4754 δὲ
1347 4703 1740 4775 παλαιόγραφα
1772 4703 2012 4772 Νομοκάι

2040 4719 2149 4755 sva.
2211 4702 2277 4755 Et
2335 4701 2414 4756 sic
2471 4698 2674 4768 passim
2732 4695 2896 4763 alibi;
2947 4705 3003 4748 ut
3050 4692 3186 4747 nihil
3265 4690 3467 4744 certius
3521 4701 3641 4740 esse

414 4790 604 4855 possit,
641 4805 800 4857 quam
854 4791 1003 4860 ipsas
1069 4807 1338 4846 canonum
1371 4791 1719 4848 collectiooes
1747 4794 2090 4862 νομοκάνονα
2121 4790 2369 4845 vocitari.
2405 4788 2514 4844 Hoc
2551 4799 2730 4842 autem
2787 4798 2982 4840 nomen
3032 4782 3192 4835 etiam
3227 4776 3441 4849 synopsi
3474 4789 3640 4832 cano-

415 4892 544 4930 num
594 4879 661 4930 ah
711 4879 901 4933 Alexio
933 4879 1182 4935 Aristeno
1227 4881 1594 4948 interpretata
1641 4883 1958 4952 inscriptum
2016 4893 2122 4946 est,
2168 4887 2227 4934 ut
2269 4892 2334 4933 ex
2372 4877 2524 4931 titulo
2571 4875 2818 4941 superius
2843 4871 3011 4924 citato
3051 4876 3285 4927 constat,
3319 4865 3458 4933 quod
3491 4863 3644 4952 prius

411 4967 714 5039 expositam
774 4975 1014 5021 nostram
1073 4968 1138 5022 de
1191 4968 1292 5022 hac
1327 4982 1594 5023 canonum
1647 4951 1881 5038 epitome
1913 4969 2231 5024 sententiam
2279 4965 2493 5036 egregie
2522 4963 2848 5023 conﬁrmat;
2883 4972 3002 5011 cum
3034 4956 3146 5010 hzec
3179 4955 3366 5006 eodem
3403 4951 3638 5039 nomine,

415 5036 524 5126 quo
560 5057 672 5124 ipsa
719 5055 1049 5124 integrorum
1107 5069 1382 5111 canonum
1432 5036 1703 5121 collectio,
1748 5057 2108 5123 νομοκάνονον
2160 5053 2389 5114 scilicet,
2444 5047 2785 5118 appelletur:
2823 5043 3082 5097 nimirum
3139 5039 3280 5107 quod
3337 5046 3506 5126 totum
3556 5036 3646 5105 jus

415 5123 743 5199 canonicum
779 5123 854 5197 ini
877 5158 940 5197 ea
976 5158 1081 5197 non
1118 5157 1274 5198 secus
1303 5154 1466 5212 atque
1511 5144 1563 5199 in
1610 5145 1740 5213 ipsis
1780 5145 2078 5199 canonibus
2123 5139 2363 5196 exhiberi
2417 5147 2733 5206 persuasum
2782 5139 2946 5185 esset.
2996 5128 3107 5183 lloc
3153 5130 3338 5196 itaque
3383 5123 3644 5178 Nomoca-

417 5247 618 5287 nonum
674 5231 896 5285 Alexius
952 5230 1239 5285 Aristenus
1286 5231 1676 5301 interpretatus
1724 5239 1825 5296 est,
1878 5230 1969 5300 qui

2044 5245 2072 5283 n
2114 5225 2466 5295 inscriptione
2500 5221 2917 5290 Θεοφιλέστατος
2952 5214 3264 5288 νομοφύλαξ
3313 5213 3645 5277 nominatur,

417 5335 578 5389 quem
639 5319 802 5374 etiam
866 5335 1119 5390 magnum
1170 5299 1510 5375 teconomum
1575 5299 2107 5390 aliquandoluisse,
2167 5311 2505 5368 Balsamonis
2563 5309 2726 5364 verba
2770 5305 3018 5376 superius
3074 5303 3288 5359 laudata
3342 5301 3498 5356 ﬁdem
3553 5299 3647 5354 la-

421 5409 590 5463 cinnt.
3521 5407 3529 5414 ’

496 5515 624 5571 Haec
668 5515 902 5570 Aristoni
955 5515 1008 5570 in
1062 5513 1503 5571 Nomocauonum
1557 5513 1923 5569 abbreviatum
1979 5511 2181 5568 scholia
2231 5526 2339 5566 non
2392 5507 2611 5564 memini
2642 5507 2708 5562 ah
2743 5502 3036 5574 antiquiori
3081 5501 3334 5571 quopiam
3387 5498 3648 5569 scriptore

419 5615 844 5659 commemorata
878 5618 1000 5658 esse
1030 5604 1114 5657 vel
1144 5603 1389 5668 laudata;
1421 5601 1523 5656 nisi
1564 5600 1705 5670 quod
1738 5601 2055 5656 scholiastes
2083 5599 2138 5654 in
2171 5600 2358 5656 codice
2385 5595 2820 5651 Amerbachiano
2851 5590 3108 5646 nonnulla
3140 5605 3205 5645 ex
3263 5589 3330 5642 iis
3372 5596 3648 5641 mutuatus

419 5707 560 5757 esse,
589 5702 644 5748 et
688 5691 972 5746 Balsamon
1016 5705 1080 5746 ea
1123 5704 1506 5760 nonnunquam
1557 5689 1754 5744 citasse
1799 5688 2067 5750 videatur,
2103 5697 2157 5741 ut
2192 5687 2247 5740 in
2279 5683 2720 5739 annotationibus
2765 5680 2991 5735 subinde
3039 5678 3378 5732 observatum
3435 5681 3536 5728 est.
3571 5672 3648 5727 Ex

423 5781 839 5846 recentioribus,
867 5778 1146 5834 Gilbertus
1176 5776 1561 5834 Genehrardus
1607 5775 1744 5830 libro
1804 5773 1878 5828 De
1927 5773 2191 5828 Trinitate
2242 5771 2488 5827 Alexium
2536 5771 2846 5824 Aristenum
2892 5767 3044 5830 citat,
3091 5778 3321 5832 eumque
3365 5760 3648 5815 diaconum

423 5867 680 5928 Ecclesia:
711 5867 1324 5957 Constantinopolitante
1370 5865 1537 5927 fuisse
1585 5865 1837 5924 aﬂirmat.
1878 5862 1984 5921 Leo
2038 5860 2268 5951 allatius
2319 5863 2435 5918 hrec
2483 5857 2689 5916 scholia
2743 5870 2887 5926 sape
2933 5854 3143 5921 laudat,
3199 5849 3292 5908 sed
3337 5861 3402 5905 ex
3450 5846 3648 5905 biblio-
