2027 3247
158 173 195 205 33
248 173 257 179 ”
680 173 784 205 GUIL.
800 173 1009 206 BEVEREGII
1024 173 1234 205 PREFATIO.
1744 172 1781 206 3‘

161 233 238 260 theca
256 231 410 260 Vaticana:
427 239 567 267 nunquam
592 232 664 260 enim
691 234 810 261 antehac
834 234 907 262 edita
929 233 1048 261 luerunt.
1069 233 1109 260 Ad
1136 233 1209 261 hanc
1234 236 1325 261 autem
1358 238 1480 261 nostram
1509 240 1604 261 eorum
1631 233 1778 263 editionem

162 275 372 309 perpoliendam.
392 280 507 310 quatuor
536 275 575 302 usi
602 283 695 303 smnus
717 277 857 304 codicibus
880 285 945 304 mss.
970 285 1083 310 quorum
1109 284 1190 304 unum
1215 276 1355 304 nobiscum
1379 278 1591 305 communicavit
1613 278 1781 307 clarissimus

160 319 200 345 vir
221 317 343 346 Joannes
357 319 488 351 Pearson,
511 319 560 346 SS.
579 319 718 355 theologia:
736 320 874 355 professor
891 320 1088 355 Margareticus
1114 319 1142 347 in
1158 320 1336 347 universitate
1359 320 1590 356 Cantabrigiensi,
1614 321 1661 356 qui
1685 321 1712 349 in
1740 322 1782 349 bi-

160 362 295 389 bliotheca
313 362 420 396 collegii
439 362 491 390 SS.
512 362 668 396 Trinitatis,
687 364 731 391 cui
755 364 813 398 ipse
835 364 978 399 prazlectus
1003 369 1045 392 est
1070 364 1095 391 in
1119 364 1214 392 eadem
1239 363 1426 397 universitate,
1451 365 1573 392 codicem
1592 364 1674 392 istum
1698 365 1784 393 nitide

159 410 301 433 exaratum
329 407 481 439 inveniens,
508 408 633 434 eumdem
657 408 735 435 nobis
760 408 855 435 Latine
871 408 1031 435 vertendum
1056 410 1206 435 concedere
1228 407 1358 442 dignatus
1383 411 1437 441 est,
1463 412 1490 435 et
1513 408 1552 436 sic
1577 409 1692 443 primam
1720 408 1784 436 huic

161 450 267 477 edendo
283 451 361 485 operi
376 451 548 479 occasionem
566 451 690 485 praebuit.
710 452 762 479 Iste
776 455 867 479 autem
880 452 967 479 codex
980 459 996 479 e
1011 451 1091 487 longe
1106 451 1248 479 vetustiori
1264 451 1291 478 in
1307 451 1473 479 bibliotheca
1498 452 1646 479 Bodleiana
1669 451 1783 480 Oxonize

160 494 316 528 exscriptus
332 493 431 528 fuerat,
444 502 525 529 quem
541 500 685 530 propterea
699 502 771 529 saepe
785 495 930 523 consulere
945 503 1087 525 necessum
1113 495 1266 523 habuimus.
1284 494 1353 527 Quin
1375 500 1404 522 et
1419 495 1501 522 alium
1519 495 1701 530 suppeditavit
1715 495 1784 522 insi-

161 538 310 571 gnissimus
326 538 367 565 vir
381 537 636 569 Thoutas'Brown,
659 538 710 566 SS.
734 539 877 574 theologia:
898 539 1049 574 professor.
1074 544 1102 566 et
1127 538 1238 574 capellae
1257 539 1337 573 regiae
1362 538 1543 567 Windesot'iae
1567 539 1782 574 praebendsrius.

158 581 226 608 Cum
253 589 321 617 opus
349 588 440 610 autem
466 590 534 617 pene
561 584 594 611 ad
620 583 779 611 umbilicum
807 583 965 618 perductum
990 582 1082 614 fuerit,
1106 583 1175 610 alius
1199 583 1226 609 in
1253 583 1411 617 supradicta
1442 582 1606 609 bibliotheca
1636 581 1783 609 Bodleiana

158 624 287 653 inventus
302 631 344 652 est
359 627 444 654 codex
471 634 522 653 ms.
549 627 666 663 eleganti
682 632 709 654 et
722 632 829 657 vetusto
843 627 1002 655 charactere
1017 632 1147 654 cxaralus
1162 635 1169 654 :
1188 634 1204 654 e
1220 635 1274 661 quo
1289 627 1417 654 nonnulla
1433 631 1562 661 excerpta
1577 629 1653 658 sunt,
1670 633 1730 661 qua:
1754 625 1782 653 in

159 669 220 697 aliis
231 670 375 697 codicibus
389 670 593 703 desiderantur,
616 679 648 698 ac
662 671 775 706 proinde
799 676 862 705 post
883 671 1031 699 canonicas
1051 670 1189 705 epistolas,
1213 670 1246 700 ad
1261 678 1329 704 quas
1343 670 1492 705 pertinent,
1521 669 1549 704 in
1565 670 1685 706 secundo
1699 673 1777 704 tomq

158 714 287 740 eduntur.
303 714 402 741 Eorum
416 719 505 755 a‘ulem
519 715 706 742 collectionem
722 716 825 749 pariter
840 719 922 750 atque
937 715 1089 742 versionem
1104 714 1163 741 viro
1179 713 1272 740 multis
1289 713 1443 740 nominibus
1458 713 1617 740 honorando
1633 712 1664 739 D.
1680 711 1781 740 Joanni

159 757 226 789 Fell.
246 757 275 785 S.
290 758 320 784 Τ.
340 758 382 790 Ρ..
399 758 527 786 Ecclesiae
543 758 705 787 cathedralis
718 758 820 787 Christi
850 759 953 786 decano
966 759 994 785 in
1008 757 1191 785 Universitatc
1203 757 1350 785 Oxoniensi
1366 757 1504 790 debemus,
1518 756 1564 792 qui
1578 757 1612 784 ad
1628 757 1780 784 uberiorem

159 800 241 836 hujus
257 802 348 836 operis
362 807 488 829 ornatum
504 802 621 835 curavit,
637 807 667 830 ut
685 803 748 830 illud
767 811 835 838 opus
852 811 867 830 a
889 804 969 830 docto
983 802 1101 837 quodam
1124 802 1183 829 viro
1200 801 1226 828 in
1243 802 1338 828 eadem
1356 801 1504 829 Academia
1526 800 1713 836 perﬁceretur.
1728 800 1782 828 Sed

159 849 186 872 et
200 845 290 872 eidem
303 846 386 872 etiam
403 846 535 880 pra-clara
552 847 706 875 eruditione
723 850 751 874 et
775 847 872 882 insigni
890 848 991 881 pietate
1014 847 1073 874 viro
1100 851 1256 874 accuratam
1281 847 1363 873 totius
1389 845 1502 881 hujusce
1522 845 1612 880 Operi:
1639 845 1784 873 editionem

158 889 314 923 respublica
341 889 473 917 canonica
500 895 641 925 acceptam
671 890 782 924 referat,
810 891 909 926 quippe
932 890 1010 925 cujus
1023 890 1109 918 solius
1125 897 1192 918 cura
1213 894 1294 924 atque
1311 889 1425 917 consilio
1449 889 1477 916 in
1495 889 1623 917 omnibus
1650 888 1785 921 adhibito,

158 938 288 961 accurate
303 933 371 962 adeo
386 938 412 962 et
429 934 511 970 polite
527 934 627 970 prodit.

194 988 237 1016 Ad
265 987 367 1016 calcem
394 988 477 1015 totius
502 988 593 1021 operis
618 988 810 1016 annotationes
837 988 1024 1023 subjnnximus
1040 989 1099 1025 (a);
1127 989 1153 1016 in
1184 988 1283 1023 quibus
1316 988 1380 1023 quid
1410 988 1596 1024 prastitimns,
1617 987 1659 1015 vel
1689 987 1786 1015 saltem

161 1036 292 1066 prestare
315 1032 403 1058 conati
432 1039 537 1063 sumus,
563 1033 657 1066 paucis
683 1032 869 1067 expediemus.
889 1031 981 1060 Primo
1005 1035 1077 1061 enim
1098 1033 1175 1061 nobis
1201 1033 1313 1060 minitue
1332 1033 1500 1068 propositum
1522 1033 1584 1064 fuit,
1617 1033 1643 1060 in
1665 1032 1788 1067 singulos

161 1083 282 1103 canones
307 1082 459 1109 eorumque
474 1075 575 1102 scholia
596 1077 806 1104 commentarios
825 1076 916 1109 edere,
930 1077 1001 1112 quod
1015 1085 1104 1112 operae
1122 1076 1199 1104 nobis
1214 1077 1330 1111 pretium
1347 1076 1417 1104 haud
1440 1076 1526 1103 visum
1544 1080 1598 1104 est.
1620 1076 1658 1103 Ac
1674 1075 1788 1111 proinde

160 1116 316 1146 istiusmodi
331 1120 518 1146 tantummodo
533 1118 611 1153 locis,
636 1127 697 1154 qua:
718 1120 875 1147 obscuriora
896 1121 953 1147 visa
970 1127 1041 1153 sunt,
1063 1128 1122 1155 qua;
1143 1128 1284 1156 perperam
1311 1121 1344 1148 ab
1369 1120 1429 1147 aliis
1444 1120 1589 1151 intellecta,
1615 1124 1661 1146 aut
1678 1118 1787 1153 majoris

159 1162 303 1196 momenti,
320 1167 347 1189 et
361 1161 556 1197 frequentioris
572 1163 598 1190 in
619 1163 810 1191 ecclesiasticis
823 1163 998 1192 discutiendis
1011 1164 1206 1191 controversiis
1222 1172 1300 1196 usus,
1317 1163 1511 1195 dilucidandis,
1525 1162 1696 1190 vindicandis
1713 1166 1740 1189 et
1754 1162 1788 1189 ad

160 1207 309 1241 genuinum
342 1207 462 1241 ipsorum
488 1213 597 1233 sensum
625 1206 813 1239 restituendis,
839 1212 941 1239 totam,
965 1208 1053 1242 qualis
1076 1208 1166 1243 qualis
1188 1207 1259 1240 fuit,
1284 1215 1393 1242 operam
1420 1207 1580 1234 locavimns.
1607 1205 1676 1233 Hinc
1703 1206 1787 1233 etiam

160 1251 299 1277 variantes
327 1249 429 1284 passim
456 1249 588 1277 lectiones
612 1257 645 1277 ex
666 1250 805 1277 codicibus
821 1255 876 1277 tam
903 1258 968 1278 mss.
991 1260 1070 1286 quam
1095 1252 1236 1286 impressis
1258 1271 1265 1284 ,
1290 1251 1493 1283 adnotavimus;
1515 1249 1567 1276 alia
1591 1250 1672 1277 etiatu
1691 1257 1787 1284 quatu-

160 1294 280 1329 plurima
295 1293 409 1326 scholia,
429 1301 490 1328 quae
504 1298 532 1320 ut
549 1301 635 1328 neque
650 1294 684 1320 ad
706 1293 888 1327 Balsamonis,
906 1302 955 1322 nec
971 1294 1093 1327 Zonara},
1110 1302 1160 1322 nec
1174 1294 1295 1321 Aristeni
1319 1293 1471 1330 ἑρμηνείας
1487 1293 1662 1327 pertinentia,
1681 1294 1708 1319 in
1729 1293 1788 1327 ipltt

159 1338 253 1373 operis
278 1345 391 1373 corpore
416 1338 539 1366 consulto
567 1339 748 1373 praetermissa
771 1343 849 1371 sunt,
876 1345 909 1366 ex
935 1346 1000 1366 mss.
1026 1338 1179 1366 Bodleianis
1198 1343 1225 1366 et
1250 1337 1489 1366 Amerbachiano.
1519 1337 1552 1364 ad
1584 1343 1648 1364 suos
1675 1343 1788 1371 quaeque

163 1390 287 1411 canones
302 1383 373 1410 inter
388 1383 579 1410 annotationes
595 1383 779 1418 apposnimus.
790 1382 927 1417 Quidquid
939 1383 1019 1411 etiam
1035 1382 1196 1410 scholiasles
1212 1384 1237 1408 in
1254 1381 1425 1409 Constantini
1442 1380 1634 1414 llarmcnopuli
1650 1380 1787 1414 epitomcn

159 1435 297 1457 canonum
313 1428 546 1461 conscripserunt,
562 1429 594 1455 ad
614 1428 701 1455 locum
715 1426 805 1455 itidem
820 1428 945 1463 quodque
958 1435 1035 1466 suum
1050 1427 1244 1462 congessimus.
1259 1426 1333 1453 Adeo
1349 1430 1378 1452 ut
1391 1425 1457 1452 nihil
1480 1432 1495 1452 a
1508 1424 1610 1452 Graecis
1623 1423 1788 1459 quibuslibet

160 1473 186 1500 in
208 1472 264 1499 hoc
281 1470 406 1499 canonici
421 1471 540 1506 ipsorum
555 1471 626 1506 juris
640 1479 739 1507 corpus
754 1471 938 1506 conscriptum
951 1471 986 1498 ad
1002 1466 1126 1498 notitiam
1143 1474 1265 1498 nostram
1286 1469 1422 1504 pervenit,
1435 1469 1506 1504 quod
1522 1476 1575 1496 non
1597 1469 1623 1495 iu
1640 1468 1691 1495 hoc
1705 1467 1787 1495 unico

159 1524 245 1552 opere
259 1516 402 1544 collectum
418 1515 569 1544 exhibetur.

193 1602 233 1634 (α)
245 1603 321 1631 Notas
334 1603 419 1631 textui
433 1603 591 1637 subjecitnus,
610 1605 654 1631 sed
667 1604 767 1630 delectu
778 1603 871 1629 habito.
885 1604 953 1629 Enn.
965 1603 1042 1630 Pun.
