4054 6494
423 327 495 391 ιίθ
1694 333 1777 395 ΙΝ
1815 333 1984 396 CAN.

2122 333 2140 395 ί
2170 335 2424 398 APOST.
3600 330 3675 390 50

421 434 581 497 ταίας
616 433 783 506 οὔσης
828 436 928 508 τῆς
962 437 1195 510 σελήνης
1231 443 1288 496 ὲν
1327 442 1404 514 τῷ
1445 444 1648 514 πρώτῳ
1682 445 1835 515 μηνὶ,
1879 445 2001 514 ἦτοι

2122 463 2132 500 ι
2165 447 2474 518 captivitate
2505 443 2732 509 diaboli,
2763 456 2923 513 quam
2971 439 3224 496 Christus
3245 447 3300 494 et
3325 437 3466 492 Deus
3490 447 3672 492 noster

417 527 499 597 τῷ
529 529 774 600 Μαρτίῳ,
803 531 1136 604 ἑορτάζομεν
1172 536 1266 589 καὶ
1292 537 1455 606 ἡμεῖς
1484 538 1543 590 τὸ
1568 538 1850 608 Κυριακὸν
1891 537 2002 592 Πά-

421 636 547 690 σχα,
572 621 687 691 ἢτοι
709 622 808 695 τὴν
848 626 913 678 ὲκ
941 626 1040 695 τῆς
1068 627 1318 692 δουλείας
1349 628 1443 683 τοῦ
1497 630 1748 685 διαϐόλου
1776 631 2000 686 ἐλευθε-

422 712 544 782 ρίαν
565 713 744 782 ἡμῶν,
777 717 846 786 ἣν
869 716 958 769 διὰ
987 717 1082 770 τοῦ
1115 720 1319 774 οἰκείου
1352 721 1559 785 πάθους
1583 724 1611 776 ό
1643 723 1882 794 Χριστὸς
1903 725 2001 778 καὶ

421 801 551 862 Θεὸς
577 804 735 874 ἡμῶν
762 807 893 878 ἡμῖν
937 811 1256 882 ἐχαρίσατο.
1323 812 1698 885 Ἐορτάζομεν
1720 815 1776 868 δὲ
1814 814 1994 880 τοῦτο,

421 898 521 966 οὐχ
548 898 635 950 ὅτε
662 898 724 951 τὸ
783 901 1079 957 Ἰουδαϊκὸν
1135 907 1327 976 Πάσχα
1397 907 1655 972 τελεῖται,
1695 907 1832 962 ἀλλὰ
1863 909 2003 978 μετὰ

420 986 582 1041 τοῦτο
618 990 751 1059 (ll),
786 992 1030 1061 δηλονότι
1056 996 1196 1065 μετὰ
1239 997 1300 1049 τὸ
1334 998 1588 1066 γενέσθαι
1633 998 1736 1068 τὴν
1781 998 2003 1070 ἐαρινὴν

430 1080 747 1152 ἰσημερίαν,
818 1087 915 1138 καὶ
972 1087 1115 1157 μετὰ
1156 1089 1257 1160 τὴν
1293 1090 1352 1142 ιδ’
1379 1092 1595 1162 ἡμέραν
1635 1092 1733 1145 τοῦ
1784 1092 2002 1163 πρώτου

425 1173 619 1241 μηνὸς.
647 1175 769 1244 ἦτοι
794 1175 897 1246 τῆς
938 1178 1169 1250 πρώτης
1198 1181 1432 1252 σελήνης
1461 1184 1557 1236 τοῦ
1608 1184 1858 1255 Μαρτίου
1895 1201 2004 1254 μη-

420 1265 531 1332 νὸς,
563 1266 622 1319 ὲν
644 1270 710 1338 τῇ
747 1269 884 1340 αὐτῇ
922 1272 1106 1341 μέντοι
1161 1273 1451 1344 ὲόδομάδι,
1494 1276 1584 1328 ὅτε
1618 1277 1715 1329 καὶ
1737 1275 1798 1329 τὸ
1831 1275 2004 1340 πάθος

419 1358 516 1412 τοῦ
548 1361 788 1430 Χριστοῦ
821 1364 915 1417 καὶ
949 1366 1333 1434 ὴὰνάστασις,
1366 1366 1509 1421 οὕτω
1538 1369 1662 1422 τότε
1705 1368 1990 1437 γεγόνασι.

2106 540 2263 596 nobis
2291 555 2387 607 per
2413 553 2565 593 suam
2594 537 2901 606 passionem
2937 533 3164 601 largitus
3190 540 3292 586 est.
3323 529 3680 585 Celehramus

2104 642 2286 688 autem
2317 631 2468 697 illud,
2501 645 2609 684 non
2646 644 2710 684 eo
2741 638 2985 697 tempore
3015 640 3122 693 quo
3154 622 3362 678 Pascha
3393 621 3678 676 iudaicum

2105 725 2427 788 celebratur,
2460 722 2554 778 scd
2591 733 2710 792 post
2742 723 2922 790 ipsum
2955 737 2968 774 :
3002 717 3215 773 scilicet
3243 725 3525 784 postquam
3564 713 3679 767 fue-

2105 817 2178 872 rit
2207 831 2434 872 veruum
2484 814 2887 884 mqninoctinm,
2932 819 2988 865 et
3032 818 3155 879 post
3196 807 3262 861 M
3303 807 3484 860 lunam
3518 803 3682 875 primi

2108 911 2335 976 mensis,
2368 924 2465 965 seu
2497 907 2730 978 primari
2775 905 2955 960 lunam
2991 902 3190 966 Martii,
3245 901 3339 955 sed
3393 902 3444 954 in
3492 897 3682 952 eadem

2109 1003 2470 1064 hebdomade,
2504 999 2647 1069 quod
2680 998 2862 1067 passio
2897 995 3108 1051 Domini
3156 1003 3210 1049 et
3249 990 3581 1048 resurrectio
3607 988 3688 1043 sic

2109 1111 2175 1151 co
2229 1105 2470 1163 tempore
2501 1091 2741 1146 fuerunt.
2781 1091 2975 1156 Qumre
3023 1088 3187 1144 etiam
3235 1102 3330 1141 vut
3375 1083 3679 1140 orationem

2111 1185 2287 1240 sancti
2334 1183 2515 1239 Patris
2561 1183 2732 1237 nostri
2791 1179 3018 1236 Joannis
3069 1177 3470 1250 Chrysostomi,
3521 1188 3686 1245 quam

2108 1274 2327 1343 scripsit
2354 1274 2420 1327 de
2447 1271 2678 1327 Pascha.
2711 1271 2900 1338 Quaere
2920 1279 2974 1326 et
3008 1270 3076 1324 75
3108 1285 3230 1324 can.
3260 1284 3382 1339 syn.
3415 1267 3605 1322 Carth.
3633 1273 3688 1320 et

2101 1381 2224 1436 quae
2260 1366 2312 1420 in
2345 1378 2411 1419 eo
2438 1380 2466 1419 a
2497 1364 2654 1419 nobis
2682 1364 2882 1429 scripta
2918 1371 3045 1418 sunt
3091 1362 3157 1417 de
3179 1361 3411 1416 Pascha.

418 1451 584 1522 Ζήτει
622 1455 720 1509 καὶ
770 1456 862 1508 τὸν
886 1453 937 1528 η’
962 1456 1122 1526 λόγον
1175 1458 1288 1529 (12)
1342 1458 1435 1514 τοῦ
1468 1461 1526 1514 ὲν
1549 1460 1722 1528 ἁγίοις
1767 1459 1982 1526 [ἰατρὸς
2025 1456 2176 1528 ἡμῶν
2213 1455 2464 1512 Ἰωάννου
2531 1453 2625 1509 τοῦ
2682 1453 3098 1524 Χρυσοστόμου,
3165 1451 3225 1505 ὃν
3311 1448 3690 1518 συνεγράψατο

420 1546 516 1609 Εἰς
577 1548 638 1601 τὸ
702 1549 917 1620 Πάσχα.
988 1553 1153 1622 Ζήτει
1226 1554 1322 1607 καὶ
1375 1555 1466 1609 τὸν
1536 1553 1616 1624 ογ¹
1666 1555 1866 1610 κανόνα
1917 1553 2018 1624 τῆς
2095 1554 2153 1606 ὲν
2217 1552 2553 1624 Καρθαγένῃ
2633 1549 2850 1604 συνόδου

418 1640 582 1714 iwth
612 1645 1058 1714 παραγραφέντα
1093 1647 1340 1718 περὶτοῦ
1372 1649 1585 1720 Πάσχα.

2944 1547 3040 1602 καὶ
3101 1547 3172 1601 τὰ
3231 1548 3290 1600 ὲν
3351 1545 3500 1616 αὐτῷ
3559 1554 3683 1616 παρ’

487 1734 739 1791 ΖΩΝΛΡ.
783 1736 1040 1809 Ἐαρινὴν
1091 1741 1384 1811 ἰσημερίαν
1429 1742 1575 1807 τινὲς
1620 1742 1720 1814 τὴν
1766 1739 1845 1800 κε’
1877 1742 2013 1812 φασὶ

2185 1735 2437 1793 ZONAR.
2460 1735 2700 1792 Vernunt
2718 1732 3104 1802 aequinoctium
3129 1730 3345 1800 quidam
3373 1727 3690 1814 vigesimum

418 1826 517 1880 τοῦ
562 1827 810 1899 Μαρτίου
838 1846 852 1859 ·
889 1832 1033 1896 τινὲς
1076 1832 1132 1885 δὲ
1166 1833 1264 1904 τὴν
1299 1832 1376 1886 κε’
1411 1833 1503 1888 τοῦ
1541 1833 1878 1905 Ἀπριλλίου.
1917 1830 2011 1888 ΟΣ-

424 1935 525 1986 μαι
552 1918 609 1971 δὲ
640 1919 768 1990 μήτ’
790 1919 1008 1992 ἐκείνην
1042 1922 1180 1993 μήτε
1207 1923 1413 1992 ταύτην
1438 1924 1530 1976 τδν
1557 1924 1759 1979 κανόνα
1785 1924 1974 1993 λέγειν
1993 1938 2007 1953 ⁸

417 2008 494 2070 ὡς
546 2009 639 2062 ἐπὶ
689 2009 751 2063 τὸ
799 2011 934 2064 πολὺ
983 2011 1092 2082 γὰρ
1144 2012 1205 2065 τὸ
1254 2013 1446 2084 Πάσχα
1497 2013 1603 2085 πρὸ
1651 2014 1750 2084 τῆς
1802 2012 1877 2067 κε’
1916 2011 2010 2068 τοῦ

432 2098 745 2168 Ἀπριλλίου
775 2101 1130 2171 ὲορτάζεσθαι
1165 2103 1387 2156 είωθενο
1416 2103 1532 2157 ἐστι
1565 2104 1624 2157 δὲ
1656 2104 1746 2158 ὅτε
1780 2104 1875 2158 καὶ
1909 2105 2015 2174 πρὸ

418 2190 520 2260 τῆς
555 2194 634 2244 κε’
653 2191 747 2244 τοῦ
781 2193 1053 2265 Μαρτίου,
1092 2193 1167 2257 ὡς
1194 2194 1517 2266 συμϐαίνειν
1551 2196 1622 2267 (εἰ
1646 2195 1818 2261 οὕτως
1842 2200 2015 2252 νοοῖτο

421 2283 457 2353 ἡ
491 2283 690 2352 ἐαρινὴ
725 2282 1010 2355 ἰσημερία)
1047 2286 1199 2355 παρὰ
1227 2285 1321 2340 τὸν
1352 2287 1556 2342 κανόνα
1585 2285 1774 2341 τοῦτον
1805 2288 1866 2341 τὸ
1901 2288 2014 2342 Πά-

421 2392 533 2443 σχα
560 2374 938 2444 ἑορτάζεσθαι.
965 2377 1185 2430 Ἔοικεν
1214 2376 1308 2432 οὗν
1336 2377 1466 2432 ἄλλο
1491 2395 1544 2431 τι
1572 2379 1794 2450 ἐαρινὴν
1824 2381 2015 2449 ἰσημε-

422 2466 550 2535 ρίαν
569 2467 698 2531 τοὺς
723 2467 978 2531 συνετοὺς
1003 2469 1338 2532 ἀποστόλους
1359 2470 1668 2542 ὀνομάζειν.
1700 2470 1765 2525 Ἢ
1785 2472 1842 2527 δὲ
1866 2475 2014 2527 πᾶσα

421 2559 520 2613 τοῦ
558 2562 783 2623 κανόνος
821 2562 1054 2633 διαταγὴ
1094 2562 1254 2622 τοῦτό
1293 2565 1445 2628 ἐστι,
1487 2564 1547 2618 τὸ
1589 2564 1664 2636 μὴ
1709 2567 1848 2636 μετὰ
1878 2568 2012 2622 Ἰουο

421 2651 593 2704 δαίων
630 2652 648 2720 ζ
663 2652 832 2722 ἧγουν
868 2654 989 2706 κατ’
1013 2654 1184 2723 αὐτὴν
1216 2653 1316 2724 τὴν
1351 2655 1598 2726 ἡμέραν)
1637 2655 1919 2725 ἑορτάζειν
1953 2656 2015 2710 τὸ

422 2743 620 2814 Πάσχα
643 2745 1025 2814 Χριστιανούς.
1048 2746 1170 2818 Χρὴ
1195 2748 1302 2815 γὰρ
1326 2748 1686 2818 προηγεῖσθαι
1706 2749 1806 2818 τὴν
1827 2750 2017 2820 ἀνέορ-

422 2855 519 2891 τον
553 2839 775 2897 ἐκείνων
812 2839 1009 2911 ἑορτὴν
1031 2881 1044 2906 ,
1081 2841 1174 2894 καὶ
1217 2839 1362 2896 οὕτω
1403 2841 1464 2894 τὸ
1506 2841 1626 2895 καθ’
1657 2843 1806 2913 ἡμᾶς
1839 2844 2012 2895 τελεῖ-

425 2929 556 2982 σθαι
590 2930 802 3001 Πάσχα.
831 2929 890 2982 '0
921 2930 977 2983 δὲ
1009 2931 1083 3001 μὴ
1110 2929 1269 2984 τοῦτο
1298 2932 1467 2985 ποιῶν
1498 2933 1795 3002 ἰερωμένος
1825 2934 2016 2988 καθαι-

430 3021 747 3091 ρεθήσεται.
785 3022 958 3075 Τοῦτο
990 3022 1048 3076 δὲ
1081 3022 1177 3075 καὶ
1211 3024 1244 3094 ἡ
1279 3024 1336 3077 ὲν
1374 3024 1675 3096 Ἀντιοχείᾳ
1710 3025 1923 3088 σύνοδος
1958 3028 2014 3078 ὲν

2117 1826 2364 1896 quintum
2422 1823 2564 1878 diem
2615 1819 2792 1874 Martii
2843 1818 3062 1883 dicunt;
3115 1816 3331 1887 quidam
3374 1828 3502 1868 vero
3550 1813 3691 1867 dicm

2115 1916 2434 1987 vigesimum
2488 1912 2735 1982 quintum
2807 1910 3029 1980 Aprilis.
3079 1907 3194 1978 Ego
3247 1921 3377 1960 vero
3436 1904 3695 1960 existimo

2116 2021 2380 2064 canonem
2413 2020 2512 2060 nec
2545 2004 2711 2068 hunc,
2758 2017 2856 2056 nec
2909 2001 3058 2055 illum
3110 2000 3312 2054 dicere.
3360 1995 3697 2064 Frequenter

2116 2099 2258 2153 enim
2306 2095 2510 2150 Pascha
2560 2092 2826 2148 celebrari
2892 2100 3017 2145 ante
3071 2089 3390 2160 vigesimum
3446 2084 3694 2155 quintum

2115 2190 2319 2260 Aprilis
2349 2188 2509 2244 solet.
2539 2184 2634 2240 Est
2663 2193 2843 2239 autem
2875 2183 3092 2253 quando
3140 2181 3448 2236 celebratur
3477 2185 3530 2233 et
3571 2184 3698 2230 ante

2118 2281 2436 2352 vigesimum
2471 2278 2719 2349 quintum
2749 2275 2969 2344 Martii;
3021 2275 3092 2329 ita
3135 2281 3194 2328 ut
3244 2273 3582 2341 contingeret
3629 2268 3697 2339 (si

2116 2377 2196 2431 sic
2255 2373 2650 2444 intelligeretur
2720 2368 3106 2440 aequinoctium
3183 2363 3444 2437 vernum)
3503 2371 3698 2417 contra

2116 2481 2379 2525 canonem
2407 2466 2553 2520 hunc
2579 2464 2787 2520 Pascha
2820 2461 3106 2518 celebrari.
3142 2458 3297 2514 Unde
3343 2465 3566 2528 apparet
3610 2470 3700 2510 sa-

2116 2559 2324 2630 pientes
2353 2555 2623 2625 apostolos
2647 2553 2788 2608 aliud
2821 2552 3095 2622 quippiam
3127 2549 3430 2612 nominare,
3471 2559 3694 2600 vernum

2115 2648 2519 2719 aequinoctium.
2545 2644 2832 2716 Dispositio
2850 2651 3028 2698 autem
3061 2649 3169 2697 tota
3198 2638 3419 2694 canonis
3447 2637 3550 2692 hoc
3567 2635 3700 2704 vult,

2116 2739 2462 2796 Christianos
2501 2754 2606 2794 non
2637 2752 2761 2793 cum
2798 2734 2998 2791 Judzeis
3036 2732 3324 2806 (videlicet
3358 2730 3544 2785 eadem
3571 2726 3696 2796 die)

2117 2832 2396 2892 celebrare
2435 2831 2666 2886 Pascha.
2697 2829 2833 2883 Nam
2864 2828 3101 2896 ipsorum
3152 2824 3348 2880 festum
3385 2821 3564 2891 (quod
3619 2818 3701 2873 fe-

2118 2934 2259 2982 stum
2288 2939 2393 2979 non
2429 2923 2534 2995 est)
2561 2923 2712 2993 prius
2733 2921 2818 2990 agi
2844 2919 3125 2984 convenit;
3158 2927 3320 2986 atque
3352 2915 3434 2970 sic
3453 2921 3699 2997 nostrum

2121 3033 2220 3072 nos
2250 3030 2512 3087 peragere
2553 3015 2760 3070 Pascha
2792 3030 2806 3069 :
2837 3013 2999 3083 quod
3033 3012 3257 3066 minime
3303 3007 3508 3063 faciens
3535 3005 3582 3060 is
3610 3003 3699 3072 qui

427 3115 637 3190 πρώτῳ
685 3116 870 3169 κανόνι
917 3115 1233 3183 διετάξατο,
1282 3116 1514 3184 λέγουσα
1560 3117 1657 3186 τῆς
1705 3117 1764 3169 ἐν
1812 3117 2016 3189 Νικαίᾳ

2123 3110 2231 3163 Deo
2258 3119 2610 3163 consecratus
2641 3116 2743 3170 est,
2775 3103 3332 3161 ordiuemovebitur.
3374 3099 3486 3153 lloc
3534 3096 3700 3152 etiam

428 3207 659 3283 πρώτης
690 3209 908 3263 συνόδου
938 3210 1065 3280 ὅρον
1093 3204 1242 3268 εἶναι,
1263 3209 1391 3280 περὶ
1419 3212 1519 3279 τῆς
1551 3209 1746 3280 ἑορτῆς
1774 3209 1866 3262 τοῦ
1899 3210 2012 3262 Πά-

426 3318 571 3375 σχα’
615 3303 664 3355 εἰ
712 3301 804 3356 καί
853 3302 927 3373 μὴ
975 3301 1291 3372 εὑρίσκεται
1332 3304 1389 3355 ὲν
1426 3304 1540 3364 τοῖς
1583 3299 1773 3355 κανόσι
1815 3300 1917 3371 τῆς
1958 3300 2016 3354 ὲν

425 3394 639 3466 Νικαίᾳ
672 3395 896 3454 συνόδου,
921 3392 1159 3458 τοιοῦτος
1192 3394 1392 3454 κανών.

437 3570 679 3626 ’ΔΡΙΣΤ.
719 3571 1089 3640 Ιιάθαιρεῖται
1132 3574 1165 3628 ὁ
1204 3573 1396 3628 τελῶν
1431 3573 1580 3644 μετὰ
1608 3572 1914 3630 Ἰουδαίων
1949 3573 2013 3630 τὸ

966 3664 1204 3732 Πάσχα.
1242 3664 1470 3735 Σαφής.

2123 3199 2365 3272 synodus
2390 3199 2441 3253 iu
2472 3197 2756 3252 Antiochia
2783 3210 2988 3250 canone
3020 3196 3191 3265 primo
3222 3190 3523 3254 constituit,
3553 3204 3702 3244 assc-

2121 3308 2248 3348 rens
2290 3291 2343 3346 in
2381 3291 2553 3361 prima
2603 3288 2811 3360 synodo
2845 3287 3058 3348 Nicaeae,
3103 3285 3171 3340 de
3199 3285 3338 3339 festo
3369 3281 3594 3337 Pascha:
3623 3281 3704 3335 fa-

2123 3393 2268 3440 ctum
2296 3397 2416 3438 esse
2451 3381 2727 3437 decretum
2767 3399 2778 3435 :
2810 3380 3024 3434 tametsi
3057 3393 3166 3432 non
3198 3374 3472 3430 invenitur
3518 3373 3571 3428 in
3608 3373 3703 3428 Ni-

2125 3490 2287 3528 caenaz
2311 3473 2504 3545 synodi
2532 3472 2829 3527 canouibus
2871 3470 2992 3525 talis
3022 3485 3217 3525 canon.

2122 3567 2348 3624 ARIST.
2420 3566 2525 3634 Qui
2573 3565 2794 3621 celebrat
2831 3565 3039 3619 Pascha
3086 3580 3202 3617 cum
3230 3563 3458 3628 Judwis,
3485 3561 3703 3630 deponi?

2667 3669 2772 3714 tur.
2820 3656 3155 3723 Perspicuus.

1698 3820 1864 3886 Guil.
1907 3821 2232 3899 Beveregii
2279 3826 2470 3881 notia.

431 3966 557 4008 eum
615 3951 689 4003 ita
741 3958 868 4004 tunc
900 3950 1181 4020 temporis
1229 3950 1544 4007 ordinatum
1610 3950 1798 4014 fuisse,
1833 3960 1892 4005 ut
1922 3952 2015 4017 24,

434 4023 565 4078 luna
613 4021 820 4076 mensis
870 4019 1045 4075 Nisau
1069 4021 1464 4086 celebraretur,
1498 4037 1619 4075 cum
1665 4021 1745 4076 sol
1798 4024 2022 4076 arietem

435 4095 719 4158 ingressus
752 4101 855 4146 est.
907 4091 1065 4146 Hisce
1108 4093 1436 4161 suffragatur
1467 4100 1518 4146 et
1558 4091 1714 4148 Philo
1748 4092 1965 4146 Judaeus
2000 4110 2013 4146 :

443 4163 723 4232 Ἐκατέρα
760 4162 871 4231 γὰρ
905 4162 1013 4216 τῶν
1049 4165 1133 4229 lar,
1147 4164 1351 4232 μεριῶν
1383 4163 1598 4233 ἑϐδόμῳ
1623 4163 1833 4230 γίνεται
1914 4163 2024 4230 nvi,

443 4234 562 4284 καθ’
586 4233 655 4284 ἃς
685 4234 779 4284 καὶ
815 4233 1100 4284 ἑορτάζειν
1123 4234 1404 4284 διείρηται
1433 4234 1586 4284 νόμω
1610 4234 1708 4284 τὰς
1752 4181 2023 4284 αεγίὶστας

435 4234 562 4291 καθ’
586 4233 655 4304 ἃς
685 4234 779 4285 καὶ
815 4233 1100 4302 ἑορτάζειν
1123 4234 1404 4304 διείρηται
1433 4234 1586 4304 νόμῳ
1610 4234 1731 4304 τὰς
1751 4233 2023 4304 μεγίστας

436 4305 532 4358 καὶ
581 4303 1056 4375 δημοτελεστάτας
1092 4305 1316 4374 ἑορτάς.
1362 4303 1780 4375 ΡΙιίΙ..1ιι‹Ι.γοε
1837 4303 2022 4375 mundi

438 4373 708 4442 opiﬁc.‘p.
735 4375 827 4438 27,
871 4374 908 4429 l.
943 4373 1004 4436 Β,
1058 4377 1190 4429 edit.
1237 4375 1414 4429 Paris.
1451 4373 1611 4430 1640.
1651 4374 1725 4428 Ex
1763 4375 1844 4428 his
1875 4373 2019 4428 enim

2129 3969 2224 4006 suo
2273 3947 2482 4004 excidat
2530 3958 2578 4000 et
2615 3947 2795 3999 ordine
2825 3960 2924 3998 suo
2981 3947 3294 4006 deponatur.
3333 3945 3389 3999 In
3439 3946 3575 4014 ipso,
3619 3945 3704 3998 l‘a-

2135 4031 2272 4084 teor,
2307 4034 2514 4074 canone
2539 4018 2605 4070 de
2637 4018 2723 4070 die
2753 4015 3033 4070 Dominica
3083 4017 3213 4070 nihil
3239 4031 3498 4079 expresse
3535 4018 3702 4071 tradi-

2132 4101 2257 4156 tur;
2290 4107 2354 4144 οι
2389 4104 2453 4142 eo
2490 4098 2694 4149 tamen,
2729 4087 2871 4151 quod
2910 4084 3122 4140 Pascha
3152 4100 3272 4140 cum
3308 4084 3520 4156 Iudaeis
3556 4087 3703 4142 cclcc

2135 4154 2297 4214 lirare
2336 4160 2424 4214 hic
2455 4157 2796 4228 prohibetur,
2826 4157 3145 4228 necessario
3191 4157 3460 4226 sequitur,
3494 4154 3703 4228 Pascha

2132 4225 2508 4286 Christianum
2569 4227 2699 4286 alio,
2753 4242 2915 4293 quam
2975 4225 3284 4287 Judaicum,
3313 4228 3399 4282 die
3430 4227 3707 4282 celebran-

2133 4304 2257 4356 dum
2307 4315 2448 4354 esse.
2499 4296 2567 4350 At
2613 4301 2703 4366 qui
2737 4294 2954 4350 Iudaeos
2989 4299 3041 4350 in
3090 4297 3331 4366 paschali
3391 4296 3706 4352 celebritate

2128 4387 2233 4426 non
2263 4370 2456 4425 imitati
2490 4376 2637 4431 sunt,
2668 4366 2946 4419 Dominica
2981 4367 3126 4419 illam
3169 4368 3255 4422 die
3282 4378 3544 4435 perpetuo
3579 4382 3705 4436 per-

442 4436 691 4502 Philonis
717 4436 898 4500 verbis
951 4446 1306 4510 liquidissima,
1349 4454 1586 4508 constat,
1633 4443 1843 4498 Pascha
1875 4443 2016 4499 ccle-
2055 4456 2099 4512 ι)
2129 4449 2374 4511 egerunt,
2422 4439 2584 4512 etiam
2639 4447 2775 4512 ante
2808 4436 3532 4512 deliuiiionemNiczenam;
3567 4437 3702 4512 adeo

440 4516 588 4570 brari
609 4516 738 4586 κατ’
770 4517 1066 4585 ἰσημερίαν
1101 4516 1326 4586 ὲαρινήν
1348 4557 1361 4578 ,
1395 4531 1500 4569 non
1530 4517 1709 4570 minus
1745 4531 1906 4586 quam
1941 4515 2023 4566 fe-

439 4597 584 4639 stum
607 4584 1101 4658 Taliernaeuloruui
1136 4584 1290 4639 κατὰ
1319 4587 1720 4658 μετοπωρινήν.
1773 4585 2025 4652 Quapro-

444 4670 566 4724 pter
589 4657 800 4709 etiamsi
829 4655 998 4710 Judaei
1036 4655 1423 4726 nonimnqiiam
1456 4655 1668 4711 PaSclia
1702 4671 1859 4715 suum
1895 4665 2023 4709 ante

445 4743 672 4779 vernum
706 4727 1091 4793 mquinnetium
1141 4727 1412 4791 obierint;
1454 4729 1554 4780 hoc
1592 4735 1771 4780 tamen
1821 4741 1932 4778 non
1960 4741 2025 4778 ex

446 4799 738 4866 majorum,
794 4797 992 4853 nedum
1045 4796 1229 4858 lllosis,
1266 4806 1323 4852 nt
1362 4799 1557 4852 asserit
1600 4796 1916 4858 Balsatnon,
1945 4796 2026 4847 in-

445 4869 633 4920 slittttn
661 4884 675 4932 ;
712 4870 802 4918 sed
841 4869 1020 4934 potius
1047 4882 1108 4920 ex
1140 4867 1507 4934 perioitorum,
1540 4869 1736 4937 quibus
1758 4868 1840 4918 usi
1877 4872 2024 4931 sunt,

447 4937 566 4990 lahe
594 4955 654 4988 ac.
682 4937 1033 4991 vitio'accidit
1061 4955 1072 4999 ;
1113 4946 1171 4989 ut
1209 4946 1333 4991 ante
1359 4946 1600 4991 notatum
1638 4947 1740 4990 est.

519 5008 564 5074 (1
587 5005 839 5074 l)’A.1.1c‘z
858 5009 1005 5076 μετὰ
1047 5008 1242 5062 τοῦτο.
1265 5006 1536 5076 Josephus
1557 5006 1842 5076 [Egyptius
1863 5007 2026 5062 etiam

450 5078 502 5137 in
530 5079 763 5134 Arabica
802 5094 1069 5130 canonum
1122 5080 1439 5147 paraphrasi
1480 5079 1622 5132 hunc
1657 5079 1728 5132 ita
1757 5081 2023 5147 interpre-

454 5159 620 5214 tatur,
663 5157 717 5200 ιιι
769 5163 862 5215 per
919 5164 1041 5200 eum
1076 5165 1180 5201 non
1223 5146 1431 5202 tantum
1459 5158 1676 5202 cautum
1705 5150 1799 5211 sit,
1835 5164 1901 5202 ne
1925 5146 2032 5201 Pa-

452 5220 579 5273 scha
632 5235 755 5288 cum
791 5218 1016 5280 Juda-is,
1065 5220 1159 5272 sed
1207 5229 1261 5272 et
1309 5229 1366 5274 ut
1397 5229 1584 5288 postea
1631 5230 1944 5287 peragatur,
1976 5228 2031 5273 et

453 5289 672 5358 quidem
713 5285 802 5340 die
841 5288 1140 5343 Dominica.
1191 5288 1280 5343 Sic
1312 5285 1454 5342 enim
1497 5285 1720 5357 exponit
1756 5307 1768 5342 :
1805 5291 2032 5356 Episco-

452 5376 569 5430 pus,
608 5367 702 5430 aut
737 5360 1027 5430 presbyter,
1066 5368 1156 5410 aut
1205 5361 1486 5430 diaconus,
1521 5359 1598 5412 vel
1631 5359 1773 5411 alius
1801 5375 1829 5413 e
1874 5360 2030 5412 mmi-

453 5427 578 5482 stris
635 5427 911 5493 Ecclesiu',
989 5439 1153 5481 estum
1193 5429 1476 5483 Paschalis
1511 5440 1630 5482 ante
1658 5431 2032 5496 a’quinoctium

455 5499 814 5560 celebraverit,
842 5499 1054 5566 cupiens
1087 5500 1140 5552 in
1176 5501 1268 5553 illa
1292 5500 1503 5554 Iudaeos
1532 5501 1756 5560 imitari,
1792 5509 1882 5552 aut
1914 5515 2032 5553 cum

456 5571 519 5619 iis
576 5568 781 5622 Pascha
815 5571 1120 5640 peregerit,‘
1146 5571 1251 5623 alia
1279 5573 1459 5640 quavis
1490 5585 1646 5640 quam
1693 5571 1865 5637 prima
1897 5570 2033 5636 [cria

457 5655 572 5708 qua'
601 5649 677 5692 est
708 5653 823 5708 post
865 5639 1066 5692 Pascha
1091 5638 1423 5703 Iudaeorum,
1464 5638 1567 5693 sire
1611 5640 1886 5692 Dominica
1917 5655 2034 5707 qua:

460 5707 719 5775 sequitur,
750 5725 852 5762 non
890 5711 1003 5762 alia
1040 5710 1142 5763 sire
1175 5721 1294 5763 aute
1332 5712 1439 5763 sive
1483 5719 1599 5777 post
1649 5726 1764 5764 eam
1797 5709 1902 5773 die,
1940 5707 2034 5762 sed

459 5778 566 5847 ipsa
586 5778 884 5849 Dominica,
914 5796 1027 5850 qum
1052 5779 1258 5834 Pascha
1293 5779 1602 5836 Italicorum
1630 5782 1842 5850 eacipit,
1864 5785 2035 5852 gradu

2131 4506 2187 4567 ut
2218 4512 2457 4582 synodus
2487 4507 2730 4582 Nicafna,
2765 4506 2816 4582 in
2848 4507 3167 4582 gravissima
3194 4508 3295 4561 hac
3325 4507 3701 4582 controversia

2127 4576 2488 4644 discutienda,
2524 4577 2652 4632 nihil
2687 4576 2810 4630 novi
2840 4576 3249 4641 determinasse,
3290 4578 3382 4631 sed
3415 4578 3700 4644 antiquum

2129 4653 2272 4706 hunc
2313 4649 2683 4721 Apostolieum
2718 4661 2982 4721 canonem
3012 4662 3107 4721 sua
3128 4649 3354 4721 tandem
3381 4647 3706 4721 auctetjtate

2127 4714 2488 4777 conﬁrmasse
2520 4719 2794 4772 videatur.
2827 4717 2904 4770 Ac
2950 4717 3176 4784 proinde
3227 4714 3496 4785 Josephus
3528 4716 3703 4786 [Egy-

2128 4794 2275 4861 ptius
2323 4794 2465 4846 hunc
2505 4802 2769 4844 canonem
2807 4801 2910 4861 non
2943 4787 3124 4861 inepte
3169 4787 3700 4861 sic_int_erprc_tat_ur,

2129 4857 2185 4918 ut
2217 4879 2321 4921 non
2349 4873 2553 4916 tantum
2583 4868 2704 4925 post
2730 4858 3145 4923 aequinoctium,
3173 4859 3267 4912 sed
3290 4859 3455 4912 etiam
3483 4859 3568 4912 die
3601 4857 3705 4910 Do-

2129 4935 2324 4989 minica
2381 4931 2690 5001 pascltalem
2768 4926 3119 4982 festivitatem
3189 4929 3455 4983 celebrari
3511 4928 3705 4997 praeci-

2168 5006 2260 5058 iat.

2129 5020 2314 5148 ωῗίε)
2353 5072 2526 5148 Ζήτει
2557 5067 2658 5148 καί
2690 5068 2798 5148 τὸέν
2820 5073 2874 5135 η’
2917 5068 3364 5148 .ldrgr.mExstat
3409 5071 3706 5148 etiamnum

2130 5138 2245 5201 haec
2295 5138 2470 5197 oratio
2517 5142 2708 5210 quinto
2735 5138 2975 5210 Operam
3007 5138 3092 5195 ’D.
3128 5139 3525 5210 Chrysustomi,
3564 5141 3708 5194 inter

2132 5216 2488 5288 panegyricus
2538 5209 2717 5263 dubia:
2772 5209 2919 5288 ﬁdei,
2975 5225 3121 5288 pag.‘
3153 5209 3280 5288 949,
3337 5212 3491 5288 edit._
3533 5211 3704 5288 Savil.

2132 5280 2286 5346 octo,
2311 5280 2504 5347 lateor,
2539 5294 2818 5332 sermones
2851 5280 2968 5348 ejus
3011 5285 3062 5334 in
3095 5280 3299 5335 Pascha
3351 5283 3588 5336 nondum
3619 5283 3706 5334 in-

2132 5358 2273 5410 venti
2333 5362 2482 5416 sunt,
2530 5353 2623 5405 sed
2677 5364 2883 5418 septem
2943 5362 3191 5417 tantum;
3241 5353 3462 5408 ultimus
3524 5363 3712 5406 autem

2132 5425 2309 5480 octavi
2365 5425 2590 5494 titulum
2645 5435 2753 5494 pra:
2795 5436 2864 5494 se
2899 5419 3027 5486 fert,
3061 5423 3403 5494 taminﬁms.
3434 5439 3542 5494 quo
3576 5438 3709 5477 usus

2132 5509 2216 5551 est
2249 5497 2309 5549 D.
2364 5491 2634 5548 Henricus
2681 5487 2938 5556 Savilius,
2985 5506 3147 5560 quam
3181 5493 3234 5546 in
3268 5487 3558 5546 Bodleiano
3592 5509 3607 5549 :
3651 5502 3710 5546 ut

2133 5579 2286 5621 extra
2316 5565 2537 5618 dubium
2566 5564 2636 5615 sit
2686 5563 2909 5614 eandem
2945 5577 3065 5615 esse
3100 5564 3159 5617 υ.
3200 5561 3710 5632 (ΣιπγεοςιοηιὶίΕἰς

2132 5638 2193 5691 τὸ
2229 5636 2422 5704 Πάσχα
2458 5634 2758 5704 orationem
2793 5647 2953 5704 quam
2993 5635 3092 5684 sul)
3140 5631 3345 5687 octavae
3381 5634 3537 5688 titulo
3587 5631 3717 5685 Balu.

2136 5723 2323 5763 samou
2352 5703 2438 5759 hic
2465 5703 2681 5766 laudat;
2707 5703 2977 5774 praecipue
3011 5718 3130 5756 cum
3163 5705 3303 5756 idem
3330 5713 3721 5774 argumentum.

2138 5781 2190 5835 in
2227 5792 2314 5844 ea,
2354 5774 2500 5845 quod
2530 5774 2616 5827 hic
2648 5787 2672 5825 a
2707 5773 3024 5828 Balsamone
3052 5782 3336 5828 tractetur.
