4054 6494
340 304 409 368 31
1645 311 1729 374 IN
1763 313 1931 377 CAN.
1965 311 2294 386 llAPOST.
3528 335 3600 402 38

340 417 758 485 συναινούντων,
784 419 977 490 ἀπορῶ
1026 420 1146 486 πῶς
1191 417 1346 478 εἶπόν
1397 441 1542 488 τινες
1577 427 1668 479 τὸν
1723 434 1914 483 κανόνα

341 510 522 532 --ΡΑ-η
582 513 813 532 ,__9_n,,
878 531 896 532 κ
978 516 990 532 ι
1075 515 1125 532 ID
1309 518 1320 532 I
1511 520 1520 532 ι
1693 522 1751 532 ι.

2025 435 2159 490 dicit
2184 455 2211 490 a
2242 439 2455 498 duobus
2483 443 2563 500 vel
2595 443 2772 503 tribus
2802 447 3074 521 episcopis
3104 451 3467 514 ordinandum
3491 461 3608 532 epi-

335 510 524 565 τοίιτον
579 513 820 566 νοεῖσθαι
867 516 999 584 περὶ
1059 515 1242 587 ψήφου
1297 518 1603 591 ἀρχιερέως
1637 562 1652 587 ,
1693 522 1925 591 λέγοντα

336 603 439 656 ὑπὸ
464 604 782 660 ἐπισκόπων
809 605 1130 679 δύοῆτριῶν
1155 612 1920 681 χειροτονεῖσθαιὲπίσκοπον.

407 696 656 750 ΖΩΝΑΡ.
689 697 808 750 Νῦν
834 697 938 768 μὲν
982 701 1288 770 χειροτονία
1316 702 1565 758 καλεῖται
1591 706 1624 777 ἠ
1655 705 1754 776 τῆς
1784 708 1921 760 καθ-

337 788 609 857 ιερώσεως
639 788 737 842 τοῦ
773 790 1026 860 ἱερᾶσθαι
1093 793 1352 863 λαχόντος
1401 795 1786 869 τελεσιουργία
1813 799 1923 853 τῶν

335 879 532 946 εὐχῶν,
582 879 680 932 καὶ
729 881 824 934 τοῦ
872 882 1032 950 ἁγίου
1083 885 1408 955 Πνεύματος
1462 888 1769 960 ἐπίκλησις
1813 891 1922 944 ἀπὸ

330 969 425 1024 τοῦ
456 973 549 1024 τὸν
577 975 841 1044 ἀρχιερέα
895 976 1094 1030 τείνειν
1126 979 1225 1048 τὴν
1256 982 1417 1051 χεῖρα
1449 981 1781 1050 εὐλογοῦντα
1832 984 1922 1038 τὸν

329 1065 831 1135 χειροτονούμενον·
859 1069 1026 1122 πάλαι
1044 1071 1099 1123 δὲ
1133 1073 1225 1124 καὶ
1245 1073 1381 1143 αὑτὴ
1409 1075 1442 1144 ἡ
1466 1074 1645 1145 ψῆφος
1675 1093 1922 1146 χειροτο-

331 1157 419 1209 νία
449 1149 763 1228 ὡνόμάστο’
789 1161 878 1214 ὅτε
914 1163 1023 1233 γὰρ
1058 1167 1172 1228 τοῖς
1225 1165 1334 1220 τῶν
1384 1167 1594 1220 πόλεων
1658 1171 1922 1241 πλήθεσιν

326 1249 458 1322 ἐξῆν
487 1251 814 1321 ἐκλέγεσθαι
833 1257 962 1319 τοὺς
986 1259 1289 1328 ἀρχιερεῖς,
1327 1261 1600 1331 συνῄεσαν
1621 1261 1690 1314 τὰ
1713 1262 1919 1335 πλήθη·

327 1347 424 1397 καὶ
463 1345 512 1398 oi
541 1343 646 1414 μὲν
679 1345 830 1399 τόνδε
865 1348 1120 1418 ᾑροῦντο,
1158 1350 1210 1403 oi
1235 1351 1291 1404 δὲ
1334 1351 1482 1406 τόνδε
1517 1354 1606 1406 ἵνα
1634 1352 1779 1426 οῦνὴ
1813 1355 1921 1409 τῶν

329 1432 598 1488 πλειόνων
623 1437 854 1505 κρατοίη
886 1436 1089 1507 ψῆφος,
1121 1439 1344 1508 λέγεται
1374 1441 1580 1496 τείνειν
1603 1442 1699 1506 τὰς
1727 1446 1919 1515 χεῖρας

323 1523 453 1588 τοὺς
503 1528 605 1595 τὴν
663 1528 926 1598 ἐπιλογὴν
985 1532 1378 1602 ποιουμένους,
1424 1534 1522 1586 καὶ
1568 1535 1658 1588 διὰ
1712 1536 1920 1589 τούτων

323 1619 686 1689 ἀριθμεῖσθαι
742 1621 872 1684 τοὺς
937 1621 1174 1676 ἕκαστον
1228 1624 1657 1697 ψηφιζομένους,
1691 1628 1785 1680 καὶ
1827 1629 1919 1682 τὸν

323 1709 478 1778 παρὰ
538 1711 648 1764 τῶν
689 1711 952 1766 πλειόνων
987 1714 1317 1785 αἱρούμενον
1340 1717 1419 1780 είς
1451 1716 1548 1787 τὴν
1577 1718 1916 1788 άρχιερωσύυ

323 1820 424 1872 νην
452 1804 873 1874 προκρίνεσθαιθ
907 1806 1205 1862 κάντεῦθεν
1235 1808 1512 1881 ὲξελήφθη
1536 1787 1638 1882 τῆς
1656 1787 1914 1882 χειροτο-
1945 1787 1991 1848 Β

322 1897 443 1960 νίας
477 1897 538 1948 τὸ
570 1897 760 1966 ὄνομα·
786 1896 960 1966 τούτῳ
985 1898 1043 1952 δὲ
1066 1899 1161 1952 καὶ
1186 1901 1235 1953 oi
1255 1900 1365 1954 τῶν
1397 1901 1640 1955 συνόδων
1669 1902 1912 1974 Πατέρες

319 1990 498 2052 οὕτως
531 1991 884 2062 εὑρίσκονται
917 1993 1276 2066 χρησάμενοι,
1301 1994 1397 2049 καὶ
1437 1995 1536 2066 τὴν
1575 1996 1756 2068 ψῆφον
1799 2015 1912 2068 χει-

322 2085 575 2153 ροτονίαν
639 2085 999 2150 καλέσαντες·
1029 2088 1061 2156 ἡ
1091 2087 1201 2156 γὰρ
1245 2087 1302 2140 ἐν
1350 2088 1645 2160 Λαοδικείᾳ
1692 2091 1912 2154 σύνοδος

320 2180 383 2231 ὲν
415 2179 656 2249 πέμπτῳ
689 2179 876 2232 κανόνι
909 2178 1047 2250 φησὶ
1091 2180 1166 2252 μὴ
1199 2180 1310 2233 δεῖν
1346 2181 1442 2245 τὰς
1465 2184 1802 2254 χειροτονίας
1819 2185 1912 2236 ἐπὶ

321 2273 600 2344 παρουσίᾳ
634 2273 1007 2342 ἀκροωμένων
1057 2273 1329 2340 γίνεσθαι·
1364 2279 1701 2346 χειροτονίας
1727 2279 1782 2332 δὲ
1813 2279 1911 2343 τὰς

316 2362 534 2432 ψήφους
561 2363 867 2435 ὠνόμασεν·
899 2365 954 2416 ὲν
987 2365 1098 2435 γὰρ
1135 2369 1199 2436 τῇ
1233 2367 1617 2440 τελεσιουργίᾳ
1675 2370 1770 2423 τοῦ
1801 2372 1908 2440 dp-

314 2457 553 2524 χιερὲως
612 2456 816 2524 μᾶλλον
859 2456 981 2520 ἔθος
1042 2457 1273 2521 πολλοὺς
1343 2460 1723 2530 συνέρχεσθαιο
1766 2463 1822 2516 ὲν
1853 2462 1910 2518 at

315 2550 440 2610 ταῖς
478 2549 706 2619 ψήφοις,
730 2549 819 2603 διὰ
850 2549 911 2603 τὸ
937 2550 1260 2618 εἰσάγεσθαι
1291 2552 1413 2607 τινὰ
1447 2554 1748 2623 αἰτιάματα
1769 2555 1910 2610 κατὰ

314 2642 428 2693 τῶν
461 2641 856 2712 ψηφιζομένων
888 2643 1125 2715 ἀνδρῶν,
1151 2646 1533 2716 ἀπηγόρευται
1564 2646 1626 2701 τὸ
1655 2645 1910 2718 παρεῖναί

314 2750 496 2797 τινας,
531 2737 628 2789 καὶ
691 2736 1009 2808 ἀκροᾶσθαι
1065 2736 1296 2795 τούτων.
1355 2736 1800 2809 Χειροτονεῖσθαι
1850 2739 1909 2792 δὲ

313 2818 477 2889 οἶτος
511 2826 541 2877 ὁ
577 2827 762 2881 κανὼν
825 2827 1177 2882 διατάττεται
1241 2829 1549 2884 ἐπίσκοπον
1602 2832 1754 2902 παρὰ
1813 2832 1910 2888 δύο

315 2920 669 2975 ἑπισκόπων·
735 2922 1078 2992 ψηφίζεσθαι
1125 2923 1180 2975 δὲ
1243 2923 1548 2977 ἐπίσκοπον
1585 2927 1615 2978 ὁ
1645 2926 1908 2994 τέταρτος

312 3013 500 3066 κανὼν
535 3014 637 3083 τῆς
689 3017 916 3086 πρώτης
973 3015 1199 3069 συνόδου
1249 3015 1425 3087 ὁρίζει
1475 3018 1632 3088 παρὰ
1689 3019 1907 3072 πάντων

309 3106 429 3161 τῶν
458 3107 561 3173 τῆς
590 3108 856 3178 ἐπαρχίας
880 3108 1203 3162 ἐπισκόπων
1230 3109 1262 3177 ἢ
1293 3108 1435 3174 τέως
1473 3108 1668 3180 τριῶν,
1701 3109 1905 3181 ὶγγρά-
1934 3145 1980 3208 c

312 3217 436 3268 qui;
459 3201 554 3253 καὶ
584 3199 694 3252 τῶν
713 3200 917 3254 λοιπῶν
938 3202 1354 3256 συναινούντων.

390 3293 618 3346 ΑΡΙΣΤ.
671 3290 776 3346 Δύο
846 3291 880 3363 ἢ
930 3293 1078 3362 τρεῖς
1110 3292 1427 3348 οέπίσκοποι

311 3385 343 3439 ὲ
358 3387 643 3440 πίσκοπον.

389 3476 551 3544 Τρεῖς
581 3474 640 3528 δὲ
671 3475 974 3542 egenam;
1003 3478 1283 3548 ὀφείλουσι
1314 3479 1650 3550 ψηφίζεσθαι
1680 3481 1905 3538 ἐπίσκοο

309 3585 441 3630 πον,
489 3567 586 3620 καὶ
639 3569 712 3639 μὴ
759 3569 984 3639 ἥττονες
1025 3576 1233 3628 τούτων
1288 3574 1450 3644 εἴπερ
1497 3572 1761 3644 δυσχερές
1788 3578 1904 3631 ἐστι

309 3659 530 3722 πάντας
564 3661 691 3724 τοὺς
743 3661 1098 3732 ἑπαρχιώτας
1147 3665 1484 3726 ἐπισκόπους
1530 3666 1622 3718 ἐπὶ
1667 3667 1726 3719 τὸ
1773 3669 1905 3722 αὐτὸ

310 3751 690 3822 συναχθῆναι·
718 3754 812 3807 καὶ
845 3755 996 3823 ζήτει
1039 3755 1246 3811 κανόνα
1291 3757 1552 3829 τέταρτον
1590 3759 1690 3830 τῆς
1715 3761 1772 3814 ὲν
1801 3761 1902 3814 Νι-

308 3847 454 3917 καία
490 3847 739 3915 συνόδου,
772 3848 866 3902 καὶ
893 3847 964 3917 ιγ’
996 3849 1097 3918 τῆς
1135 3850 1194 3904 ὲν
1227 3850 1586 3926 Καρθαγένη,
1621 3853 1718 3906 καὶ
1753 3853 1821 3906 ιθ⁹
1842 3855 1903 3911 ἐν

324 3940 656 4011 Ἀντιοχείᾳ.

1508 3298 1906 3368 χειροτονοῦσιν

941 4035 1181 4090 ΚΑΝΩΝ
1209 4036 1249 4088 Β
1269 4075 1286 4093 .

307 4123 728 4191 Πρεσϐύτερος
773 4125 893 4180 ὑπὸ
963 4125 1104 4192 ἐνὸς
1159 4126 1502 4182 ἐπισκόπου
1551 4133 1902 4198 χειροτονείο

420 4219 567 4281 σθω,
595 4219 692 4272 καὶ
720 4217 1124 4285 διάκονος-,καί
1172 4223 1226 4274 οὶ
1252 4223 1454 4276 λοιποὶ
1499 4226 1796 4290 κληρικοί.

387 4311 586 4372 ΒΔΛΣ.
618 4313 730 4365 Καὶ
758 4306 914 4375 οὗτος
948 4312 975 4363 ὁ
1007 4311 1189 4366 κανὼν
1224 4314 1359 4383 περὶ
1392 4318 1738 4384 χειροτονίας
1771 4318 1900 4372 ἁκοο

310 4403 526 4467 λούθως
563 4403 872 4474 νομοθετῶν
926 4408 1234 4476 παρίστησι
1282 4407 1374 4458 καὶ
1427 4407 1519 4460 τὸν
1567 4408 1676 4478 πρὸ
1732 4410 1898 4464 αὐτοῦ

2026 543 2273 600 scopum.

2098 707 2350 767 ZONAR.
2389 712 2548 771 Nunc
2596 716 2812 785 quidem
2846 721 3145 779 cbirotonia
3187 736 3412 784 vocatur
3444 729 3601 786 abso-

2023 800 2156 855 lutio
2190 820 2423 874 precum,
2461 797 3012 881 sanctique-Spiritus
3040 816 3333 885 invocatio,
3361 821 3487 876 dum
3515 837 3605 878 sa-

2025 898 2267 950 cerdotio
2309 899 2432 966 quis
2459 899 2734 967 initiatur,
2769 914 2824 957 et
2852 911 3318 968 consecrationem
3350 915 3604 972 sortitur.

2025 983 2102 1040 Ex
2133 1002 2198 1042 eo
2220 989 2386 1055 dicta,
2420 993 2562 1060 quod
2599 994 2839 1063 pontifex
2885 1000 3140 1054 extendat
3186 1018 3400 1059 manum
3441 1007 3608 1063 bene-

2025 1077 2212 1134 dicens
2270 1082 2474 1136 homini
2525 1085 2592 1137 ad
2644 1099 2798 1140 sacra
2857 1087 3139 1158 deligendo
3203 1109 3218 1147 :
3274 1093 3370 1148 sed
3429 1098 3604 1166 ipsum

2019 1171 2341 1242 sutl'ragium
2395 1179 2666 1246 quondam
2725 1181 3062 1237 nominatum
3118 1194 3203 1240 est
3270 1187 3601 1246 cbirotonia.

2020 1261 2156 1318 Nam
2186 1281 2309 1320 cum
2337 1268 2556 1324 urbium
2586 1272 2822 1328 coetibus
2850 1273 3040 1329 liceret
3081 1277 3284 1348 eligere
3320 1295 3600 1338 sacrorqu

2021 1356 2334 1426 praefectos.
2383 1364 2778 1420 conveniebant
2813 1365 2914 1436 ipsi
2946 1377 3144 1433 coetus,
3177 1380 3232 1426 et
3258 1372 3350 1427 alii
3380 1376 3600 1443 quidem

2021 1452 2188 1515 hunc,
2221 1451 2313 1506 alii
2348 1468 2479 1508 vero
2523 1455 2831 1526 deligebam
2875 1459 3050 1517 illum.
3092 1462 3370 1528 Quatenus
3420 1477 3601 1523 autern

2021 1541 2257 1611 plurium
2290 1544 2606 1618 sull‘ragium
2656 1551 2924 1617 vinceret,
2955 1552 3218 1623 eligentes
3247 1555 3432 1614 ferunt
3464 1559 3602 1615 soli-

2023 1645 2104 1690 tos
2135 1636 2427 1692 extendere
2446 1656 2638 1697 manus
2658 1651 2744 1707 ;et
2773 1657 2868 1710 per
2886 1644 3006 1700 illas
3030 1650 3480 1718 numerabantur,
3509 1654 3602 1722 qui

2026 1729 2104 1783 vel
2135 1729 2300 1791 hunc.
2329 1731 2414 1786 vel
2453 1732 2602 1788 illum
2647 1736 2990 1805 delegissent.
3019 1741 3064 1793 A
3094 1740 3338 1809 pluribus
3363 1746 3606 1801 veroele-

2017 1830 2164 1876 ctum
2198 1839 2408 1880 sununo
2440 1828 2742 1883 sacerdotio
2768 1831 3082 1900 pra-fecere.
3122 1834 3186 1888 Et
3210 1836 3334 1890 hinc
3367 1837 3606 1895 cbiroto-

2017 1913 2128 1970 nise
2160 1931 2360 1973 nomen
2400 1920 2766 1992 desumptum,
2813 1939 2922 1992 quo
2957 1926 3035 1981 sic
3063 1928 3225 1982 etiam
3269 1934 3600 2002 synodorum

2014 2005 2207 2064 Patres
2233 2010 2582 2067 inveniuntur
2607 2016 2711 2080 usi,
2731 2015 3046 2087 sullragium
3067 2022 3230 2076 etiam
3256 2027 3602 2082 nominantes

2014 2099 2394 2158 cbirotoniam.
2434 2103 2782 2163 Laodicensis
2827 2126 3021 2181 nempe
3052 2116 3291 2185 synodus
3323 2117 3375 2170 in
3410 2119 3601 2188 quinto

2013 2207 2239 2259 canone,
2266 2197 2415 2262 dicit,
2451 2198 2568 2254 Non
2615 2211 2867 2269 oportere
2904 2205 3239 2264 cliirotonias
3278 2209 3334 2264 in
3373 2213 3600 2266 audien-

2013 2283 2146 2337 tium
2192 2289 2476 2354 praesentia
2526 2290 2662 2344 ﬁeri.
2699 2291 3046 2350 Cliirotonias
3086 2305 3268 2352 autem
3305 2302 3601 2371 appellavit

2011 2375 2289 2446 suﬂragia.
2321 2377 2377 2432 In
2411 2380 2565 2448 plena
2613 2385 2756 2437 enim
2805 2388 3074 2453 pontiﬁcis
3110 2396 3596 2451 consummatione

2015 2468 2184 2538 magis
2213 2471 2491 2526 obtinebat
2521 2478 2856 2532 consuetudo
2896 2489 2952 2536 ut
2981 2481 3161 2551 plures
3205 2499 3305 2539 una
3335 2490 3601 2544 conueni-

2016 2567 2135 2614 rcnt
2170 2575 2184 2614 :
2218 2563 2313 2616 scd
2349 2563 2402 2618 in
2435 2565 2708 2638 suﬂ‘ragiis
2746 2569 3034 2650 feruudis,
3058 2590 3124 2630 eo
3163 2580 3309 2646 quod
3366 2579 3595 2636 induce-

2013 2661 2202 2706 rentur
2248 2663 2435 2709 contra
2487 2657 2688 2714 electos
2730 2663 2876 2717 viros
2925 2669 3300 2723 accusationes
3325 2671 3594 2740 qumdam,

2011 2743 2226 2814 aliquos
2269 2756 2485 2802 velatur
2517 2751 2725 2817 adesse,
2768 2764 2821 2809 et
2868 2755 2965 2811 has
3003 2758 3214 2816 audire.
3271 2761 3370 2818 Hic
3413 2774 3594 2820 autem

2012 2851 2188 2891 canon
2228 2853 2260 2892 a
2301 2839 2511 2896 duobus
2543 2843 2813 2916 episcopis
2839 2849 3149 2919 episcopum
3179 2852 3334 2921 jubet
3369 2856 3594 2913 initiari.

2013 2928 2120 2985 Sed
2151 2943 2381 3000 quartus
2412 2935 2599 3004 primae
2643 2940 2834 3008 synodi
2868 2956 3042 2996 canon
3082 2945 3394 3016 episcopum
3419 2952 3596 3006 creari

2011 3019 2200 3076 deﬁnit
2257 3024 2325 3076 ab
2374 3027 2626 3081 omnibus
2672 3030 2938 3100 episcopis
2985 3037 3274 3103 provincia:
3307 3054 3323 3093 :
3359 3040 3445 3094 vel
3501 3043 3596 3096 tri-

2010 3110 2112 3168 bus
2173 3113 2412 3180 interea,
2467 3116 2594 3171 dum
2655 3118 2844 3189 reliqui
2907 3123 3310 3195 subscriptione
3357 3144 3598 3187 consen-

2012 3204 2170 3260 ﬁanL

2080 3297 2311 3354 ARIST.
2353 3299 2468 3358 Duo
2501 3301 2590 3359 vel
2634 3312 2744 3361 tres
2781 3308 3020 3380 episcopi
3071 3311 3329 3368 ordinant
3377 3314 3592 3385 episco-

2011 3403 2157 3459 pum.

2081 3481 2215 3537 Tres
2246 3487 2469 3539 omnino
2511 3486 2711 3544 debent
2749 3490 3007 3550 ordinare
3047 3495 3361 3568 episcopum
3390 3507 3445 3554 et
3478 3515 3588 3557 non

2009 3575 2296 3642 pauciores
2331 3577 2474 3644 illis;
2503 3579 2772 3649 siquidem
2805 3585 3020 3640 diﬂicile
3048 3600 3132 3642 est
3158 3605 3348 3646 omnes
3371 3596 3594 3662 provin-

2008 3667 2106 3722 cia:
2137 3669 2423 3739 episcopos
2453 3674 2504 3726 in
2531 3688 2696 3728 unum
2731 3680 3049 3735 convenire.
3082 3680 3278 3748 Quaere
3305 3685 3470 3741 etiam
3499 3703 3592 3741 ca-

2005 3775 2202 3816 nonem
2231 3773 2487 3832 quartum
2521 3768 2711 3837 synodi
2743 3768 2991 3839 Nicaeus,
3041 3785 3097 3830 et
3136 3791 3238 3832 am
3299 3776 3592 3851 Carthagi-

2006 3856 2213 3921 nensis,
2239 3867 2293 3913 et
2326 3874 2416 3914 nx
2445 3860 2818 3920 Antiochense.

2636 4036 2864 4096 CANON
2904 4041 2970 4097 Η.

2007 4123 2290 4196 Presbyter
2319 4127 2384 4182 ab
2412 4145 2516 4183 uim
2543 4132 2783 4202 episcopo
2817 4135 3112 4203 ordinetur,
3159 4148 3206 4192 et
3239 4139 3511 4208 diaconus,
3537 4152 3588 4198 et

2586 4224 2775 4295 reliqui
2814 4227 3017 4281 clerici.

2073 4309 2267 4366 BALS.
2305 4313 2402 4368 ilic
2434 4329 2652 4384 quoque
2679 4331 2853 4372 canon
2888 4319 2954 4374 de
2999 4321 3346 4378 ordinatione
3399 4341 3590 4381 conse-

2002 4415 2233 4474 quenter
2259 4415 2526 4474 statuens,
2574 4410 2764 4479 probat
2795 4410 2956 4466 etiam
2990 4421 3385 4483 praecedentem
3416 4434 3588 4474 cano-

313 4499 523 4551 κανόνα
577 4498 1020 4568 ἑκλαμϐἁνεσθαι
1045 4497 1177 4566 περὶ
1206 4498 1519 4551 ἐπισκόπων
1542 4500 1896 4570 χειροτονίας,

2014 4512 2131 4551 nem
2193 4499 2367 4570 accipi.
2417 4501 2484 4556 de
2531 4502 2878 4559 Ordinatione
2925 4507 3323 4577 episcoporum,
3377 4526 3481 4565 non
3522 4514 3589 4567 de

310 4588 374 4640 οὐ
406 4588 534 4658 περὶ
562 4587 740 4658 ψήφου
783 4589 989 4643 αὐτῶν.
1037 4588 1173 4640 Οὐδὲ
1219 4589 1328 4659 γὰρ
1361 4587 1701 4658 ψηφίζεσθαι
1757 4593 1897 4660 πρό-

309 4699 475 4753 τερον
528 4681 906 4752 πρεσϐύτερον
965 4680 999 4751 ἢ
1052 4680 1303 4734 διάκονον
1377 4682 1814 4754 ἀνεδιδάχθημεν
1865 4685 1898 4756 ἢ

307 4778 504 4847 ἕτερον
581 4775 845 4848 κληρικὺν
879 4816 896 4842 ,
967 4775 1064 4828 καὶ
1118 4772 1263 4827 οὕτω
1322 4775 1750 4845 χειροτονεῖσθαι
1801 4779 1898 4830 ati-

309 4887 422 4925 τον.

380 4961 628 5018 ΖΩΝᾹΡ.
657 4961 769 5018 Καὶ
797 4961 897 5033 τὴν
942 4959 1228 5029 ὲπιλογὴν,
1259 4957 1355 5012 καὶ
1410 4959 1514 5030 τὴν
1557 4961 1899 5032 χειροτονίαν

310 5057 421 5111 τῶν
472 5054 897 5128 πρεσϐυτέρων,
961 5053 1058 5106 καὶ
1107 5051 1398 5117 διακόνων,
1461 5051 1540 5124 τῷ
1607 5054 1898 5125 ὲπισκόπῳ

310 5150 637 5219 ἀνατίθησιν
687 5150 716 5202 ὁ
785 5148 987 5204 κανών·
1041 5142 1085 5217 ᾧ
1142 5146 1470 5200 ὑποκεῖσθαι
1504 5148 1795 5218 μέλλουσιν
1846 5149 1896 5204 oi

310 5239 584 5312 χειροονού
594 5257 768 5307 μενοι.

392 5333 616 5386 ΑΡΙΣΤ.
677 5325 774 5394 Εἷς
826 5331 1124 5394 ἐπίσκοπος
1173 5325 1468 5404 χειροτονεῖ
1521 5328 1893 5403 πρεσϐύτερον

311 5425 405 5477 καὶ
427 5423 695 5477 διάκονον.
730 5423 937 5495 Σαφής.

915 5516 1154 5569 ΚΔΝΩΝ
1194 5517 1268 5570 I".

2003 4604 2188 4650 eorum
2206 4591 2490 4650 electione.
2505 4593 2688 4664 Neque
2704 4597 2848 4653 enim
2877 4599 3274 4668 presbyterum,
3299 4603 3378 4657 vel
3401 4603 3586 4657 diaco-

2003 4698 2155 4749 num,
2189 4683 2272 4738 vel
2311 4685 2475 4742 alium
2517 4687 2773 4743 clericum
2805 4689 2956 4759 prius
2977 4690 3100 4763 eligi
3131 4701 3184 4748 et
3227 4693 3306 4749 sic
3343 4695 3588 4752 ordinari

2003 4774 2144 4830 docti
2184 4790 2397 4834 sumus.

2073 4954 2329 5038 ZONAli.
2367 4957 2435 5011 Et
2461 4957 2812 5027 electionem,
2839 4969 2890 5014 et
2925 4961 3326 5019 ordinationem
3361 4966 3590 5037 presby-

1999 5056 2262 5113 terorum,
2283 5056 2446 5119 atque
2467 5050 2813 5105 diaconorum
2838 5067 3011 5108 canon
3033 5056 3259 5112 remittit
3282 5058 3533 5130 episcopo
3565 5073 3583 5112 :

2000 5139 2086 5196 cui
2123 5138 2484 5211 subjicientur
2515 5141 2573 5208 ii,
2605 5144 2698 5212 qui
2727 5145 3070 5203 ordinantur.

2067 5325 2294 5382 ARIST.
2330 5325 2484 5381 Unus
2517 5325 2802 5395 episcopus
2849 5327 3069 5384 ordinat
3111 5329 3488 5401 presbyterum
3523 5339 3581 5388 ct

1999 5417 2311 5474 diaconum.
2344 5417 2696 5490 Perspicuus.

2603 5514 2833 5572 CANON
2881 5514 2973 5572 ill.

309 5611 382 5664 EI
407 5627 497 5674 τις
550 5611 890 5674 ἐπίσκοπος
914 5607 952 5678 ἢ
993 5610 1398 5677 πρεσϐύτερος
1448 5609 1611 5677 παρὰ
1643 5610 1757 5679 τὴν
1780 5609 1888 5668 τοῦ

2014 5603 2057 5660 Si
2091 5605 2207 5676 quis
2250 5606 2543 5675 episcopus,
2595 5605 2674 5660 rel
2710 5607 2996 5684 presbyter,
3040 5618 3232 5678 prater
3271 5608 3487 5663 Domini
3508 5610 3578 5663 de

378 5702 600 5770 Κυρίου
657 5702 930 5768 διάταξιν
978 5701 1090 5771 τὴν
1148 5701 1246 5755 ἐπὶ
1319 5698 1393 5771 τῇ
1443 5702 1626 5769 θυσίᾳ
1701 5719 1889 5770 προσ·

373 5795 587 5865 ενέγκῃ
615 5793 787 5864 ἕτερά
825 5810 954 5849 τινα
970 5792 1067 5848 ἐπὶ
1091 5792 1154 5847 τὸ
1186 5791 1638 5863 θυσιαστήριον,
1671 5792 1709 5863 ἦ
1727 5792 1882 5865 μέλι,

2063 5698 2326 5766 sacriﬁcio
2371 5699 2777 5764 ordinationem,
2821 5699 2930 5760 alia
2975 5708 3217 5772 qumdam
3267 5705 3340 5756 ad
3397 5700 3572 5755 altare

2065 5793 2324 5861 attulerit,
2350 5792 2428 5848 rel
2456 5793 2577 5864 mel,
2607 5793 2684 5851 uel
2710 5794 2815 5861 lar,
2848 5794 2927 5852 vel
2949 5811 3042 5865 pro
3073 5796 3193 5852 vim
3213 5796 3434 5850 siceram
3475 5793 3564 5863 [an
