4054 6494
436 325 504 390 ιίθ
1703 336 1786 398 ΙΝ
1825 337 1993 399 CAN.

2122 338 2148 399 Ι
2179 340 2433 402 APOST.
3609 340 3684 400 50

431 432 589 496 ταίας
623 431 790 506 οὔσης
835 436 934 508 τῆς
969 438 1203 511 σελήνης
1239 444 1296 498 ἐν
1336 444 1412 516 τῷ
1453 446 1656 517 πρώτῳ
1691 449 1843 518 μηνὶ,
1888 449 2009 518 ἦτοι

2120 467 2140 505 a
2174 453 2483 522 captivitate
2514 450 2740 515 diaboli,
2771 463 2931 520 qnam
2979 446 3232 503 Christus
3254 455 3308 502 et
3334 445 3474 500 Deus
3499 456 3680 500 noster

427 526 507 596 τῷ
536 528 780 599 Μαρτίῳ,
811 532 1142 604 ἑορτάζομεν
1179 538 1274 591 καὶ
1299 539 1463 608 ἡμεῖς
1492 540 1551 592 τὸ
1576 541 1858 611 κυριακὸν
1899 541 2011 595 Πά-

431 635 553 688 σχα,
579 620 694 690 ἦτοι
716 622 814 694 τὴν
855 626 920 678 ὲκ
948 627 1046 696 τῆς
1075 628 1326 694 δουλείας
1357 630 1451 686 τοῦ
1504 633 1755 688 διαϐόλου
1783 635 2008 689 ἐλευθε-

431 710 551 780 ρίαν
573 713 751 781 ἡμῶν,
783 717 853 786 ἢν
877 716 965 770 διὰ
994 719 1088 772 τοῦ
1121 722 1326 776 οἰκείου
1359 723 1566 788 πάθους
1591 726 1618 778 ό
1650 727 1888 797 Χριστὸς
1911 729 2007 782 καὶ

431 800 558 860 θεὸς
583 803 742 873 ἡμῶν
768 807 899 877 ἡμῖν
943 811 1262 882 ἐχαρίσατο.
1329 814 1704 888 Ἐορτάζομεν
1727 818 1782 871 δὲ
1820 817 2001 884 τοῦτο,

430 897 528 965 οὐχ
555 897 642 950 ὅτε
668 898 731 951 τὸ
790 901 1085 957 Ἰουδαϊκὸν
1141 908 1332 977 Πάσχα
1403 909 1661 975 τελεῖται,
1701 911 1838 966 ἀλλὰ
1869 913 2010 982 μετὰ

430 985 588 1040 τοῦτο
625 989 758 1058 (Η),
792 992 1036 1060 δηλονότι
1062 997 1202 1065 μετὰ
1244 999 1305 1051 τὸ
1340 1000 1593 1068 γενέσθαι
1640 1001 1741 1070 τὴν
1786 1002 2010 1074 ἐαρινὴν

439 1078 752 1150 ἰσημερίαν,
823 1087 920 1138 καὶ
978 1089 1121 1157 μετὰ
1161 1090 1262 1162 τὴν
1299 1092 1358 1144 ιδ’
1385 1093 1600 1164 ἡμέραν
1641 1095 1739 1148 τοῦ
1789 1095 2008 1166 πρώτου

434 1171 625 1240 μηνὸς.
653 1173 774 1243 ἦτοι
799 1175 902 1246 τῆς
944 1179 1174 1250 πρώτης
1203 1183 1437 1253 σελήνης
1466 1186 1562 1238 τοῦ
1613 1187 1864 1257 Μαρτίου
1901 1205 2009 1258 μη-

428 1263 537 1330 νὸς,
568 1265 627 1317 ὲν
650 1269 715 1337 τῇ
751 1268 888 1340 αὐτῇ
927 1272 1111 1341 μέντοι
1167 1274 1455 1345 ἑϐδομάδι,
1499 1278 1588 1330 ore
1623 1280 1720 1332 ml
1743 1279 1804 1332 τὸ
1836 1278 2008 1343 πάθος

426 1356 522 1410 τοῦ
554 1359 793 1429 Χριστοῦ
826 1364 919 1417 καὶ
954 1365 984 1434 ὴ
1011 1366 1337 1434 ἀνάστασις,
1371 1368 1514 1423 οὕτω
1542 1371 1666 1425 τότε
1709 1372 1995 1440 γεγόνασι.

2115 545 2271 600 nobis
2300 560 2395 612 per
2421 559 2572 599 suam
2601 543 2908 612 passionem
2943 541 3172 608 largitus
3198 547 3300 594 est.
3331 537 3688 593 Celehramns

2112 647 2294 692 autem
2325 637 2476 702 illud,
2509 651 2616 690 non
2653 651 2717 690 eo
2748 645 2992 704 tempore
3023 648 3129 702 quo
3162 630 3370 687 Pascha
3400 629 3685 685 Iudaicum

2112 729 2434 793 celebratur,
2467 728 2560 783 sed
2597 741 2716 798 post
2749 729 2928 796 ipsum
2961 745 2974 781 :
3009 724 3222 782 scilicet
3251 733 3533 793 postquam
3572 722 3687 776 fne-

2113 821 2185 876 rit
2215 836 2440 876 vernum
2491 821 2894 890 aequinoctium,
2939 826 2994 873 et
3039 826 3162 887 post
3203 815 3269 870 M
3311 816 3491 869 lunam
3526 813 3689 884 primi

2115 915 2342 980 mensis,
2375 929 2472 970 seu
2504 913 2736 983 primari
2782 912 2960 967 lunam
2997 910 3197 974 Martii,
3252 910 3346 964 sed
3399 911 3450 963 in
3499 908 3689 962 eadem

2115 1007 2476 1069 hebdomade,
2511 1005 2654 1074 quod
2686 1005 2867 1074 passio
2903 1003 3114 1058 Domini
3162 1012 3217 1058 et
3256 1001 3588 1058 resurrectio
3613 998 3694 1054 sic

2115 1115 2180 1155 eo
2236 1109 2477 1168 tempore
2507 1097 2747 1152 fuerunt.
2787 1097 2982 1163 Quaere
3029 1097 3194 1151 etiam
3241 1111 3336 1150 νιιι
3381 1094 3685 1148 orationem

2116 1190 2292 1244 sancti
2340 1189 2521 1244 Patris
2567 1189 2737 1244 nostri
2796 1186 3025 1243 Joannis
3075 1186 3475 1258 Chrysostomi,
3527 1198 3692 1254 quam

2114 1279 2332 1348 scripsit
2359 1279 2426 1332 de
2452 1277 2682 1332 Pascha.
2716 1277 2906 1344 Quaere
2926 1286 2980 1333 et
3013 1278 3082 1332 75
3114 1293 3236 1332 can.
3266 1292 3388 1348 syn.
3421 1275 3611 1331 Carth.
3638 1282 3694 1329 et

2107 1385 2229 1440 qua
2265 1371 2316 1424 in
2351 1383 2416 1424 eo
2443 1385 2471 1424 a
2502 1369 2659 1424 nobis
2687 1370 2887 1436 scripta
2924 1378 3051 1424 sunt
3097 1370 3162 1425 de
3185 1369 3417 1424 Pascha.

425 1450 590 1521 Ζήτει
627 1454 724 1508 καὶ
775 1455 867 1508 τὸν
891 1453 942 1528 η’
966 1456 1126 1525 λόγον
1179 1459 1292 1530 (12)
1346 1460 1439 1515 τοῦ
1472 1464 1530 1516 ὲν
1553 1462 1726 1531 ἁγίοις
1772 1463 1986 1530 Πατρὸς
2029 1460 2180 1531 ἡμῶν
2218 1460 2470 1516 Ἰωάννου
2537 1459 2630 1514 τοῦ
2686 1460 3103 1531 Χρυσοστόμου,
3169 1459 3230 1513 ὃν
3316 1457 3695 1527 συνεγράψατο

427 1544 521 1607 Εἰς
581 1547 642 1600 τὸ
706 1549 921 1619 Πάσχα.
992 1553 1157 1622 Ζήτει
1231 1555 1326 1608 καὶ
1380 1557 1470 1611 τὸν
1539 1556 1620 1627 ογ⁹
1670 1559 1870 1614 κανόνα
1921 1557 2022 1628 τῆς
2098 1559 2157 1611 ὲν
2221 1557 2557 1629 Καρθαγένῃ
2638 1556 2855 1610 συνόδου
2948 1554 3045 1609 καὶ
3107 1555 3176 1608 τὰ
3236 1556 3295 1608 ὲν
3355 1553 3504 1624 αὑτῷ
3563 1563 3687 1625 παρ’

425 1639 586 1712 ἡμῶν
617 1645 1062 1714 παραγραφέντα
1096 1648 1344 1719 περὶτοῦ
1376 1650 1588 1721 Πάσχα.

493 1733 742 1790 ΖΩΝΛΡ.
787 1735 1043 1809 Ἐαρινὴν
1095 1741 1388 1812 ἰσημερίαν
1433 1744 1578 1809 τινὲς
1623 1745 1724 1817 τὴν
1770 1743 1848 1803 κε’
1881 1746 2014 1816 φασὶ

2189 1740 2440 1798 ZONAR.
2465 1741 2704 1797 Vernnnt
2722 1739 3109 1808 aequinoctium
3133 1737 3349 1807 quidam
3377 1736 3694 1807 vigesimum

425 1824 522 1878 τοῦ
566 1826 813 1898 Μαρτίου
841 1845 855 1858 ⁶
891 1832 1036 1896 τινὲς
1079 1833 1135 1886 δὲ
1169 1834 1266 1906 τὴν
1303 1834 1379 1888 κε’
1414 1834 1506 1889 τοῦ
1544 1836 1881 1908 Ἀπριλλίου.
1920 1834 2014 1892 ΟΣ-

430 1933 529 1984 μαι
555 1916 612 1969 δὲ
643 1918 771 1989 μήτ’
793 1919 1011 1992 ἐκείνην
1045 1923 1183 1994 μήτε
1209 1925 1416 1994 ταύτην
1441 1927 1532 1978 τὸν
1560 1927 1762 1982 κανόνα
1788 1927 1974 1996 λέγειν
1997 1942 2010 1957 ⁸

424 2006 497 2068 ὡς
549 2007 642 2060 ἐπὶ
692 2008 754 2062 τὸ
802 2010 937 2064 πολὺ
987 2012 1095 2082 γὰρ
1147 2013 1207 2066 τὸ
1256 2013 1448 2086 Πάσχα
1499 2015 1606 2087 πρὸ
1653 2017 1752 2086 τῆς
1804 2015 1880 2070 κε’
1919 2015 2012 2072 τοῦ

436 2097 748 2166 ’Λπριλλίου
778 2100 1132 2170 έορτάξεσθαι
1168 2104 1389 2157 εἴωθεν·
1418 2104 1535 2159 ἐστι
1568 2106 1626 2160 δὲ
1658 2107 1748 2160 ὅτε
1782 2108 1878 2160 καὶ
1911 2108 2017 2177 πρὸ

423 2189 523 2258 τῆς
557 2193 636 2243 κε’
656 2190 750 2243 τοῦ
783 2192 1056 2264 Μαρτίου,
1094 2194 1169 2258 ὡς
1196 2196 1518 2268 συμϐαίνειν
1552 2198 1623 2270 (εί
1648 2198 1821 2264 οὕτως
1843 2203 2017 2254 νοοῖτο

426 2281 460 2350 ἠ
493 2281 692 2351 ὲαρινὴ
727 2282 1013 2355 ίσημερία)
1048 2286 1201 2355 παρὰ
1230 2286 1322 2340 τὸν
1354 2289 1557 2344 κανόνα
1586 2288 1776 2343 τοῦτον
1807 2291 1868 2344 τὸ
1903 2291 2015 2345 Πά-

425 2389 534 2441 σχα
562 2372 940 2442 ἑορτάξεσθαι.
967 2376 1186 2430 Ἔοικεν
1215 2377 1310 2434 οὖν
1336 2379 1467 2432 ἄλλο
1491 2397 1545 2433 τι
1573 2381 1795 2452 ἐαρινὴν
1825 2384 2016 2452 ἰσημε-

426 2464 552 2533 ρίαν
571 2466 700 2529 τοὺς
725 2467 979 2530 συνετοὺς
1004 2469 1339 2532 ἀποστόλους
1360 2472 1668 2543 ὀνομάζειν.
1701 2472 1766 2528 Ἤ
1786 2475 1842 2529 δὲ
1866 2478 2015 2530 πᾶσα

425 2557 522 2610 τοῦ
560 2560 784 2622 κανόνος
822 2561 1055 2633 διαταγὴ
1095 2562 1255 2622 τοῦτό
1294 2566 1446 2629 ἐστι,
1487 2566 1548 2620 τὸ
1589 2566 1664 2639 μὴ
1711 2571 1848 2639 μετὰ
1880 2570 2012 2624 Ἰου-

423 2649 594 2702 δαίων
631 2650 832 2720 (ὴγουν
869 2653 990 2706 κατ’
1013 2654 1184 2724 αὐτὴν
1217 2654 1316 2725 τὴν
1351 2656 1599 2728 ἡμέραν)
1637 2658 1920 2727 ἑορτάζειν
1955 2660 2016 2714 τὸ

425 2741 621 2811 Πάσχα
645 2743 1025 2812 Χριστιανούς.
1048 2746 1170 2818 Χρὴ
1196 2748 1302 2816 γὰρ
1326 2750 1687 2819 προηγεῖσθαι
1707 2753 1806 2821 τὴν
1827 2753 2018 2824 ἀνέορ-

424 2853 520 2888 τον
553 2837 775 2894 ἐκείνων
812 2839 1044 2910 ἑορτὴν,
1081 2841 1174 2894 καὶ
1217 2839 1362 2897 οὕτω
1403 2842 1464 2895 τὸ
1506 2843 1626 2898 καθ’
1657 2846 1806 2916 ἡμᾶς
1839 2847 2012 2898 τελεῖ-

427 2927 557 2979 σθαι
591 2928 802 2999 Πάσχα.
831 2928 891 2981 ’0
921 2929 977 2982 δὲ
1008 2931 1083 3000 μὴ
1110 2929 1268 2984 τοῦτο
1298 2933 1467 2986 ποιῶν
1498 2935 1794 3005 ίερωμένος
1825 2937 2016 2990 καθαι-

430 3019 747 3089 ρεθήσεται.
785 3021 957 3074 Τοῦτο
990 3021 1047 3076 δὲ
1081 3023 1177 3075 καὶ
1211 3024 1244 3094 ή
1278 3025 1336 3078 ὲν
1373 3025 1674 3098 Ἀντιοχείᾳ
1709 3028 1922 3092 σύνοδος
1957 3031 2013 3081 ὲν

2121 1831 2367 1900 quintutn
2425 1828 2568 1883 diem
2619 1825 2796 1880 Martii
2847 1824 3065 1890 dicunt;
3119 1824 3334 1894 quidam
3377 1836 3506 1876 vero
3554 1822 3694 1876 diem

2119 1921 2437 1990 vigesimum
2491 1918 2738 1988 quintum
2811 1917 3032 1986 Aprilis.
3082 1915 3198 1986 Ego
3251 1929 3380 1968 vero
3440 1913 3698 1968 existimo

2119 2027 2382 2069 canonem
2416 2025 2516 2065 nec
2549 2009 2714 2074 hunc,
2762 2023 2859 2062 nec
2912 2008 3061 2061 illum
3113 2007 3316 2061 dicere.
3363 2004 3700 2073 Frequenter

2118 2103 2260 2158 enim
2308 2101 2512 2155 Pascha
2561 2099 2829 2154 celebrari
2894 2107 3019 2152 ante
3074 2096 3393 2167 vigesimum
3449 2094 3696 2164 quintum

2118 2194 2320 2264 Aprilis
2351 2193 2511 2249 solet.
2540 2190 2636 2245 Est
2665 2199 2844 2246 autem
2877 2190 3094 2260 quando
3141 2189 3451 2244 celebratur
3480 2195 3533 2242 et
3573 2193 3700 2240 ante

2119 2286 2437 2356 vigesimum
2473 2284 2720 2354 quintum
2751 2281 2971 2350 Martii;
3023 2282 3093 2336 ita
3138 2289 3196 2336 ut
3247 2281 3584 2350 contingeret
3631 2277 3699 2348 (si

2117 2381 2196 2435 sic
2257 2377 2652 2448 intelligeretur
2721 2375 3107 2446 aequinoctium
3186 2372 3446 2446 vernum)
3505 2381 3700 2426 contra

2117 2487 2380 2529 canonem
2409 2470 2553 2526 hunc
2580 2469 2788 2526 Pascha
2820 2468 3107 2524 celebrari.
3144 2466 3300 2522 Unde
3344 2474 3568 2537 apparet
3612 2479 3701 2520 sa-

2116 2563 2324 2634 pientes
2353 2560 2624 2630 apostolos
2647 2559 2789 2614 aliud
2821 2559 3096 2628 quippiam
3128 2557 3432 2620 nominare,
3473 2569 3695 2609 vernum

2116 2653 2519 2724 aequinoctium.
2546 2650 2832 2721 Dispositio
2850 2657 3029 2705 autem
3062 2657 3170 2704 tota
3199 2647 3420 2702 canonis
3448 2645 3551 2700 hoc
3567 2645 3700 2713 vult,

2116 2745 2462 2800 Christianos
2501 2759 2606 2799 non
2637 2758 2761 2799 cum
2798 2741 2999 2798 Iudaeis
3036 2740 3325 2814 («videlicet
3358 2739 3544 2793 eadem
3571 2737 3696 2804 die)

2117 2836 2395 2896 celebrare
2435 2836 2665 2892 Pascha.
2697 2835 2832 2889 Nam
2865 2835 3101 2903 ipsorum
3152 2832 3348 2888 festum
3385 2829 3565 2899 (quod
3618 2827 3700 2882 fe-

2117 2938 2259 2986 stum
2288 2944 2392 2984 non
2429 2929 2533 3000 est)
2561 2929 2712 2999 prius
2733 2928 2817 2996 agi
2843 2927 3124 2991 convenit;
3158 2935 3320 2995 atque
3351 2923 3433 2979 sie
3453 2930 3698 3005 nostrum

2121 3037 2219 3076 nos
2249 3035 2511 3091 peragere
2553 3021 2759 3076 Pascha
2791 3037 2806 3075 :
2836 3019 2998 3089 qnod-
3033 3019 3256 3074 minime
3302 3015 3507 3071 faciens
3535 3013 3581 3068 is
3609 3013 3698 3081 qui

428 3113 636 3189 πρώτῳ
685 3115 870 3168 κανόνι
917 3091 1242 3183 διετάξατος
1282 3117 1514 3184 λέγουσα
1703 3119 1762 3172 ὲν
1811 3120 2014 3192 Nimia

2122 3113 2230 3167 Deo
2257 3125 2608 3168 consecratus
2640 3122 2742 3176 est,
2774 3114 2986 3167 ordine.
3008 3111 3331 3166 movebitur.
3373 3107 3485 3162 lloc
3533 3105 3704 3160 etiam.

429 3205 658 3280 πρώτης
689 3208 906 3262 συνόδου
937 3209 1064 3279 ὅρον
1091 3204 1232 3264 εἶναι
1262 3210 1390 3281 περὶ
1418 3213 1518 3281 τῆς
1549 3211 1744 3282 ἑορτῆς
1773 3211 1865 3265 τοῦ
1898 3213 2010 3266 Πά-

426 3315 570 3373 σχα·
615 3302 663 3353 εί
711 3300 802 3354 καὶ
851 3301 926 3372 μὴ
973 3301 1290 3372 εὑρίσκεται
1331 3305 1387 3356 ὲν
1425 3306 1538 3366 τοῖς
1582 3302 1772 3358 κανόσι
1813 3303 1916 3374 τῆς
1956 3303 2014 3357 ἐν

425 3391 638 3464 Νικαὲᾳ
670 3393 895 3454 συνόδου,
919 3392 1158 3458 τοιοῦτος
1190 3395 1390 3454 κανών.

436 3568 678 3625 ’ΔΡΙΣΤ.
718 3571 1087 3640 Καθαιρεῖται
1129 3575 1163 3628 ό
1202 3574 1394 3628 τελῶν
1429 3575 1577 3645 μετὰ
1606 3575 1912 3632 Ἰουδαίων
1947 3577 2010 3634 τὸ

963 3664 1202 3733 Πάσχα.
1239 3665 1468 3736 Σαφής.

2121 3204 2364 3276 synodus
2388 3204 2439 3258 in
2471 3203 2754 3258 Antiochia
2781 3217 2987 3256 canone
3019 3204 3190 3272 primo
3221 3198 3522 3263 constituit,
3552 3213 3701 3252 asse-

2120 3312 2246 3352 rens
2288 3296 2342 3350 in
2379 3295 2552 3366 prima
2601 3294 2810 3366 synodo
2843 3293 3056 3354 Nicaeae.
3102 3293 3170 3348 de
3198 3292 3336 3347 festo
3368 3289 3592 3346 Pascha:
3621 3289 3702 3344 fa-

2121 3397 2266 3444 ctum
2293 3402 2414 3443 esse
2449 3386 2724 3442 decretum
2765 3406 2776 3441 :
2807 3387 3023 3440 tametsi
3056 3400 3164 3439 non
3196 3382 3470 3438 invenitur
3516 3382 3568 3437 in
3605 3382 3700 3437 Ni-

2123 3493 2285 3533 caana:
2309 3479 2502 3550 synodi
2530 3478 2827 3533 canonibus
2869 3477 2990 3532 talis
3020 3492 3214 3532 canon.

2119 3571 2344 3629 ARIST.
2417 3571 2522 3640 Qui
2570 3571 2791 3627 celebrat
2829 3571 3036 3626 Pascha
3083 3587 3198 3625 cum
3227 3571 3455 3636 Judwis,
3481 3570 3699 3638 deponi-

2663 3675 2769 3720 tur.
2817 3663 3152 3730 Perspicuus.

1694 3823 1860 3889 Guil.
1903 3825 2228 3902 Beveregii
2275 3831 2466 3886 notia.

429 3963 554 4005 eum
612 3949 686 4001 ita
737 3951 1177 4020 tnncdtcmporis
1225 3951 1540 4008 ordinatum
1605 3952 1794 4017 fuisse,
1830 3963 1888 4008 nt
1918 3955 2011 4019 24,

431 4021 562 4075 luna
610 4020 816 4074 mensis
866 4018 1042 4074 Nisau‘
1065 4022 1460 4087 celebraretur,
1494 4039 1614 4076 cum
1661 4024 1741 4078 sol
1794 4018 2018 4078 arietem

433 4093 715 4162 ingressus
749 4100 852 4162 est.
903 4090 1060 4162 Hisce
1104 4093 1432 4162 suffragatur
1462 4101 1514 4147 et
1554 4093 1710 4149 Philo
1743 4093 1960 4149 Iudaeus
1996 4113 2009 4149 :

439 4161 719 4252 Ἐκαξέρα
901 4161 1012 4252 τῷν
1044 4161 1346 4252 ίσηθμεριῶν
1378 4164 1592 4252 ἑϐδόμῳ
1618 4165 1828 4252 γίνεται
1865 4166 2019 4252 μηνὶ,

432 4232 558 4304 καθ’
583 4231 651 4304 ᾃς
681 4233 792 4304 και
811 4232 1096 4301 ἑορτάζειν
1119 4231 1398 4304 διείρηται
1428 4231 1580 4304 νόμῳ
1605 4231 1702 4298 τὰς
1746 4231 2019 4304 μεγίστας

431 4303 528 4356 καὶ
577 4288 1051 4373 δημοτελεστᾷτας
1087 4288 1310 4373 έορτᾶςί
1358 4288 1656 4359 ΡΙιῐΙίΪιιιΙ.
1683 4288 1774 4360 ’οὶ
1831 4288 2017 4360 mundi

434 4373 612 4438 opiﬁc.
651 4388 703 4436 p.
730 4374 822 4437 27,
866 4373 902 4428 Ι.
938 4372 998 4434 Β.
1053 4372 1186 4428 edit.
1231 4375 1409 4429 Paris.
1446 4375 1605 4432 1640.
1645 4375 1719 4429 Ex
1757 4377 1839 4430 his
1870 4377 2014 4430 enim

2126 3972 2221 4010 suo
2269 3953 2478 4008 excidat
2526 3963 2574 4006 et
2611 3953 2791 4004 ordine
2821 3967 2920 4004 suo
2977 3955 3290 4012 deponatur.
3328 3954 3384 4007 In
3435 3954 3571 4022 ipsn,
3615 3955 3700 4007 fa-

2132 4035 2268 4087 teor,
2303 4040 2510 4078 canone
2535 4023 2601 4076 de
2633 4024 2718 4076 die
2749 4021 3028 4077 Domit-ica
3079 4024 3210 4077 nihil
3234 4021 3494 4087 expresse
3531 4027 3697 4080 tradi-

2128 4104 2253 4159 tur;
2285 4111 2349 4147 ex
2384 4109 2448 4146 eo
2485 4103 2690 4155 tamen,
2724 4093 2866 4157 quod
2906 4091 3118 4147 Pascha
3148 4107 3268 4148 cum
3303 4092 3506 4150 Iudaeis
3551 4096 3699 4150 cele.

2131 4165 2293 4218 brare
2332 4164 2418 4218 hic
2450 4161 2790 4234 prohibetur,
2821 4164 3140 4234 necessario
3186 4165 3456 4234 sequitur,
3489 4163 3698 4220 Pascha

2127 4236 2504 4290 Christianum
2565 4232 2694 4293 alio,
2748 4248 2910 4299 quam
2969 4232 3394 4295 Jndaicutn,die
3426 4235 3702 4291 celebran-

2128 4308 2252 4360 dum
2303 4320 2442 4359 esse.
2493 4302 2562 4355 At
2609 4307 2698 4371 qui
2733 4300 2948 4356 Judzeos
2984 4306 3035 4356 in
3086 4305 3326 4373 paschali
3386 4305 3701 4361 celebritate

2123 4391 2228 4430 non
2258 4375 2451 4429 imitati
2476 4381 2631 4446 sunt,
2663 4373 3120 4446 Dominicaillam
3163 4376 3539 4446 dieiperpetuo
3573 4391 3699 4446 per-

438 4444 686 4500 l’hilonis
711 4445 892 4515 verbis
945 4445 1301 4510 liquitlissime
1344 4455 1580 4510 constat,
1627 4445 1838 4500 Pascha
1869 4447 2010 4501 cele-
2051 4460 2093 4515 ι)
2124 4453 2369 4514 egerunt,
2417 4444 2579 4515 etiam
2633 4453 2769 4515 ante
2802 4443 3172 4515 deﬁnitionem
3222 4443 3526 4510 Nicaznam;
3561 4443 3696 4501 adeo

435 4514 733 4585 brarilczt'
765 4515 1061 4584 ἰσημερίαν
1095 4516 1321 4585 ὲαρινήν
1342 4558 1356 4579 ,
1389 4531 1494 4569 ηοιι
1524 4518 1703 4571 tnitttts
1739 4532 1900 4585 quam
1935 4518 2017 4568 fc.-

434 4595 578 4636 stnm
601 4582 1096 4658 Tabernaeulorum
1130 4582 1286 4638 ma
1313 4589 1714 4658 μετοπωρινήν.
1757 4582 2019 4654 Quapro-

439 4667 560 4721 pter
583 4655 794 4707 etiamsi
822 4653 992 4709 Judaei
1030 4653 1416 4727 nonnunquam
1451 4653 1661 4712 Pascha
1695 4673 1853 4716 suum
1889 4653 2016 4711 ante

440 4741 665 4777 vernum
699 4727 1085 4792 aequinoctium
1135 4727 1406 4792 obierint;
1448 4730 1547 4781 hoc
1585 4737 1765 4782 tamen
1815 4743 1925 4781 non
1953 4744 2018 4781 ex

440 4797 731 4864 majorum.
787 4796 985 4850 nedum
1039 4795 1222 4857 Mosis,
1259 4807 1316 4852 ut
1355 4801 1549 4853 asserit
1594 4797 1910 4861 Balsamon,
1939 4799 2019 4850 in,-

440 4866 668 4938 s’itttlu;
705 4869 794 4938 sed
834 4869 1012 4938 potius
1040 4883 1102 4918 ex
1133 4868 1500 4933 periodornm,
1533 4871 1728 4938 quibus
1751 4871 1834 4921 usi
1869 4875 2017 4934 sunt,

441 4935 559 4988 labe
587 4953 646 4986 ne
675 4935 1064 4999 vitio'accitlit;
1107 4947 1164 4990 ιιι
1202 4947 1326 4991 ante
1353 4935 1593 4992 notatum
1631 4950 1732 4992 est.

513 5007 558 5071 (ι
581 5005 832 5073 l)‘A.1.1c‘z
850 5009 998 5076 μετὰ
1039 5008 1234 5061 τοῦτο.
1257 5007 1529 5076 Josephns
1550 5007 1834 5078 Egyptins
1855 5010 2019 5065 etiam

443 5076 496 5134 in
524 5078 755 5133 Arabica
795 5093 1061 5129 nationum
1114 5081 1431 5147 paraphrasi
1472 5080 1614 5133 hunc
1649 5076 1720 5133 ita
1750 5082 2016 5147 interpre-

447 5156 612 5211 tatur,
655 5156 709 5198 nt
761 5162 854 5214 per
911 5163 1033 5199 cum
1068 5164 1172 5200 non
1215 5159 1423 5202 tantum
1450 5159 1668 5204 cantum
1697 5152 1791 5213 sit,
1828 5167 1892 5204 ne
1919 5149 2024 5204 Pa-

445 5217 572 5289 scha
624 5233 754 5289 cum
782 5217 1008 5289 Jnda-is,
1032 5220 1151 5289 sed
1189 5230 1253 5289 iet
1301 5231 1357 5275 ιιι
1389 5230 1575 5289 postea
1623 5233 1936 5289 peragatur,
1967 5231 2022 5276 et

445 5287 663 5356 quidem
705 5284 793 5339 die
832 5288 1131 5342 Dominico.
1183 5288 1271 5342 Sic
1303 5284 1446 5343 enim
1489 5284 1711 5358 exponit
1747 5284 1766 5344 ε’
1796 5284 2024 5358 Episco-

445 5374 561 5427 pus,
600 5365 693 5428 aut
728 5359 1017 5428 presbyter,
1057 5368 1148 5410 aut
1200 5361 1478 5425 diaconus,
1512 5361 1590 5414 vel
1622 5361 1764 5412 alius
1793 5377 1819 5416 e
1864 5362 2022 5414 mini.

445 5426 570 5498 stris
625 5426 901 5492 Ecclesiu',
979 5439 1143 5481 estum
1184 5429 1466 5484 Paschalis
1502 5441 1622 5484 ante
1649 5433 2023 5498 a’quinoetium

448 5496 804 5558 celebraverit,
833 5499 1044 5564 cupiens
1077 5500 1130 5551 in
1167 5501 1258 5552 illo
1283 5500 1494 5554 Judaeos
1523 5496 1747 5560 imitari,
1783 5511 1873 5554 aut
1904 5517 2022 5554 cum

448 5568 511 5616 iis
568 5566 772 5619 Pascha
806 5570 1111 5640 ριῇηνῃιτήι,Δ
1136 5571 1242 5623 alia
1270 5574 1449 5640 quavis
1481 5587 1636 5640 quam
1683 5572 1855 5638 prima
1887 5573 2023 5638 [cria

449 5647 668 5710 qua’est
699 5652 813 5706 post
855 5637 1056 5710 Pascha
1081 5637 1413 5702 Judworum,
1454 5637 1558 5695 sire
1600 5637 2023 5710 Dorut'nica’qutv

451 5707 709 5778 sequitur,
739 5724 841 5760 non
879 5709 993 5761 alia
1030 5710 1132 5778 sire
1165 5721 1284 5763 ante
1322 5713 1429 5764 sive
1473 5721 1589 5778 post
1638 5727 1754 5765 eam
1787 5711 1891 5774 dre,
1917 5707 2024 5764 sed

450 5775 557 5844 ipsa
576 5776 874 5847 Domiuira,
903 5795 1016 5848 qua‘
1041 5777 1248 5834 Pascha
1282 5775 1591 5836 Jutla'o'rum
1619 5783 1831 5852 excipit,
1853 5787 2024 5854 gradu

2126 4511 2182 4571 ιιῖ
2213 4516 2451 4586 synodus
2481 4511 2724 4586 Nicafna,
2759 4512 2810 4586 in
2843 4514 3160 4586 gravissima
3187 4515 3289 4569 hac
3318 4517 3695 4582 controversia

2121 4582 2482 4648 discutienda,
2518 4583 2646 4636 nihil
2681 4582 2804 4636 novi
2835 4584 3243 4648 tleterminasse,
3283 4586 3376 4639 sed
3409 4587 3694 4653 antiquum

2123 4657 2266 4709 hunc
2307 4654 2677 4725 Apostolienm
2712 4667 2975 4725 canonem
3006 4669 3100 4725 sua
3124 4657 3348 4725 tandem
3375 4656 3699 4711 auctoritate

2120 4722 2481 4780 confirmasse
2514 4725 2788 4778 videatur.
2821 4724 2898 4776 Ac
2937 4723 3170 4796 proinde
3196 4722 3489 4796 ‘Josephus
3521 4725 3695 4796 .IEgyr

2122 4798 2268 4864 ptius
2317 4798 2458 4850 hunc
2498 4808 2762 4848 canonem
2800 4807 2903 4866 non
2936 4794 3118 4862 inepte
3162 4794 3241 4848 sic
3274 4794 3693 4866 interpretatur,

2122 4879 2178 4921 ut
2211 4883 2314 4925 non
2343 4877 2546 4920 tantum
2576 4874 2696 4930 post
2724 4864 3137 4930 aequinoctium,
3166 4867 3260 4918 sed
3283 4864 3448 4920 etiam
3476 4868 3562 4922 die
3593 4865 3697 4918 Do-

2121 4939 2318 4993 miniea
2374 4936 2683 5005 paschaletn
2761 4933 3112 4989 festivitatem
3181 4937 3448 4992 celebrari
3505 4938 3697 5006 prteci-

2161 5010 2253 5062 iat.

2121 5023 2307 5152 ἑιιίιίέ)
2345 5076 2519 5152 Ζήτει
2550 5073 2651 5152 καί
2684 5075 2791 5152 τὶν
2812 5080 2866 5142 η’
2909 5075 3356 5152 ιλόγρν.-Εκςιειτ
3401 5080 3698 5152 etiamnum

2122 5145 2236 5204 huic
2287 5145 2464 5201 oratio
2510 5148 2700 5214 quinto
2728 5145 2966 5214 Operum
2999 5145 3083 5201 'D.
3119 5147 3517 5216 Chrysostomi,
3556 5149 3699 5203 inter

2123 5221 2480 5290 panegyricus
2531 5215 2709 5268 dubia:
2763 5216 2909 5290 lidci,
2965 5231 3103 5290 pag.
3145 5215 3272 5283 940,
3329 5220 3461 5276 edit.
3505 5215 3695 5276 ’Savil.

2124 5287 2268 5349 octo,
2304 5289 2497 5351 fateor,
2531 5299 2809 5338 sermones
2841 5287 2958 5353 ejus
3002 5292 3052 5340 in
3087 5287 3291 5342 Pascha
3343 5291 3580 5344 nondum
3610 5292 3698 5343 in-

2124 5362 2264 5412 venti
2325 5367 2474 5420 sunt,
2522 5358 2615 5409 sed
2668 5369 2874 5423 septem
2934 5368 3182 5424 tantum;
3233 5361 3454 5416 ultimus
3516 5371 3704 5416 autem

2123 5429 2300 5502 octavi
2355 5429 2581 5502 titulum
2637 5440 2743 5502 pra:
2786 5441 2854 5502 se
2891 5426 3017 5494 fert,
3051 5430 3394 5502 taminhms.
3425 5448 3532 5502 quo
3567 5447 3700 5485 usus

2123 5511 2207 5554 est
2239 5499 2300 5552 ι).
2355 5495 2626 5553 Henricus
2671 5492 2928 5562 Savilius,
2975 5492 3138 5566 quam
3172 5501 3224 5554 in
3257 5492 3549 5556 Bodleiano
3583 5517 3598 5557 :
3643 5511 3701 5555 ut

2124 5569 2528 5642 exli‘atlubittm
2557 5569 2626 5642 sit
2677 5568 2900 5619 eandem
2935 5583 3055 5623 esse
3090 5571 3149 5625 υ.
3190 5570 3700 5642 (ΠιῐγδοςιοιιιὶᾃΕίς

2122 5641 2184 5694 τὸ
2220 5640 2414 5708 Πάσχα
2450 5640 2748 5690 orationem
2782 5653 2944 5700 quam
2983 5642 3082 5693 sub
3130 5640 3336 5696 octavae
3371 5643 3527 5698 titulo
3577 5640 3700 5695 Bal-

2125 5726 2314 5766 samon
2343 5711 2430 5763 hic
2457 5708 2671 5783 laudat;
2697 5709 2968 5783 praecipue
3001 5726 3120 5763 cum
3153 5713 3292 5765 idem
3320 5723 3700 5783 argumentum

2127 5783 2180 5837 in
2217 5795 2304 5848 ea,
2345 5779 2490 5849 quod
2521 5778 2606 5832 hic
2637 5793 2662 5830 a
2695 5777 3014 5834 Balsamona
3043 5789 3325 5836 tractetur.
