4054 6494
597 353 671 417 63
1813 354 2090 416 THEOD.
2148 354 2244 413 BA
2254 355 2381 415 LSA
2390 356 2547 417 MON
3775 368 3844 427 ει

596 468 931 539 recipiendo,
957 470 1272 530 et.’necdum
1316 472 1589 542 ordinato,
1630 488 1805 545 neque
1842 490 2127 530 excommu

2230 488 2393 529 ,κτου
2432 471 2785 544 ὲξεφωνήθη,
2823 473 2916 529 καὶ
2958 475 3125 547 μήπω
3166 478 3668 552 χειροτονηθέντος,
3708 486 3844 558 μηδὲ

595 558 779 614 nicato
808 560 1178 645 promulgalus
1209 570 1294 619 est
1325 581 1341 620 :
1382 564 1481 620 sed
1513 581 1621 636 pra:
1642 582 1752 621 .ens
1787 583 1959 622 canon
1988 568 2056 622 de
2084 586 2127 623 Ol

2265 564 2654 635 ἀφορισθέντος
2674 580 2689 594 ·
2720 567 2747 619 ό
2778 565 2835 620 δὲ
2870 567 3060 638 παρὼν
3089 569 3270 624 κανὼν
3302 574 3429 643 περὶ
3460 592 3843 654 κεχειροτονη-

592 648 778 704 dinato
804 653 1017 718 statuit,
1051 632 1618 725 et'excommunicato,
1667 661 1758 730 qui
1792 671 1912 730 post
1937 676 2127 716 excom

2268 632 2430 725 μένου
2474 656 2809 712 διατάττεται
2852 632 3396 733 καὶ-ἀφωρισμένουξ
3437 632 3705 738 ὕλημετὰ
3753 632 3841 724 τόν

592 740 1013 797 ntuuicatiouem
1065 760 1207 813 aegre
1258 746 1436 804 ferens
1493 752 1559 804 ad
1617 751 1780 805 alium
1841 767 1898 806 se
1957 752 2127 807 conl‘et

2263 745 2568 817 ἀφορισμδν
2599 749 3069 823 άποδυσπετήσις,
3103 754 3276 825 ἑτέρῳ
3311 758 3616 829 προσῆλθεν
3650 761 3840 832 ἀρχιε-

592 834 922 902 pontiﬁcem,
954 841 1319 911 recipiturque
1356 844 1423 898 ab
1456 859 1521 900 eo
1548 844 1691 901 illius
1720 846 2127 901 excommunica

2264 840 2368 907 ρεῖ,
2395 841 2487 891 καὶ
2514 838 2706 910 ἐδέχθη
2737 840 2867 911 παρ’
2891 843 3101 897 ἐκείνου
3130 844 3221 897 τὸν
3248 846 3553 918 άφορισμὸν
3582 850 3838 917 ἀγνοοῦν-

592 924 757 979 tionis
786 926 993 998 ignaro.
1021 929 1206 985 Canon
1246 932 1408 1003 igitur
1439 934 1562 990 talis
1596 935 1746 1005 jubet
1778 940 2160 995 excommuni-

588 1018 854 1073 cationem
882 1021 1105 1079 intendi.

587 1109 815 1168 ARIST.
896 1113 1002 1180 Qui
1075 1120 1478 1189 segregatione»:
1537 1139 1689 1179 suam
1749 1129 2020 1191 mentitur.
2077 1137 2157 1183 est

1079 1212 1292 1269 minime
1313 1216 1657 1281 recipiendus.

658 1296 714 1351 Si
749 1299 871 1368 quis
900 1315 928 1353 a
964 1306 1183 1373 proprio
1221 1306 1473 1379 episcopo
1507 1320 1842 1383 segregatur,
1894 1325 1949 1370 et
1992 1318 2156 1386 proli-

584 1389 797 1446 ciscens
825 1393 891 1447 ad
917 1394 1079 1449 alium
1105 1397 1418 1468 episcopum
1450 1402 1590 1457 celat
1616 1405 2069 1476 segregationem,
2098 1418 2154 1464 et

584 1482 654 1534 ab
686 1498 751 1537 eo
788 1486 1064 1553 recipitur.
1103 1504 1432 1561 aggravetur
1460 1494 1509 1549 ei
1535 1499 1858 1567 segregatio,
1897 1509 2149 1572 tanquam

584 1574 865 1631 mentienti
893 1587 947 1632 et
977 1580 1266 1651 decipienti
1296 1583 1593 1643 Ecclesiam
1623 1588 1739 1644 Dei.

1153 1761 1384 1821 CANON
1425 1766 1567 1822 XIV.

578 1844 836 1919 Episcopo
870 1866 973 1907 non
1009 1852 1183 1918 liceat,
1218 1873 1315 1909 sua
1356 1858 1534 1913 relicta
1557 1864 1829 1927 paroclua,
1875 1878 1942 1918 att
1976 1866 2143 1920 aliam

648 1944 937 2009 transilire,
969 1948 1178 2003 etiamsi
1217 1967 1248 2002 α
1277 1950 1518 2019 pluribus
1548 1967 1787 2025 cogatur,
1819 1958 1922 2011 nisi
1944 1959 2011 2011 ιίι
2041 1960 2145 2012 ali-

644 2048 747 2100 qua
767 2050 927 2091 causa
954 2039 1151 2095 rationi
1186 2054 1563 2107 consentanea.
1588 2064 1705 2119 qua?
1725 2065 1841 2102 eum
1868 2060 2018 2121 cogat
2045 2053 2143 2107 hoc

643 2124 830 2194 facere,
863 2141 1038 2197 utpote
1061 2148 1177 2185 cum
1201 2136 1361 2203 possit
1386 2137 1494 2202 ipse
1524 2145 1699 2208 majus
1722 2144 1930 2196 lucrum
1964 2146 2027 2198 iis
2053 2147 2143 2215 qui

643 2217 753 2270 illic
780 2219 1015 2275 habitant
1039 2224 1254 2293 pietatis
1289 2228 1440 2283 verbo
1469 2230 1745 2297 conferre;
1778 2234 1931 2304 idque
1954 2252 2055 2290 non
2077 2253 2148 2293 ea:

644 2324 717 2371 se,
752 2312 841 2363 sed
865 2312 1148 2370 multorum
1183 2317 1544 2388 episcoporum
1574 2321 1782 2392 judicio
1818 2334 1867 2379 et
1909 2328 2139 2383 maxime

639 2402 1011 2460 exhortatione.

645 2584 837 2645 BALS.
858 2580 1111 2647 Praesens
1140 2595 1356 2662 quidem
1399 2612 1570 2654 canon
1624 2600 1693 2656 Η
1737 2602 1979 2659 decernit
2029 2622 2135 2661 non

569 2676 733 2735 licere
762 2682 1011 2754 episcopo
1039 2701 1104 2741 ex
1132 2702 1227 2742 sua
1259 2690 1510 2758 parochia
1549 2692 1615 2748 ad
1648 2694 1805 2749 aliam
1840 2698 2133 2766 transilire,

569 2773 731 2827 etiam
779 2776 822 2829 si
855 2777 1031 2847 populi
1071 2779 1318 2838 utilitatis
1367 2785 1535 2852 gratia
1574 2786 1674 2842 hoc
1718 2787 1940 2855 fecerit,
1976 2802 2028 2848 et
2068 2794 2136 2849 ab

566 2861 755 2917 alienae
784 2865 1013 2931 regionis
1042 2871 1239 2939 pupulo
1271 2874 1336 2926 ad
1368 2874 1468 2929 boc
1499 2887 1744 2946 cogatur,
1776 2880 1878 2936 nisi
1920 2882 2021 2937 hoc
2067 2899 2132 2938 ex

567 2956 808 3023 synodali
865 2961 1224 3027 permissione
1254 2962 1459 3022 fecerit.
1496 2967 1561 3023 l6
1586 2980 1771 3027 autem
1817 2988 1988 3029 canon
2024 2976 2135 3030 An-

564 3046 833 3104 tioclienze
875 3065 997 3122 syn.
1027 3054 1175 3122 dicit,
1207 3072 1328 3112 eum
1367 3061 1740 3132 rejiciendum,
1796 3069 1887 3137 qui
1928 3069 2134 3139 absque

2258 946 2349 991 τος
2368 946 2383 962 ο
2412 932 2505 986 τοῦ
2532 931 2664 1002 γοῦν
2688 933 2930 988 τοιούτου
2959 937 3327 993 ἐπιτείνεσθαι
3357 939 3569 994 κελεύει
3596 944 3624 995 ό
3653 941 3835 997 κανὼν

2257 1020 2351 1073 τὸν
2379 1022 2700 1093 ἀφορισμόν.

2255 1112 2479 1169 ΔΡΙΣΤ.
2546 1114 2599 1169 '0
2638 1116 2745 1172 τὸν
2782 1116 3120 1189 ἀφορισμὸν
3161 1117 3549 1192 ψευσάμενος
3591 1122 3835 1177 άδεκτό-

2946 1230 3145 1281 τατος.

2324 1297 2395 1350 Εἴ
2431 1316 2515 1364 τις
2557 1302 2709 1373 παρὰ
2742 1303 2838 1358 τοῦ
2883 1305 3015 1360 ίδίου
3058 1308 3357 1363 ἐπισκόπου
3399 1310 3694 1383 άφορισθῇ,
3732 1312 3831 1366 καὶ

2251 1384 2501 1442 ἀπελθὼν
2525 1392 2605 1454 είς
2628 1392 2819 1464 ἕτερον
2844 1396 3141 1450 ιπίσκοπον
3162 1398 3360 1468 κρύψει
3381 1399 3472 1453 τὸν
3497 1400 3825 1471 άφορισμὸν,

2250 1479 2345 1532 καὶ
2376 1483 2505 1553 παρ’
2529 1482 2739 1538 ἐκείνου
2770 1488 3125 1560 προσδεχθείη
3148 1531 3161 1554 ,
3196 1490 3551 1546 ἑπιτεινέσθω
3576 1493 3606 1546 δ
3631 1494 3827 1563 ἀφορι-

2250 1570 2385 1639 opto;
2415 1573 2584 1644 αὐτῷ,
2616 1575 2692 1640 ὡς
2719 1568 3048 1652 ψευσαμένῳ
3074 1581 3169 1635 καὶ
3196 1583 3540 1655 άπατήσαντι
3566 1586 3665 1657 τὴν
3692 1590 3821 1644 Ἐκ-

2248 1662 2475 1735 κλησῖαν
2500 1667 2595 1721 τοῦ
2624 1669 2781 1726 Θεοῦ.

2450 1820 2455 1823 τ
2844 1765 3083 1820 ΚᾹΝΩΝ
3118 1765 3217 1821 1Δ¹.

2258 1848 2631 1909 Ἐπίσκοπον
2652 1855 2740 1925 μὴ
2775 1856 3024 1926 ἐξεῖναι,
3057 1861 3507 1930 καταλείψαντα
3536 1862 3649 1932 τὴν
3678 1866 3819 1920 ἐαυ-

2314 1944 2420 1998 τοῦ
2445 1949 2784 2014 παροικίαν,
2809 1949 2977 2017 ἑτέρᾳ
3000 1951 3322 2022 ἐπιπηδᾷν,
3348 1954 3464 2007 κᾶν
3484 1956 3604 2010 ὑπὸ
3627 1959 3825 2011 πλειό-

2312 2052 2435 2091 νων
2466 2039 2865 2110 ἀναγκάζηται
2885 2083 2900 2109 ,
2944 2046 2995 2097 si
3027 2044 3112 2113 μή
3145 2064 3235 2112 τις
3271 2047 3523 2117 εὔλογος
3558 2051 3716 2103 αἷτία
3746 2045 3817 2121 ἦν

2311 2130 2492 2185 τοῦτο
2534 2133 2861 2205 ,ϐιαζομένῃ
2908 2138 3098 2192 αὑτὸν
3138 2139 3355 2201 ποιεῖν,
3401 2140 3481 2207 ὡς
3530 2142 3722 2196 πλέον
3763 2161 3821 2199 τι

2311 2220 2525 2290 κέρδος
2555 2222 2900 2294 δυναμένου
2936 2227 3123 2283 αὐτοῦ
3150 2230 3279 2297 τοῖς
3309 2230 3507 2286 ἐκεῖσε
3536 2234 3696 2302 λόγῳ
3724 2236 3822 2289 εὐ-

2308 2316 2550 2381 σεϐείας
2585 2318 3048 2386 συμϐάλλεσθαι
3070 2338 3085 2354 ο
3122 2322 3225 2379 καὶ
3257 2322 3433 2379 τοῦτο
3465 2324 3535 2378 δὲ
3566 2327 3677 2380 οὐκ
3715 2326 3820 2396 ἀφ’

2308 2403 2547 2472 ἑαυτοῦ,
2590 2407 2753 2461 ἀλλὰ
2798 2410 2989 2476 κρίσει
3036 2409 3288 2467 πολλῶν
3322 2411 3674 2468 ἐπισκόπων
3714 2415 3815 2473 καί

2308 2498 2688 2566 παρακλήσει
2716 2500 2995 2571 μεγίστῃ.

2310 2589 2507 2645 ΒΑΛΣ.
2549 2588 2608 2644 ’0
2659 2592 2757 2661 μὲν
2806 2593 2997 2663 παρὼν
3060 2595 3125 2649 ιδ’
3168 2597 3351 2653 κανὼν
3390 2598 3684 2672 διορίζεται
3733 2600 3811 2675 μὴ

2235 2683 2380 2755 ἔχειν
2408 2683 2495 2738 ἐπ’
2523 2684 2707 2748 ἀδείας
2736 2685 3033 2741 ἐπίσκοπον
3063 2691 3127 2742 ἐκ
3152 2690 3248 2761 τῆς
3278 2690 3477 2747 ἑαυτοῦ
3519 2694 3808 2765 παροικίας

2234 2776 2317 2838 είς
2347 2776 2540 2845 ἑτέραν
2570 2775 2861 2848 ἐπιπηδᾷν.
2894 2776 2997 2832 κᾶν
3021 2778 3289 2847 ὠφελείας
3336 2781 3495 2851 χάριν
3535 2784 3630 2837 τοῦ
3674 2784 3809 2838 λαου

2232 2867 2391 2921 τοῦτο
2432 2870 2582 2939 ποιῇ,
2643 2868 2750 2923 κᾶν
2793 2869 2899 2923 ὑπὸ
2944 2868 3035 2924 τοῦ
3082 2871 3326 2942 πλήθους
3369 2875 3471 2945 τῆς
3518 2876 3809 2947 ἀλλοτρίας

2233 2957 2448 3024 ὲνορίας
2487 2961 2566 3022 είς
2597 2958 2756 3012 τοῦτο
2793 2958 3167 3032 παραϐιασθῇ,
3200 2962 3249 3014 εί
3295 2963 3370 3033 μὴ
3395 2964 3644 3037 συνοδικῇ
3682 2966 3810 3020 ἐπι-

2232 3050 2407 3119 τροπῇ
2434 3048 2593 3102 τοῦτο
2622 3049 2872 3119 ποιήσει’
2912 3051 2942 3102 ὁ
2987 3050 3044 3104 δὲ
3100 3048 3175 3116 ις’
3221 3053 3403 3109 κανὼν
3431 3053 3531 3126 τῆς
3581 3056 3640 3111 ἐν
3685 3057 3812 3110 ’Λν-

565 3142 806 3211 synodali
841 3146 1106 3201 sententia
1141 3161 1420 3208 vacantem
1446 3157 1732 3213 ecclesiam
1765 3160 2012 3231 arripuit.
2049 3160 2127 3216 Tu

2233 3139 2445 3212 τιοχείᾳ
2491 3140 2734 3206 συνόδου,
2784 3140 3091 3213 ἀπόϐλητον
3140 3139 3278 3197 εῐναι
3317 3143 3465 3213 λέγει
3523 3147 3616 3200 τὸν
3668 3149 3801 3203 άνευ

564 3240 741 3287 autem
770 3235 911 3292 scias
935 3279 950 3305 ,
985 3239 1125 3309 quod
1155 3240 1282 3298 licet
1312 3258 1550 3313 praesens
1582 3247 1649 3302 14
1688 3266 1861 3309 canon
1893 3252 2126 3321 apostol.

562 3342 672 3382 non
713 3331 865 3397 punit
903 3346 1026 3387 eum
1077 3333 1169 3402 qui
1221 3335 1375 3392 docet
1411 3348 1563 3394 extra
1600 3356 1755 3397 suam
1803 3343 2085 3400 dioecesim
2111 3354 2141 3412 ,'

562 3418 653 3472 alii
682 3429 856 3477 tamen
890 3422 1088 3479 diversi
1119 3440 1355 3482 canones
1386 3443 1499 3494 eos,
1539 3430 1631 3500 qui
1665 3442 1818 3487 extra
1848 3435 2127 3492 dicecesim

560 3511 763 3582 aliquid
796 3518 1130 3573 sacerdotale
1154 3533 1433 3591 exercent,
1458 3522 1781 3593 depositioni
1806 3528 2126 3598 subjiciunt.

560 3607 940 3665 Cbaracterem
996 3624 1177 3668 autem
1236 3616 1366 3671 dare
1395 3626 1547 3673 extra
1602 3619 1916 3686 dimcesim,
1971 3624 2129 3695 jussu

562 3699 915 3766 imperatorio
947 3706 1270 3774 permissum
1310 3717 1413 3783 est.
1444 3708 1675 3775 Quidam
1708 3720 1885 3768 autem
1922 3726 2128 3771 metro-

557 3791 849 3860 politantts,
897 3794 987 3863 qui
1043 3794 1094 3849 in
1140 3797 1511 3867 compluribus
1564 3800 1679 3856 suis
1726 3804 2128 3875 episc0patibus

557 3892 751 3951 praeter
780 3883 1155 3954 episcoporum
1188 3888 1518 3945 voluntatem
1556 3891 1841 3969 docuerat,
1874 3905 1929 3952 et
1952 3913 2119 3953 accu-

556 3975 799 4042 sabatur,
828 3978 1184 4047 respondebat
1212 3980 1419 4046 dicens,
1448 3981 1651 4052 justum
1684 4000 1789 4041 non
1819 4001 1939 4043 esse
1971 3998 2030 4044 ut
2058 4005 2124 4047 ex

554 4081 621 4121 eo
650 4067 960 4134 laederetur,
994 4072 1136 4141 quod
1180 4082 1236 4127 et
1279 4075 1628 4145 episcopatus
1655 4077 1766 4133 sint
1810 4080 1863 4134 in
1896 4096 1989 4136 sua
2024 4097 2123 4152 po-

555 4167 772 4224 testate,
801 4169 857 4214 et
881 4161 1022 4230 quod
1057 4175 1296 4230 przesens
1324 4177 1499 4219 canon
1530 4165 1578 4220 ei
1622 4181 1838 4235 poenam
1866 4186 1976 4226 non
2028 4173 2125 4229 im-

553 4261 741 4320 ponat,
779 4264 827 4307 et
864 4253 1005 4322 quod
1034 4270 1137 4308 non
1168 4255 1240 4309 sit
1284 4254 1422 4311 forte
1460 4273 1654 4314 munus
1677 4261 1981 4332 episcopale
2023 4265 2127 4322 do-

552 4356 697 4404 cere,
748 4344 828 4396 vel
875 4342 1005 4398 dare
1043 4343 1443 4414 characterem;
1473 4363 1593 4418 qua:
1636 4352 1855 4421 quidem
1905 4370 2117 4427 magnre

553 4435 760 4502 synodo
794 4451 898 4490 non
950 4434 1293 4506 placuerunt.
1334 4437 1471 4494 Nota
1503 4456 1631 4513 ergo
1656 4460 1777 4513 qua;
1821 4446 1873 4500 in
1922 4446 2025 4503 hoc
2053 4450 2121 4505 H

554 4541 765 4583 canone
810 4537 933 4583 sunt
983 4529 1211 4599 scripta,
1258 4541 1516 4600 prazterea
1552 4550 1698 4604 vero,
1732 4553 1850 4607 quae
1883 4541 1934 4595 in
1969 4557 2120 4597 com-

555 4618 824 4672 mentario
850 4617 900 4672 in
933 4618 1003 4673 20
1026 4635 1235 4676 canone
1268 4626 1455 4694 synodi
1504 4627 1554 4682 in
1587 4627 1771 4685 Trullo
1813 4631 1941 4687 alibi
1997 4644 2124 4689 sunt

550 4720 831 4776 annotata,
866 4712 934 4767 de
958 4727 1023 4767 eo
1050 4713 1303 4784 episcopo
1340 4718 1431 4786 qui
1469 4728 1619 4774 extra
1655 4721 1854 4779 limites
1891 4741 2003 4782 suae
2034 4743 2121 4783 rc-

547 4797 724 4865 gionis
752 4798 1017 4867 docuerit,
1050 4815 1212 4873 atque
1242 4814 1530 4864 utrumuue
1564 4824 1826 4868 canonem
1859 4817 2115 4876 concilia.

1025 5069 1207 5127 Altera
1242 5074 1629 5145 interpretatio.

619 5160 696 5216 Ex
741 5161 839 5217 hoc
870 5164 1117 5234 prementi
1152 5164 1218 5219 ﬂ
1260 5180 1465 5223 canone
1510 5170 1932 5241 deprehenditur
1973 5178 2116 5245 quod

543 5264 720 5311 astuta
760 5256 1003 5325 episcopi
1051 5255 1275 5332 alicujus
1322 5259 1389 5315 de
1436 5263 1674 5331 parmcia
1718 5264 1770 5320 in
1817 5270 2112 5334 parm-ciam

541 5350 791 5406 transitio
811 5352 1536 5410 condemnatur.'l‘ranslatio
1557 5365 1735 5410 autem
1769 5357 1908 5413 bona
1933 5362 2109 5429 gratia

536 5437 744 5511 justam
781 5440 850 5496 ob
878 5456 1095 5498 causam
1149 5458 1400 5514 magnam
1440 5453 1496 5501 et
1541 5447 1608 5502 ad
1648 5446 1901 5516 pietatem
1943 5450 2113 5506 stabi-

2235 3231 2521 3305 συνοδικῆς
2548 3232 2776 3304 γνώμης
2837 3234 3240 3303 ὑφαρπάσαντα
3289 3235 3659 3307 σχολάζουσαῦ
3705 3245 3807 3295 ὲκ-

2232 3325 2484 3397 κλησίαν.
2546 3326 2620 3382 Σὺ
2676 3325 2733 3380 δὲ
2790 3324 2901 3380 ἴσθι
2948 3326 3049 3391 ὅτι,
3087 3327 3193 3382 κᾶν
3220 3329 3248 3382 ό
3293 3328 3487 3398 παρὼν
3521 3330 3586 3384 ιδ’
3622 3333 3805 3388 κανὼν

2231 3419 2588 3483 άποστολικδς
2615 3418 2676 3473 οὐ
2701 3418 2924 3485 κολάζει
2948 3420 3039 3474 τὸν
3072 3420 3205 3490 παρ’
3228 3421 3441 3492 ὲνορίαν
3456 3423 3801 3493 διδάσκοντα,

2230 3509 2346 3565 ἀλλ’
2371 3510 2550 3583 ἕτεροι
2582 3511 2832 3589 διάφοροι
2862 3512 3086 3577 κανόνες
3112 3512 3239 3577 τοὺς
3263 3516 3398 3586 παρ’
3432 3515 3647 3586 ἑνορίαν
3680 3518 3809 3575 ἑπι-

2232 3602 2499 3657 σκοπικόν
2552 3620 2606 3657 τι
2643 3604 3055 3675 ὲνεργήσαντας
3082 3605 3404 3678 καθαιρέσει
3455 3609 3807 3667 καθυποδάλο

2229 3696 2406 3751 λουσι.
2451 3698 2525 3751 Τὸ
2566 3697 2623 3751 δὲ
2685 3716 2705 3750 ι
2752 3696 2883 3768 παρ’
2917 3697 3133 3768 ἑνορίαν
3171 3716 3190 3752 ι
3252 3700 3614 3773 σημειοῦσθαι
3657 3706 3805 3761 κατὰ

2228 3788 2531 3861 πρόσταξιν
2570 3789 2861 3863 βασιλικὴν
2908 3790 3315 3865 ὲκκεχὼρηται.
3380 3791 3803 3869 Μητροπολίτης

2225 3882 2285 3937 δέ
2312 3900 2398 3949 τις
2435 3884 2516 3947 είς
2555 3883 2861 3949 ὲπισκοπάς
2885 3883 3051 3939 αὑτοῦ
3079 3884 3373 3957 διαφόρους
3390 3886 3613 3952 διδάξας
3642 3890 3797 3960 παρά

2225 3974 2452 4045 γνώμην
2474 3974 2585 4029 τῶν
2610 3975 2951 4044 ἐπισκόπων,
2990 3976 3088 4031 καὶ
3111 3976 3458 4048 αἰτιώμενος,
3493 3978 3797 4035 ἐδικαιολο-

2224 4065 2375 4131 γεῖτο
2415 4062 2489 4136 μὴ
2523 4063 2761 4134 ὀφείλειν
2803 4064 3225 4137 παραδλαδῆναι
3254 4065 3344 4121 διά
3365 4084 3425 4121 τε
3454 4068 3517 4121 τὸ
3548 4069 3653 4123 ὑπὸ
3691 4069 3795 4141 τὴν

2223 4156 2473 4221 ἐξουσίαν
2497 4156 2659 4211 αὑτοῦ
2689 4155 2829 4213 εἶναι
2867 4160 2967 4223 τὰς
2999 4161 3329 4227 ὲπισκοπὰς,
3373 4162 3461 4216 διά
3509 4180 3569 4218 τε
3615 4164 3677 4219 τὸ
3718 4166 3796 4238 μὴ

2222 4250 2530 4319 ἐπάγεσθαι
2580 4250 2803 4305 κόλασιν
2861 4252 2970 4306 ὑπὸ
3002 4252 3098 4306 τοῦ
3141 4254 3411 4326 παρόντος
3460 4257 3688 4322 κανόνος
3714 4258 3795 4329 τῷ

2223 4340 2469 4410 τοιούτῳ,
2507 4341 2600 4395 καὶ
2630 4340 2719 4394 διὰ
2744 4340 2806 4394 τδ
2832 4341 2907 4412 μὴ
2935 4336 3074 4397 εἶναι
3105 4342 3246 4412 τάχα
3286 4345 3651 4402 ὲπισκοπικδν
3678 4348 3796 4403 λει-

2222 4430 2510 4503 τούργημα
2535 4431 2595 4484 τὸ
2620 4430 2834 4497 διδάξαι
2859 4430 2893 4502 ἢ
2916 4431 3358 4501 σημειώσασθαι,
3389 4434 3533 4507 άπερ
3561 4441 3629 4510 τῇ
3693 4457 3791 4509 με.

2225 4524 2367 4594 γάλῃ
2396 4522 2597 4594 συνόδῳ
2626 4522 2726 4577 οὐκ
2750 4523 3009 4594 ἤρεσκον.
3033 4522 3348 4594 Σημείωσαι
3377 4521 3472 4580 οὖν
3524 4529 3591 4583 τὰ
3622 4531 3681 4582 ἐν
3707 4530 3788 4600 τῷ

2218 4615 2446 4686 παρόντι
2479 4613 2538 4669 ιδ’
2569 4613 2758 4669 κανόνι
2787 4615 3074 4686 γραφέντα
3097 4632 3112 4647 ’
3153 4616 3291 4686 πρὸς
3319 4617 3376 4671 δὲ
3407 4620 3502 4673 καὶ
3524 4621 3593 4675 τά
3633 4623 3689 4676 ὲν
3708 4624 3787 4696 τῷ

2217 4714 2265 4761 κ’
2296 4707 2479 4761 κανόνι
2513 4707 2614 4778 τῆς
2655 4711 2713 4762 ὲν
2761 4707 2839 4779 τῷ
2869 4708 3125 4781 Τρούλ).ῳ
3181 4710 3423 4777 συνόδου,
3460 4712 3663 4779 ἔξωθεν
3690 4717 3789 4789 ἑρ-

2221 4800 2562 4872 μηνευθέντα
2590 4802 2721 4872 περὶ
2776 4801 2870 4855 τοῦ
2900 4800 3211 4865 διδάξαντος
3246 4803 3544 4859 ἐπισκόπου
3570 4808 3651 4871 είς
3686 4810 3788 4862 άλ-

2217 4891 2438 4963 λοτρίαν
2473 4891 2713 4963 ὲνορίαν,
2743 4891 2840 4947 καὶ⁹
2883 4891 3226 4962 συμδίδασον
3259 4892 3429 4964 ἄμφω
3457 4897 3581 4962 τοὺς
3629 4900 3785 4953 κανό-

2222 5007 2342 5054 νας.

2653 5078 2858 5147 Ἑτέρα
2893 5076 3172 5146 ἑρμηνεία
3207 5080 3343 5150 (25).

2302 5174 2435 5228 Ἀπὸ
2479 5172 2573 5226 τοῦ
2602 5171 2874 5238 παρόντος
2912 5168 2974 5224 ιδ’
3016 5171 3244 5233 κανόνος
3295 5171 3788 5243 καταλαμϐάνεται

2215 5266 2299 5320 ὅτι
2328 5265 2362 5335 ἡ
2390 5264 2490 5334 μὲν
2521 5259 2901 5332 κακεντρεχὴς
2950 5260 3284 5331 ἑπιπήδησις
3332 5260 3439 5313 άπὸ
3493 5265 3788 5332 παροικῖας

2218 5360 2297 5421 είς
2313 5356 2606 5427 παροικίαν
2638 5354 2939 5408 ἐπισκόπου
2979 5352 3125 5415 τινος
3158 5352 3551 5423 κατακρίνεται
3576 5370 3590 5385 υ
3632 5357 3664 5426 ἠ
3726 5358 3785 5411 δὲ

2217 5448 2482 5520 γινομένη
2511 5443 2802 5519 μετάθεσις
2828 5443 3015 5514 χάριτι
3054 5441 3233 5512 ἀγαθῇ
3259 5442 3324 5494 δι’
3356 5441 3576 5511 εὔλογον
3613 5445 3792 5514 μετά-

1786 5563 1948 5629 Guil.
1994 5562 2317 5642 Beveregii
2365 5568 2554 5623 notua.
3142 5626 3143 5629 η

615 5661 730 5733 (‘25)
764 5663 959 5737 Ἑτέρα
986 5664 1290 5736 ἑρμηνεία.
1313 5664 1505 5737 Totam
1537 5664 1676 5737 banc
1705 5666 1930 5722 alteram
1956 5668 2111 5737 hujus
2217 5666 2404 5721 codice
2438 5672 2640 5737 autem,
2673 5676 2835 5737 que_m_
2856 5659 3155 5737 Gentianus
3184 5659 3451 5737 Heraeum
3485 5661 3782 5737 transtulit,

539 5735 765 5790 canonis
844 5734 1350 5803 intemrctationem
1424 5735 1476 5787 in
1537 5734 1816 5802 impressis
1880 5734 2108 5794 anteliac

540 5805 928 5874 desideratam,
962 5821 1064 5863 ms.
1100 5805 1399 5864 Bodleiano
1429 5815 1704 5876 acceptam
1756 5805 2001 5866 ferimus.
2050 5806 2105 5864 In

2215 5739 2411 5806 partim
2439 5726 2715 5812 descripta
2764 5733 2900 5812 fuit;
2947 5732 3089 5812 unde
3130 5739 3184 5784 et
3217 5726 3396 5812 latina
3446 5726 3570 5812 ejus
3604 5726 3786 5792 versid

2212 5799 2354 5865 inter
2385 5799 2757 5877 supplementa
2795 5802 2861 5858 ad
2895 5800 3106 5873 priores
3129 5799 3343 5858 codices
3366 5804 3565 5855 exstat.
