4054 6494
165 435 236 495 65
1438 427 1520 490 IN
1563 425 1732 490 CAN.
1763 427 1784 486 1

1888 425 1897 437 ’
1922 423 2178 486 APOST.
3367 413 3437 480 (76

170 555 269 620 λην
301 550 484 603 αἰτίαν
519 545 617 602 καὶ
650 544 957 618 στηριγμδν
983 545 1081 615 τῆς
1131 543 1419 605 εὐσεϐείας
1476 544 1616 613 μετά
1659 559 1758 612 με-

1888 540 2096 594 ieudam
2131 537 2362 592 maxima
2411 536 2789 606 episcoporum
2827 532 3118 589 multorum
3170 532 3436 588 adhorta-

171 647 370 715 γίστης
402 642 812 712 παρακλήσεως
845 640 1166 694 ἐπισκόπων
1199 637 1412 692 πολλῶν
1453 636 1755 707 ἐπιτρέπε-

173 757 285 792 ται.
348 737 504 792 Ἐπεὶ
539 736 597 788 δὲ
629 734 852 802 λέγουσί
875 751 1020 796 τινες
1052 730 1188 801 μηδὲ
1220 732 1329 786 ἀπὸ
1365 729 1458 783 τοῦ
1485 729 1759 800 παρόντος

177 831 404 892 κανόνος
429 828 828 898 ἐπιτρέπεσθαι
849 827 948 897 τὴν
981 825 1292 896 μετάθεσιν,
1325 824 1460 879 ἀλλά
1501 821 1760 894 καιρικὴν

179 925 523 998 μετάκλησιν
551 923 856 977 ἐπισκόπου
901 921 1059 991 χάριν
1096 919 1447 981 διδασκαλίας
1475 921 1536 972 ἐκ
1563 918 1758 971 τούτου

179 1018 604 1088 ἀναφαίνεσθαι,
655 1015 1053 1070 ἀκουσάτωσαν
1091 1012 1176 1065 ὅτι
1216 1010 1312 1064 τοῦ
1357 1011 1582 1074 κανόνος
1652 1025 1764 1062 τοι·

178 1112 340 1166 οὖτόν
364 1129 418 1163 τι
464 1109 541 1180 μὴ
563 1109 817 1175 λέγοντος
847 1106 1009 1158 πόθεν
1036 1103 1193 1160 αὐτοὶ
1221 1103 1380 1157 τοῦτο
1428 1100 1762 1172 προϐάλλον-

175 1224 300 1269 ταις
339 1201 466 1258 εἶτα
499 1205 594 1256 καὶ
625 1203 754 1254 ποία
781 1199 1019 1269 ὠφέλεια
1050 1199 1126 1267 τῷ
1145 1196 1259 1266 λαῷ
1288 1197 1388 1266 τῆς
1422 1192 1765 1266 χηρευούστ,ς

180 1298 490 1368 ἐκκλησίας
521 1295 714 1365 ἔμελλε
745 1291 1003 1361 γενέσθαι
1038 1291 1144 1344 ἀπὸ
1167 1288 1516 1350 διδασκαλίας
1540 1289 1767 1341 ἐπισκό-

182 1410 286 1446 που
321 1390 477 1454 ἅπαξ
505 1390 538 1461 ἢ
577 1390 672 1440 καὶ
707 1388 788 1450 δὶς
820 1387 852 1456 ἢ
893 1385 990 1439 καὶ
1024 1386 1116 1438 ἐπὶ
1140 1383 1350 1454 χρόνων
1381 1381 1566 1451 ρητῶν
1620 1380 1768 1434 διδά-

189 1485 382 1547 ξαντος
420 1483 480 1532 ἐν
509 1480 674 1548 αὐτῇ,
727 1478 894 1548 μηδὲν
920 1475 976 1528 δέ
1028 1492 1082 1526 τι
1139 1474 1329 1544 ἓτερον
1377 1471 1766 1544 ἀρχιερατικὸν

187 1574 588 1642 ἐνεργήσαντος
613 1572 672 1623 ἐν
699 1569 896 1640 ταύτῃ,
921 1567 1062 1620 ὥστε
1101 1566 1354 1636 γενέσθαι
1389 1567 1488 1635 τὴν
1507 1563 1767 1632 τοιαύτην

190 1666 531 1734 μετάκλησιν
581 1662 719 1734 μετὰ
793 1660 1033 1731 μεγάλης
1100 1657 1505 1729 παρακλήσεως
1558 1656 1768 1710 πολλῶν

189 1759 511 1812 ἐπισκόπων
529 1773 544 1786 ο
566 1754 724 1825 εἴπερ
752 1755 854 1808 οὐκ
882 1753 1107 1824 ἔμελλεν
1138 1754 1166 1804 ό
1190 1749 1551 1822 μετακληθεὶς
1578 1747 1769 1819 δικαίῳ

1863 633 2011 687 tione
2043 629 2181 685 facta
2223 630 2577 701 permittitur.
2614 628 2878 695 Quoniam
2909 643 3037 684 vero
3068 628 3258 683 dicunt
3295 644 3434 682 non-

1863 723 1998 778 nulli
2033 738 2131 778 nec
2161 723 2360 778 ab‘hoc
2389 721 2642 792 praesenti
2679 736 2885 776 canone
2924 721 3162 790 permitti
3192 720 3430 774 transla-

1865 815 2090 877 tionem,
2123 814 2217 869 sed
2239 822 2444 867 tantum
2469 814 2707 883 episcOpi
2737 812 2804 866 ad
2836 822 3045 881 tempus
3067 812 3438 866 evocationem

1863 906 2094 962 docendi
2131 906 2299 976 gratia
2333 921 2398 959 ex
2453 922 2516 960 eo
2547 920 2828 975 apparere,
2867 908 3110 968 audiant,
3142 906 3286 975 quod
3336 904 3440 958 hoc

1865 1014 2071 1053 canone
2109 997 2242 1052 nihil
2278 998 2582 1065 hujustuodi
2608 997 2822 1052 dicente
2857 997 2999 1051 unde
3042 998 3141 1066 ipsi
3181 998 3282 1051 hoc
3314 1013 3440 1065 pro-

1866 1090 2081 1146 ferunt?
2109 1090 2309 1145 Deinde
2342 1101 2396 1143 et
2433 1106 2679 1159 qumnam
2701 1090 2948 1145 vacantis
2971 1089 3214 1144 ecclesiae
3244 1090 3442 1158 populo

1866 1187 2049 1240 futura
2077 1194 2158 1240 est
2197 1183 2402 1238 utilitas
2429 1198 2459 1236 ε
2489 1185 2737 1238 doctrina
2769 1183 3006 1253 episc0pi
3040 1183 3209 1237 semel
3240 1183 3320 1236 vel
3356 1183 3439 1235 bis

1867 1279 1952 1332 vel
1982 1288 2036 1334 et
2063 1278 2226 1332 dictis
2257 1277 2586 1346 temporibus
2623 1277 2866 1332 docentis
2899 1277 2952 1328 iu
2981 1292 3042 1329 ea
3067 1316 3080 1340 ,
3109 1274 3202 1330 sed
3235 1275 3437 1328 nullum

1871 1371 2017 1426 aliud
2049 1371 2309 1426 antistitis
2341 1386 2536 1424 munus
2561 1371 2612 1424 in
2645 1385 2706 1424 ea
2733 1370 3060 1432 exercentis,
3087 1379 3144 1421 ut
3173 1366 3439 1437 ejusmodi

1869 1467 2116 1520 evocatio
2138 1480 2257 1520 cum
2291 1480 2488 1534 magna
2513 1465 2892 1533 episcoiiorum
2927 1464 3213 1518 multorum
3245 1463 3446 1516 adhor-

1871 1563 2077 1617 tatione
2131 1560 2321 1615 ﬁeret?
2356 1560 2415 1614 Si
2462 1559 2678 1629 quident
2723 1567 2981 1613 evocatus
3017 1558 3138 1626 jure
3185 1555 3447 1610 antistitis

1872 1671 1978 1710 non
2022 1655 2278 1710 docturus
2314 1663 2481 1714 esset,
2534 1666 2634 1708 nec
2678 1652 2947 1720 indigeret
2995 1652 3289 1705 multorum
3332 1648 3449 1718 epi-

1872 1762 2160 1816 scoporqu
2201 1746 2603 1809 adhortatione,
2634 1746 2810 1816 potuit
2838 1745 2982 1798 enim
3010 1751 3064 1797 et
3093 1741 3238 1797 solus
3273 1742 3447 1810 pieta-

189 1848 575 1920 ἀρχιερατικῷ
603 1847 834 1912 διδάξαι,
860 1847 961 1899 οὐκ
983 1843 1179 1915 ἐδεήθη
1231 1845 1299 1898 ἂν
1362 1842 1768 1915 παρακλήσεως

1888 1853 1982 1897 Lem
2028 1839 2343 1910 praedicare.
2378 1837 2683 1893 Praesertim
2725 1848 2902 1890 autem
2934 1836 3024 1906 qui
3063 1835 3164 1889 hoc
3194 1834 3324 1888 dicit
3353 1847 3448 1888 ac-

190 1941 407 1993 πολλῶν
435 1940 781 1993 ἐπισκόπων·
813 1937 1039 1991 ἐδύνατο
1071 1936 1180 2008 γάρ
1209 1936 1302 1990 καλ⁵
1336 1935 1497 2006 μόνος
1533 1935 1771 2006 κηρύξαι

189 2034 289 2104 τὴν
317 2033 632 2086 εὐσέϐειαν.
666 2030 879 2094 Ἄλλως
908 2047 967 2083 τε
994 2031 1022 2084 ὁ
1060 2029 1218 2082 τοῦτο
1244 2028 1422 2098 λέγων
1475 2031 1777 2099 κατηγορεῖ

191 2128 288 2181 καὶ
316 2126 418 2180 τοῦ
467 2126 703 2196 μεγάλου
732 2125 772 2177 Γ
777 2123 1038 2196 ρηγορίου
1070 2121 1162 2176 τοῦ
1191 2121 1478 2190 Θεολόγου,
1542 2124 1637 2176 καὶ
1678 2123 1772 2177 τοῦ

193 2220 353 2288 ἁγίου
387 2219 638 2288 Πρόκλου
670 2219 763 2270 καὶ
787 2217 991 2288 ἐτέρων
1022 2215 1238 2268 πολλῶν
1282 2215 1394 2287 (26)
1448 2217 1776 2285 ἁγιωτάτων

193 2311 558 2382 πατριαρχῶν
590 2308 999 2380 μετατεθέντων
1030 2308 1136 2361 ἀπὸ
1182 2309 1385 2379 ἐτέρων
1444 2308 1650 2380 θρόνων
1697 2310 1776 2374 είς

193 2407 288 2459 τὸν
323 2409 424 2476 τῆς
465 2402 1090 2472 Κωνσταντινουπόλεως
1121 2402 1154 2471 ἢ
1183 2402 1277 2456 καὶ
1314 2405 1396 2466 είς
1424 2405 1670 2474 ἐτέρους,
1701 2403 1777 2468 ὡς

196 2499 435 2562 ἀναξίως
474 2496 908 2567 ἱερουργούντων
940 2495 1081 2566 μετά
1120 2495 1436 2566 μετάθεσιν,
1465 2497 1604 2567 ὅπερ
1629 2497 1778 2550 ἐστὶν

179 2595 614 2660 ,άσύγγνωστον.

270 2687 523 2740 ΖΩΝΑΡ.
562 2685 822 2754 Διάφοροι
889 2684 1160 2739 συνοδικοὶ
1215 2683 1438 2745 κανόνες
1504 2682 1779 2736 κωλύουσι

196 2782 323 2842 τοὺς
375 2780 715 2843 ἐπισκόπους
774 2778 882 2832 ἀπὸ
927 2779 1035 2831 τῶν
1092 2777 1312 2832 οἰκείων
1345 2776 1652 2848 ἐκκλησιῶν
1700 2779 1781 2841 εἰς

198 2877 394 2944 ἐτέρας
431 2874 814 2944 μεταϐαίνειν*
839 2873 1073 2926 ἕκαστον
1103 2873 1214 2944 γάρ
1245 2875 1310 2944 τῇ
1346 2871 1591 2945 λαχούσῃ
1616 2872 1782 2927 αὐτὸν

199 2969 474 3039 ἐκκλησίᾳ
500 2968 759 3038 ἐμμένειν
798 2966 1195 3033 ὁιατάττονται,
1229 2966 1316 3020 ἴνα
1345 2966 1418 3036 μὴ
1456 2967 1593 3035 πρὸς
1616 2965 1782 3036 ἀλλή-

201 3064 320 3125 λους
355 3062 726 3125 στασιάζωσιν
753 3077 768 3092 ο
800 3061 901 3114 οὐκ
943 3060 1164 3114 ἐναντία
1218 3061 1400 3113 τοίνυν
1455 3061 1502 3112 oi
1556 3061 1783 3123 κανόνες

201 3155 586 3208 διατάττεσθαι
611 3152 1026 3224 λογισθήσονται
1049 3164 1066 3182 ⁸
1100 3151 1217 3205 ἀλλ’
1245 3152 1447 3205 ἐκεῖνοι
1485 3152 1585 3222 μὲν
1645 3151 1779 3221 περὶ

1876 1943 2027 1986 eusat
2062 1942 2115 1987 et
2146 1946 2396 2002 magnum
2419 1929 2738 2000 Gregorium
2763 1928 3097 1996 Tlteologum
3124 1936 3175 1980 et
3199 1933 3448 1980 sanctum

1876 2023 2150 2090 Proclum,
2184 2034 2240 2080 et
2268 2024 2405 2078 alios
2442 2024 2639 2078 multos
2667 2021 3041 2078 sanctissimos
3084 2020 3448 2090 patriarchas,

1876 2120 1966 2189 qui
2000 2118 2068 2173 ab
2115 2116 2236 2172 aliis
2291 2116 2503 2170 thronis
2553 2117 2618 2169 ad
2668 2112 3325 2182 Coustantiuopolitanutu
3369 2111 3452 2164 vel

1877 2215 2036 2270 etiam
2069 2213 2134 2266 ad
2160 2210 2293 2266 alios
2321 2210 2565 2266 translati
2595 2209 2762 2275 luere,
2794 2216 2852 2262 ut
2883 2207 3099 2278 indigne
3123 2216 3246 2277 post
3269 2218 3451 2261 trans-

1878 2305 2133 2360 lationem
2175 2318 2330 2359 sacra
2373 2309 2717 2374 peragentes,
2769 2301 2914 2372 quod
2955 2301 3109 2356 venia
3178 2309 3264 2356 est
3307 2300 3453 2355 indi-

1877 2415 2066 2472 gnum.

1953 2670 2204 2728 ZONAR.
2231 2668 2376 2725 Varii
2400 2681 2638 2723 canones
2661 2664 2902 2736 synodici
2931 2663 3212 2733 prohibent
3245 2661 3458 2730 episco-

1883 2781 1979 2837 pos
2006 2779 2035 2818 a
2085 2763 2198 2818 suis
2227 2759 2475 2817 ecclesiis
2507 2759 2558 2813 in
2594 2757 2729 2813 alias
2773 2758 3010 2827 migrare
3055 2773 3069 2810 :
3115 2755 3208 2810 sed
3257 2770 3456 2808 unum.

1883 2871 2156 2931 quemque
2191 2855 2451 2911 mandant
2478 2853 2531 2907 in
2571 2867 2656 2916 ea,
2685 2866 2803 2921 qua:
2835 2858 2983 2906 sorte
3031 2850 3134 2905 sibi
3187 2848 3455 2916 contigit,

1883 2951 2111 3008 ecclesia
2147 2962 2388 3011 manere,
2423 2960 2493 3001 ne
2517 2946 2816 3000 dissideant
2861 2945 3002 2998 inter
3045 2958 3125 2998 se.
3174 2940 3291 2996 Non
3339 2941 3461 2995 ideo

1885 3045 2157 3101 contraria
2191 3055 2429 3098 canones
2463 3038 2917 3094 existimabantur
2973 3033 3278 3091 instituisse
3311 3050 3326 3088 :
3363 3034 3460 3087 sed

1887 3139 1964 3195 illi
1993 3137 2210 3208 quidem
2248 3136 2417 3204 legem
2452 3140 2657 3202 ponunt
2686 3130 2979 3200 episcopis,
3019 3130 3085 3182 de
3114 3142 3219 3183 non
3244 3141 3462 3197 permu-

203 3253 295 3305 τοῦ
333 3253 408 3322 μὴ
442 3250 752 3320 διαμείϐειν
785 3250 884 3311 τάς
930 3246 1227 3317 ἐκκλησίας
1278 3249 1405 3308 τοὺς
1439 3248 1777 3308 ἐπισκόπους

1890 3232 2064 3287 taudis
2090 3229 2336 3286 ecclesiis
2365 3228 2520 3283 suis:
2548 3235 2602 3281 et
2633 3225 2738 3280 hoc
2785 3231 2989 3277 vetant.
3035 3221 3279 3276 Przesens
3330 3232 3462 3273 vero

206 3342 582 3413 νομοθετοῦσι,
642 3341 737 3393 καὶ
789 3339 948 3393 τοῦτο
1002 3337 1345 3392 κωλύουσιν·
1405 3339 1432 3390 ό
1477 3337 1533 3392 δὲ
1592 3337 1786 3408 παρὼν

211 3438 391 3491 κανὼν
455 3436 585 3505 περὶ
648 3433 742 3487 τού
802 3432 1020 3486 ἀπιέναι
1081 3432 1162 3495 είς
1215 3430 1408 3500 ἑτέραν
1465 3431 1784 3500 ἐκκλησίαν,

208 3533 401 3602 χρείας
469 3527 926 3597 κατεπειγούσης,
975 3525 1198 3594 διδαχῆς
1267 3524 1428 3595 χάριν
1485 3523 1788 3575 ἐπίσκοπον

209 3626 564 3692 διαλέγεται·
595 3624 728 3684 ἴσως
753 3621 860 3690 γὰρ
888 3621 916 3672 ὁ
947 3620 1049 3689 τῆς
1080 3616 1379 3686 ἐκκλησίας
1425 3615 1642 3684 ἐκείνης
1673 3616 1791 3667 ἐπί-

213 3735 419 3780 σκοπος
468 3715 530 3770 ού
570 3715 714 3768 πάνυ
749 3730 833 3765 τοι
881 3711 1019 3780 πρὸς
1076 3710 1136 3763 τὸ
1179 3708 1447 3762 διδάσκειν
1487 3708 1792 3777 ἐπιτήδειος

211 3812 366 3865 ἔσται
396 3826 410 3840 ·
437 3811 467 3862 ό
491 3808 548 3862 δέ
586 3803 1089 3876 προσκαλούμενος,
1137 3801 1298 3872 τυχὸν
1333 3800 1656 3870 λογιώτερος
1692 3799 1795 3866 ὢν,

213 3909 306 3960 καὶ
337 3904 480 3974 πρὸς
510 3900 743 3964 διάλεξιν
766 3897 1220 3968 ἐπιτηδειότερος,
1243 3895 1333 3948 διά
1359 3911 1410 3947 τι
1448 3894 1794 3963 συμϐεθηκὸς

213 3999 519 4066 ἀναγκαῖον
556 3994 621 4047 ἂν
661 3993 750 4061 εἴη
780 3995 848 4062 τῇ
877 3990 1034 4044 πόλει
1059 3990 1245 4060 ἐκείνη
1280 3988 1641 4058 ἐπιδημῆσαι.
1683 3986 1795 4041 Καὶ

216 4093 337 4144 τότε
359 4091 420 4144 δὲ
466 4088 542 4159 μὴ
571 4087 661 4156 ἀφ’
683 4083 882 4140 ἐαυτοῦ
913 4083 1155 4149 ἀπιέναι,
1203 4081 1338 4135 ἀλλὰ
1383 4080 1796 4150 προσκαλούμε-

217 4201 304 4238 wv
328 4185 358 4238 ὁ
383 4180 570 4237 κανὼν
609 4179 772 4234 αὑτὸν
805 4175 1054 4249 βούλεται
1086 4191 1100 4206 ⁸
1135 4175 1167 4245 ἢ
1202 4174 1405 4244 μᾶλλον
1429 4174 1612 4245 κρίσει
1670 4173 1799 4226 πολ-

216 4279 324 4332 λῶν
373 4273 694 4329 ἐπισκόπων
745 4268 1258 4341 παρακαλούμενον.
1325 4268 1389 4320 Οἱ
1446 4267 1629 4337 μέντοι
1690 4265 1798 4319 τῶν

215 4372 462 4426 συνόδων
491 4367 716 4428 κανόνες
739 4364 1117 4436 ἀποτρέπουσι
1153 4363 1330 4432 πάντη
1371 4360 1433 4414 τὸ
1480 4363 1544 4415 ἐκ
1602 4377 1799 4432 παροι-

215 4467 348 4528 κίας
400 4463 482 4525 εἰς
538 4459 708 4529 ἀλλην
754 4454 1071 4527 μεταπηδᾷν
1131 4455 1427 4524 παροικίαν
1477 4454 1795 4517 ἐπίσκοπον,

218 4559 314 4608 καὶ
346 4553 450 4623 τὴν
483 4551 702 4617 ἐκείνης
746 4546 1214 4618 ὲκκλησιαστικὴν
1265 4544 1615 4616 ὑφαρπάζειν
1665 4545 1802 4598 διοί-

217 4666 410 4721 κησιν,
450 4645 617 4714 κᾶνή
651 4641 921 4712 ἐκκλησία
964 4639 1150 4709 ἐκείνη
1210 4639 1420 4712 χηρεύη
1470 4640 1801 4707 ἐπισκόπου,

219 4744 366 4795 κατὰ.
395 4741 491 4792 τὸν
518 4734 595 4800 ιςῖ
618 4733 816 4788 κανόνα
833 4733 928 4803 τῆς
959 4733 1016 4784 ἐν
1047 4730 1344 4801 Ἀντιοχείᾳ
1373 4731 1614 4785 συνόδου.
1659 4732 1719 4785 '0
1747 4733 1803 4785 δὲ

221 4829 421 4902 παρὼν
468 4827 578 4882 τῶν
627 4827 799 4894 ἁγίων
851 4822 1169 4878 ἀποστόλων
1217 4821 1400 4875 κανὼν
1450 4824 1804 4894 προσκαίρως

221 4924 490 4981 ἀπελθεῖν
552 4920 850 4974 ἐπίσκοπον
910 4919 989 4980 είς
1037 4914 1206 4986 ἄλλην
1245 4917 1541 4984 παροικέαν
1581 4917 1804 4986 διδαχῆς

224 5019 388 5087 χάριν
421 5014 516 5067 καὶ
547 5009 862 5075 διαλέξεως,
881 5007 949 5060 δι’
979 5005 1252 5075 ὠφέλειαν
1278 5005 1370 5058 τοῦ
1419 5007 1597 5064 ἐκεῖσε
1647 5005 1801 5059 λαοῦ·

229 5110 328 5161 καὶ
377 5107 500 5159 τότε
552 5104 654 5157 οὐκ
702 5100 797 5169 ἀφ’
842 5099 1062 5165 ἐαυτοῦ,
1121 5098 1260 5152 ἀλλά
1325 5099 1806 5169 προσκαλούμενον

228 5203 328 5254 καὶ
355 5197 676 5266 ἀξιούμενον
706 5195 768 5247 οὑ
800 5194 1029 5248 κωλύει.

228 5291 460 5348 ΔΡΙΣΤ.
498 5293 700 5359 Θρόνῳ
723 5290 834 5342 οὐκ
856 5283 1256 5353 ἐπιπηδήσεις
1275 5284 1343 5338 ἐκ
1372 5285 1612 5353 θρόνου,
1643 5288 1693 5340 εὶ
1725 5287 1811 5357 μὴ

303 5383 433 5449 τοῖς
470 5379 601 5437 ἐκεῖ
619 5377 1142 5445 λυσιτελέστερος,
1183 5376 1263 5442 ὡς
1314 5373 1815 5431 διδασκαλικώτε-

1889 3340 2062 3380 canon
2100 3323 2338 3393 loquitur
2364 3321 2432 3376 de
2467 3319 2720 3390 episeopo
2753 3315 2867 3386 qui,
2901 3315 3026 3368 dum
3058 3313 3198 3380 cogit
3227 3311 3455 3376 utilitas,

1890 3419 2149 3474 doctrinae
2193 3414 2389 3483 gratia,
2436 3409 2800 3481 proﬁciscitur
2834 3409 2885 3462 in
2935 3407 3094 3462 aliam
3135 3405 3459 3470 ecclesiam;

1891 3513 2036 3568 illius
2070 3508 2214 3563 enim
2241 3504 2487 3561 ecclesia:
2512 3503 2796 3573 cpiscopus
2847 3498 3074 3555 forsitan
3123 3513 3228 3554 non
3274 3497 3466 3553 admo-

1891 3607 2017 3660 dum
2049 3603 2122 3657 sit
2148 3602 2374 3656 idoneus
2406 3597 2471 3651 ad
2503 3596 2805 3650 docendum
2843 3609 2858 3646 :
2898 3593 2994 3663 qui
3017 3599 3194 3646 autem
3233 3591 3466 3644 advoca-

1893 3708 2002 3764 tur,
2036 3697 2175 3752 forte
2216 3693 2289 3748 sit
2329 3689 2691 3761 eloquentior,
2734 3701 2798 3742 ac
2839 3685 3049 3740 dicendi
3083 3683 3336 3740 facultate
3385 3682 3470 3737 in-

1894 3790 2154 3846 structior
2188 3785 2370 3842 :unde
2417 3781 2680 3850 contingit
2717 3791 2776 3834 ut
2803 3793 3028 3846 necesse
3057 3777 3213 3832 silad
3238 3777 3383 3830 illam
3412 3789 3472 3830 se

1894 3881 2142 3938 conferat
2171 3876 2471 3932 civitatem.
2498 3873 2565 3927 Et
2597 3883 2724 3927 tunc
2752 3870 2968 3939 quidem
2995 3885 3098 3923 non
3123 3883 3220 3923 sua
3250 3875 3468 3936 sponte,

1897 3976 1992 4031 sed
2033 3982 2357 4035 evocatura,
2386 3967 2468 4022 vel
2521 3969 2702 4036 potius
2745 3963 3123 4033 episcoporum
3177 3960 3471 4014 multorum

1893 4067 2098 4140 judicio
2142 4061 2556 4125 commonitum,
2609 4071 2783 4112 canon
2829 4055 2944 4110 vult
2997 4053 3169 4108 abire.
3221 4052 3473 4108 Cauones

1900 4161 2058 4231 igitur
2091 4155 2415 4228 synodorum
2452 4164 2676 4223 prorsus
2704 4147 2951 4203 inhibent
2988 4146 3365 4216 episcoporum
3403 4144 3470 4197 de

1901 4249 2138 4324 partecia
2176 4248 2233 4302 in
2279 4245 2441 4300 aliam
2473 4240 2772 4299 ‘transilire
2829 4238 3148 4310 parmciam,
3199 4237 3476 4306 ipsiusque

1900 4339 2327 4400 ecclesiasticam
2353 4335 2630 4406 surripere
2653 4331 3204 4397 administrationem,
3225 4327 3476 4399 quamvis

1901 4454 1963 4495 ea
1999 4435 2163 4490 fuerit
2198 4432 2449 4502 episcopo
2481 4427 2698 4482 viduata
2733 4441 2746 4478 :
2767 4424 2923 4495 juxta
2951 4421 3223 4477 decimum
3254 4431 3473 4476 sextum

1907 4542 2169 4587 canonem
2197 4524 2388 4597 synodi
2413 4521 2786 4586 Antiochense,
2816 4529 3059 4588 praesens
3093 4525 3272 4568 autem
3305 4528 3478 4568 canon

1911 4631 2224 4679 sanctorum
2257 4615 2629 4688 apostolorum
2662 4627 2761 4682 pro
2790 4605 3048 4680 temporis
3083 4606 3294 4662 ratione
3316 4647 3329 4672 ,
3366 4606 3481 4660 vult

1910 4716 2070 4770 aliam
2117 4713 2169 4767 in
2205 4709 2497 4781 parmciam
2543 4706 2776 4762 transire
2823 4702 3173 4772 episcopum,
3219 4699 3482 4755 doctrina:

1910 4801 2488 4871 sermocinationisque
2526 4813 2717 4863 causa,
2752 4805 2974 4867 pr0pter
3004 4792 3290 4847 utilitatem
3336 4807 3485 4846 cotu-

1909 4899 2177 4958 morautis
2209 4895 2317 4951 illic
2354 4891 2557 4965 populi.
2588 4890 2772 4958 Neque
2823 4897 3003 4942 tamen
3039 4880 3352 4941 sua'solius
3383 4884 3485 4939 hoc

1913 4997 2210 5057 voluntate,
2248 4989 2340 5045 sed
2375 4987 2444 5042 ab
2469 4986 2590 5041 aliis
2623 4991 2872 5040 vocatum
2897 4987 2953 5038 et
2983 4980 3204 5053 dignum
3236 4979 3481 5033 habitum

1915 5106 2022 5145 non
2056 5085 2326 5157 prohibet.

1913 5282 2144 5343 ARIST.
2202 5281 2324 5335 Non
2411 5276 2758 5346 proﬁcisceris
2794 5276 2856 5329 de
2889 5274 3079 5327 throno
3123 5272 3194 5326 ad
3225 5273 3490 5340 thronum,

1984 5379 2084 5433 nisi
2118 5376 2223 5430 illis
2269 5373 2344 5426 ibi
2375 5373 2761 5436 utilior‘utpote
2785 5367 3007 5422 docendi
3048 5377 3161 5422 arte
3206 5365 3495 5420 instructor

1446 5493 1614 5556 Guil.
1660 5496 1986 5576 Beveregii
2027 5501 2217 5556 notae.

309 5606 424 5675 (26)
455 5602 564 5659 Καὶ
586 5599 802 5675 έῖέρων
825 5595 1095 5675 πολλῶν.
1134 5595 1225 5651 Sic
1260 5594 1562 5675 Germanus
1607 5595 1807 5675 Cyzico

238 5691 291 5732 et
317 5668 608 5731 'Autbimus
633 5668 977 5741 Trapezunte
1008 5668 1528 5741 Constantinopolim
1561 5671 1805 5722 translati

240 5760 396 5813 sunt;
429 5739 1028 5813 Ettstathius'Berrhtea
1061 5740 1288 5813 (Aleppo
1320 5739 1482 5808 vulgo
1513 5741 1726 5813 vocant)
1755 5749 1808 5792 et

246 5807 474 5872 \lclilius
527 5813 895 5884 Cappadocia,
928 5809 1391 5884 Hierosolymam,
1425 5807 1503 5863 et
1553 5807 1810 5884 Rebeilus

248 5887 521 5946 l’ltteuicia
562 5879 766 5959 'I'y'rum
830 5883 1131 5953 migraruut
1179 5897 1193 5935 :
1246 5879 1364 5935 vide
1423 5894 1544 5949 quae
1590 5881 1655 5936 de.
1707 5882 1807 5934 hac

1919 5612 1976 5651 re
2029 5595 2231 5663 scripta
2292 5603 2417 5650 sunt
2479 5593 2532 5648 in
2599 5601 2833 5663 tractatu
2894 5587 3162 5663 Mamrelis
3211 5591 3495 5663 neptqtg-

1913 5656 2188 5723 ταθέσεων
2226 5669 2278 5719 iu
2312 5665 2459 5719 .luris
2502 5661 2952 5717 Grmco-Routaui
3007 5658 3101 5712 lib.
3140 5673 3223 5720 ιιι,
3261 5672 3312 5725 p.
3368 5656 3494 5710 240.

1915 5734 2169 5792 Εναιιιιυΐ.
2204 5736 2361 5791 1596.
2396 5733 2531 5789 Vide
2557 5746 2610 5788 ct
2640 5732 2894 5787 Demetrii
2939 5728 3256 5784 Clmtuateni
3290 5727 3500 5779 archie—

1918 5809 2122 5878 piscopi
2155 5807 2536 5878 Bulgariar‘atl
2586 5802 3009 5878 (_1tn_tstantinum
3057 5797 3363 5856 Cabasilatn
3414 5811 3501 5850 re-

1919 5875 2150 5949 Spousa,
2191 5875 2321 5934 ibid.
2353 5881 2389 5932 Ι.
2425 5875 2479 5940 5,
2509 5891 2564 5945 p.
2597 5875 2718 5928 5H.
