  <div class='ocr_page' id='page_1' title='image "/cluster/home/n/w/nwhite01/storage/ocr_20150623/137/hvd.32044020166120/052.png"; bbox 0 0 4054 6494; ppageno 0'>
   <div class='ocr_carea' id='block_1_1' title="bbox 240 428 3480 503">
    <p class='ocr_par' dir='ltr' id='par_1_1' title="bbox 240 428 3480 503">
     <span class='ocr_line' id='line_1_1' title="bbox 240 428 3480 503; baseline 0.001 -12"><span class='ocrx_word' id='word_1_1' title='bbox 240 442 303 503; x_wconf 79' lang='lat'><strong>{9</strong></span> <span class='ocrx_word' id='word_1_2' title='bbox 1497 432 1578 492; x_wconf 84' lang='grc' dir='ltr'><strong>ΙΝ</strong></span> <span class='ocrx_word' id='word_1_3' title='bbox 1621 428 1789 491; x_wconf 81' lang='lat' dir='ltr'><strong>CAN.</strong></span> <span class='ocrx_word' id='word_1_4' title='bbox 1808 429 2212 492; x_wconf 66' lang='lat' dir='ltr'><strong>XVII‘APOST</strong></span> <span class='ocrx_word' id='word_1_5' title='bbox 3408 428 3480 494; x_wconf 81' lang='lat'><strong>70</strong></span> 
     </span>
    </p>
   </div>
   <div class='ocr_carea' id='block_1_2' title="bbox 242 537 1806 621">
    <p class='ocr_par' dir='ltr' id='par_1_2' title="bbox 242 542 1797 621">
     <span class='ocr_line' id='line_1_2' title="bbox 242 542 1797 621; baseline -0.007 -16"><span class='ocrx_word' id='word_1_6' title='bbox 242 549 544 621; x_wconf 75' lang='grc' dir='ltr'>παροικίαν,</span> <span class='ocrx_word' id='word_1_7' title='bbox 578 546 670 601; x_wconf 75' lang='grc' dir='ltr'><strong>καὶ</strong></span> <span class='ocrx_word' id='word_1_8' title='bbox 702 545 837 617; x_wconf 80' lang='grc' dir='ltr'>πρὸς</span> <span class='ocrx_word' id='word_1_9' title='bbox 871 545 1066 617; x_wconf 81' lang='grc' dir='ltr'>ἑτέραν</span> <span class='ocrx_word' id='word_1_10' title='bbox 1097 543 1367 608; x_wconf 80' lang='grc' dir='ltr'>ἀπελθὼν,</span> <span class='ocrx_word' id='word_1_11' title='bbox 1406 544 1503 598; x_wconf 78' lang='grc' dir='ltr'>καὶ</span> <span class='ocrx_word' id='word_1_12' title='bbox 1547 542 1623 615; x_wconf 77' lang='grc' dir='ltr'>μὴ</span> <span class='ocrx_word' id='word_1_13' title='bbox 1660 544 1797 596; x_wconf 80' lang='grc' dir='ltr'>ὑπο-</span> 
     </span>
    </p>
   </div>
   <div class='ocr_carea' id='block_1_3' title="bbox 1910 537 3478 621">
    <p class='ocr_par' dir='ltr' id='par_1_3' title="bbox 1910 537 3478 609">
     <span class='ocr_line' id='line_1_3' title="bbox 1910 537 3478 609; baseline 0.004 -16"><span class='ocrx_word' id='word_1_14' title='bbox 1910 556 2095 609; x_wconf 80' lang='lat' dir='ltr'><strong>qucus,</strong></span> <span class='ocrx_word' id='word_1_15' title='bbox 2130 551 2183 597; x_wconf 88' lang='lat' dir='ltr'><strong>et</strong></span> <span class='ocrx_word' id='word_1_16' title='bbox 2212 543 2277 598; x_wconf 87' lang='lat' dir='ltr'><strong>ad</strong></span> <span class='ocrx_word' id='word_1_17' title='bbox 2314 542 2542 598; x_wconf 87' lang='lat' dir='ltr'><strong>alienam</strong></span> <span class='ocrx_word' id='word_1_18' title='bbox 2579 537 2926 608; x_wconf 79' lang='lat' dir='ltr'><strong>proﬁciscens</strong></span> <span class='ocrx_word' id='word_1_19' title='bbox 2951 581 2966 606; x_wconf 89' lang='lat'><strong>,</strong></span> <span class='ocrx_word' id='word_1_20' title='bbox 3013 548 3065 597; x_wconf 87' lang='lat' dir='ltr'><strong>et</strong></span> <span class='ocrx_word' id='word_1_21' title='bbox 3101 555 3211 597; x_wconf 89' lang='lat' dir='ltr'><strong>non</strong></span> <span class='ocrx_word' id='word_1_22' title='bbox 3260 542 3478 600; x_wconf 82' lang='lat' dir='ltr'><strong>rediens</strong></span> 
     </span>
    </p>
   </div>
   <div class='ocr_carea' id='block_1_4' title="bbox 240 637 1807 712">
    <p class='ocr_par' dir='ltr' id='par_1_4' title="bbox 240 637 1807 712">
     <span class='ocr_line' id='line_1_4' title="bbox 240 637 1807 712; baseline -0.004 -17"><span class='ocrx_word' id='word_1_23' title='bbox 240 642 485 712; x_wconf 76' lang='grc' dir='ltr'>στρέψας,</span> <span class='ocrx_word' id='word_1_24' title='bbox 514 639 604 692; x_wconf 81' lang='grc' dir='ltr'>καὶ</span> <span class='ocrx_word' id='word_1_25' title='bbox 632 638 806 691; x_wconf 80' lang='grc' dir='ltr'>ταῦτα</span> <span class='ocrx_word' id='word_1_26' title='bbox 845 639 997 708; x_wconf 69' lang='grc' dir='ltr'>παρὰ</span> <span class='ocrx_word' id='word_1_27' title='bbox 1021 637 1111 690; x_wconf 73' lang='grc' dir='ltr'>τοῦ</span> <span class='ocrx_word' id='word_1_28' title='bbox 1151 638 1283 691; x_wconf 77' lang='grc' dir='ltr'>ἰδίου</span> <span class='ocrx_word' id='word_1_29' title='bbox 1326 637 1807 708; x_wconf 74' lang='grc' dir='ltr'><strong>προσκαλούμενος</strong></span> 
     </span>
    </p>
   </div>
   <div class='ocr_carea' id='block_1_5' title="bbox 237 730 1806 803">
    <p class='ocr_par' dir='ltr' id='par_1_5' title="bbox 237 730 1806 803">
     <span class='ocr_line' id='line_1_5' title="bbox 237 730 1806 803; baseline -0.004 -15"><span class='ocrx_word' id='word_1_30' title='bbox 237 734 547 796; x_wconf 71' lang='grc' dir='ltr'>ἐπισκόπου,</span> <span class='ocrx_word' id='word_1_31' title='bbox 582 730 782 803; x_wconf 81' lang='grc' dir='ltr'><strong>μηκέτι</strong></span> <span class='ocrx_word' id='word_1_32' title='bbox 812 730 1215 800; x_wconf 77' lang='grc' dir='ltr'>λειτουργείτω.</span> <span class='ocrx_word' id='word_1_33' title='bbox 1249 732 1313 782; x_wconf 84' lang='grc' dir='ltr'>Εἰ</span> <span class='ocrx_word' id='word_1_34' title='bbox 1342 730 1396 784; x_wconf 68' lang='grc' dir='ltr'><strong>δὲ</strong></span> <span class='ocrx_word' id='word_1_35' title='bbox 1426 733 1520 785; x_wconf 74' lang='grc' dir='ltr'><strong>καὶ</strong></span> <span class='ocrx_word' id='word_1_36' title='bbox 1555 733 1806 800; x_wconf 72' lang='grc' dir='ltr'>ἐπιμένει</span> 
     </span>
    </p>
   </div>
   <div class='ocr_carea' id='block_1_6' title="bbox 236 823 1805 896">
    <p class='ocr_par' dir='ltr' id='par_1_6' title="bbox 236 823 1805 896">
     <span class='ocr_line' id='line_1_6' title="bbox 236 823 1805 896; baseline -0.001 -19"><span class='ocrx_word' id='word_1_37' title='bbox 236 831 293 896; x_wconf 79' lang='grc' dir='ltr'>τῇ</span> <span class='ocrx_word' id='word_1_38' title='bbox 329 826 523 895; x_wconf 75' lang='grc' dir='ltr'>ἀταξία</span> <span class='ocrx_word' id='word_1_39' title='bbox 561 824 755 895; x_wconf 81' lang='grc' dir='ltr'>ταύτῃ,</span> <span class='ocrx_word' id='word_1_40' title='bbox 786 823 1195 894; x_wconf 68' lang='grc' dir='ltr'>καθαιρείσθωθ</span> <span class='ocrx_word' id='word_1_41' title='bbox 1241 824 1317 885; x_wconf 85' lang='grc' dir='ltr'>ὡς</span> <span class='ocrx_word' id='word_1_42' title='bbox 1372 823 1560 886; x_wconf 78' lang='grc' dir='ltr'>λαῖκὺς</span> <span class='ocrx_word' id='word_1_43' title='bbox 1622 824 1805 893; x_wconf 76' lang='grc' dir='ltr'>μέντοι</span> 
     </span>
    </p>
   </div>
   <div class='ocr_carea' id='block_1_7' title="bbox 236 914 1806 988">
    <p class='ocr_par' dir='ltr' id='par_1_7' title="bbox 236 914 1806 988">
     <span class='ocr_line' id='line_1_7' title="bbox 236 914 1806 988; baseline -0.003 -17"><span class='ocrx_word' id='word_1_44' title='bbox 236 921 399 971; x_wconf 76' lang='grc' dir='ltr'>ἐκεῖσε</span> <span class='ocrx_word' id='word_1_45' title='bbox 453 918 805 970; x_wconf 87' lang='grc' dir='ltr'>κοινωνείτω.</span> <span class='ocrx_word' id='word_1_46' title='bbox 873 916 984 970; x_wconf 70' lang='grc' dir='ltr'><strong>Καὶ</strong></span> <span class='ocrx_word' id='word_1_47' title='bbox 1029 914 1183 985; x_wconf 79' lang='grc' dir='ltr'>ζήτει</span> <span class='ocrx_word' id='word_1_48' title='bbox 1232 915 1331 985; x_wconf 79' lang='grc' dir='ltr'><strong>τῆς</strong></span> <span class='ocrx_word' id='word_1_49' title='bbox 1393 918 1450 968; x_wconf 84' lang='grc' dir='ltr'>ὲν</span> <span class='ocrx_word' id='word_1_50' title='bbox 1508 916 1806 988; x_wconf 73' lang='grc' dir='ltr'><strong>Ἀντιοχείᾳ</strong></span> 
     </span>
    </p>
   </div>
   <div class='ocr_carea' id='block_1_8' title="bbox 238 1010 913 1079">
    <p class='ocr_par' dir='ltr' id='par_1_8' title="bbox 238 1010 913 1079">
     <span class='ocr_line' id='line_1_8' title="bbox 238 1010 913 1079; baseline 0.006 -18"><span class='ocrx_word' id='word_1_51' title='bbox 238 1011 442 1062; x_wconf 69' lang='grc' dir='ltr'>συνόδου</span> <span class='ocrx_word' id='word_1_52' title='bbox 473 1011 676 1063; x_wconf 79' lang='grc' dir='ltr'><strong>κανόνα</strong></span> <span class='ocrx_word' id='word_1_53' title='bbox 706 1010 913 1079; x_wconf 76' lang='grc' dir='ltr'>τρίτον.</span> 
     </span>
    </p>
   </div>
   <div class='ocr_carea' id='block_1_9' title="bbox 817 1103 1205 1169">
    <p class='ocr_par' dir='ltr' id='par_1_9' title="bbox 817 1103 1205 1169">
     <span class='ocr_line' id='line_1_9' title="bbox 817 1103 1205 1169; baseline 0.005 -15"><span class='ocrx_word' id='word_1_54' title='bbox 817 1103 1057 1155; x_wconf 83' lang='grc' dir='ltr'>ΚΑΝΩΝ</span> <span class='ocrx_word' id='word_1_55' title='bbox 1088 1104 1205 1169; x_wconf 65' lang='grc' dir='ltr'>ις’.</span> 
     </span>
    </p>
   </div>
   <div class='ocr_carea' id='block_1_10' title="bbox 234 1186 1805 1261">
    <p class='ocr_par' dir='ltr' id='par_1_10' title="bbox 234 1186 1805 1261">
     <span class='ocr_line' id='line_1_10' title="bbox 234 1186 1805 1261; baseline -0.001 -17"><span class='ocrx_word' id='word_1_56' title='bbox 234 1190 293 1244; x_wconf 82' lang='lat' dir='ltr'><strong>El</strong></span> <span class='ocrx_word' id='word_1_57' title='bbox 316 1191 381 1244; x_wconf 80' lang='grc' dir='ltr'><strong>δὲ</strong></span> <span class='ocrx_word' id='word_1_58' title='bbox 414 1194 445 1245; x_wconf 79' lang='grc' dir='ltr'><strong>ό</strong></span> <span class='ocrx_word' id='word_1_59' title='bbox 465 1192 801 1257; x_wconf 77' lang='grc' dir='ltr'><strong>ἐπίσκοπος</strong></span> <span class='ocrx_word' id='word_1_60' title='bbox 841 1193 977 1258; x_wconf 76' lang='grc' dir='ltr'>παρ’</span> <span class='ocrx_word' id='word_1_61' title='bbox 1002 1186 1049 1259; x_wconf 83' lang='grc' dir='ltr'>ᾦ</span> <span class='ocrx_word' id='word_1_62' title='bbox 1076 1191 1507 1261; x_wconf 77' lang='grc' dir='ltr'><strong>τυγχάνουσιν,</strong></span> <span class='ocrx_word' id='word_1_63' title='bbox 1537 1190 1675 1257; x_wconf 79' lang='grc' dir='ltr'>παρ’</span> <span class='ocrx_word' id='word_1_64' title='bbox 1700 1191 1805 1243; x_wconf 56' lang='grc' dir='ltr'><strong>οὐ*</strong></span> 
     </span>
    </p>
   </div>
   <div class='ocr_carea' id='block_1_11' title="bbox 294 1282 1805 1353">
    <p class='ocr_par' dir='ltr' id='par_1_11' title="bbox 294 1282 1805 1353">
     <span class='ocr_line' id='line_1_11' title="bbox 294 1282 1805 1353; baseline -0.003 -16"><span class='ocrx_word' id='word_1_65' title='bbox 294 1285 395 1337; x_wconf 70' lang='grc' dir='ltr'><strong>ὀὲν</strong></span> <span class='ocrx_word' id='word_1_66' title='bbox 425 1285 833 1353; x_wconf 78' lang='grc' dir='ltr'><strong>λογισάμενος</strong></span> <span class='ocrx_word' id='word_1_67' title='bbox 855 1285 971 1350; x_wconf 79' lang='grc' dir='ltr'><strong>τὴν</strong></span> <span class='ocrx_word' id='word_1_68' title='bbox 1032 1283 1159 1337; x_wconf 82' lang='grc' dir='ltr'>κατ’</span> <span class='ocrx_word' id='word_1_69' title='bbox 1218 1282 1417 1338; x_wconf 78' lang='grc' dir='ltr'>αὐτῶν</span> <span class='ocrx_word' id='word_1_70' title='bbox 1455 1282 1805 1350; x_wconf 75' lang='grc' dir='ltr'><strong>ὁρισθεῖσαν</strong></span> 
     </span>
    </p>
   </div>
   <div class='ocr_carea' id='block_1_12' title="bbox 292 1375 1803 1445">
    <p class='ocr_par' dir='ltr' id='par_1_12' title="bbox 292 1375 1803 1445">
     <span class='ocr_line' id='line_1_12' title="bbox 292 1375 1803 1445; baseline 0 -16"><span class='ocrx_word' id='word_1_71' title='bbox 292 1378 523 1443; x_wconf 64' lang='grc' dir='ltr'>ἀργίαν,</span> <span class='ocrx_word' id='word_1_72' title='bbox 556 1376 804 1442; x_wconf 74' lang='grc' dir='ltr'>δέξηται</span> <span class='ocrx_word' id='word_1_73' title='bbox 827 1378 1052 1442; x_wconf 86' lang='grc' dir='ltr'>αὐτοὺς</span> <span class='ocrx_word' id='word_1_74' title='bbox 1094 1378 1175 1441; x_wconf 86' lang='grc' dir='ltr'>ὠς</span> <span class='ocrx_word' id='word_1_75' title='bbox 1216 1375 1564 1445; x_wconf 76' lang='grc' dir='ltr'>κληρικοὺς,</span> <span class='ocrx_word' id='word_1_76' title='bbox 1596 1376 1803 1445; x_wconf 64' lang='grc' dir='ltr'>ἀφορι-</span> 
     </span>
    </p>
   </div>
   <div class='ocr_carea' id='block_1_13' title="bbox 295 1467 1283 1535">
    <p class='ocr_par' dir='ltr' id='par_1_13' title="bbox 295 1467 1283 1535">
     <span class='ocr_line' id='line_1_13' title="bbox 295 1467 1283 1535; baseline 0 -14"><span class='ocrx_word' id='word_1_77' title='bbox 295 1468 474 1529; x_wconf 52' lang='lat' dir='ltr'><strong>(meo</strong></span> <span class='ocrx_word' id='word_1_78' title='bbox 510 1468 593 1531; x_wconf 84' lang='grc' dir='ltr'><strong>ὡς</strong></span> <span class='ocrx_word' id='word_1_79' title='bbox 614 1467 986 1535; x_wconf 75' lang='grc' dir='ltr'><strong>διδάσκαλος</strong></span> <span class='ocrx_word' id='word_1_80' title='bbox 1010 1469 1283 1535; x_wconf 81' lang='grc' dir='ltr'>ἀταξίας.</span> 
     </span>
    </p>
   </div>
   <div class='ocr_carea' id='block_1_14' title="bbox 292 1560 1802 1632">
    <p class='ocr_par' dir='ltr' id='par_1_14' title="bbox 292 1560 1802 1632">
     <span class='ocr_line' id='line_1_14' title="bbox 292 1560 1802 1632; baseline 0 -19"><span class='ocrx_word' id='word_1_81' title='bbox 292 1563 485 1617; x_wconf 78' lang='grc' dir='ltr'>ΒΑΛΣ.</span> <span class='ocrx_word' id='word_1_82' title='bbox 538 1563 683 1632; x_wconf 84' lang='grc' dir='ltr'><strong>Ὅρα</strong></span> <span class='ocrx_word' id='word_1_83' title='bbox 723 1562 804 1615; x_wconf 82' lang='grc' dir='ltr'>ὅτι</span> <span class='ocrx_word' id='word_1_84' title='bbox 864 1564 891 1615; x_wconf 87' lang='grc' dir='ltr'><strong>ό</strong></span> <span class='ocrx_word' id='word_1_85' title='bbox 944 1562 1135 1632; x_wconf 80' lang='grc' dir='ltr'>παρὼν</span> <span class='ocrx_word' id='word_1_86' title='bbox 1173 1560 1357 1615; x_wconf 82' lang='grc' dir='ltr'>κανὼν</span> <span class='ocrx_word' id='word_1_87' title='bbox 1412 1561 1664 1632; x_wconf 77' lang='grc' dir='ltr'><strong>ἀφορίζει</strong></span> <span class='ocrx_word' id='word_1_88' title='bbox 1713 1562 1802 1613; x_wconf 68' lang='grc' dir='ltr'><strong>τὸν</strong></span> 
     </span>
    </p>
   </div>
   <div class='ocr_carea' id='block_1_15' title="bbox 234 1653 1801 1725">
    <p class='ocr_par' dir='ltr' id='par_1_15' title="bbox 234 1653 1801 1725">
     <span class='ocr_line' id='line_1_15' title="bbox 234 1653 1801 1725; baseline -0.001 -20"><span class='ocrx_word' id='word_1_89' title='bbox 234 1653 511 1707; x_wconf 75' lang='grc' dir='ltr'>ἐπίσκοπον</span> <span class='ocrx_word' id='word_1_90' title='bbox 556 1654 652 1708; x_wconf 79' lang='grc' dir='ltr'><strong>τὸν</strong></span> <span class='ocrx_word' id='word_1_91' title='bbox 704 1655 1195 1725; x_wconf 80' lang='grc' dir='ltr'>συναριθμήσαντα</span> <span class='ocrx_word' id='word_1_92' title='bbox 1239 1654 1316 1723; x_wconf 77' lang='grc' dir='ltr'>τῷ</span> <span class='ocrx_word' id='word_1_93' title='bbox 1371 1654 1558 1724; x_wconf 75' lang='grc' dir='ltr'>οἰκείῳ</span> <span class='ocrx_word' id='word_1_94' title='bbox 1612 1654 1801 1724; x_wconf 79' lang='grc' dir='ltr'>κλήρῳ</span> 
     </span>
    </p>
   </div>
   <div class='ocr_carea' id='block_1_16' title="bbox 234 1743 1802 1813">
    <p class='ocr_par' dir='ltr' id='par_1_16' title="bbox 234 1743 1802 1813">
     <span class='ocr_line' id='line_1_16' title="bbox 234 1743 1802 1813; baseline -0.001 -17"><span class='ocrx_word' id='word_1_95' title='bbox 234 1744 408 1811; x_wconf 76' lang='grc' dir='ltr'>ἐτέρας</span> <span class='ocrx_word' id='word_1_96' title='bbox 438 1743 663 1813; x_wconf 85' lang='grc' dir='ltr'>ὲνορίας</span> <span class='ocrx_word' id='word_1_97' title='bbox 698 1743 961 1813; x_wconf 77' lang='grc' dir='ltr'>κληρικὸν</span> <span class='ocrx_word' id='word_1_98' title='bbox 997 1745 1126 1797; x_wconf 76' lang='grc' dir='ltr'>ἄνευ</span> <span class='ocrx_word' id='word_1_99' title='bbox 1170 1743 1510 1813; x_wconf 80' lang='grc' dir='ltr'>ἁπολυτικῆς</span> <span class='ocrx_word' id='word_1_100' title='bbox 1579 1744 1802 1813; x_wconf 81' lang='grc' dir='ltr'><strong>γραφῆς</strong></span> 
     </span>
    </p>
   </div>
   <div class='ocr_carea' id='block_1_17' title="bbox 230 1833 1801 1904">
    <p class='ocr_par' dir='ltr' id='par_1_17' title="bbox 230 1833 1801 1904">
     <span class='ocr_line' id='line_1_17' title="bbox 230 1833 1801 1904; baseline -0.001 -17"><span class='ocrx_word' id='word_1_101' title='bbox 230 1834 310 1887; x_wconf 77' lang='grc' dir='ltr'>τοῦ</span> <span class='ocrx_word' id='word_1_102' title='bbox 337 1835 544 1887; x_wconf 75' lang='grc' dir='ltr'>οὲκείου</span> <span class='ocrx_word' id='word_1_103' title='bbox 568 1835 898 1889; x_wconf 78' lang='grc' dir='ltr'>ἐπισκόπου.</span> <span class='ocrx_word' id='word_1_104' title='bbox 923 1835 1100 1897; x_wconf 82' lang='grc' dir='ltr'><strong>Μόνος</strong></span> <span class='ocrx_word' id='word_1_105' title='bbox 1126 1833 1183 1888; x_wconf 72' lang='grc' dir='ltr'><strong>δὲ</strong></span> <span class='ocrx_word' id='word_1_106' title='bbox 1229 1836 1257 1888; x_wconf 88' lang='grc' dir='ltr'>ὀ</span> <span class='ocrx_word' id='word_1_107' title='bbox 1289 1835 1587 1897; x_wconf 75' lang='grc' dir='ltr'><strong>ἐπίσκοπος</strong></span> <span class='ocrx_word' id='word_1_108' title='bbox 1646 1836 1801 1904; x_wconf 85' lang='grc' dir='ltr'>Καρ-</span> 
     </span>
    </p>
   </div>
   <div class='ocr_carea' id='block_1_18' title="bbox 233 1925 1802 1997">
    <p class='ocr_par' dir='ltr' id='par_1_18' title="bbox 233 1925 1802 1997">
     <span class='ocr_line' id='line_1_18' title="bbox 233 1925 1802 1997; baseline -0.001 -20"><span class='ocrx_word' id='word_1_109' title='bbox 233 1926 444 1993; x_wconf 75' lang='grc' dir='ltr'>θαγένης</span> <span class='ocrx_word' id='word_1_110' title='bbox 475 1925 709 1979; x_wconf 73' lang='grc' dir='ltr'>δύναται</span> <span class='ocrx_word' id='word_1_111' title='bbox 770 1926 1202 1993; x_wconf 81' lang='grc' dir='ltr'>συγκαταλέγειν</span> <span class='ocrx_word' id='word_1_112' title='bbox 1236 1926 1317 1995; x_wconf 85' lang='grc' dir='ltr'>τῷ</span> <span class='ocrx_word' id='word_1_113' title='bbox 1368 1927 1554 1995; x_wconf 87' lang='grc' dir='ltr'>οίκείῳ</span> <span class='ocrx_word' id='word_1_114' title='bbox 1614 1926 1802 1997; x_wconf 80' lang='grc' dir='ltr'>κλήρῳ</span> 
     </span>
    </p>
   </div>
   <div class='ocr_carea' id='block_1_19' title="bbox 230 2017 1801 2088">
    <p class='ocr_par' dir='ltr' id='par_1_19' title="bbox 230 2017 1801 2088">
     <span class='ocr_line' id='line_1_19' title="bbox 230 2017 1801 2088; baseline 0.002 -20"><span class='ocrx_word' id='word_1_115' title='bbox 230 2017 413 2088; x_wconf 77' lang='grc' dir='ltr'>ἑτέρων</span> <span class='ocrx_word' id='word_1_116' title='bbox 445 2017 678 2087; x_wconf 78' lang='grc' dir='ltr'>ἑνοριῶν</span> <span class='ocrx_word' id='word_1_117' title='bbox 743 2018 1065 2088; x_wconf 73' lang='grc' dir='ltr'>κληρικοὺς,</span> <span class='ocrx_word' id='word_1_118' title='bbox 1114 2017 1208 2070; x_wconf 70' lang='grc' dir='ltr'>καὶ</span> <span class='ocrx_word' id='word_1_119' title='bbox 1246 2018 1416 2088; x_wconf 62' lang='grc' dir='ltr'>χωρὶς</span> <span class='ocrx_word' id='word_1_120' title='bbox 1467 2017 1801 2087; x_wconf 60' lang='grc' dir='ltr'>ἀΜλυτικῆς</span> 
     </span>
    </p>
   </div>
   <div class='ocr_carea' id='block_1_20' title="bbox 229 2106 1801 2179">
    <p class='ocr_par' dir='ltr' id='par_1_20' title="bbox 229 2106 1801 2179">
     <span class='ocr_line' id='line_1_20' title="bbox 229 2106 1801 2179; baseline 0.001 -21"><span class='ocrx_word' id='word_1_121' title='bbox 229 2110 428 2177; x_wconf 80' lang='grc' dir='ltr'>γραφῆς</span> <span class='ocrx_word' id='word_1_122' title='bbox 447 2109 564 2159; x_wconf 82' lang='grc' dir='ltr'><strong>τῶν</strong></span> <span class='ocrx_word' id='word_1_123' title='bbox 591 2108 1093 2178; x_wconf 69' lang='grc' dir='ltr'><strong>χειροτονησάντων</strong></span> <span class='ocrx_word' id='word_1_124' title='bbox 1114 2107 1335 2169; x_wconf 81' lang='grc' dir='ltr'>αὐτούς.</span> <span class='ocrx_word' id='word_1_125' title='bbox 1384 2106 1493 2161; x_wconf 62' lang='grc' dir='ltr'><strong>Καὶ¹</strong></span> <span class='ocrx_word' id='word_1_126' title='bbox 1545 2108 1801 2179; x_wconf 75' lang='grc' dir='ltr'><strong>εὑρήσεις</strong></span> 
     </span>
    </p>
   </div>
   <div class='ocr_carea' id='block_1_21' title="bbox 228 2199 1796 2270">
    <p class='ocr_par' dir='ltr' id='par_1_21' title="bbox 228 2199 1796 2270">
     <span class='ocr_line' id='line_1_21' title="bbox 228 2199 1796 2270; baseline 0.003 -19"><span class='ocrx_word' id='word_1_127' title='bbox 228 2200 368 2252; x_wconf 75' lang='grc' dir='ltr'>τοῦτο</span> <span class='ocrx_word' id='word_1_128' title='bbox 397 2202 476 2264; x_wconf 80' lang='grc' dir='ltr'><strong>είς</strong></span> <span class='ocrx_word' id='word_1_129' title='bbox 509 2202 646 2263; x_wconf 77' lang='grc' dir='ltr'>τοὺς</span> <span class='ocrx_word' id='word_1_130' title='bbox 673 2202 907 2263; x_wconf 82' lang='grc' dir='ltr'>κανόνας</span> <span class='ocrx_word' id='word_1_131' title='bbox 934 2200 1036 2270; x_wconf 84' lang='grc' dir='ltr'>τῆς</span> <span class='ocrx_word' id='word_1_132' title='bbox 1075 2201 1134 2253; x_wconf 81' lang='grc' dir='ltr'>ὲν</span> <span class='ocrx_word' id='word_1_133' title='bbox 1182 2199 1514 2270; x_wconf 74' lang='grc' dir='ltr'>Καροαγένῃ</span> <span class='ocrx_word' id='word_1_134' title='bbox 1552 2200 1796 2255; x_wconf 84' lang='grc' dir='ltr'>συνόδου.</span> 
     </span>
    </p>
   </div>
   <div class='ocr_carea' id='block_1_22' title="bbox 230 2291 1800 2362">
    <p class='ocr_par' dir='ltr' id='par_1_22' title="bbox 230 2291 1800 2362">
     <span class='ocr_line' id='line_1_22' title="bbox 230 2291 1800 2362; baseline 0 -16"><span class='ocrx_word' id='word_1_135' title='bbox 230 2291 376 2346; x_wconf 75' lang='grc' dir='ltr'>Ἀλλὰ</span> <span class='ocrx_word' id='word_1_136' title='bbox 396 2294 489 2346; x_wconf 76' lang='grc' dir='ltr'><strong>καὶ</strong></span> <span class='ocrx_word' id='word_1_137' title='bbox 537 2295 565 2344; x_wconf 83' lang='grc' dir='ltr'><strong>ὁ</strong></span> <span class='ocrx_word' id='word_1_138' title='bbox 598 2292 1234 2356; x_wconf 83' lang='grc' dir='ltr'>Κωνσταντινουπόλεως</span> <span class='ocrx_word' id='word_1_139' title='bbox 1263 2292 1800 2362; x_wconf 81' lang='grc' dir='ltr'>ἀρχιεπίσκοποςὲπ’</span> 
     </span>
    </p>
   </div>
   <div class='ocr_carea' id='block_1_23' title="bbox 230 2389 1798 2460">
    <p class='ocr_par' dir='ltr' id='par_1_23' title="bbox 230 2389 1798 2460">
     <span class='ocr_line' id='line_1_23' title="bbox 230 2389 1798 2460; baseline 0 -18"><span class='ocrx_word' id='word_1_140' title='bbox 230 2389 449 2456; x_wconf 68' lang='grc' dir='ltr'>ἔξουσίας</span> <span class='ocrx_word' id='word_1_141' title='bbox 502 2390 624 2457; x_wconf 55' lang='grc' dir='ltr'>ἕλει</span> <span class='ocrx_word' id='word_1_142' title='bbox 677 2389 1000 2460; x_wconf 87' lang='grc' dir='ltr'>παρομοίως</span> <span class='ocrx_word' id='word_1_143' title='bbox 1054 2391 1252 2442; x_wconf 79' lang='grc' dir='ltr'>ποιεῖν.</span> <span class='ocrx_word' id='word_1_144' title='bbox 1312 2389 1451 2459; x_wconf 70' lang='grc' dir='ltr'>Φησὶ</span> <span class='ocrx_word' id='word_1_145' title='bbox 1509 2390 1618 2458; x_wconf 85' lang='grc' dir='ltr'><strong>γὰρ</strong></span> <span class='ocrx_word' id='word_1_146' title='bbox 1664 2389 1697 2457; x_wconf 81' lang='grc' dir='ltr'>ἡ</span> <span class='ocrx_word' id='word_1_147' title='bbox 1748 2393 1798 2457; x_wconf 84' lang='grc' dir='ltr'><strong>γ’</strong></span> 
     </span>
    </p>
   </div>
   <div class='ocr_carea' id='block_1_24' title="bbox 229 2480 1794 2555">
    <p class='ocr_par' dir='ltr' id='par_1_24' title="bbox 229 2480 1794 2555">
     <span class='ocr_line' id='line_1_24' title="bbox 229 2480 1794 2555; baseline 0 -18"><span class='ocrx_word' id='word_1_148' title='bbox 229 2484 376 2553; x_wconf 75' lang='grc' dir='ltr'>νεαρὰ</span> <span class='ocrx_word' id='word_1_149' title='bbox 404 2484 496 2537; x_wconf 82' lang='grc' dir='ltr'>τοῦ</span> <span class='ocrx_word' id='word_1_150' title='bbox 538 2484 801 2555; x_wconf 82' lang='grc' dir='ltr'>βασιλέως</span> <span class='ocrx_word' id='word_1_151' title='bbox 842 2482 1249 2546; x_wconf 83' lang='grc' dir='ltr'>Ἱουστινιανοῦ,</span> <span class='ocrx_word' id='word_1_152' title='bbox 1280 2482 1451 2551; x_wconf 81' lang='grc' dir='ltr'>ἦγουν</span> <span class='ocrx_word' id='word_1_153' title='bbox 1488 2480 1550 2533; x_wconf 76' lang='grc' dir='ltr'><strong>τὸ</strong></span> <span class='ocrx_word' id='word_1_154' title='bbox 1586 2480 1631 2549; x_wconf 85' lang='grc' dir='ltr'>β’</span> <span class='ocrx_word' id='word_1_155' title='bbox 1664 2498 1794 2549; x_wconf 68' lang='grc' dir='ltr'>κεῖρ.</span> 
     </span>
    </p>
   </div>
   <div class='ocr_carea' id='block_1_25' title="bbox 227 2572 1800 2647">
    <p class='ocr_par' dir='ltr' id='par_1_25' title="bbox 227 2572 1800 2647">
     <span class='ocr_line' id='line_1_25' title="bbox 227 2572 1800 2647; baseline 0.001 -20"><span class='ocrx_word' id='word_1_156' title='bbox 227 2574 306 2627; x_wconf 72' lang='grc' dir='ltr'>τοῦ</span> <span class='ocrx_word' id='word_1_157' title='bbox 339 2576 381 2644; x_wconf 86' lang='grc' dir='ltr'>β’</span> <span class='ocrx_word' id='word_1_158' title='bbox 403 2576 598 2628; x_wconf 85' lang='grc' dir='ltr'>τίτλου</span> <span class='ocrx_word' id='word_1_159' title='bbox 623 2577 735 2647; x_wconf 69' lang='grc' dir='ltr'><strong>(ΞῚ)</strong></span> <span class='ocrx_word' id='word_1_160' title='bbox 755 2575 849 2629; x_wconf 78' lang='grc' dir='ltr'>τοῦ</span> <span class='ocrx_word' id='word_1_161' title='bbox 876 2572 923 2644; x_wconf 82' lang='grc' dir='ltr'><strong>γ’</strong></span> <span class='ocrx_word' id='word_1_162' title='bbox 955 2574 1163 2645; x_wconf 77' lang='grc' dir='ltr'>βιϐλίου</span> <span class='ocrx_word' id='word_1_163' title='bbox 1199 2575 1309 2628; x_wconf 83' lang='grc' dir='ltr'>τῶν</span> <span class='ocrx_word' id='word_1_164' title='bbox 1350 2574 1659 2628; x_wconf 85' lang='grc' dir='ltr'>Βασιλικῶν</span> <span class='ocrx_word' id='word_1_165' title='bbox 1692 2590 1707 2605; x_wconf 77' lang='grc'><strong>⁸</strong></span> <span class='ocrx_word' id='word_1_166' title='bbox 1738 2575 1800 2628; x_wconf 77' lang='lat' dir='ltr'><strong>Ei</strong></span> 
     </span>
    </p>
   </div>
   <div class='ocr_carea' id='block_1_26' title="bbox 227 2664 1799 2739">
    <p class='ocr_par' dir='ltr' id='par_1_26' title="bbox 227 2664 1799 2739">
     <span class='ocr_line' id='line_1_26' title="bbox 227 2664 1799 2739; baseline -0.001 -18"><span class='ocrx_word' id='word_1_167' title='bbox 227 2668 320 2739; x_wconf 73' lang='grc' dir='ltr'><strong>γὰρ</strong></span> <span class='ocrx_word' id='word_1_168' title='bbox 346 2669 433 2721; x_wconf 75' lang='grc' dir='ltr'><strong>ἐπὶ</strong></span> <span class='ocrx_word' id='word_1_169' title='bbox 456 2668 576 2721; x_wconf 83' lang='grc' dir='ltr'>τῶν</span> <span class='ocrx_word' id='word_1_170' title='bbox 600 2669 821 2736; x_wconf 82' lang='grc' dir='ltr'>εὐαγῶν</span> <span class='ocrx_word' id='word_1_171' title='bbox 854 2667 1239 2738; x_wconf 75' lang='grc' dir='ltr'>μοναστηρίων</span> <span class='ocrx_word' id='word_1_172' title='bbox 1270 2666 1558 2737; x_wconf 82' lang='grc' dir='ltr'>κωλύομεν</span> <span class='ocrx_word' id='word_1_173' title='bbox 1595 2664 1654 2732; x_wconf 72' lang='grc' dir='ltr'>ἐξ</span> <span class='ocrx_word' id='word_1_174' title='bbox 1690 2667 1799 2720; x_wconf 79' lang='grc' dir='ltr'><strong>ἑτέ·</strong></span> 
     </span>
    </p>
   </div>
   <div class='ocr_carea' id='block_1_27' title="bbox 232 2759 1800 2832">
    <p class='ocr_par' dir='ltr' id='par_1_27' title="bbox 232 2759 1800 2832">
     <span class='ocr_line' id='line_1_27' title="bbox 232 2759 1800 2832; baseline -0.001 -19"><span class='ocrx_word' id='word_1_175' title='bbox 232 2777 314 2828; x_wconf 83' lang='grc' dir='ltr'><strong>ρον</strong></span> <span class='ocrx_word' id='word_1_176' title='bbox 359 2762 733 2832; x_wconf 72' lang='grc' dir='ltr'>μοναστηρίου</span> <span class='ocrx_word' id='word_1_177' title='bbox 797 2762 877 2824; x_wconf 81' lang='grc' dir='ltr'><strong>είς</strong></span> <span class='ocrx_word' id='word_1_178' title='bbox 939 2761 1134 2832; x_wconf 76' lang='grc' dir='ltr'>ἕτερον</span> <span class='ocrx_word' id='word_1_179' title='bbox 1188 2760 1560 2830; x_wconf 75' lang='grc' dir='ltr'>μεταϐαίνειν,</span> <span class='ocrx_word' id='word_1_180' title='bbox 1616 2759 1800 2832; x_wconf 77' lang='grc' dir='ltr'>πολλῷ</span> 
     </span>
    </p>
   </div>
   <div class='ocr_carea' id='block_1_28' title="bbox 232 2852 1800 2923">
    <p class='ocr_par' dir='ltr' id='par_1_28' title="bbox 232 2852 1800 2923">
     <span class='ocr_line' id='line_1_28' title="bbox 232 2852 1800 2923; baseline 0.002 -19"><span class='ocrx_word' id='word_1_181' title='bbox 232 2853 416 2920; x_wconf 78' lang='grc' dir='ltr'>μᾶλλον</span> <span class='ocrx_word' id='word_1_182' title='bbox 463 2852 599 2905; x_wconf 80' lang='grc' dir='ltr'><strong>οὐδὲ</strong></span> <span class='ocrx_word' id='word_1_183' title='bbox 666 2855 781 2916; x_wconf 78' lang='grc' dir='ltr'>τοῖς</span> <span class='ocrx_word' id='word_1_184' title='bbox 836 2852 1256 2915; x_wconf 75' lang='grc' dir='ltr'>εὐλαϐεστάτοις</span> <span class='ocrx_word' id='word_1_185' title='bbox 1304 2852 1586 2923; x_wconf 80' lang='grc' dir='ltr'>κληρικοϊς</span> <span class='ocrx_word' id='word_1_186' title='bbox 1638 2852 1800 2907; x_wconf 83' lang='grc' dir='ltr'>τοῦτο</span> 
     </span>
    </p>
   </div>
   <div class='ocr_carea' id='block_1_29' title="bbox 228 2942 1800 3016">
    <p class='ocr_par' dir='ltr' id='par_1_29' title="bbox 228 2942 1800 3016">
     <span class='ocr_line' id='line_1_29' title="bbox 228 2942 1800 3016; baseline 0.003 -23"><span class='ocrx_word' id='word_1_187' title='bbox 228 2942 516 3011; x_wconf 62' lang='grc' dir='ltr'>ἐψήσομεν,</span> <span class='ocrx_word' id='word_1_188' title='bbox 546 2942 771 3012; x_wconf 77' lang='grc' dir='ltr'>κέρδους</span> <span class='ocrx_word' id='word_1_189' title='bbox 803 2960 864 2997; x_wconf 87' lang='grc' dir='ltr'><strong>τε</strong></span> <span class='ocrx_word' id='word_1_190' title='bbox 896 2944 992 2997; x_wconf 80' lang='grc' dir='ltr'><strong>καὶ</strong></span> <span class='ocrx_word' id='word_1_191' title='bbox 1035 2944 1308 3013; x_wconf 77' lang='grc' dir='ltr'><strong>ἐμπορίας</strong></span> <span class='ocrx_word' id='word_1_192' title='bbox 1346 2944 1623 3012; x_wconf 78' lang='grc' dir='ltr'>ἀπόδειξιν</span> <span class='ocrx_word' id='word_1_193' title='bbox 1653 2944 1800 3016; x_wconf 73' lang='grc' dir='ltr'>ἔχειν</span> 
     </span>
    </p>
   </div>
   <div class='ocr_carea' id='block_1_30' title="bbox 227 3032 1799 3104">
    <p class='ocr_par' dir='ltr' id='par_1_30' title="bbox 227 3032 1799 3104">
     <span class='ocr_line' id='line_1_30' title="bbox 227 3032 1799 3104; baseline 0.005 -23"><span class='ocrx_word' id='word_1_194' title='bbox 227 3032 311 3102; x_wconf 76' lang='grc' dir='ltr'>τὴν</span> <span class='ocrx_word' id='word_1_195' title='bbox 336 3032 602 3102; x_wconf 78' lang='grc' dir='ltr'>τοιαύτην</span> <span class='ocrx_word' id='word_1_196' title='bbox 632 3033 930 3103; x_wconf 64' lang='grc' dir='ltr'>ἐπιθυμίαν</span> <span class='ocrx_word' id='word_1_197' title='bbox 955 3036 1274 3104; x_wconf 82' lang='grc' dir='ltr'>ἡγούμενοι.</span> <span class='ocrx_word' id='word_1_198' title='bbox 1327 3035 1388 3087; x_wconf 82' lang='lat' dir='ltr'><strong>Et</strong></span> <span class='ocrx_word' id='word_1_199' title='bbox 1417 3034 1476 3087; x_wconf 76' lang='grc' dir='ltr'><strong>δὲ</strong></span> <span class='ocrx_word' id='word_1_200' title='bbox 1514 3036 1607 3087; x_wconf 89' lang='grc' dir='ltr'><strong>καί</strong></span> <span class='ocrx_word' id='word_1_201' title='bbox 1663 3053 1799 3089; x_wconf 82' lang='grc' dir='ltr'>ποτε</span> 
     </span>
    </p>
   </div>
   <div class='ocr_carea' id='block_1_31' title="bbox 228 3126 1796 3197">
    <p class='ocr_par' dir='ltr' id='par_1_31' title="bbox 228 3126 1796 3197">
     <span class='ocr_line' id='line_1_31' title="bbox 228 3126 1796 3197; baseline 0.003 -20"><span class='ocrx_word' id='word_1_202' title='bbox 228 3126 464 3193; x_wconf 80' lang='grc' dir='ltr'>τοιαύτην</span> <span class='ocrx_word' id='word_1_203' title='bbox 529 3126 652 3178; x_wconf 78' lang='grc' dir='ltr'>τινὰ</span> <span class='ocrx_word' id='word_1_204' title='bbox 712 3127 1046 3196; x_wconf 77' lang='grc' dir='ltr'>μετάστασιν</span> <span class='ocrx_word' id='word_1_205' title='bbox 1092 3126 1125 3195; x_wconf 66' lang='grc' dir='ltr'><strong>ἡ</strong></span> <span class='ocrx_word' id='word_1_206' title='bbox 1180 3126 1247 3197; x_wconf 82' lang='grc' dir='ltr'><strong>σὴ</strong></span> <span class='ocrx_word' id='word_1_207' title='bbox 1296 3127 1637 3197; x_wconf 85' lang='grc' dir='ltr'>μακαριότης</span> <span class='ocrx_word' id='word_1_208' title='bbox 1690 3127 1721 3197; x_wconf 73' lang='grc' dir='ltr'>ἢ</span> <span class='ocrx_word' id='word_1_209' title='bbox 1764 3128 1796 3197; x_wconf 87' lang='grc' dir='ltr'>ή</span> 
     </span>
    </p>
   </div>
   <div class='ocr_carea' id='block_1_32' title="bbox 230 3217 1870 3306">
    <p class='ocr_par' dir='ltr' id='par_1_32' title="bbox 230 3217 1870 3306">
     <span class='ocr_line' id='line_1_32' title="bbox 230 3217 1870 3306; baseline 0.002 -37"><span class='ocrx_word' id='word_1_210' title='bbox 230 3217 353 3270; x_wconf 77' lang='grc' dir='ltr'>κατὰ</span> <span class='ocrx_word' id='word_1_211' title='bbox 380 3217 582 3289; x_wconf 70' lang='grc' dir='ltr'>καιρὸν</span> <span class='ocrx_word' id='word_1_212' title='bbox 625 3218 871 3287; x_wconf 87' lang='grc' dir='ltr'>βασιλεία</span> <span class='ocrx_word' id='word_1_213' title='bbox 930 3217 1182 3287; x_wconf 83' lang='grc' dir='ltr'>γίνεσθαι</span> <span class='ocrx_word' id='word_1_214' title='bbox 1233 3218 1443 3288; x_wconf 83' lang='grc' dir='ltr'>συνίδῃ,</span> <span class='ocrx_word' id='word_1_215' title='bbox 1493 3217 1567 3288; x_wconf 76' lang='grc' dir='ltr'>μὴ</span> <span class='ocrx_word' id='word_1_216' title='bbox 1624 3218 1796 3281; x_wconf 77' lang='grc' dir='ltr'>ἄλλως</span> <span class='ocrx_word' id='word_1_217' title='bbox 1826 3243 1870 3306; x_wconf 78' lang='lat' dir='ltr'>C</span> 
     </span>
    </p>
   </div>
   <div class='ocr_carea' id='block_1_33' title="bbox 230 3309 1802 3382">
    <p class='ocr_par' dir='ltr' id='par_1_33' title="bbox 230 3309 1802 3382">
     <span class='ocr_line' id='line_1_33' title="bbox 230 3309 1802 3382; baseline 0.003 -22"><span class='ocrx_word' id='word_1_218' title='bbox 230 3309 366 3363; x_wconf 78' lang='grc' dir='ltr'>τοῦτο</span> <span class='ocrx_word' id='word_1_219' title='bbox 406 3310 780 3382; x_wconf 72' lang='grc' dir='ltr'>πράττεσθαι,</span> <span class='ocrx_word' id='word_1_220' title='bbox 834 3310 965 3378; x_wconf 70' lang='grc' dir='ltr'>πρὶν</span> <span class='ocrx_word' id='word_1_221' title='bbox 1022 3309 1087 3362; x_wconf 88' lang='grc' dir='ltr'>ἂν</span> <span class='ocrx_word' id='word_1_222' title='bbox 1119 3312 1201 3373; x_wconf 86' lang='grc' dir='ltr'>εἰς</span> <span class='ocrx_word' id='word_1_223' title='bbox 1223 3311 1314 3363; x_wconf 80' lang='grc' dir='ltr'><strong>τὸν</strong></span> <span class='ocrx_word' id='word_1_224' title='bbox 1345 3313 1637 3381; x_wconf 80' lang='grc' dir='ltr'>εἰρημένον</span> <span class='ocrx_word' id='word_1_225' title='bbox 1666 3313 1802 3381; x_wconf 74' lang='grc' dir='ltr'>ἡμῖν</span> 
     </span>
    </p>
   </div>
   <div class='ocr_carea' id='block_1_34' title="bbox 230 3402 1805 3474">
    <p class='ocr_par' dir='ltr' id='par_1_34' title="bbox 230 3402 1805 3474">
     <span class='ocr_line' id='line_1_34' title="bbox 230 3402 1805 3474; baseline 0.003 -21"><span class='ocrx_word' id='word_1_226' title='bbox 230 3402 442 3473; x_wconf 78' lang='grc' dir='ltr'>ἀριθμὸν</span> <span class='ocrx_word' id='word_1_227' title='bbox 481 3403 788 3474; x_wconf 82' lang='grc' dir='ltr'>περισταίη</span> <span class='ocrx_word' id='word_1_228' title='bbox 822 3404 879 3455; x_wconf 65' lang='grc' dir='ltr'>τὸ</span> <span class='ocrx_word' id='word_1_229' title='bbox 905 3405 1160 3473; x_wconf 83' lang='grc' dir='ltr'>πρᾶγμα.</span> <span class='ocrx_word' id='word_1_230' title='bbox 1205 3402 1271 3457; x_wconf 87' lang='grc' dir='ltr'><strong>Ἦ</strong></span> <span class='ocrx_word' id='word_1_231' title='bbox 1297 3403 1355 3456; x_wconf 79' lang='grc' dir='ltr'><strong>δὲ</strong></span> <span class='ocrx_word' id='word_1_232' title='bbox 1388 3403 1611 3472; x_wconf 85' lang='grc' dir='ltr'>τοιαύτη</span> <span class='ocrx_word' id='word_1_233' title='bbox 1635 3404 1805 3473; x_wconf 79' lang='grc' dir='ltr'>νεαρὰ</span> 
     </span>
    </p>
   </div>
   <div class='ocr_carea' id='block_1_35' title="bbox 231 3494 1808 3568">
    <p class='ocr_par' dir='ltr' id='par_1_35' title="bbox 231 3494 1808 3568">
     <span class='ocr_line' id='line_1_35' title="bbox 231 3494 1808 3568; baseline 0.003 -22"><span class='ocrx_word' id='word_1_234' title='bbox 231 3494 421 3565; x_wconf 71' lang='grc' dir='ltr'>ἐγράφη</span> <span class='ocrx_word' id='word_1_235' title='bbox 446 3498 597 3567; x_wconf 83' lang='grc' dir='ltr'>πρὸς</span> <span class='ocrx_word' id='word_1_236' title='bbox 630 3498 723 3549; x_wconf 69' lang='grc' dir='ltr'>τὸν</span> <span class='ocrx_word' id='word_1_237' title='bbox 747 3497 869 3549; x_wconf 87' lang='grc' dir='ltr'>τότε</span> <span class='ocrx_word' id='word_1_238' title='bbox 894 3496 1248 3568; x_wconf 83' lang='grc' dir='ltr'>πατριάρχην</span> <span class='ocrx_word' id='word_1_239' title='bbox 1281 3498 1776 3551; x_wconf 85' lang='grc' dir='ltr'>Κωνσταντινουπό</span> <span class='ocrx_word' id='word_1_240' title='bbox 1794 3527 1808 3539; x_wconf 78' lang='grc' dir='ltr'><strong><em>ο</em></strong></span> 
     </span>
    </p>
   </div>
   <div class='ocr_carea' id='block_1_36' title="bbox 231 3588 1804 3660">
    <p class='ocr_par' dir='ltr' id='par_1_36' title="bbox 231 3588 1804 3660">
     <span class='ocr_line' id='line_1_36' title="bbox 231 3588 1804 3660; baseline 0.003 -22"><span class='ocrx_word' id='word_1_241' title='bbox 231 3588 369 3651; x_wconf 82' lang='grc' dir='ltr'>λεως.</span> <span class='ocrx_word' id='word_1_242' title='bbox 424 3589 752 3660; x_wconf 87' lang='grc' dir='ltr'>Σημείωσαι</span> <span class='ocrx_word' id='word_1_243' title='bbox 805 3589 862 3641; x_wconf 82' lang='grc' dir='ltr'>δὲ</span> <span class='ocrx_word' id='word_1_244' title='bbox 906 3590 989 3641; x_wconf 82' lang='grc' dir='ltr'>ὅτι</span> <span class='ocrx_word' id='word_1_245' title='bbox 1037 3588 1133 3641; x_wconf 71' lang='grc' dir='ltr'>καὶ</span> <span class='ocrx_word' id='word_1_246' title='bbox 1198 3588 1276 3660; x_wconf 82' lang='grc' dir='ltr'>τῷ</span> <span class='ocrx_word' id='word_1_247' title='bbox 1328 3588 1547 3659; x_wconf 86' lang='grc' dir='ltr'>βασιλεῖ</span> <span class='ocrx_word' id='word_1_248' title='bbox 1588 3588 1804 3660; x_wconf 80' lang='grc' dir='ltr'>ἐνεδόθη</span> 
     </span>
    </p>
   </div>
   <div class='ocr_carea' id='block_1_37' title="bbox 233 3682 1088 3751">
    <p class='ocr_par' dir='ltr' id='par_1_37' title="bbox 233 3682 1088 3751">
     <span class='ocr_line' id='line_1_37' title="bbox 233 3682 1088 3751; baseline 0.001 -17"><span class='ocrx_word' id='word_1_249' title='bbox 233 3683 547 3751; x_wconf 77' lang='grc' dir='ltr'>μεταθέσεις</span> <span class='ocrx_word' id='word_1_250' title='bbox 578 3684 754 3735; x_wconf 84' lang='grc' dir='ltr'>ποιεῖν</span> <span class='ocrx_word' id='word_1_251' title='bbox 783 3682 883 3751; x_wconf 92' lang='grc' dir='ltr'><strong>κλη</strong></span> <span class='ocrx_word' id='word_1_252' title='bbox 895 3682 1088 3750; x_wconf 82' lang='grc' dir='ltr'>ρικῶν.</span> 
     </span>
    </p>
   </div>
   <div class='ocr_carea' id='block_1_38' title="bbox 290 3773 1809 3846">
    <p class='ocr_par' dir='ltr' id='par_1_38' title="bbox 290 3773 1809 3846">
     <span class='ocr_line' id='line_1_38' title="bbox 290 3773 1809 3846; baseline 0.001 -19"><span class='ocrx_word' id='word_1_253' title='bbox 290 3773 534 3828; x_wconf 80' lang='grc' dir='ltr'><strong>ΖΩΝΔΡ.</strong></span> <span class='ocrx_word' id='word_1_254' title='bbox 588 3776 647 3827; x_wconf 84' lang='grc' dir='ltr'>Ὀ</span> <span class='ocrx_word' id='word_1_255' title='bbox 698 3774 988 3846; x_wconf 77' lang='grc' dir='ltr'>προλαϐὼν</span> <span class='ocrx_word' id='word_1_256' title='bbox 1033 3774 1216 3829; x_wconf 87' lang='grc' dir='ltr'>κανὼν</span> <span class='ocrx_word' id='word_1_257' title='bbox 1266 3776 1520 3845; x_wconf 81' lang='grc' dir='ltr'>ἀπείργει</span> <span class='ocrx_word' id='word_1_258' title='bbox 1566 3776 1665 3846; x_wconf 78' lang='grc' dir='ltr'>τῆς</span> <span class='ocrx_word' id='word_1_259' title='bbox 1703 3775 1809 3829; x_wconf 84' lang='grc' dir='ltr'>λει-</span> 
     </span>
    </p>
   </div>
   <div class='ocr_carea' id='block_1_39' title="bbox 236 3863 1806 3940">
    <p class='ocr_par' dir='ltr' id='par_1_39' title="bbox 236 3863 1806 3940">
     <span class='ocr_line' id='line_1_39' title="bbox 236 3863 1806 3940; baseline 0.003 -23"><span class='ocrx_word' id='word_1_260' title='bbox 236 3868 479 3935; x_wconf 82' lang='grc' dir='ltr'>τουργίας</span> <span class='ocrx_word' id='word_1_261' title='bbox 552 3867 680 3930; x_wconf 79' lang='grc' dir='ltr'>τοὺς</span> <span class='ocrx_word' id='word_1_262' title='bbox 743 3869 1141 3931; x_wconf 78' lang='grc' dir='ltr'>καταλιπόντας</span> <span class='ocrx_word' id='word_1_263' title='bbox 1192 3868 1291 3940; x_wconf 79' lang='grc' dir='ltr'><strong>τὴν</strong></span> <span class='ocrx_word' id='word_1_264' title='bbox 1350 3868 1566 3936; x_wconf 81' lang='grc' dir='ltr'>ὲνορίαν</span> <span class='ocrx_word' id='word_1_265' title='bbox 1594 3907 1610 3932; x_wconf 89' lang='grc'><strong>,</strong></span> <span class='ocrx_word' id='word_1_266' title='bbox 1671 3870 1730 3921; x_wconf 80' lang='grc' dir='ltr'>ὲν</span> 
     </span>
    </p>
   </div>
   <div class='ocr_carea' id='block_1_40' title="bbox 232 3958 1810 4031">
    <p class='ocr_par' dir='ltr' id='par_1_40' title="bbox 232 3958 1810 4031">
     <span class='ocr_line' id='line_1_40' title="bbox 232 3958 1810 4031; baseline 0.002 -22"><span class='ocrx_word' id='word_1_267' title='bbox 232 3958 739 4031; x_wconf 75' lang='grc' dir='ltr'>ἐχειροτονήθησαν.</span> <span class='ocrx_word' id='word_1_268' title='bbox 788 3961 846 4013; x_wconf 87' lang='lat'><strong>&#39;0</strong></span> <span class='ocrx_word' id='word_1_269' title='bbox 866 3960 922 4014; x_wconf 82' lang='grc' dir='ltr'><strong>δὲ</strong></span> <span class='ocrx_word' id='word_1_270' title='bbox 947 3959 1140 4030; x_wconf 75' lang='grc' dir='ltr'>παρὼν</span> <span class='ocrx_word' id='word_1_271' title='bbox 1167 3958 1414 4031; x_wconf 78' lang='grc' dir='ltr'>ἀφορίζει</span> <span class='ocrx_word' id='word_1_272' title='bbox 1455 3961 1547 4012; x_wconf 82' lang='grc' dir='ltr'><strong>τὸν</strong></span> <span class='ocrx_word' id='word_1_273' title='bbox 1592 3960 1810 4012; x_wconf 78' lang='grc' dir='ltr'>ἐπίσκο-</span> 
     </span>
    </p>
   </div>
   <div class='ocr_carea' id='block_1_41' title="bbox 234 4046 1809 4125">
    <p class='ocr_par' dir='ltr' id='par_1_41' title="bbox 234 4046 1809 4125">
     <span class='ocr_line' id='line_1_41' title="bbox 234 4046 1809 4125; baseline -0.001 -21"><span class='ocrx_word' id='word_1_274' title='bbox 234 4070 323 4105; x_wconf 84' lang='grc' dir='ltr'><strong>πον</strong></span> <span class='ocrx_word' id='word_1_275' title='bbox 341 4046 383 4120; x_wconf 85' lang='grc' dir='ltr'>ᾧ</span> <span class='ocrx_word' id='word_1_276' title='bbox 407 4052 749 4125; x_wconf 75' lang='grc' dir='ltr'>προσῆλθον,</span> <span class='ocrx_word' id='word_1_277' title='bbox 782 4056 830 4106; x_wconf 82' lang='grc' dir='ltr'>εἰ</span> <span class='ocrx_word' id='word_1_278' title='bbox 886 4053 1100 4118; x_wconf 77' lang='grc' dir='ltr'>δέξεται</span> <span class='ocrx_word' id='word_1_279' title='bbox 1136 4053 1336 4115; x_wconf 85' lang='grc' dir='ltr'>αὐτοὺς</span> <span class='ocrx_word' id='word_1_280' title='bbox 1376 4051 1452 4114; x_wconf 83' lang='grc' dir='ltr'>ὡς</span> <span class='ocrx_word' id='word_1_281' title='bbox 1509 4051 1809 4122; x_wconf 82' lang='grc' dir='ltr'>κληρικοὺς</span> 
     </span>
    </p>
   </div>
   <div class='ocr_carea' id='block_1_42' title="bbox 234 4146 1811 4218">
    <p class='ocr_par' dir='ltr' id='par_1_42' title="bbox 234 4146 1811 4218">
     <span class='ocr_line' id='line_1_42' title="bbox 234 4146 1811 4218; baseline 0.001 -20"><span class='ocrx_word' id='word_1_282' title='bbox 234 4147 283 4198; x_wconf 84' lang='grc' dir='ltr'>ὲν</span> <span class='ocrx_word' id='word_1_283' title='bbox 306 4148 512 4217; x_wconf 76' lang='grc' dir='ltr'>εἰδήσει</span> <span class='ocrx_word' id='word_1_284' title='bbox 547 4147 640 4199; x_wconf 77' lang='grc' dir='ltr'><strong>τοῦ</strong></span> <span class='ocrx_word' id='word_1_285' title='bbox 670 4146 969 4218; x_wconf 78' lang='grc' dir='ltr'>ἐπιτιμίου,</span> <span class='ocrx_word' id='word_1_286' title='bbox 1004 4148 1081 4210; x_wconf 85' lang='grc' dir='ltr'>ὡς</span> <span class='ocrx_word' id='word_1_287' title='bbox 1108 4146 1336 4212; x_wconf 80' lang='grc' dir='ltr'>ἀταξίας</span> <span class='ocrx_word' id='word_1_288' title='bbox 1367 4146 1462 4199; x_wconf 78' lang='grc' dir='ltr'>καὶ</span> <span class='ocrx_word' id='word_1_289' title='bbox 1490 4146 1811 4200; x_wconf 83' lang='grc' dir='ltr'>ἀκαταστα-</span> 
     </span>
    </p>
   </div>
   <div class='ocr_carea' id='block_1_43' title="bbox 237 4236 741 4308">
    <p class='ocr_par' dir='ltr' id='par_1_43' title="bbox 237 4236 741 4308">
     <span class='ocr_line' id='line_1_43' title="bbox 237 4236 741 4308; baseline 0.014 -22"><span class='ocrx_word' id='word_1_290' title='bbox 237 4236 343 4300; x_wconf 76' lang='grc' dir='ltr'>σίας</span> <span class='ocrx_word' id='word_1_291' title='bbox 367 4239 741 4308; x_wconf 82' lang='grc' dir='ltr'>κατάρχοντα.</span> 
     </span>
    </p>
   </div>
   <div class='ocr_carea' id='block_1_44' title="bbox 234 4329 1808 4401">
    <p class='ocr_par' dir='ltr' id='par_1_44' title="bbox 234 4329 1808 4401">
     <span class='ocr_line' id='line_1_44' title="bbox 234 4329 1808 4401; baseline 0.001 -16"><span class='ocrx_word' id='word_1_292' title='bbox 234 4329 443 4387; x_wconf 79' lang='grc' dir='ltr'><strong>ΑΡΙΣΪ.</strong></span> <span class='ocrx_word' id='word_1_293' title='bbox 486 4332 557 4385; x_wconf 88' lang='lat'><strong>&#39;0</strong></span> <span class='ocrx_word' id='word_1_294' title='bbox 591 4332 699 4385; x_wconf 83' lang='grc' dir='ltr'><strong>τὸν</strong></span> <span class='ocrx_word' id='word_1_295' title='bbox 724 4332 997 4386; x_wconf 78' lang='grc' dir='ltr'>τοιοῦτον</span> <span class='ocrx_word' id='word_1_296' title='bbox 1015 4330 1085 4384; x_wconf 77' lang='grc' dir='ltr'>ἐν</span> <span class='ocrx_word' id='word_1_297' title='bbox 1110 4329 1327 4401; x_wconf 80' lang='grc' dir='ltr'><strong>γνώσει</strong></span> <span class='ocrx_word' id='word_1_298' title='bbox 1356 4330 1625 4401; x_wconf 83' lang='grc' dir='ltr'>κατέχων</span> <span class='ocrx_word' id='word_1_299' title='bbox 1662 4349 1808 4387; x_wconf 82' lang='grc' dir='ltr'>ταυ-</span> 
     </span>
    </p>
   </div>
   <div class='ocr_carea' id='block_1_45' title="bbox 795 4422 1241 4490">
    <p class='ocr_par' dir='ltr' id='par_1_45' title="bbox 795 4422 1241 4490">
     <span class='ocr_line' id='line_1_45' title="bbox 795 4422 1241 4490; baseline 0.002 -15"><span class='ocrx_word' id='word_1_300' title='bbox 795 4422 1241 4490; x_wconf 78' lang='grc' dir='ltr'>τοκατάκριτος.</span> 
     </span>
    </p>
   </div>
   <div class='ocr_carea' id='block_1_46' title="bbox 306 4510 1809 4586">
    <p class='ocr_par' dir='ltr' id='par_1_46' title="bbox 306 4510 1809 4586">
     <span class='ocr_line' id='line_1_46' title="bbox 306 4510 1809 4586; baseline 0.002 -21"><span class='ocrx_word' id='word_1_301' title='bbox 306 4510 362 4565; x_wconf 84' lang='grc' dir='ltr'><strong>Ὀ</strong></span> <span class='ocrx_word' id='word_1_302' title='bbox 388 4513 444 4564; x_wconf 81' lang='grc' dir='ltr'>ὲν</span> <span class='ocrx_word' id='word_1_303' title='bbox 474 4511 685 4581; x_wconf 80' lang='grc' dir='ltr'>είδὴσει</span> <span class='ocrx_word' id='word_1_304' title='bbox 711 4513 1005 4581; x_wconf 85' lang='grc' dir='ltr'>γενόμενος</span> <span class='ocrx_word' id='word_1_305' title='bbox 1036 4513 1338 4576; x_wconf 79' lang='grc' dir='ltr'>ἐπίσκοπος</span> <span class='ocrx_word' id='word_1_306' title='bbox 1378 4514 1471 4567; x_wconf 85' lang='grc' dir='ltr'>τοῦ</span> <span class='ocrx_word' id='word_1_307' title='bbox 1500 4514 1809 4586; x_wconf 78' lang='grc' dir='ltr'>ὁρισθέντος</span> 
     </span>
    </p>
   </div>
   <div class='ocr_carea' id='block_1_47' title="bbox 1907 633 3475 703">
    <p class='ocr_par' dir='ltr' id='par_1_47' title="bbox 1907 633 3475 703">
     <span class='ocr_line' id='line_1_47' title="bbox 1907 633 3475 703; baseline 0.003 -19"><span class='ocrx_word' id='word_1_308' title='bbox 1907 634 2153 701; x_wconf 77' lang='lat' dir='ltr'><strong>quamvis</strong></span> <span class='ocrx_word' id='word_1_309' title='bbox 2181 643 2405 688; x_wconf 78' lang='lat' dir='ltr'><strong>vocatus</strong></span> <span class='ocrx_word' id='word_1_310' title='bbox 2453 650 2481 687; x_wconf 89' lang='lat' dir='ltr'><strong>a</strong></span> <span class='ocrx_word' id='word_1_311' title='bbox 2540 634 2758 703; x_wconf 84' lang='lat' dir='ltr'><strong>proprio</strong></span> <span class='ocrx_word' id='word_1_312' title='bbox 2818 633 3110 702; x_wconf 77' lang='lat' dir='ltr'><strong>episcopo.</strong></span> <span class='ocrx_word' id='word_1_313' title='bbox 3166 647 3232 687; x_wconf 91' lang='lat' dir='ltr'><strong>ne</strong></span> <span class='ocrx_word' id='word_1_314' title='bbox 3287 646 3475 700; x_wconf 81' lang='lat' dir='ltr'><strong>postea</strong></span> 
     </span>
    </p>
   </div>
   <div class='ocr_carea' id='block_1_48' title="bbox 1908 727 3479 797">
    <p class='ocr_par' dir='ltr' id='par_1_48' title="bbox 1908 727 3479 797">
     <span class='ocr_line' id='line_1_48' title="bbox 1908 727 3479 797; baseline 0.001 -17"><span class='ocrx_word' id='word_1_315' title='bbox 1908 728 2203 782; x_wconf 75' lang='lat' dir='ltr'><strong>ministret.</strong></span> <span class='ocrx_word' id='word_1_316' title='bbox 2246 728 2301 782; x_wconf 88' lang='lat' dir='ltr'>Si</span> <span class='ocrx_word' id='word_1_317' title='bbox 2332 740 2513 784; x_wconf 86' lang='lat' dir='ltr'><strong>autem</strong></span> <span class='ocrx_word' id='word_1_318' title='bbox 2545 740 2598 783; x_wconf 88' lang='lat' dir='ltr'><strong>ct</strong></span> <span class='ocrx_word' id='word_1_319' title='bbox 2630 737 2939 797; x_wconf 81' lang='lat' dir='ltr'><strong>perseverat</strong></span> <span class='ocrx_word' id='word_1_320' title='bbox 2966 728 3018 780; x_wconf 88' lang='lat' dir='ltr'><strong>in</strong></span> <span class='ocrx_word' id='word_1_321' title='bbox 3061 727 3237 782; x_wconf 84' lang='lat' dir='ltr'><strong>istltac</strong></span> <span class='ocrx_word' id='word_1_322' title='bbox 3270 728 3479 782; x_wconf 79' lang='lat' dir='ltr'><strong>ordinis</strong></span> 
     </span>
    </p>
   </div>
   <div class='ocr_carea' id='block_1_49' title="bbox 1907 820 3477 891">
    <p class='ocr_par' dir='ltr' id='par_1_49' title="bbox 1907 820 3477 891">
     <span class='ocr_line' id='line_1_49' title="bbox 1907 820 3477 891; baseline -0.003 -16"><span class='ocrx_word' id='word_1_323' title='bbox 1907 822 2341 885; x_wconf 82' lang='lat' dir='ltr'><strong>conturbatioue,</strong></span> <span class='ocrx_word' id='word_1_324' title='bbox 2375 822 2711 891; x_wconf 85' lang='lat' dir='ltr'><strong>deponatur;</strong></span> <span class='ocrx_word' id='word_1_325' title='bbox 2740 833 2798 874; x_wconf 90' lang='lat' dir='ltr'><strong>ut</strong></span> <span class='ocrx_word' id='word_1_326' title='bbox 2822 820 2990 875; x_wconf 85' lang='lat' dir='ltr'><strong>laicus</strong></span> <span class='ocrx_word' id='word_1_327' title='bbox 3010 828 3191 875; x_wconf 87' lang='lat' dir='ltr'><strong>autem</strong></span> <span class='ocrx_word' id='word_1_328' title='bbox 3225 822 3295 875; x_wconf 87' lang='lat' dir='ltr'><strong>ibi</strong></span> <span class='ocrx_word' id='word_1_329' title='bbox 3327 836 3477 875; x_wconf 81' lang='lat' dir='ltr'><strong>com-</strong></span> 
     </span>
    </p>
   </div>
   <div class='ocr_carea' id='block_1_50' title="bbox 1906 914 3481 982">
    <p class='ocr_par' dir='ltr' id='par_1_50' title="bbox 1906 914 3481 982">
     <span class='ocr_line' id='line_1_50' title="bbox 1906 914 3481 982; baseline 0.001 -14"><span class='ocrx_word' id='word_1_330' title='bbox 1906 914 2163 968; x_wconf 89' lang='lat' dir='ltr'><strong>muuicct.</strong></span> <span class='ocrx_word' id='word_1_331' title='bbox 2203 916 2395 982; x_wconf 62' lang='lat' dir='ltr'><strong>Quaere</strong></span> <span class='ocrx_word' id='word_1_332' title='bbox 2428 925 2483 970; x_wconf 87' lang='lat' dir='ltr'><strong>et</strong></span> <span class='ocrx_word' id='word_1_333' title='bbox 2521 915 2738 969; x_wconf 87' lang='lat' dir='ltr'><strong>tertium</strong></span> <span class='ocrx_word' id='word_1_334' title='bbox 2777 930 3042 969; x_wconf 86' lang='lat' dir='ltr'><strong>canonem</strong></span> <span class='ocrx_word' id='word_1_335' title='bbox 3083 915 3138 969; x_wconf 87' lang='lat' dir='ltr'><strong>in</strong></span> <span class='ocrx_word' id='word_1_336' title='bbox 3182 914 3481 970; x_wconf 72' lang='lat' dir='ltr'><strong>Antiochia:</strong></span> 
     </span>
    </p>
   </div>
   <div class='ocr_carea' id='block_1_51' title="bbox 1907 1009 2133 1079">
    <p class='ocr_par' dir='ltr' id='par_1_51' title="bbox 1907 1009 2133 1079">
     <span class='ocr_line' id='line_1_51' title="bbox 1907 1009 2133 1079; baseline 0 -17"><span class='ocrx_word' id='word_1_337' title='bbox 1907 1009 2133 1079; x_wconf 82' lang='lat' dir='ltr'><strong>synodo.</strong></span> 
     </span>
    </p>
   </div>
   <div class='ocr_carea' id='block_1_52' title="bbox 2468 1097 2899 1156">
    <p class='ocr_par' dir='ltr' id='par_1_52' title="bbox 2468 1097 2899 1156">
     <span class='ocr_line' id='line_1_52' title="bbox 2468 1097 2899 1156; baseline -0.002 0"><span class='ocrx_word' id='word_1_338' title='bbox 2468 1100 2551 1156; x_wconf 76' lang='lat' dir='ltr'><strong>CA</strong></span> <span class='ocrx_word' id='word_1_339' title='bbox 2564 1097 2697 1155; x_wconf 79' lang='lat' dir='ltr'><strong>NON</strong></span> <span class='ocrx_word' id='word_1_340' title='bbox 2761 1099 2802 1153; x_wconf 82' lang='lat' dir='ltr'><strong>X</strong></span> <span class='ocrx_word' id='word_1_341' title='bbox 2818 1099 2899 1155; x_wconf 72' lang='lat' dir='ltr'><strong>Vl.</strong></span> 
     </span>
    </p>
   </div>
   <div class='ocr_carea' id='block_1_53' title="bbox 1908 1194 3480 1267">
    <p class='ocr_par' dir='ltr' id='par_1_53' title="bbox 1908 1194 3480 1267">
     <span class='ocr_line' id='line_1_53' title="bbox 1908 1194 3480 1267; baseline -0.001 -18"><span class='ocrx_word' id='word_1_342' title='bbox 1908 1194 2003 1249; x_wconf 90' lang='lat' dir='ltr'><strong>Sin</strong></span> <span class='ocrx_word' id='word_1_343' title='bbox 2036 1207 2210 1251; x_wconf 87' lang='lat' dir='ltr'><strong>autem</strong></span> <span class='ocrx_word' id='word_1_344' title='bbox 2242 1198 2515 1267; x_wconf 78' lang='lat' dir='ltr'><strong>epierpus</strong></span> <span class='ocrx_word' id='word_1_345' title='bbox 2545 1200 2684 1265; x_wconf 81' lang='lat' dir='ltr'><strong>apud</strong></span> <span class='ocrx_word' id='word_1_346' title='bbox 2723 1215 2872 1264; x_wconf 84' lang='lat' dir='ltr'><strong>quem</strong></span> <span class='ocrx_word' id='word_1_347' title='bbox 2908 1207 3062 1264; x_wconf 85' lang='lat' dir='ltr'><strong>sunt,</strong></span> <span class='ocrx_word' id='word_1_348' title='bbox 3095 1198 3245 1251; x_wconf 74' lang='lat' dir='ltr'><strong>nihili</strong></span> <span class='ocrx_word' id='word_1_349' title='bbox 3283 1198 3480 1263; x_wconf 67' lang='lat' dir='ltr'><strong>{ueiens</strong></span> 
     </span>
    </p>
   </div>
   <div class='ocr_carea' id='block_1_54' title="bbox 1975 1290 3478 1349">
    <p class='ocr_par' dir='ltr' id='par_1_54' title="bbox 1975 1290 3478 1349">
     <span class='ocr_line' id='line_1_54' title="bbox 1975 1290 3478 1349; baseline -0.001 -7"><span class='ocrx_word' id='word_1_350' title='bbox 1975 1290 2234 1342; x_wconf 82' lang='lat' dir='ltr'><strong>decretam</strong></span> <span class='ocrx_word' id='word_1_351' title='bbox 2269 1290 2515 1345; x_wconf 78' lang='lat' dir='ltr'><strong>adversus</strong></span> <span class='ocrx_word' id='word_1_352' title='bbox 2542 1308 2626 1344; x_wconf 74' lang='lat'><strong>(’05</strong></span> <span class='ocrx_word' id='word_1_353' title='bbox 2659 1308 2689 1344; x_wconf 92' lang='lat' dir='ltr'><strong>a</strong></span> <span class='ocrx_word' id='word_1_354' title='bbox 2721 1308 2929 1345; x_wconf 82' lang='lat' dir='ltr'><strong>munere</strong></span> <span class='ocrx_word' id='word_1_355' title='bbox 2963 1294 3303 1345; x_wconf 79' lang='lat' dir='ltr'><strong>cessationem</strong></span> <span class='ocrx_word' id='word_1_356' title='bbox 3332 1332 3344 1349; x_wconf 86' lang='grc'><strong>,</strong></span> <span class='ocrx_word' id='word_1_357' title='bbox 3388 1306 3478 1342; x_wconf 74' lang='lat'><strong>608</strong></span> 
     </span>
    </p>
   </div>
   <div class='ocr_carea' id='block_1_55' title="bbox 1976 1380 3479 1452">
    <p class='ocr_par' dir='ltr' id='par_1_55' title="bbox 1976 1380 3479 1452">
     <span class='ocr_line' id='line_1_55' title="bbox 1976 1380 3479 1452; baseline 0.001 -20"><span class='ocrx_word' id='word_1_358' title='bbox 1976 1390 2031 1432; x_wconf 85' lang='lat' dir='ltr'><strong>ut</strong></span> <span class='ocrx_word' id='word_1_359' title='bbox 2067 1380 2286 1435; x_wconf 74' lang='lat' dir='ltr'><strong>clericos</strong></span> <span class='ocrx_word' id='word_1_360' title='bbox 2317 1383 2596 1450; x_wconf 77' lang='lat' dir='ltr'><strong>receperit.</strong></span> <span class='ocrx_word' id='word_1_361' title='bbox 2634 1393 2930 1452; x_wconf 77' lang='lat' dir='ltr'><strong>segregetur</strong></span> <span class='ocrx_word' id='word_1_362' title='bbox 2964 1393 3016 1435; x_wconf 85' lang='grc' dir='ltr'>ιιι</span> <span class='ocrx_word' id='word_1_363' title='bbox 3058 1381 3402 1435; x_wconf 79' lang='lat' dir='ltr'><strong>immodestiw</strong></span> <span class='ocrx_word' id='word_1_364' title='bbox 3434 1391 3479 1433; x_wconf 83' lang='lat' dir='ltr'><strong>et</strong></span> 
     </span>
    </p>
   </div>
   <div class='ocr_carea' id='block_1_56' title="bbox 1977 1474 2569 1545">
    <p class='ocr_par' dir='ltr' id='par_1_56' title="bbox 1977 1474 2569 1545">
     <span class='ocr_line' id='line_1_56' title="bbox 1977 1474 2569 1545; baseline 0.005 -19"><span class='ocrx_word' id='word_1_365' title='bbox 1977 1474 2267 1529; x_wconf 75' lang='lat' dir='ltr'><strong>insolentia:</strong></span> <span class='ocrx_word' id='word_1_366' title='bbox 2299 1476 2569 1545; x_wconf 76' lang='lat' dir='ltr'><strong>magister.</strong></span> 
     </span>
    </p>
   </div>
   <div class='ocr_carea' id='block_1_57' title="bbox 1975 1564 3484 1636">
    <p class='ocr_par' dir='ltr' id='par_1_57' title="bbox 1975 1564 3484 1636">
     <span class='ocr_line' id='line_1_57' title="bbox 1975 1564 3484 1636; baseline -0.004 -16"><span class='ocrx_word' id='word_1_367' title='bbox 1975 1568 2172 1622; x_wconf 66' lang='lat' dir='ltr'><strong>BALS.</strong></span> <span class='ocrx_word' id='word_1_368' title='bbox 2219 1566 2357 1622; x_wconf 86' lang='lat' dir='ltr'><strong>Nota</strong></span> <span class='ocrx_word' id='word_1_369' title='bbox 2402 1568 2542 1636; x_wconf 91' lang='lat' dir='ltr'><strong>quod</strong></span> <span class='ocrx_word' id='word_1_370' title='bbox 2581 1581 2819 1636; x_wconf 78' lang='lat' dir='ltr'><strong>praesens</strong></span> <span class='ocrx_word' id='word_1_371' title='bbox 2856 1580 3026 1619; x_wconf 86' lang='lat' dir='ltr'><strong>canon</strong></span> <span class='ocrx_word' id='word_1_372' title='bbox 3065 1574 3310 1635; x_wconf 77' lang='lat' dir='ltr'><strong>segregat</strong></span> <span class='ocrx_word' id='word_1_373' title='bbox 3364 1564 3484 1633; x_wconf 84' lang='lat' dir='ltr'><strong>cpi-</strong></span> 
     </span>
    </p>
   </div>
   <div class='ocr_carea' id='block_1_58' title="bbox 1904 1658 3485 1730">
    <p class='ocr_par' dir='ltr' id='par_1_58' title="bbox 1904 1658 3485 1730">
     <span class='ocr_line' id='line_1_58' title="bbox 1904 1658 3485 1730; baseline -0.002 -16"><span class='ocrx_word' id='word_1_374' title='bbox 1904 1677 2151 1728; x_wconf 87' lang='lat' dir='ltr'><strong>scopum,</strong></span> <span class='ocrx_word' id='word_1_375' title='bbox 2185 1662 2277 1730; x_wconf 88' lang='lat' dir='ltr'><strong>qui</strong></span> <span class='ocrx_word' id='word_1_376' title='bbox 2323 1675 2420 1715; x_wconf 92' lang='lat' dir='ltr'><strong>suo</strong></span> <span class='ocrx_word' id='word_1_377' title='bbox 2453 1659 2598 1715; x_wconf 89' lang='lat' dir='ltr'><strong>clero</strong></span> <span class='ocrx_word' id='word_1_378' title='bbox 2647 1659 3062 1714; x_wconf 80' lang='lat' dir='ltr'><strong>counutueravit</strong></span> <span class='ocrx_word' id='word_1_379' title='bbox 3092 1659 3318 1713; x_wconf 79' lang='lat' dir='ltr'><strong>alterius</strong></span> <span class='ocrx_word' id='word_1_380' title='bbox 3349 1658 3485 1711; x_wconf 75' lang='lat' dir='ltr'><strong>dim-</strong></span> 
     </span>
    </p>
   </div>
   <div class='ocr_carea' id='block_1_59' title="bbox 1903 1746 3485 1816">
    <p class='ocr_par' dir='ltr' id='par_1_59' title="bbox 1903 1746 3485 1816">
     <span class='ocr_line' id='line_1_59' title="bbox 1903 1746 3485 1816; baseline -0.003 -13"><span class='ocrx_word' id='word_1_381' title='bbox 1903 1751 2043 1804; x_wconf 88' lang='lat' dir='ltr'><strong>cesis</strong></span> <span class='ocrx_word' id='word_1_382' title='bbox 2081 1750 2341 1804; x_wconf 86' lang='lat' dir='ltr'><strong>clericum</strong></span> <span class='ocrx_word' id='word_1_383' title='bbox 2374 1748 2581 1816; x_wconf 87' lang='lat' dir='ltr'><strong>absque</strong></span> <span class='ocrx_word' id='word_1_384' title='bbox 2610 1748 2693 1801; x_wconf 88' lang='lat' dir='ltr'><strong>sui</strong></span> <span class='ocrx_word' id='word_1_385' title='bbox 2722 1748 2957 1816; x_wconf 82' lang='lat' dir='ltr'><strong>episcopi</strong></span> <span class='ocrx_word' id='word_1_386' title='bbox 2982 1746 3305 1801; x_wconf 85' lang='lat' dir='ltr'><strong>dimissoriis</strong></span> <span class='ocrx_word' id='word_1_387' title='bbox 3336 1746 3485 1799; x_wconf 86' lang='lat' dir='ltr'><strong>litte-</strong></span> 
     </span>
    </p>
   </div>
   <div class='ocr_carea' id='block_1_60' title="bbox 1908 1838 3484 1909">
    <p class='ocr_par' dir='ltr' id='par_1_60' title="bbox 1908 1838 3484 1909">
     <span class='ocr_line' id='line_1_60' title="bbox 1908 1838 3484 1909; baseline -0.003 -15"><span class='ocrx_word' id='word_1_388' title='bbox 1908 1844 2002 1896; x_wconf 89' lang='lat' dir='ltr'><strong>ris.</strong></span> <span class='ocrx_word' id='word_1_389' title='bbox 2054 1842 2212 1895; x_wconf 90' lang='lat' dir='ltr'><strong>Solus</strong></span> <span class='ocrx_word' id='word_1_390' title='bbox 2250 1849 2425 1893; x_wconf 87' lang='lat' dir='ltr'><strong>autem</strong></span> <span class='ocrx_word' id='word_1_391' title='bbox 2482 1840 2772 1909; x_wconf 82' lang='lat' dir='ltr'><strong>cpiscopus</strong></span> <span class='ocrx_word' id='word_1_392' title='bbox 2822 1838 3272 1907; x_wconf 79' lang='lat' dir='ltr'><strong>Cartltaginensis</strong></span> <span class='ocrx_word' id='word_1_393' title='bbox 3307 1844 3484 1906; x_wconf 91' lang='lat' dir='ltr'><strong>potest</strong></span> 
     </span>
    </p>
   </div>
   <div class='ocr_carea' id='block_1_61' title="bbox 1910 1930 3481 1993">
    <p class='ocr_par' dir='ltr' id='par_1_61' title="bbox 1910 1930 3481 1993">
     <span class='ocr_line' id='line_1_61' title="bbox 1910 1930 3481 1993; baseline -0.008 -4"><span class='ocrx_word' id='word_1_394' title='bbox 1910 1938 1960 1989; x_wconf 92' lang='lat' dir='ltr'><strong>in</strong></span> <span class='ocrx_word' id='word_1_395' title='bbox 2007 1951 2160 1989; x_wconf 87' lang='lat' dir='ltr'><strong>suum</strong></span> <span class='ocrx_word' id='word_1_396' title='bbox 2195 1934 2402 1987; x_wconf 85' lang='lat' dir='ltr'><strong>clerum</strong></span> <span class='ocrx_word' id='word_1_397' title='bbox 2431 1932 2637 1986; x_wconf 80' lang='lat' dir='ltr'><strong>referre</strong></span> <span class='ocrx_word' id='word_1_398' title='bbox 2686 1932 2911 1985; x_wconf 81' lang='lat' dir='ltr'><strong>alterius</strong></span> <span class='ocrx_word' id='word_1_399' title='bbox 2944 1931 3191 1985; x_wconf 73' lang='lat' dir='ltr'><strong>dimcesis</strong></span> <span class='ocrx_word' id='word_1_400' title='bbox 3231 1930 3481 1993; x_wconf 80' lang='lat' dir='ltr'><strong>clericos,</strong></span> 
     </span>
    </p>
   </div>
   <div class='ocr_carea' id='block_1_62' title="bbox 1907 2024 3483 2096">
    <p class='ocr_par' dir='ltr' id='par_1_62' title="bbox 1907 2024 3483 2096">
     <span class='ocr_line' id='line_1_62' title="bbox 1907 2024 3483 2096; baseline -0.004 -12"><span class='ocrx_word' id='word_1_401' title='bbox 1907 2033 2068 2084; x_wconf 79' lang='lat' dir='ltr'><strong>etiam</strong></span> <span class='ocrx_word' id='word_1_402' title='bbox 2121 2029 2325 2096; x_wconf 79' lang='lat' dir='ltr'><strong>absque</strong></span> <span class='ocrx_word' id='word_1_403' title='bbox 2370 2026 2694 2081; x_wconf 76' lang='lat' dir='ltr'><strong>diutissoriis</strong></span> <span class='ocrx_word' id='word_1_404' title='bbox 2726 2025 2923 2079; x_wconf 86' lang='lat' dir='ltr'><strong>litteris</strong></span> <span class='ocrx_word' id='word_1_405' title='bbox 2968 2040 3154 2079; x_wconf 86' lang='lat' dir='ltr'><strong>eorum</strong></span> <span class='ocrx_word' id='word_1_406' title='bbox 3216 2025 3305 2093; x_wconf 92' lang='lat' dir='ltr'><strong>qui</strong></span> <span class='ocrx_word' id='word_1_407' title='bbox 3361 2024 3483 2078; x_wconf 74' lang='lat' dir='ltr'><strong>illos</strong></span> 
     </span>
    </p>
   </div>
   <div class='ocr_carea' id='block_1_63' title="bbox 1906 2116 3485 2175">
    <p class='ocr_par' dir='ltr' id='par_1_63' title="bbox 1906 2116 3485 2175">
     <span class='ocr_line' id='line_1_63' title="bbox 1906 2116 3485 2175; baseline -0.003 0"><span class='ocrx_word' id='word_1_408' title='bbox 1906 2124 2247 2175; x_wconf 77' lang='lat' dir='ltr'><strong>ordinarunt.</strong></span> <span class='ocrx_word' id='word_1_409' title='bbox 2284 2119 2393 2174; x_wconf 90' lang='lat' dir='ltr'><strong>lloc</strong></span> <span class='ocrx_word' id='word_1_410' title='bbox 2428 2130 2603 2175; x_wconf 87' lang='lat' dir='ltr'><strong>autem</strong></span> <span class='ocrx_word' id='word_1_411' title='bbox 2654 2120 2897 2173; x_wconf 78' lang='lat' dir='ltr'><strong>invenies</strong></span> <span class='ocrx_word' id='word_1_412' title='bbox 2932 2118 2984 2172; x_wconf 82' lang='lat' dir='ltr'><strong>in</strong></span> <span class='ocrx_word' id='word_1_413' title='bbox 3019 2118 3316 2172; x_wconf 85' lang='lat' dir='ltr'><strong>canouibus</strong></span> <span class='ocrx_word' id='word_1_414' title='bbox 3348 2116 3485 2173; x_wconf 86' lang='lat' dir='ltr'><strong>Car-</strong></span> 
     </span>
    </p>
   </div>
   <div class='ocr_carea' id='block_1_64' title="bbox 1910 2208 3485 2281">
    <p class='ocr_par' dir='ltr' id='par_1_64' title="bbox 1910 2208 3485 2281">
     <span class='ocr_line' id='line_1_64' title="bbox 1910 2208 3485 2281; baseline -0.001 -17"><span class='ocrx_word' id='word_1_415' title='bbox 1910 2212 2209 2279; x_wconf 73' lang='lat' dir='ltr'><strong>thaginens.</strong></span> <span class='ocrx_word' id='word_1_416' title='bbox 2247 2210 2459 2281; x_wconf 84' lang='lat' dir='ltr'><strong>synodi.</strong></span> <span class='ocrx_word' id='word_1_417' title='bbox 2494 2209 2597 2263; x_wconf 85' lang='lat' dir='ltr'><strong>Sed</strong></span> <span class='ocrx_word' id='word_1_418' title='bbox 2638 2218 2691 2262; x_wconf 86' lang='lat' dir='ltr'><strong>et</strong></span> <span class='ocrx_word' id='word_1_419' title='bbox 2732 2208 3170 2277; x_wconf 70' lang='lat' dir='ltr'><strong>archiepiscopus</strong></span> <span class='ocrx_word' id='word_1_420' title='bbox 3215 2208 3485 2263; x_wconf 68' lang='lat' dir='ltr'><strong>Ctmstauo</strong></span> 
     </span>
    </p>
   </div>
   <div class='ocr_carea' id='block_1_65' title="bbox 1906 2299 3481 2371">
    <p class='ocr_par' dir='ltr' id='par_1_65' title="bbox 1906 2299 3481 2371">
     <span class='ocr_line' id='line_1_65' title="bbox 1906 2299 3481 2371; baseline -0.002 -15"><span class='ocrx_word' id='word_1_421' title='bbox 1906 2302 2296 2371; x_wconf 64' lang='lat' dir='ltr'><strong>tiuottolitauus</strong></span> <span class='ocrx_word' id='word_1_422' title='bbox 2366 2310 2542 2370; x_wconf 82' lang='lat' dir='ltr'><strong>potest</strong></span> <span class='ocrx_word' id='word_1_423' title='bbox 2588 2300 2839 2355; x_wconf 83' lang='lat' dir='ltr'><strong>similiter</strong></span> <span class='ocrx_word' id='word_1_424' title='bbox 2892 2299 3090 2355; x_wconf 81' lang='lat' dir='ltr'><strong>facere.</strong></span> <span class='ocrx_word' id='word_1_425' title='bbox 3148 2300 3283 2353; x_wconf 89' lang='lat' dir='ltr'><strong>Dicit</strong></span> <span class='ocrx_word' id='word_1_426' title='bbox 3337 2301 3481 2355; x_wconf 88' lang='lat' dir='ltr'><strong>enim</strong></span> 
     </span>
    </p>
   </div>
   <div class='ocr_carea' id='block_1_66' title="bbox 1905 2391 3471 2463">
    <p class='ocr_par' dir='ltr' id='par_1_66' title="bbox 1905 2391 3471 2463">
     <span class='ocr_line' id='line_1_66' title="bbox 1905 2391 3471 2463; baseline -0.003 -15"><span class='ocrx_word' id='word_1_427' title='bbox 1905 2408 2162 2463; x_wconf 85' lang='lat' dir='ltr'><strong>expresse</strong></span> <span class='ocrx_word' id='word_1_428' title='bbox 2198 2394 2232 2447; x_wconf 78' lang='lat'><strong>&#39;5</strong></span> <span class='ocrx_word' id='word_1_429' title='bbox 2275 2393 2483 2448; x_wconf 83' lang='lat' dir='ltr'><strong>novella</strong></span> <span class='ocrx_word' id='word_1_430' title='bbox 2516 2391 2804 2446; x_wconf 82' lang='lat' dir='ltr'><strong>Justiuiani</strong></span> <span class='ocrx_word' id='word_1_431' title='bbox 2853 2392 3218 2462; x_wconf 86' lang='lat' dir='ltr'><strong>imperatoris,</strong></span> <span class='ocrx_word' id='word_1_432' title='bbox 3270 2407 3362 2446; x_wconf 84' lang='lat' dir='ltr'><strong>seu</strong></span> <span class='ocrx_word' id='word_1_433' title='bbox 3394 2394 3429 2445; x_wconf 69' lang='grc'>2</span> <span class='ocrx_word' id='word_1_434' title='bbox 3456 2433 3471 2457; x_wconf 83' lang='grc'><strong>,</strong></span> 
     </span>
    </p>
   </div>
   <div class='ocr_carea' id='block_1_67' title="bbox 1906 2482 3487 2555">
    <p class='ocr_par' dir='ltr' id='par_1_67' title="bbox 1906 2482 3487 2555">
     <span class='ocr_line' id='line_1_67' title="bbox 1906 2482 3487 2555; baseline -0.002 -16"><span class='ocrx_word' id='word_1_435' title='bbox 1906 2497 2028 2555; x_wconf 82' lang='lat' dir='ltr'><strong>cap.</strong></span> <span class='ocrx_word' id='word_1_436' title='bbox 2056 2484 2091 2537; x_wconf 75' lang='grc'>2</span> <span class='ocrx_word' id='word_1_437' title='bbox 2127 2486 2208 2548; x_wconf 87' lang='lat' dir='ltr'><strong>tit,</strong></span> <span class='ocrx_word' id='word_1_438' title='bbox 2240 2484 2292 2549; x_wconf 79' lang='grc'>5,</span> <span class='ocrx_word' id='word_1_439' title='bbox 2328 2483 2451 2539; x_wconf 90' lang='lat' dir='ltr'><strong>libri</strong></span> <span class='ocrx_word' id='word_1_440' title='bbox 2479 2482 2836 2539; x_wconf 74' lang='lat' dir='ltr'><strong>Basilicorum</strong></span> <span class='ocrx_word' id='word_1_441' title='bbox 2866 2501 2878 2537; x_wconf 90' lang='lat'><strong>:</strong></span> <span class='ocrx_word' id='word_1_442' title='bbox 2914 2482 2969 2538; x_wconf 88' lang='lat' dir='ltr'><strong>Si</strong></span> <span class='ocrx_word' id='word_1_443' title='bbox 3010 2484 3154 2539; x_wconf 87' lang='lat' dir='ltr'><strong>enim</strong></span> <span class='ocrx_word' id='word_1_444' title='bbox 3206 2484 3258 2538; x_wconf 92' lang='lat' dir='ltr'><strong>in</strong></span> <span class='ocrx_word' id='word_1_445' title='bbox 3305 2499 3487 2537; x_wconf 73' lang='grc' dir='ltr'>εςιςτοο</span> 
     </span>
    </p>
   </div>
   <div class='ocr_carea' id='block_1_68' title="bbox 1907 2573 3484 2645">
    <p class='ocr_par' dir='ltr' id='par_1_68' title="bbox 1907 2573 3484 2645">
     <span class='ocr_line' id='line_1_68' title="bbox 1907 2573 3484 2645; baseline -0.002 -16"><span class='ocrx_word' id='word_1_446' title='bbox 1907 2575 2113 2629; x_wconf 82' lang='lat' dir='ltr'><strong>sanctis</strong></span> <span class='ocrx_word' id='word_1_447' title='bbox 2147 2574 2495 2628; x_wconf 84' lang='lat' dir='ltr'><strong>monasteriis</strong></span> <span class='ocrx_word' id='word_1_448' title='bbox 2529 2573 2881 2645; x_wconf 85' lang='lat' dir='ltr'><strong>prohibemus</strong></span> <span class='ocrx_word' id='word_1_449' title='bbox 2908 2588 2974 2628; x_wconf 76' lang='lat' dir='ltr'><strong>ex</strong></span> <span class='ocrx_word' id='word_1_450' title='bbox 3006 2574 3112 2630; x_wconf 88' lang='lat' dir='ltr'><strong>alio</strong></span> <span class='ocrx_word' id='word_1_451' title='bbox 3151 2575 3484 2628; x_wconf 86' lang='lat' dir='ltr'><strong>monasterio</strong></span> 
     </span>
    </p>
   </div>
   <div class='ocr_carea' id='block_1_69' title="bbox 1907 2664 3484 2735">
    <p class='ocr_par' dir='ltr' id='par_1_69' title="bbox 1907 2664 3484 2735">
     <span class='ocr_line' id='line_1_69' title="bbox 1907 2664 3484 2735; baseline -0.001 -15"><span class='ocrx_word' id='word_1_452' title='bbox 1907 2665 2142 2721; x_wconf 63' lang='lat' dir='ltr'><strong>transire</strong></span> <span class='ocrx_word' id='word_1_453' title='bbox 2179 2666 2229 2718; x_wconf 91' lang='lat' dir='ltr'><strong>in</strong></span> <span class='ocrx_word' id='word_1_454' title='bbox 2261 2664 2431 2728; x_wconf 86' lang='lat' dir='ltr'><strong>aliud,</strong></span> <span class='ocrx_word' id='word_1_455' title='bbox 2476 2664 2642 2719; x_wconf 88' lang='lat' dir='ltr'><strong>multo</strong></span> <span class='ocrx_word' id='word_1_456' title='bbox 2700 2665 2873 2735; x_wconf 74' lang='lat' dir='ltr'><strong>magis</strong></span> <span class='ocrx_word' id='word_1_457' title='bbox 2923 2679 3022 2719; x_wconf 86' lang='lat' dir='ltr'><strong>ucc</strong></span> <span class='ocrx_word' id='word_1_458' title='bbox 3061 2664 3484 2733; x_wconf 80' lang='lat' dir='ltr'><strong>religiosissimis</strong></span> 
     </span>
    </p>
   </div>
   <div class='ocr_carea' id='block_1_70' title="bbox 1908 2756 3486 2827">
    <p class='ocr_par' dir='ltr' id='par_1_70' title="bbox 1908 2756 3486 2827">
     <span class='ocr_line' id='line_1_70' title="bbox 1908 2756 3486 2827; baseline -0.003 -15"><span class='ocrx_word' id='word_1_459' title='bbox 1908 2757 2121 2812; x_wconf 85' lang='lat' dir='ltr'><strong>clericis</strong></span> <span class='ocrx_word' id='word_1_460' title='bbox 2155 2759 2259 2812; x_wconf 86' lang='lat' dir='ltr'><strong>hoc</strong></span> <span class='ocrx_word' id='word_1_461' title='bbox 2295 2757 2684 2827; x_wconf 85' lang='lat' dir='ltr'><strong>permittimus,</strong></span> <span class='ocrx_word' id='word_1_462' title='bbox 2713 2757 2849 2811; x_wconf 87' lang='lat' dir='ltr'><strong>lucri</strong></span> <span class='ocrx_word' id='word_1_463' title='bbox 2895 2766 2951 2811; x_wconf 86' lang='lat' dir='ltr'><strong>et</strong></span> <span class='ocrx_word' id='word_1_464' title='bbox 2982 2758 3363 2827; x_wconf 78' lang='lat' dir='ltr'><strong>negotiationis</strong></span> <span class='ocrx_word' id='word_1_465' title='bbox 3390 2756 3486 2809; x_wconf 85' lang='lat' dir='ltr'><strong>dc-</strong></span> 
     </span>
    </p>
   </div>
   <div class='ocr_carea' id='block_1_71' title="bbox 1907 2848 3483 2916">
    <p class='ocr_par' dir='ltr' id='par_1_71' title="bbox 1907 2848 3483 2916">
     <span class='ocr_line' id='line_1_71' title="bbox 1907 2848 3483 2916; baseline -0.001 -12"><span class='ocrx_word' id='word_1_466' title='bbox 1907 2851 2353 2904; x_wconf 83' lang='lat' dir='ltr'><strong>monstratiouetu</strong></span> <span class='ocrx_word' id='word_1_467' title='bbox 2382 2851 2521 2904; x_wconf 86' lang='lat' dir='ltr'><strong>ltauc</strong></span> <span class='ocrx_word' id='word_1_468' title='bbox 2550 2849 2749 2903; x_wconf 86' lang='lat' dir='ltr'><strong>habere</strong></span> <span class='ocrx_word' id='word_1_469' title='bbox 2778 2848 3127 2916; x_wconf 82' lang='lat' dir='ltr'><strong>cupiditatem</strong></span> <span class='ocrx_word' id='word_1_470' title='bbox 3159 2850 3483 2904; x_wconf 73' lang='lat' dir='ltr'><strong>existinma-</strong></span> 
     </span>
    </p>
   </div>
   <div class='ocr_carea' id='block_1_72' title="bbox 1907 2941 3479 3013">
    <p class='ocr_par' dir='ltr' id='par_1_72' title="bbox 1907 2941 3479 3013">
     <span class='ocr_line' id='line_1_72' title="bbox 1907 2941 3479 3013; baseline -0.004 -13"><span class='ocrx_word' id='word_1_471' title='bbox 1907 2954 2004 3000; x_wconf 75' lang='lat' dir='ltr'><strong>tes.</strong></span> <span class='ocrx_word' id='word_1_472' title='bbox 2039 2942 2096 2997; x_wconf 90' lang='lat' dir='ltr'><strong>Si</strong></span> <span class='ocrx_word' id='word_1_473' title='bbox 2137 2944 2352 3013; x_wconf 83' lang='lat' dir='ltr'><strong>quando</strong></span> <span class='ocrx_word' id='word_1_474' title='bbox 2400 2953 2583 2998; x_wconf 87' lang='lat' dir='ltr'><strong>autem</strong></span> <span class='ocrx_word' id='word_1_475' title='bbox 2632 2942 2901 3012; x_wconf 84' lang='lat' dir='ltr'><strong>ejusmodi</strong></span> <span class='ocrx_word' id='word_1_476' title='bbox 2948 2941 3353 2996; x_wconf 85' lang='lat' dir='ltr'><strong>translationem</strong></span> <span class='ocrx_word' id='word_1_477' title='bbox 3389 2950 3479 2994; x_wconf 86' lang='lat' dir='ltr'><strong>tua</strong></span> 
     </span>
    </p>
   </div>
   <div class='ocr_carea' id='block_1_73' title="bbox 1905 3032 3481 3102">
    <p class='ocr_par' dir='ltr' id='par_1_73' title="bbox 1905 3032 3481 3102">
     <span class='ocr_line' id='line_1_73' title="bbox 1905 3032 3481 3102; baseline -0.004 -13"><span class='ocrx_word' id='word_1_478' title='bbox 1905 3033 2184 3089; x_wconf 80' lang='lat' dir='ltr'><strong>beatitudo</strong></span> <span class='ocrx_word' id='word_1_479' title='bbox 2226 3033 2305 3086; x_wconf 83' lang='lat' dir='ltr'><strong>vel</strong></span> <span class='ocrx_word' id='word_1_480' title='bbox 2330 3048 2450 3102; x_wconf 75' lang='lat' dir='ltr'><strong>quae</strong></span> <span class='ocrx_word' id='word_1_481' title='bbox 2490 3043 2618 3087; x_wconf 88' lang='lat' dir='ltr'><strong>tunc</strong></span> <span class='ocrx_word' id='word_1_482' title='bbox 2654 3033 2818 3088; x_wconf 84' lang='lat' dir='ltr'><strong>fuerit</strong></span> <span class='ocrx_word' id='word_1_483' title='bbox 2860 3032 3157 3102; x_wconf 84' lang='lat' dir='ltr'><strong>imperialis</strong></span> <span class='ocrx_word' id='word_1_484' title='bbox 3203 3032 3481 3097; x_wconf 70' lang='lat' dir='ltr'><strong>maiestas.</strong></span> 
     </span>
    </p>
   </div>
   <div class='ocr_carea' id='block_1_74' title="bbox 1905 3123 3483 3192">
    <p class='ocr_par' dir='ltr' id='par_1_74' title="bbox 1905 3123 3483 3192">
     <span class='ocr_line' id='line_1_74' title="bbox 1905 3123 3483 3192; baseline 0 -14"><span class='ocrx_word' id='word_1_485' title='bbox 1905 3123 2209 3180; x_wconf 82' lang='lat' dir='ltr'><strong>faciendam</strong></span> <span class='ocrx_word' id='word_1_486' title='bbox 2241 3125 2475 3190; x_wconf 77' lang='lat' dir='ltr'><strong>duxerit,</strong></span> <span class='ocrx_word' id='word_1_487' title='bbox 2502 3140 2569 3179; x_wconf 85' lang='lat' dir='ltr'><strong>ne</strong></span> <span class='ocrx_word' id='word_1_488' title='bbox 2596 3125 2700 3179; x_wconf 81' lang='lat' dir='ltr'><strong>hoc</strong></span> <span class='ocrx_word' id='word_1_489' title='bbox 2731 3124 2888 3178; x_wconf 86' lang='lat' dir='ltr'><strong>aliter</strong></span> <span class='ocrx_word' id='word_1_490' title='bbox 2916 3124 3031 3185; x_wconf 83' lang='lat' dir='ltr'><strong>ﬁat,</strong></span> <span class='ocrx_word' id='word_1_491' title='bbox 3057 3125 3368 3192; x_wconf 83' lang='lat' dir='ltr'><strong>priusquam</strong></span> <span class='ocrx_word' id='word_1_492' title='bbox 3393 3138 3483 3178; x_wconf 74' lang='lat' dir='ltr'><strong>res</strong></span> 
     </span>
    </p>
   </div>
   <div class='ocr_carea' id='block_1_75' title="bbox 1905 3212 3481 3282">
    <p class='ocr_par' dir='ltr' id='par_1_75' title="bbox 1905 3212 3481 3282">
     <span class='ocr_line' id='line_1_75' title="bbox 1905 3212 3481 3282; baseline -0.003 -13"><span class='ocrx_word' id='word_1_493' title='bbox 1905 3219 1970 3269; x_wconf 86' lang='lat' dir='ltr'><strong>ad</strong></span> <span class='ocrx_word' id='word_1_494' title='bbox 2000 3216 2204 3270; x_wconf 88' lang='lat' dir='ltr'><strong>dictum</strong></span> <span class='ocrx_word' id='word_1_495' title='bbox 2242 3216 2399 3270; x_wconf 88' lang='lat' dir='ltr'><strong>nobis</strong></span> <span class='ocrx_word' id='word_1_496' title='bbox 2429 3228 2712 3268; x_wconf 84' lang='lat' dir='ltr'><strong>numerum</strong></span> <span class='ocrx_word' id='word_1_497' title='bbox 2744 3214 2957 3267; x_wconf 84' lang='lat' dir='ltr'><strong>redacta</strong></span> <span class='ocrx_word' id='word_1_498' title='bbox 2987 3212 3169 3268; x_wconf 84' lang='lat' dir='ltr'><strong>fuerit.</strong></span> <span class='ocrx_word' id='word_1_499' title='bbox 3202 3212 3481 3282; x_wconf 83' lang='lat' dir='ltr'><strong>Ejusmodi</strong></span> 
     </span>
    </p>
   </div>
   <div class='ocr_carea' id='block_1_76' title="bbox 1909 3303 3480 3375">
    <p class='ocr_par' dir='ltr' id='par_1_76' title="bbox 1909 3303 3480 3375">
     <span class='ocr_line' id='line_1_76' title="bbox 1909 3303 3480 3375; baseline -0.006 -13"><span class='ocrx_word' id='word_1_500' title='bbox 1909 3318 2086 3362; x_wconf 83' lang='lat' dir='ltr'><strong>autem</strong></span> <span class='ocrx_word' id='word_1_501' title='bbox 2116 3307 2341 3362; x_wconf 85' lang='lat' dir='ltr'><strong>Novella</strong></span> <span class='ocrx_word' id='word_1_502' title='bbox 2374 3307 2576 3375; x_wconf 90' lang='lat' dir='ltr'><strong>scripta</strong></span> <span class='ocrx_word' id='word_1_503' title='bbox 2604 3315 2686 3361; x_wconf 88' lang='lat' dir='ltr'><strong>est</strong></span> <span class='ocrx_word' id='word_1_504' title='bbox 2710 3306 2775 3359; x_wconf 83' lang='lat' dir='ltr'><strong>ad</strong></span> <span class='ocrx_word' id='word_1_505' title='bbox 2810 3304 3175 3374; x_wconf 84' lang='lat' dir='ltr'><strong>patriarcbam</strong></span> <span class='ocrx_word' id='word_1_506' title='bbox 3208 3303 3480 3359; x_wconf 84' lang='lat' dir='ltr'><strong>Constan-</strong></span> 
     </span>
    </p>
   </div>
   <div class='ocr_carea' id='block_1_77' title="bbox 1910 3394 3483 3469">
    <p class='ocr_par' dir='ltr' id='par_1_77' title="bbox 1910 3394 3483 3469">
     <span class='ocr_line' id='line_1_77' title="bbox 1910 3394 3483 3469; baseline -0.003 -16"><span class='ocrx_word' id='word_1_507' title='bbox 1910 3400 2353 3469; x_wconf 83' lang='lat' dir='ltr'><strong>tinopolitanum,</strong></span> <span class='ocrx_word' id='word_1_508' title='bbox 2385 3398 2478 3466; x_wconf 87' lang='lat' dir='ltr'><strong>qui</strong></span> <span class='ocrx_word' id='word_1_509' title='bbox 2508 3407 2626 3451; x_wconf 85' lang='lat' dir='ltr'><strong>erat</strong></span> <span class='ocrx_word' id='word_1_510' title='bbox 2652 3406 2781 3452; x_wconf 88' lang='lat' dir='ltr'><strong>tunc</strong></span> <span class='ocrx_word' id='word_1_511' title='bbox 2818 3396 3103 3465; x_wconf 87' lang='lat' dir='ltr'><strong>temporis.</strong></span> <span class='ocrx_word' id='word_1_512' title='bbox 3135 3394 3270 3448; x_wconf 81' lang='lat' dir='ltr'><strong>Nota</strong></span> <span class='ocrx_word' id='word_1_513' title='bbox 3298 3405 3483 3449; x_wconf 82' lang='lat' dir='ltr'><strong>autem</strong></span> 
     </span>
    </p>
   </div>
   <div class='ocr_carea' id='block_1_78' title="bbox 1906 3486 3487 3561">
    <p class='ocr_par' dir='ltr' id='par_1_78' title="bbox 1906 3486 3487 3561">
     <span class='ocr_line' id='line_1_78' title="bbox 1906 3486 3487 3561; baseline -0.002 -17"><span class='ocrx_word' id='word_1_514' title='bbox 1906 3495 2233 3561; x_wconf 87' lang='lat' dir='ltr'><strong>quodetiam</strong></span> <span class='ocrx_word' id='word_1_515' title='bbox 2261 3490 2578 3561; x_wconf 87' lang='lat' dir='ltr'><strong>imperatori</strong></span> <span class='ocrx_word' id='word_1_516' title='bbox 2607 3503 2925 3545; x_wconf 75' lang='lat' dir='ltr'><strong>concessum</strong></span> <span class='ocrx_word' id='word_1_517' title='bbox 2951 3497 3033 3544; x_wconf 86' lang='lat' dir='ltr'><strong>est</strong></span> <span class='ocrx_word' id='word_1_518' title='bbox 3054 3486 3239 3544; x_wconf 76' lang='lat' dir='ltr'><strong>facere</strong></span> <span class='ocrx_word' id='word_1_519' title='bbox 3258 3486 3487 3543; x_wconf 82' lang='lat' dir='ltr'><strong>clerico-</strong></span> 
     </span>
    </p>
   </div>
   <div class='ocr_carea' id='block_1_79' title="bbox 1906 3585 2439 3640">
    <p class='ocr_par' dir='ltr' id='par_1_79' title="bbox 1906 3585 2439 3640">
     <span class='ocr_line' id='line_1_79' title="bbox 1906 3585 2439 3640; baseline 0 0"><span class='ocrx_word' id='word_1_520' title='bbox 1906 3602 2026 3640; x_wconf 89' lang='lat' dir='ltr'><strong>rum</strong></span> <span class='ocrx_word' id='word_1_521' title='bbox 2060 3585 2439 3640; x_wconf 79' lang='lat' dir='ltr'><strong>translationes</strong></span> 
     </span>
    </p>
   </div>
   <div class='ocr_carea' id='block_1_80' title="bbox 1977 3763 3484 3827">
    <p class='ocr_par' dir='ltr' id='par_1_80' title="bbox 1977 3763 3484 3827">
     <span class='ocr_line' id='line_1_80' title="bbox 1977 3763 3484 3827; baseline -0.001 -9"><span class='ocrx_word' id='word_1_522' title='bbox 1977 3763 2226 3821; x_wconf 78' lang='lat' dir='ltr'><strong>ZONAR.</strong></span> <span class='ocrx_word' id='word_1_523' title='bbox 2261 3764 2789 3818; x_wconf 82' lang='lat' dir='ltr'><strong>Autecedenscanou</strong></span> <span class='ocrx_word' id='word_1_524' title='bbox 2814 3772 2964 3817; x_wconf 83' lang='lat' dir='ltr'><strong>arcet</strong></span> <span class='ocrx_word' id='word_1_525' title='bbox 2988 3777 3083 3817; x_wconf 85' lang='lat' dir='ltr'><strong>eos</strong></span> <span class='ocrx_word' id='word_1_526' title='bbox 3110 3777 3140 3815; x_wconf 86' lang='lat' dir='ltr'><strong>a</strong></span> <span class='ocrx_word' id='word_1_527' title='bbox 3165 3763 3484 3827; x_wconf 74' lang='lat' dir='ltr'><strong>ministerio,</strong></span> 
     </span>
    </p>
   </div>
   <div class='ocr_carea' id='block_1_81' title="bbox 1908 3854 3484 3926">
    <p class='ocr_par' dir='ltr' id='par_1_81' title="bbox 1908 3854 3484 3926">
     <span class='ocr_line' id='line_1_81' title="bbox 1908 3854 3484 3926; baseline 0.001 -18"><span class='ocrx_word' id='word_1_528' title='bbox 1908 3865 1999 3926; x_wconf 80' lang='lat' dir='ltr'><strong>qui</strong></span> <span class='ocrx_word' id='word_1_529' title='bbox 2035 3858 2327 3925; x_wconf 73' lang='lat' dir='ltr'><strong>parmciaut</strong></span> <span class='ocrx_word' id='word_1_530' title='bbox 2375 3857 2767 3918; x_wconf 86' lang='lat' dir='ltr'><strong>deseruerunt,</strong></span> <span class='ocrx_word' id='word_1_531' title='bbox 2812 3855 2865 3909; x_wconf 91' lang='lat' dir='ltr'><strong>in</strong></span> <span class='ocrx_word' id='word_1_532' title='bbox 2904 3868 3007 3922; x_wconf 88' lang='lat' dir='ltr'><strong>qua</strong></span> <span class='ocrx_word' id='word_1_533' title='bbox 3057 3854 3289 3908; x_wconf 87' lang='lat' dir='ltr'><strong>ordinati</strong></span> <span class='ocrx_word' id='word_1_534' title='bbox 3336 3866 3484 3909; x_wconf 84' lang='lat' dir='ltr'><strong>sunt.</strong></span> 
     </span>
    </p>
   </div>
   <div class='ocr_carea' id='block_1_82' title="bbox 1908 3945 3485 4013">
    <p class='ocr_par' dir='ltr' id='par_1_82' title="bbox 1908 3945 3485 4013">
     <span class='ocr_line' id='line_1_82' title="bbox 1908 3945 3485 4013; baseline -0.001 -12"><span class='ocrx_word' id='word_1_535' title='bbox 1908 3947 2155 4002; x_wconf 63' lang='lat' dir='ltr'><strong>Praesens</strong></span> <span class='ocrx_word' id='word_1_536' title='bbox 2184 3962 2311 4002; x_wconf 80' lang='lat' dir='ltr'><strong>vero</strong></span> <span class='ocrx_word' id='word_1_537' title='bbox 2343 3962 2519 4002; x_wconf 87' lang='lat' dir='ltr'><strong>canon</strong></span> <span class='ocrx_word' id='word_1_538' title='bbox 2548 3945 2990 4001; x_wconf 77' lang='lat' dir='ltr'><strong>escommunicat</strong></span> <span class='ocrx_word' id='word_1_539' title='bbox 3026 3945 3341 4013; x_wconf 80' lang='lat' dir='ltr'><strong>episcopum</strong></span> <span class='ocrx_word' id='word_1_540' title='bbox 3367 3985 3384 4011; x_wconf 90' lang='lat'><strong>,</strong></span> <span class='ocrx_word' id='word_1_541' title='bbox 3419 3948 3485 4000; x_wconf 87' lang='lat' dir='ltr'><strong>ad</strong></span> 
     </span>
    </p>
   </div>
   <div class='ocr_carea' id='block_1_83' title="bbox 1910 4035 3491 4110">
    <p class='ocr_par' dir='ltr' id='par_1_83' title="bbox 1910 4035 3491 4110">
     <span class='ocr_line' id='line_1_83' title="bbox 1910 4035 3491 4110; baseline -0.001 -17"><span class='ocrx_word' id='word_1_542' title='bbox 1910 4054 2072 4110; x_wconf 86' lang='lat' dir='ltr'><strong>quem</strong></span> <span class='ocrx_word' id='word_1_543' title='bbox 2103 4054 2162 4093; x_wconf 89' lang='lat' dir='ltr'><strong>se</strong></span> <span class='ocrx_word' id='word_1_544' title='bbox 2217 4038 2602 4102; x_wconf 85' lang='lat' dir='ltr'><strong>contulerunt,</strong></span> <span class='ocrx_word' id='word_1_545' title='bbox 2653 4038 2698 4093; x_wconf 88' lang='lat' dir='ltr'><strong>si</strong></span> <span class='ocrx_word' id='word_1_546' title='bbox 2741 4039 3015 4093; x_wconf 80' lang='lat' dir='ltr'><strong>decretam</strong></span> <span class='ocrx_word' id='word_1_547' title='bbox 3068 4035 3249 4090; x_wconf 87' lang='lat' dir='ltr'><strong>sciens</strong></span> <span class='ocrx_word' id='word_1_548' title='bbox 3295 4036 3353 4091; x_wconf 88' lang='lat' dir='ltr'><strong>in</strong></span> <span class='ocrx_word' id='word_1_549' title='bbox 3393 4051 3491 4091; x_wconf 81' lang='lat' dir='ltr'><strong>cos</strong></span> 
     </span>
    </p>
   </div>
   <div class='ocr_carea' id='block_1_84' title="bbox 1910 4128 3485 4203">
    <p class='ocr_par' dir='ltr' id='par_1_84' title="bbox 1910 4128 3485 4203">
     <span class='ocr_line' id='line_1_84' title="bbox 1910 4128 3485 4203; baseline -0.001 -18"><span class='ocrx_word' id='word_1_550' title='bbox 1910 4146 2151 4203; x_wconf 68' lang='lat' dir='ltr'><strong>pinnam,</strong></span> <span class='ocrx_word' id='word_1_551' title='bbox 2183 4131 2449 4200; x_wconf 83' lang='lat' dir='ltr'><strong>receperit</strong></span> <span class='ocrx_word' id='word_1_552' title='bbox 2478 4132 2625 4199; x_wconf 86' lang='lat' dir='ltr'><strong>ipsos</strong></span> <span class='ocrx_word' id='word_1_553' title='bbox 2665 4138 2726 4184; x_wconf 89' lang='lat' dir='ltr'><strong>ut</strong></span> <span class='ocrx_word' id='word_1_554' title='bbox 2756 4128 2988 4185; x_wconf 83' lang='lat' dir='ltr'><strong>clericos</strong></span> <span class='ocrx_word' id='word_1_555' title='bbox 3010 4168 3025 4194; x_wconf 87' lang='lat'><strong>,</strong></span> <span class='ocrx_word' id='word_1_556' title='bbox 3063 4138 3319 4197; x_wconf 85' lang='lat' dir='ltr'><strong>tanquam</strong></span> <span class='ocrx_word' id='word_1_557' title='bbox 3350 4143 3485 4184; x_wconf 80' lang='lat' dir='ltr'><strong>cou-</strong></span> 
     </span>
    </p>
   </div>
   <div class='ocr_carea' id='block_1_85' title="bbox 1911 4222 2873 4278">
    <p class='ocr_par' dir='ltr' id='par_1_85' title="bbox 1911 4222 2873 4278">
     <span class='ocr_line' id='line_1_85' title="bbox 1911 4222 2873 4278; baseline -0.003 0"><span class='ocrx_word' id='word_1_558' title='bbox 1911 4222 2139 4278; x_wconf 78' lang='lat' dir='ltr'><strong>iusionis</strong></span> <span class='ocrx_word' id='word_1_559' title='bbox 2177 4233 2229 4275; x_wconf 84' lang='lat' dir='ltr'><strong>et</strong></span> <span class='ocrx_word' id='word_1_560' title='bbox 2256 4222 2538 4275; x_wconf 82' lang='lat' dir='ltr'><strong>seditionis</strong></span> <span class='ocrx_word' id='word_1_561' title='bbox 2571 4231 2873 4275; x_wconf 87' lang='lat' dir='ltr'><strong>auctorem.</strong></span> 
     </span>
    </p>
   </div>
   <div class='ocr_carea' id='block_1_86' title="bbox 1981 4308 3490 4379">
    <p class='ocr_par' dir='ltr' id='par_1_86' title="bbox 1981 4308 3490 4379">
     <span class='ocr_line' id='line_1_86' title="bbox 1981 4308 3490 4379; baseline -0.001 -13"><span class='ocrx_word' id='word_1_562' title='bbox 1981 4311 2210 4367; x_wconf 77' lang='grc' dir='ltr'>Αιιιετ.</span> <span class='ocrx_word' id='word_1_563' title='bbox 2258 4310 2358 4377; x_wconf 85' lang='lat' dir='ltr'><strong>Qui</strong></span> <span class='ocrx_word' id='word_1_564' title='bbox 2406 4310 2562 4364; x_wconf 81' lang='lat' dir='ltr'><strong>talem</strong></span> <span class='ocrx_word' id='word_1_565' title='bbox 2612 4310 2780 4364; x_wconf 84' lang='lat' dir='ltr'><strong>sciens</strong></span> <span class='ocrx_word' id='word_1_566' title='bbox 2829 4308 3023 4364; x_wconf 78' lang='lat' dir='ltr'><strong>detinet</strong></span> <span class='ocrx_word' id='word_1_567' title='bbox 3068 4308 3235 4364; x_wconf 86' lang='lat' dir='ltr'><strong>eidem</strong></span> <span class='ocrx_word' id='word_1_568' title='bbox 3277 4310 3490 4379; x_wconf 83' lang='lat' dir='ltr'><strong>judicio</strong></span> 
     </span>
    </p>
   </div>
   <div class='ocr_carea' id='block_1_87' title="bbox 2545 4402 2843 4471">
    <p class='ocr_par' dir='ltr' id='par_1_87' title="bbox 2545 4402 2843 4471">
     <span class='ocr_line' id='line_1_87' title="bbox 2545 4402 2843 4471; baseline 0.003 -15"><span class='ocrx_word' id='word_1_569' title='bbox 2545 4402 2843 4471; x_wconf 77' lang='lat' dir='ltr'><strong>subjicitur.</strong></span> 
     </span>
    </p>
   </div>
   <div class='ocr_carea' id='block_1_88' title="bbox 1987 4492 3490 4567">
    <p class='ocr_par' dir='ltr' id='par_1_88' title="bbox 1987 4492 3490 4567">
     <span class='ocr_line' id='line_1_88' title="bbox 1987 4492 3490 4567; baseline -0.002 -16"><span class='ocrx_word' id='word_1_570' title='bbox 1987 4497 2286 4567; x_wconf 84' lang='lat' dir='ltr'><strong>Episcopus</strong></span> <span class='ocrx_word' id='word_1_571' title='bbox 2337 4500 2514 4551; x_wconf 88' lang='lat' dir='ltr'><strong>sciens</strong></span> <span class='ocrx_word' id='word_1_572' title='bbox 2545 4497 2870 4565; x_wconf 84' lang='lat' dir='ltr'><strong>snppliciuut</strong></span> <span class='ocrx_word' id='word_1_573' title='bbox 2924 4494 3199 4548; x_wconf 81' lang='lat' dir='ltr'><strong>decretum</strong></span> <span class='ocrx_word' id='word_1_574' title='bbox 3239 4492 3290 4547; x_wconf 91' lang='lat' dir='ltr'><strong>in</strong></span> <span class='ocrx_word' id='word_1_575' title='bbox 3328 4494 3490 4548; x_wconf 84' lang='lat' dir='ltr'><strong>talem</strong></span> 
     </span>
    </p>
   </div>
   <div class='ocr_carea' id='block_1_89' title="bbox 237 4586 1806 4676">
    <p class='ocr_par' dir='ltr' id='par_1_89' title="bbox 237 4602 1806 4676">
     <span class='ocr_line' id='line_1_89' title="bbox 237 4602 1806 4676; baseline 0.003 -20"><span class='ocrx_word' id='word_1_576' title='bbox 237 4606 507 4674; x_wconf 71' lang='grc' dir='ltr'>ἐπιτιμίου</span> <span class='ocrx_word' id='word_1_577' title='bbox 533 4605 675 4657; x_wconf 83' lang='grc' dir='ltr'><strong>κατὰ</strong></span> <span class='ocrx_word' id='word_1_578' title='bbox 695 4602 790 4657; x_wconf 77' lang='grc' dir='ltr'><strong>τοῦ</strong></span> <span class='ocrx_word' id='word_1_579' title='bbox 826 4602 1069 4656; x_wconf 86' lang='grc' dir='ltr'>τοιούτου</span> <span class='ocrx_word' id='word_1_580' title='bbox 1102 4604 1386 4674; x_wconf 84' lang='grc' dir='ltr'>κληρικοῦ,</span> <span class='ocrx_word' id='word_1_581' title='bbox 1424 4607 1515 4659; x_wconf 74' lang='grc' dir='ltr'><strong>καὶ</strong></span> <span class='ocrx_word' id='word_1_582' title='bbox 1562 4609 1806 4676; x_wconf 80' lang='grc' dir='ltr'>κατέχων</span> 
     </span>
    </p>
   </div>
   <div class='ocr_carea' id='block_1_90' title="bbox 1910 4586 3490 4676">
    <p class='ocr_par' dir='ltr' id='par_1_90' title="bbox 1914 4586 3490 4655">
     <span class='ocr_line' id='line_1_90' title="bbox 1914 4586 3490 4655; baseline -0.003 -9"><span class='ocrx_word' id='word_1_583' title='bbox 1914 4590 2205 4655; x_wconf 83' lang='lat' dir='ltr'><strong>clericum,</strong></span> <span class='ocrx_word' id='word_1_584' title='bbox 2255 4599 2309 4644; x_wconf 85' lang='lat' dir='ltr'><strong>et</strong></span> <span class='ocrx_word' id='word_1_585' title='bbox 2349 4590 2595 4643; x_wconf 88' lang='lat' dir='ltr'><strong>eumdem</strong></span> <span class='ocrx_word' id='word_1_586' title='bbox 2637 4590 2882 4642; x_wconf 79' lang='lat' dir='ltr'><strong>detinens</strong></span> <span class='ocrx_word' id='word_1_587' title='bbox 2920 4586 2981 4641; x_wconf 81' lang='grc' dir='ltr'><strong>ἰιι</strong></span> <span class='ocrx_word' id='word_1_588' title='bbox 3032 4588 3327 4653; x_wconf 88' lang='lat' dir='ltr'><strong>clericum,</strong></span> <span class='ocrx_word' id='word_1_589' title='bbox 3388 4603 3490 4641; x_wconf 74' lang='lat' dir='ltr'><strong>es-</strong></span> 
     </span>
    </p>
   </div>
   <div class='ocr_carea' id='block_1_91' title="bbox 236 4693 901 4765">
    <p class='ocr_par' dir='ltr' id='par_1_91' title="bbox 236 4693 901 4765">
     <span class='ocr_line' id='line_1_91' title="bbox 236 4693 901 4765; baseline 0.002 -18"><span class='ocrx_word' id='word_1_590' title='bbox 236 4696 405 4759; x_wconf 66' lang='grc' dir='ltr'>αἰτὺν,</span> <span class='ocrx_word' id='word_1_591' title='bbox 457 4699 539 4760; x_wconf 84' lang='grc' dir='ltr'>ὡς</span> <span class='ocrx_word' id='word_1_592' title='bbox 591 4693 853 4765; x_wconf 77' lang='grc' dir='ltr'>κληρικδν</span> <span class='ocrx_word' id='word_1_593' title='bbox 886 4732 901 4760; x_wconf 89' lang='grc'><strong>,</strong></span> 
     </span>
    </p>
   </div>
   <div class='ocr_carea' id='block_1_92' title="bbox 236 4788 468 4854">
    <p class='ocr_par' dir='ltr' id='par_1_92' title="bbox 236 4788 468 4854">
     <span class='ocr_line' id='line_1_92' title="bbox 236 4788 468 4854; baseline 0.013 -14"><span class='ocrx_word' id='word_1_594' title='bbox 236 4788 468 4854; x_wconf 77' lang='grc' dir='ltr'>ἀταξίας.</span> 
     </span>
    </p>
   </div>
   <div class='ocr_carea' id='block_1_93' title="bbox 978 4694 1811 4765">
    <p class='ocr_par' dir='ltr' id='par_1_93' title="bbox 978 4694 1811 4765">
     <span class='ocr_line' id='line_1_93' title="bbox 978 4694 1811 4765; baseline 0.007 -19"><span class='ocrx_word' id='word_1_595' title='bbox 978 4694 1299 4765; x_wconf 76' lang='grc' dir='ltr'>ἀφορίζεται</span> <span class='ocrx_word' id='word_1_596' title='bbox 1356 4696 1433 4760; x_wconf 82' lang='grc' dir='ltr'><strong>ὡς</strong></span> <span class='ocrx_word' id='word_1_597' title='bbox 1486 4697 1811 4762; x_wconf 79' lang='grc' dir='ltr'>διδάσκαλος</span> 
     </span>
    </p>
   </div>
   <div class='ocr_carea' id='block_1_94' title="bbox 825 4874 1199 4933">
    <p class='ocr_par' dir='ltr' id='par_1_94' title="bbox 825 4874 1199 4933">
     <span class='ocr_line' id='line_1_94' title="bbox 825 4874 1199 4933; baseline 0.003 -1"><span class='ocrx_word' id='word_1_598' title='bbox 825 4878 1062 4932; x_wconf 84' lang='grc' dir='ltr'>ΚΛΝΩΝ</span> <span class='ocrx_word' id='word_1_599' title='bbox 1103 4874 1199 4933; x_wconf 87' lang='lat' dir='ltr'><strong>lZ&#39;.</strong></span> 
     </span>
    </p>
   </div>
   <div class='ocr_carea' id='block_1_95' title="bbox 251 4970 1809 5042">
    <p class='ocr_par' dir='ltr' id='par_1_95' title="bbox 251 4970 1809 5042">
     <span class='ocr_line' id='line_1_95' title="bbox 251 4970 1809 5042; baseline 0.001 -19"><span class='ocrx_word' id='word_1_600' title='bbox 251 4970 301 5023; x_wconf 88' lang='grc' dir='ltr'><strong>Ὀ</strong></span> <span class='ocrx_word' id='word_1_601' title='bbox 334 4972 476 5026; x_wconf 76' lang='grc' dir='ltr'><strong>δυσὶ</strong></span> <span class='ocrx_word' id='word_1_602' title='bbox 518 4971 728 5042; x_wconf 81' lang='grc' dir='ltr'>γάμοις</span> <span class='ocrx_word' id='word_1_603' title='bbox 754 4971 1141 5040; x_wconf 80' lang='grc' dir='ltr'>συμπλακεὶς</span> <span class='ocrx_word' id='word_1_604' title='bbox 1160 4970 1309 5039; x_wconf 79' lang='grc' dir='ltr'>μετὰ</span> <span class='ocrx_word' id='word_1_605' title='bbox 1341 4970 1404 5023; x_wconf 83' lang='grc' dir='ltr'>τὸ</span> <span class='ocrx_word' id='word_1_606' title='bbox 1428 4970 1747 5041; x_wconf 72' lang='grc' dir='ltr'>,ϐάπτισμα</span> <span class='ocrx_word' id='word_1_607' title='bbox 1772 4974 1809 5042; x_wconf 78' lang='grc' dir='ltr'>ἢ</span> 
     </span>
    </p>
   </div>
   <div class='ocr_carea' id='block_1_96' title="bbox 305 5060 1814 5131">
    <p class='ocr_par' dir='ltr' id='par_1_96' title="bbox 305 5060 1814 5131">
     <span class='ocr_line' id='line_1_96' title="bbox 305 5060 1814 5131; baseline 0.003 -15"><span class='ocrx_word' id='word_1_608' title='bbox 305 5066 635 5131; x_wconf 65' lang='grc' dir='ltr'>παλλακὴν</span> <span class='ocrx_word' id='word_1_609' title='bbox 657 5063 1037 5131; x_wconf 78' lang='grc' dir='ltr'>κτησάμενος</span> <span class='ocrx_word' id='word_1_610' title='bbox 1068 5063 1139 5115; x_wconf 84' lang='grc' dir='ltr'><em>οὺ</em></span> <span class='ocrx_word' id='word_1_611' title='bbox 1190 5060 1440 5116; x_wconf 81' lang='grc' dir='ltr'>δύναται</span> <span class='ocrx_word' id='word_1_612' title='bbox 1494 5064 1646 5119; x_wconf 80' lang='grc' dir='ltr'>εἶναι</span> <span class='ocrx_word' id='word_1_613' title='bbox 1684 5065 1814 5120; x_wconf 81' lang='grc' dir='ltr'>ἐπί·</span> 
     </span>
    </p>
   </div>
   <div class='ocr_carea' id='block_1_97' title="bbox 303 5153 1818 5223">
    <p class='ocr_par' dir='ltr' id='par_1_97' title="bbox 303 5153 1818 5223">
     <span class='ocr_line' id='line_1_97' title="bbox 303 5153 1818 5223; baseline 0.001 -12"><span class='ocrx_word' id='word_1_614' title='bbox 303 5172 537 5220; x_wconf 74' lang='grc' dir='ltr'>σκοπος</span> <span class='ocrx_word' id='word_1_615' title='bbox 565 5156 601 5222; x_wconf 82' lang='grc' dir='ltr'>ἢ</span> <span class='ocrx_word' id='word_1_616' title='bbox 634 5156 1039 5222; x_wconf 79' lang='grc' dir='ltr'>πρεσϐύτερος</span> <span class='ocrx_word' id='word_1_617' title='bbox 1066 5154 1103 5222; x_wconf 75' lang='grc' dir='ltr'><strong>ἢ</strong></span> <span class='ocrx_word' id='word_1_618' title='bbox 1136 5153 1441 5220; x_wconf 75' lang='grc' dir='ltr'>διάκονος,</span> <span class='ocrx_word' id='word_1_619' title='bbox 1461 5156 1499 5223; x_wconf 84' lang='grc' dir='ltr'><strong>ἢ</strong></span> <span class='ocrx_word' id='word_1_620' title='bbox 1528 5157 1676 5223; x_wconf 77' lang='grc' dir='ltr'>ὅλως</span> <span class='ocrx_word' id='word_1_621' title='bbox 1711 5157 1818 5212; x_wconf 87' lang='grc' dir='ltr'><strong>τοῦ</strong></span> 
     </span>
    </p>
   </div>
   <div class='ocr_carea' id='block_1_98' title="bbox 304 5246 1111 5315">
    <p class='ocr_par' dir='ltr' id='par_1_98' title="bbox 304 5246 1111 5315">
     <span class='ocr_line' id='line_1_98' title="bbox 304 5246 1111 5315; baseline 0 -14"><span class='ocrx_word' id='word_1_622' title='bbox 304 5250 637 5315; x_wconf 72' lang='grc' dir='ltr'>καταλόγου</span> <span class='ocrx_word' id='word_1_623' title='bbox 658 5247 762 5300; x_wconf 87' lang='grc' dir='ltr'><strong>τοῦ</strong></span> <span class='ocrx_word' id='word_1_624' title='bbox 795 5246 1111 5314; x_wconf 77' lang='grc' dir='ltr'>ἱερατικοῦ.</span> 
     </span>
    </p>
   </div>
   <div class='ocr_carea' id='block_1_99' title="bbox 309 5336 1822 5409">
    <p class='ocr_par' dir='ltr' id='par_1_99' title="bbox 309 5336 1822 5409">
     <span class='ocr_line' id='line_1_99' title="bbox 309 5336 1822 5409; baseline 0.001 -18"><span class='ocrx_word' id='word_1_625' title='bbox 309 5340 501 5395; x_wconf 78' lang='grc' dir='ltr'><strong>ΒΑΛΣ.</strong></span> <span class='ocrx_word' id='word_1_626' title='bbox 530 5341 635 5393; x_wconf 80' lang='grc' dir='ltr'>ἰ’ὸν</span> <span class='ocrx_word' id='word_1_627' title='bbox 668 5340 805 5409; x_wconf 79' lang='grc' dir='ltr'>μετά</span> <span class='ocrx_word' id='word_1_628' title='bbox 840 5337 900 5391; x_wconf 80' lang='grc' dir='ltr'><strong>τὸ</strong></span> <span class='ocrx_word' id='word_1_629' title='bbox 932 5340 1085 5406; x_wconf 77' lang='grc' dir='ltr'>ἆγιον</span> <span class='ocrx_word' id='word_1_630' title='bbox 1114 5336 1397 5409; x_wconf 68' lang='grc' dir='ltr'>βάπτισμα</span> <span class='ocrx_word' id='word_1_631' title='bbox 1434 5339 1822 5409; x_wconf 67' lang='grc' dir='ltr'>διγαμήσιντα</span> 
     </span>
    </p>
   </div>
   <div class='ocr_carea' id='block_1_100' title="bbox 244 5430 1816 5505">
    <p class='ocr_par' dir='ltr' id='par_1_100' title="bbox 244 5430 1816 5505">
     <span class='ocr_line' id='line_1_100' title="bbox 244 5430 1816 5505; baseline -0.001 -20"><span class='ocrx_word' id='word_1_632' title='bbox 244 5430 275 5505; x_wconf 71' lang='grc' dir='ltr'>ἢ</span> <span class='ocrx_word' id='word_1_633' title='bbox 308 5432 677 5505; x_wconf 82' lang='grc' dir='ltr'>πορνεύσαντα</span> <span class='ocrx_word' id='word_1_634' title='bbox 708 5431 907 5485; x_wconf 82' lang='grc' dir='ltr'>κωλύει</span> <span class='ocrx_word' id='word_1_635' title='bbox 942 5431 971 5484; x_wconf 85' lang='grc' dir='ltr'>ὁ</span> <span class='ocrx_word' id='word_1_636' title='bbox 998 5430 1177 5485; x_wconf 85' lang='grc' dir='ltr'>κανὼν</span> <span class='ocrx_word' id='word_1_637' title='bbox 1211 5432 1511 5484; x_wconf 78' lang='grc' dir='ltr'>ἐπίσκοπον</span> <span class='ocrx_word' id='word_1_638' title='bbox 1562 5430 1816 5497; x_wconf 80' lang='grc' dir='ltr'>γενέσθαι</span> 
     </span>
    </p>
   </div>
   <div class='ocr_carea' id='block_1_101' title="bbox 1918 4680 3116 4739">
    <p class='ocr_par' dir='ltr' id='par_1_101' title="bbox 1918 4680 3116 4739">
     <span class='ocr_line' id='line_1_101' title="bbox 1918 4680 3116 4739; baseline -0.003 0"><span class='ocrx_word' id='word_1_639' title='bbox 1918 4685 2353 4739; x_wconf 88' lang='lat' dir='ltr'><strong>communicatur</strong></span> <span class='ocrx_word' id='word_1_640' title='bbox 2387 4694 2446 4736; x_wconf 90' lang='lat' dir='ltr'><strong>ut</strong></span> <span class='ocrx_word' id='word_1_641' title='bbox 2479 4680 2855 4736; x_wconf 72' lang='lat' dir='ltr'><strong>confusionem</strong></span> <span class='ocrx_word' id='word_1_642' title='bbox 2893 4681 3116 4735; x_wconf 88' lang='lat' dir='ltr'><strong>docens.</strong></span> 
     </span>
    </p>
   </div>
   <div class='ocr_carea' id='block_1_102' title="bbox 2476 4860 2928 4925">
    <p class='ocr_par' dir='ltr' id='par_1_102' title="bbox 2476 4860 2928 4925">
     <span class='ocr_line' id='line_1_102' title="bbox 2476 4860 2928 4925; baseline -0.009 -7"><span class='ocrx_word' id='word_1_643' title='bbox 2476 4861 2701 4918; x_wconf 66' lang='lat' dir='ltr'><strong>CANON</strong></span> <span class='ocrx_word' id='word_1_644' title='bbox 2764 4860 2928 4925; x_wconf 69' lang='lat' dir='ltr'><strong>XVII,</strong></span> 
     </span>
    </p>
   </div>
   <div class='ocr_carea' id='block_1_103' title="bbox 1921 4956 3495 5035">
    <p class='ocr_par' dir='ltr' id='par_1_103' title="bbox 1921 4956 3495 5035">
     <span class='ocr_line' id='line_1_103' title="bbox 1921 4956 3495 5035; baseline -0.008 -15"><span class='ocrx_word' id='word_1_645' title='bbox 1921 4968 2019 5035; x_wconf 81' lang='lat' dir='ltr'><strong>Qui</strong></span> <span class='ocrx_word' id='word_1_646' title='bbox 2047 4974 2161 5034; x_wconf 74' lang='lat' dir='ltr'><strong>post</strong></span> <span class='ocrx_word' id='word_1_647' title='bbox 2190 4971 2427 5017; x_wconf 81' lang='lat' dir='ltr'><strong>sanctum</strong></span> <span class='ocrx_word' id='word_1_648' title='bbox 2463 4958 2778 5026; x_wconf 82' lang='lat' dir='ltr'><strong>baptismum</strong></span> <span class='ocrx_word' id='word_1_649' title='bbox 2814 4957 3021 5008; x_wconf 73' lang='lat' dir='ltr'><strong>duobus</strong></span> <span class='ocrx_word' id='word_1_650' title='bbox 3050 4956 3309 5022; x_wconf 75' lang='lat' dir='ltr'><strong>conjugiis</strong></span> <span class='ocrx_word' id='word_1_651' title='bbox 3335 4956 3495 5021; x_wconf 74' lang='lat' dir='ltr'><strong>fuerit</strong></span> 
     </span>
    </p>
   </div>
   <div class='ocr_carea' id='block_1_104' title="bbox 1989 5045 3495 5127">
    <p class='ocr_par' dir='ltr' id='par_1_104' title="bbox 1989 5045 3495 5127">
     <span class='ocr_line' id='line_1_104' title="bbox 1989 5045 3495 5127; baseline -0.009 -17"><span class='ocrx_word' id='word_1_652' title='bbox 1989 5055 2298 5127; x_wconf 76' lang='lat' dir='ltr'><strong>implicitus,</strong></span> <span class='ocrx_word' id='word_1_653' title='bbox 2346 5052 2423 5104; x_wconf 80' lang='lat' dir='ltr'><strong>vel</strong></span> <span class='ocrx_word' id='word_1_654' title='bbox 2462 5048 2697 5101; x_wconf 83' lang='lat' dir='ltr'><strong>habuerit</strong></span> <span class='ocrx_word' id='word_1_655' title='bbox 2756 5045 3122 5108; x_wconf 76' lang='lat' dir='ltr'><strong>concubinum,</strong></span> <span class='ocrx_word' id='word_1_656' title='bbox 3175 5063 3290 5098; x_wconf 77' lang='lat' dir='ltr'><strong>non</strong></span> <span class='ocrx_word' id='word_1_657' title='bbox 3327 5053 3495 5115; x_wconf 66' lang='lat' dir='ltr'><strong>potest</strong></span> 
     </span>
    </p>
   </div>
   <div class='ocr_carea' id='block_1_105' title="bbox 1990 5136 3497 5215">
    <p class='ocr_par' dir='ltr' id='par_1_105' title="bbox 1990 5136 3497 5215">
     <span class='ocr_line' id='line_1_105' title="bbox 1990 5136 3497 5215; baseline -0.008 -12"><span class='ocrx_word' id='word_1_658' title='bbox 1990 5165 2103 5204; x_wconf 80' lang='lat' dir='ltr'><strong>esse</strong></span> <span class='ocrx_word' id='word_1_659' title='bbox 2147 5146 2451 5215; x_wconf 81' lang='lat' dir='ltr'><strong>episcopus,</strong></span> <span class='ocrx_word' id='word_1_660' title='bbox 2501 5138 2575 5194; x_wconf 81' lang='lat' dir='ltr'><strong>vel</strong></span> <span class='ocrx_word' id='word_1_661' title='bbox 2625 5139 2929 5208; x_wconf 82' lang='lat' dir='ltr'><strong>presbyter,</strong></span> <span class='ocrx_word' id='word_1_662' title='bbox 2978 5137 3055 5193; x_wconf 79' lang='lat' dir='ltr'><strong>vel</strong></span> <span class='ocrx_word' id='word_1_663' title='bbox 3101 5139 3372 5203; x_wconf 82' lang='lat' dir='ltr'><strong>diaconus,</strong></span> <span class='ocrx_word' id='word_1_664' title='bbox 3420 5136 3497 5191; x_wconf 74' lang='lat' dir='ltr'><strong>vel</strong></span> 
     </span>
    </p>
   </div>
   <div class='ocr_carea' id='block_1_106' title="bbox 1987 5231 2907 5295">
    <p class='ocr_par' dir='ltr' id='par_1_106' title="bbox 1987 5231 2907 5295">
     <span class='ocr_line' id='line_1_106' title="bbox 1987 5231 2907 5295; baseline -0.011 -1"><span class='ocrx_word' id='word_1_665' title='bbox 1987 5242 2202 5295; x_wconf 82' lang='lat' dir='ltr'><strong>omnino</strong></span> <span class='ocrx_word' id='word_1_666' title='bbox 2234 5252 2299 5290; x_wconf 73' lang='lat' dir='ltr'><strong>ex</strong></span> <span class='ocrx_word' id='word_1_667' title='bbox 2324 5248 2540 5287; x_wconf 85' lang='lat' dir='ltr'><strong>numero</strong></span> <span class='ocrx_word' id='word_1_668' title='bbox 2566 5231 2907 5285; x_wconf 77' lang='lat' dir='ltr'><strong>sacerdotali</strong></span> 
     </span>
    </p>
   </div>
   <div class='ocr_carea' id='block_1_107' title="bbox 1998 5321 3504 5396">
    <p class='ocr_par' dir='ltr' id='par_1_107' title="bbox 1998 5321 3504 5396">
     <span class='ocr_line' id='line_1_107' title="bbox 1998 5321 3504 5396; baseline -0.005 -12"><span class='ocrx_word' id='word_1_669' title='bbox 1998 5329 2197 5386; x_wconf 80' lang='lat' dir='ltr'><strong>BALS.</strong></span> <span class='ocrx_word' id='word_1_670' title='bbox 2231 5329 2362 5382; x_wconf 84' lang='lat' dir='ltr'><strong>Eum</strong></span> <span class='ocrx_word' id='word_1_671' title='bbox 2396 5326 2487 5396; x_wconf 88' lang='lat' dir='ltr'><strong>qui</strong></span> <span class='ocrx_word' id='word_1_672' title='bbox 2536 5332 2656 5394; x_wconf 88' lang='lat' dir='ltr'><strong>post</strong></span> <span class='ocrx_word' id='word_1_673' title='bbox 2698 5333 2945 5378; x_wconf 85' lang='lat' dir='ltr'><strong>sanctum</strong></span> <span class='ocrx_word' id='word_1_674' title='bbox 2982 5323 3307 5394; x_wconf 84' lang='lat' dir='ltr'><strong>baptismum</strong></span> <span class='ocrx_word' id='word_1_675' title='bbox 3358 5321 3504 5393; x_wconf 75' lang='lat' dir='ltr'><strong>biga-</strong></span> 
     </span>
    </p>
   </div>
   <div class='ocr_carea' id='block_1_108' title="bbox 1928 5415 3502 5487">
    <p class='ocr_par' dir='ltr' id='par_1_108' title="bbox 1928 5415 3502 5487">
     <span class='ocr_line' id='line_1_108' title="bbox 1928 5415 3502 5487; baseline -0.006 -9"><span class='ocrx_word' id='word_1_676' title='bbox 1928 5442 2050 5481; x_wconf 88' lang='lat' dir='ltr'><strong>mus</strong></span> <span class='ocrx_word' id='word_1_677' title='bbox 2084 5422 2281 5484; x_wconf 81' lang='lat' dir='ltr'><strong>fuerit,</strong></span> <span class='ocrx_word' id='word_1_678' title='bbox 2311 5418 2393 5472; x_wconf 85' lang='lat' dir='ltr'><strong>vel</strong></span> <span class='ocrx_word' id='word_1_679' title='bbox 2424 5417 2725 5472; x_wconf 81' lang='lat' dir='ltr'><strong>fornicatus</strong></span> <span class='ocrx_word' id='word_1_680' title='bbox 2757 5415 2850 5481; x_wconf 86' lang='lat' dir='ltr'><strong>sit,</strong></span> <span class='ocrx_word' id='word_1_681' title='bbox 2883 5415 3131 5487; x_wconf 81' lang='lat' dir='ltr'><strong>prohibet</strong></span> <span class='ocrx_word' id='word_1_682' title='bbox 3175 5430 3352 5470; x_wconf 81' lang='lat' dir='ltr'><strong>canon</strong></span> <span class='ocrx_word' id='word_1_683' title='bbox 3385 5416 3502 5475; x_wconf 81' lang='lat' dir='ltr'><strong>ﬁeri</strong></span> 
     </span>
    </p>
   </div>
   <div class='ocr_carea' id='block_1_109' title="bbox 1502 5544 2267 5623">
    <p class='ocr_par' dir='ltr' id='par_1_109' title="bbox 1502 5544 2267 5623">
     <span class='ocr_line' id='line_1_109' title="bbox 1502 5544 2267 5623; baseline -0.008 -14"><span class='ocrx_word' id='word_1_684' title='bbox 1502 5547 1674 5609; x_wconf 88' lang='lat' dir='ltr'><strong>Guil.</strong></span> <span class='ocrx_word' id='word_1_685' title='bbox 1711 5544 2034 5623; x_wconf 80' lang='lat' dir='ltr'><strong>Beveregii</strong></span> <span class='ocrx_word' id='word_1_686' title='bbox 2080 5548 2267 5603; x_wconf 82' lang='lat' dir='ltr'><strong>notae.</strong></span> 
     </span>
    </p>
   </div>
   <div class='ocr_carea' id='block_1_110' title="bbox 311 5672 1822 5746">
    <p class='ocr_par' dir='ltr' id='par_1_110' title="bbox 311 5672 1822 5746">
     <span class='ocr_line' id='line_1_110' title="bbox 311 5672 1822 5746; baseline -0.001 -19"><span class='ocrx_word' id='word_1_687' title='bbox 311 5674 423 5746; x_wconf 73' lang='lat'><strong>(‘27)</strong></span> <span class='ocrx_word' id='word_1_688' title='bbox 459 5678 528 5729; x_wconf 86' lang='grc' dir='ltr'><em>Τὸ</em></span> <span class='ocrx_word' id='word_1_689' title='bbox 574 5674 636 5741; x_wconf 79' lang='grc' dir='ltr'>β’</span> <span class='ocrx_word' id='word_1_690' title='bbox 694 5692 831 5743; x_wconf 75' lang='grc' dir='ltr'>κεφ.</span> <span class='ocrx_word' id='word_1_691' title='bbox 878 5674 986 5746; x_wconf 85' lang='grc' dir='ltr'><strong>τοῦ</strong></span> <span class='ocrx_word' id='word_1_692' title='bbox 1029 5674 1089 5738; x_wconf 82' lang='grc' dir='ltr'>,β’</span> <span class='ocrx_word' id='word_1_693' title='bbox 1123 5674 1277 5746; x_wconf 48' lang='lat' dir='ltr'><strong>flet.</strong></span> <span class='ocrx_word' id='word_1_694' title='bbox 1310 5673 1486 5727; x_wconf 78' lang='lat' dir='ltr'><strong>Verba</strong></span> <span class='ocrx_word' id='word_1_695' title='bbox 1532 5672 1617 5726; x_wconf 79' lang='lat' dir='ltr'><strong>hic</strong></span> <span class='ocrx_word' id='word_1_696' title='bbox 1658 5675 1822 5727; x_wconf 81' lang='lat' dir='ltr'><strong>citata</strong></span> 
     </span>
    </p>
   </div>
   <div class='ocr_carea' id='block_1_111' title="bbox 249 5742 1821 5814">
    <p class='ocr_par' dir='ltr' id='par_1_111' title="bbox 249 5742 1821 5814">
     <span class='ocr_line' id='line_1_111' title="bbox 249 5742 1821 5814; baseline -0.002 -15"><span class='ocrx_word' id='word_1_697' title='bbox 249 5742 299 5799; x_wconf 82' lang='lat' dir='ltr'><strong>in</strong></span> <span class='ocrx_word' id='word_1_698' title='bbox 323 5742 609 5814; x_wconf 77' lang='lat' dir='ltr'><strong>impressis</strong></span> <span class='ocrx_word' id='word_1_699' title='bbox 639 5748 747 5801; x_wconf 79' lang='grc' dir='ltr'><strong>τῶν</strong></span> <span class='ocrx_word' id='word_1_700' title='bbox 770 5742 1085 5798; x_wconf 79' lang='grc' dir='ltr'>Βασιλικῶν</span> <span class='ocrx_word' id='word_1_701' title='bbox 1114 5744 1389 5797; x_wconf 74' lang='lat' dir='ltr'><strong>codicibus</strong></span> <span class='ocrx_word' id='word_1_702' title='bbox 1422 5759 1525 5796; x_wconf 88' lang='lat' dir='ltr'><strong>non</strong></span> <span class='ocrx_word' id='word_1_703' title='bbox 1571 5753 1821 5797; x_wconf 83' lang='lat' dir='ltr'><strong>exstant:</strong></span> 
     </span>
    </p>
   </div>
   <div class='ocr_carea' id='block_1_112' title="bbox 251 5811 1822 5883">
    <p class='ocr_par' dir='ltr' id='par_1_112' title="bbox 251 5811 1822 5883">
     <span class='ocr_line' id='line_1_112' title="bbox 251 5811 1822 5883; baseline -0.003 -16"><span class='ocrx_word' id='word_1_704' title='bbox 251 5811 609 5871; x_wconf 44' lang='lat' dir='ltr'><strong>touts&#39;atttem</strong></span> <span class='ocrx_word' id='word_1_705' title='bbox 667 5818 919 5870; x_wconf 78' lang='lat' dir='ltr'><strong>laudatus</strong></span> <span class='ocrx_word' id='word_1_706' title='bbox 970 5816 1161 5867; x_wconf 83' lang='lat' dir='ltr'><strong>titulus</strong></span> <span class='ocrx_word' id='word_1_707' title='bbox 1212 5825 1294 5866; x_wconf 79' lang='lat' dir='ltr'><strong>est</strong></span> <span class='ocrx_word' id='word_1_708' title='bbox 1361 5816 1490 5881; x_wconf 77' lang='grc' dir='ltr'>περὶ</span> <span class='ocrx_word' id='word_1_709' title='bbox 1536 5814 1822 5883; x_wconf 84' lang='grc' dir='ltr'>κληρικῶν</span> 
     </span>
    </p>
   </div>
   <div class='ocr_carea' id='block_1_113' title="bbox 251 5883 1810 5956">
    <p class='ocr_par' dir='ltr' id='par_1_113' title="bbox 251 5883 1810 5956">
     <span class='ocr_line' id='line_1_113' title="bbox 251 5883 1810 5956; baseline -0.003 -15"><span class='ocrx_word' id='word_1_710' title='bbox 251 5885 596 5942; x_wconf 66' lang='grc' dir='ltr'>ἀποστάντων</span> <span class='ocrx_word' id='word_1_711' title='bbox 629 5890 728 5956; x_wconf 74' lang='grc' dir='ltr'>τῆς</span> <span class='ocrx_word' id='word_1_712' title='bbox 789 5887 912 5939; x_wconf 81' lang='grc' dir='ltr'>κατ’</span> <span class='ocrx_word' id='word_1_713' title='bbox 942 5886 1142 5949; x_wconf 78' lang='grc' dir='ltr'>αὐτοὺς</span> <span class='ocrx_word' id='word_1_714' title='bbox 1182 5885 1501 5954; x_wconf 76' lang='grc' dir='ltr'>ἐκκλησίας,</span> <span class='ocrx_word' id='word_1_715' title='bbox 1533 5884 1625 5938; x_wconf 71' lang='grc' dir='ltr'>καὶ</span> <span class='ocrx_word' id='word_1_716' title='bbox 1677 5883 1810 5953; x_wconf 68' lang='grc' dir='ltr'>περὶ</span> 
     </span>
    </p>
   </div>
   <div class='ocr_carea' id='block_1_114' title="bbox 1934 5659 3501 5736">
    <p class='ocr_par' dir='ltr' id='par_1_114' title="bbox 1934 5659 3501 5736">
     <span class='ocr_line' id='line_1_114' title="bbox 1934 5659 3501 5736; baseline -0.004 -14"><span class='ocrx_word' id='word_1_717' title='bbox 1934 5667 2370 5736; x_wconf 81' lang='grc' dir='ltr'>οξκοδομούντων</span> <span class='ocrx_word' id='word_1_718' title='bbox 2401 5668 2724 5736; x_wconf 83' lang='grc' dir='ltr'>εὐκτηρίους</span> <span class='ocrx_word' id='word_1_719' title='bbox 2748 5663 3137 5736; x_wconf 69' lang='lat' dir='ltr'><strong>otxou;._Qttod</strong></span> <span class='ocrx_word' id='word_1_720' title='bbox 3188 5676 3320 5736; x_wconf 80' lang='lat' dir='ltr'><strong>cum</strong></span> <span class='ocrx_word' id='word_1_721' title='bbox 3361 5659 3501 5736; x_wconf 79' lang='lat' dir='ltr'><strong>idem</strong></span> 
     </span>
    </p>
   </div>
   <div class='ocr_carea' id='block_1_115' title="bbox 1934 5731 3500 5805">
    <p class='ocr_par' dir='ltr' id='par_1_115' title="bbox 1934 5731 3500 5805">
     <span class='ocr_line' id='line_1_115' title="bbox 1934 5731 3500 5805; baseline -0.004 -16"><span class='ocrx_word' id='word_1_722' title='bbox 1934 5744 2003 5795; x_wconf 82' lang='lat' dir='ltr'><strong>sit</strong></span> <span class='ocrx_word' id='word_1_723' title='bbox 2045 5731 2444 5802; x_wconf 70' lang='lat' dir='ltr'><strong>argumentum,</strong></span> <span class='ocrx_word' id='word_1_724' title='bbox 2496 5731 2717 5805; x_wconf 78' lang='lat' dir='ltr'><strong>propter</strong></span> <span class='ocrx_word' id='word_1_725' title='bbox 2764 5737 2903 5803; x_wconf 88' lang='lat' dir='ltr'><strong>quod</strong></span> <span class='ocrx_word' id='word_1_726' title='bbox 2956 5734 3241 5805; x_wconf 85' lang='lat' dir='ltr'><strong>Balsamon</strong></span> <span class='ocrx_word' id='word_1_727' title='bbox 3287 5731 3500 5805; x_wconf 77' lang='lat' dir='ltr'><strong>titulum</strong></span> 
     </span>
    </p>
   </div>
   <div class='ocr_carea' id='block_1_116' title="bbox 1935 5800 3503 5875">
    <p class='ocr_par' dir='ltr' id='par_1_116' title="bbox 1935 5800 3503 5875">
     <span class='ocr_line' id='line_1_116' title="bbox 1935 5800 3503 5875; baseline -0.006 -12"><span class='ocrx_word' id='word_1_728' title='bbox 1935 5813 2077 5863; x_wconf 80' lang='lat' dir='ltr'><strong>hunc</strong></span> <span class='ocrx_word' id='word_1_729' title='bbox 2109 5800 2308 5868; x_wconf 80' lang='lat' dir='ltr'><strong>laudat,</strong></span> <span class='ocrx_word' id='word_1_730' title='bbox 2352 5800 2611 5873; x_wconf 51' lang='grc' dir='ltr'><strong>διιβνὶὠί</strong></span> <span class='ocrx_word' id='word_1_731' title='bbox 2625 5800 2876 5875; x_wconf 82' lang='lat' dir='ltr'><strong>nonnulla</strong></span> <span class='ocrx_word' id='word_1_732' title='bbox 2902 5805 2954 5858; x_wconf 87' lang='lat' dir='ltr'><strong>in</strong></span> <span class='ocrx_word' id='word_1_733' title='bbox 2986 5801 3265 5875; x_wconf 78' lang='lat' dir='ltr'><strong>impressis</strong></span> <span class='ocrx_word' id='word_1_734' title='bbox 3294 5800 3503 5855; x_wconf 73' lang='lat' dir='ltr'><strong>deside-</strong></span> 
     </span>
    </p>
   </div>
   <div class='ocr_carea' id='block_1_117' title="bbox 1930 5874 2879 5949">
    <p class='ocr_par' dir='ltr' id='par_1_117' title="bbox 1930 5874 2879 5949">
     <span class='ocr_line' id='line_1_117' title="bbox 1930 5874 2879 5949; baseline -0.007 -13"><span class='ocrx_word' id='word_1_735' title='bbox 1930 5880 2061 5945; x_wconf 83' lang='lat' dir='ltr'><strong>rari,</strong></span> <span class='ocrx_word' id='word_1_736' title='bbox 2092 5895 2209 5949; x_wconf 73' lang='lat' dir='ltr'><strong>qua:</strong></span> <span class='ocrx_word' id='word_1_737' title='bbox 2238 5879 2366 5933; x_wconf 87' lang='lat' dir='ltr'><strong>olim</strong></span> <span class='ocrx_word' id='word_1_738' title='bbox 2408 5878 2609 5931; x_wconf 69' lang='lat' dir='ltr'><strong>inserta</strong></span> <span class='ocrx_word' id='word_1_739' title='bbox 2642 5874 2879 5930; x_wconf 77' lang='lat' dir='ltr'><strong>luerunt.</strong></span> 
     </span>
    </p>
   </div>
  </div>
