4054 6494
446 350 517 414 75
592 340 603 350 ’
1717 344 1996 406 ΤΙΙΕΟΙ).

2106 342 2439 405 lLSAMUN
3618 347 3689 409 76

440 459 625 523 etiam,
661 455 705 512 si
739 455 859 525 ejus
887 470 1021 510 uxor
1053 469 1117 510 eo
1151 452 1359 511 sciente
1390 452 1689 509 adulterata
1722 453 1921 519 fuerit,
1954 462 2003 508 et

2124 451 2427 521 Ἀνάγνωθι
2453 452 2547 505 καὶ
2571 451 2631 505 τὸ
2663 451 2746 505 κο’
2778 468 2903 520 κεφ.
2933 452 3027 505 τοῦ
3056 451 3101 504 θ’
3134 449 3319 506 τίτλου
3348 449 3441 506 τοῦ
3491 456 3697 525 παρόν-

439 550 699 619 patiente.
728 547 869 619 Lege
890 546 1051 601 etiam
1077 545 1145 600 29
1170 560 1288 615 cap.
1311 544 1366 611 9,
1388 545 1471 598 tit.
1497 542 1779 614 praesentis
1801 543 2005 613 cperis;

438 652 493 698 ct
534 642 796 699 decimum
822 653 1089 701 canonem
1122 638 1315 710 synodi
1348 639 1667 708 Ancyranze,
1703 644 1759 691 et
1785 651 1906 705 qua:
1949 638 2005 690 in

436 748 501 785 eo
526 732 725 801 scripta
756 730 1247 801 suutpra‘sentium
1282 729 1508 784 duorum
1540 742 1806 784 canonum
1835 730 2007 782 inter-

438 822 760 893 pretationis
794 823 985 892 gratia.

504 914 754 968 ZONAR.
787 911 988 967 Juduzis
1019 912 1178 968 etiam
1214 912 1375 966 veteri
1413 926 1505 965 sua
1532 910 1648 979 lege
1680 909 2009 979 prohibitum

434 1005 557 1069 fuit,
603 1023 666 1060 ne
699 1006 1014 1060 sacerdotes
1045 1006 1280 1074 ipsorum
1319 1004 1578 1056 ducerent
1614 1003 1663 1055 in
1721 1001 2009 1054 matrimo-

433 1100 579 1153 uiunt
615 1099 962 1163 meretrices,
1002 1098 1081 1151 vei
1119 1097 1171 1150 in
1206 1095 1342 1150 bello
1376 1103 1564 1163 captas
1597 1094 1877 1159 mulieres,
1914 1101 2007 1146 aut

435 1190 661 1244 ancillas
688 1198 741 1244 et
777 1187 1219 1257 cauponatrices;
1252 1195 1307 1241 et
1333 1186 1531 1240 victum
1566 1184 1665 1239 sibi
1703 1196 2009 1253 quaerentes

432 1281 489 1335 in
524 1282 750 1334 taberna
785 1278 1059 1333 meritoria
1088 1286 1142 1332 et
1172 1286 1450 1347 separatas
1507 1290 1537 1328 a
1584 1274 1739 1331 viris.
1775 1274 1925 1338 Quod
1963 1270 2009 1326 si

433 1373 650 1428 fuerant
684 1375 796 1426 luce
832 1366 935 1425 illis
964 1385 995 1424 a
1024 1369 1141 1440 lege
1170 1368 1421 1438 mandata
1450 1382 1465 1419 :
1495 1365 1665 1421 multo
1694 1364 1866 1433 magis
1902 1364 2007 1427 bis,

430 1466 523 1534 qui
558 1465 855 1519 secundum
891 1461 1241 1531 Evangelium
1286 1466 1413 1514 sunt
1462 1472 1616 1513 sacra
1664 1456 2007 1510 celebraturi.

431 1556 573 1612 Ecce
602 1557 743 1611 cuitu
774 1555 850 1611 ait
870 1554 1069 1624 templo
1098 1553 1225 1621 quid
1250 1550 1478 1618 amplius
1503 1548 1590 1603 ltic
1616 1558 1718 1603 est.
1750 1544 2011 1615 Propter-

430 1664 519 1715 ea,
556 1662 798 1719 praesens
836 1661 1012 1703 canon
1079 1641 1572 1727 sacrisdnterdicit
1627 1638 1913 1702 ministris,
1955 1637 2010 1691 in

433 1754 680 1807 uxorein,
709 1752 808 1792 nec
828 1737 1040 1791 viduam
1064 1735 1283 1790 ducere.
1308 1746 1407 1787 nec
1436 1746 1463 1784 a
1495 1746 1590 1786 suo
1616 1729 1730 1784 viro
1754 1730 2004 1800 eiectam,

2112 559 2205 606 τος
2240 544 2643 614 συντάγματος,
2675 544 2772 597 καὶ
2797 545 2886 598 τὸν
2915 543 2945 599 ι’
2980 544 3179 598 κανόνα
3202 548 3303 615 τῆς
3343 547 3403 599 ὲν
3446 547 3694 619 Ἀγκύρᾳ

2111 639 2332 694 συνόδου
2369 643 2461 694 καὶ
2488 641 2557 696 τὰ
2580 644 2637 696 ὲν
2669 641 2818 710 αὐτῷ
2843 642 3126 711 γραφέντα
3173 642 3332 712 χάριν
3385 643 3483 712 τῆς
3520 643 3696 714 ἐομη-

2111 728 2261 794 νείας
2285 730 2393 784 τῶν
2423 732 2708 804 παρόντων
2753 732 2848 786 δύο
2876 735 3138 787 κανόνων.

2180 914 2424 969 ΖΩΝΑΡ.
2482 914 2591 967 Καὶ
2640 916 2751 977 τοῖς
2804 914 3083 978 Ἰουδαίοις
3138 916 3494 986 ἀπηγόρευτο
3540 920 3693 989 παρά

2110 1006 2202 1060 τοῦ
2239 1008 2407 1077 νόμου
2456 1006 2551 1059 τοῦ
2581 1004 2817 1060 παλαιοῦ
2859 1007 2985 1070 τοὺς
3035 1008 3201 1078 ἱερεῖς
3253 1009 3435 1063 αὐτῶν
3489 1011 3695 1081 πόρνας

2112 1098 2250 1168 πρὸς
2279 1098 2450 1168 γάμον
2480 1097 2736 1166 ἄγεσθαι,
2770 1098 2801 1169 ἢ
2837 1098 3240 1169 αἰχμαλώτους,
3284 1100 3315 1170 ἢ
3352 1101 3570 1164 δούλας,
3598 1106 3695 1156 καὶ

2109 1188 2210 1251 τὰς
2240 1191 2305 1241 ὲκ
2336 1188 2664 1258 καπηλείας,
2715 1191 2810 1242 καὶ
2870 1190 2966 1242 τοῦ
3008 1190 3362 1259 πανδοκεύειν
3406 1192 3503 1262 τὴν
3546 1194 3695 1263 ζωὴν

2112 1279 2500 1349 ποριζομένας,
2537 1279 2764 1343 καὶτὰς
2794 1278 2854 1344 ἐξ
2897 1280 3111 1351 ἀνδρῶν
3152 1284 3590 1352 κεχωρισμένας.
3629 1286 3693 1337 Ei

2109 1372 2165 1424 δὲ
2194 1370 2427 1434 ἐκείνοις
2466 1370 2641 1425 ταῦτα
2672 1372 3089 1443 νενομοθέτητο,
3123 1372 3304 1441 πολλῷ
3343 1374 3547 1443 μᾶλλον
3574 1376 3691 1437 τοῖς

2113 1463 2254 1515 κατὰ
2310 1461 2373 1516 τὸ
2420 1463 2756 1531 Εὑαγγέλιον
2827 1463 3137 1533 ἱερουργεῖν
3193 1465 3501 1533 μέλλουσιν.
3560 1465 3692 1519 Ἰδοὺ

2110 1556 2218 1625 γάρ
2284 1572 2418 1624 φησι
2474 1555 2637 1609 πλέον
2668 1555 2765 1609 τοῦ
2839 1557 2985 1625 ἱεροῦ
3039 1550 3162 1612 ὦδε.
3217 1556 3319 1609 Διὰ
3343 1556 3516 1610 ταῦτα
3545 1559 3694 1611 καὶὸ

2114 1646 2305 1717 παρὼν
2349 1646 2530 1699 κανὼν
2560 1647 2686 1709 τοὺς
2722 1647 3056 1717 ἱερωμένους
3088 1646 3286 1700 κωλύει
3329 1649 3467 1719 μήτε
3512 1650 3692 1719 χήραν

2111 1741 2191 1802 εἰς
2236 1740 2412 1810 γάμον
2460 1740 2711 1809 ἄγεσθαι,
2770 1741 2899 1811 μήτ’
2941 1740 3359 1811 ἐκϐεϐλημένην
3410 1740 3560 1805 παρᾶ
3596 1742 3692 1793 τοῦ

431 1847 532 1888 nec
587 1833 956 1896 meretricem,
1013 1842 1110 1883 nec
1164 1825 1454 1890 ancillam;
1511 1824 1604 1877 sed
1663 1836 1761 1877 nec
1817 1836 2003 1876 earum

2115 1803 2325 1885 οἰκείου
2357 1803 2570 1902 ἀνδρός,
2612 1803 3028 1902 μήτείπόρνην,
3094 1803 3233 1900 μήτε
3281 1803 3503 1899 δούλην,
3552 1831 3691 1887 ἀλλὰ

429 1922 742 1992 quampiam
772 1961 787 1987 ,
822 1936 941 1991 quae
976 1920 1160 1974 ludant
1191 1918 1245 1973 in
1279 1931 1459 1971 scena.
1491 1913 1651 1968 Tales
1687 1914 1830 1966 enini
1874 1927 1997 1981 pro-

2112 1923 2246 1993 μηδέ
2267 1940 2390 1976 τινα
2420 1923 2529 1975 τῶν
2553 1925 2648 1975 ἐπὶ
2674 1923 2902 1993 σκηνῆς.
2928 1924 2991 1976 Αἱ
3024 1924 3135 1991 γάρ
3158 1921 3433 1986 τοιαῦται,
3464 1923 3691 1993 ἀδιαφό-

430 2010 638 2072 iniscue
673 2014 938 2079 viventes,
973 2010 1337 2067 inverecunde
1361 2022 1484 2063 cum
1512 2006 1790 2075 quibusvis
1811 2020 2003 2060 occur-

2110 2031 2220 2085 ρως
2251 2014 2443 2079 ζῶσαι,
2470 2013 2567 2067 καὶ
2598 2014 2831 2075 ἀναιδῶς
2855 2013 3291 2083 προσομιλοῦσαι
3337 2016 3453 2077 τοῖς
3500 2018 3693 2082 ἐντυγ-

432 2106 672 2161 rentibus
702 2114 1087 2159 conversantes
1119 2112 1173 2158 et
1207 2101 1608 2170 colloquentes,
1639 2113 1742 2152 non
1775 2098 2003 2152 creduu«

2109 2106 2385 2175 χάνουσιν,
2440 2105 2561 2159 οὐδὲ
2614 2107 2964 2158 πιστεύονται
3018 2108 3340 2175 σωφρονεῖν.
3401 2106 3507 2159 Τὸν
3558 2106 3691 2173 γοῦν

430 2210 517 2253 tur
549 2201 739 2269 pudice
790 2196 992 2251 vivere.
1032 2195 1428 2261 Quamobrem,
1477 2192 1725 2261 quisquis
1773 2188 2003 2259 aliquam

2111 2197 2239 2266 μίαν
2258 2196 2320 2249 ὲκ
2348 2196 2457 2249 τῶν
2490 2195 2974 2266 ἀπηριθμημένων
2999 2195 3232 2248 λαϐόντα
3259 2198 3340 2259 είς
3378 2196 3685 2267 ἱερωσύνην

428 2296 495 2346 de
522 2290 819 2345 numeratis
852 2287 1161 2357 acceperit,
1190 2289 1333 2339 hunc
1365 2285 1431 2338 ad
1466 2284 1627 2337 ullam
1662 2283 1802 2338 sacri
1848 2282 2009 2335 mitti-

430 2383 580 2437 sterii
617 2382 943 2434 funCtionem
979 2378 1199 2447 provehi
1228 2391 1334 2430 non
1369 2375 1635 2445 permittit
1664 2389 1862 2430 canon.

433 2472 776 2545 13ARIST.
814 2471 917 2535 Qui
948 2469 1246 2534 dimissam,
1290 2478 1377 2520 aut
1429 2468 1661 2528 viduam,
1704 2474 1797 2518 aut
1834 2464 2007 2517 ancil-

495 2563 632 2627 lam,
689 2571 782 2616 aut
832 2563 1075 2615 insanam
1139 2561 1191 2612 in
1248 2573 1467 2611 uxorem
1518 2558 1669 2609 duxit
1735 2554 2003 2618 sacerdos,

494 2654 789 2707 sacerdotio
821 2654 1076 2721 privatur.
1272 2722 1277 2725 Ι

498 2748 590 2803 Sic
636 2747 795 2800 etiam
855 2747 943 2812 qui
996 2760 1101 2798 non
1154 2743 1449 2797 modestam
1484 2752 1708 2793 uxorem
1761 2736 1907 2791 ducit
1952 2745 2005 2791 et

426 2841 716 2910 virginem,
751 2837 842 2891 sed
873 2852 1034 2907 quam
1069 2835 1206 2889 alius
1238 2834 1482 2897 dimisit,
1520 2841 1613 2886 aut
1644 2830 1882 2896 viduam,
1913 2837 2005 2884 aut

427 2931 701 2995 ancillam,
739 2938 832 2983 aut
863 2929 1137 2991 insanam,
1161 2925 1227 2980 ad
1258 2923 1619 2979 sacerdotium
1654 2934 1759 2975 non
1786 2920 2002 2975 admit-

429 3032 592 3077 lelur.

1010 3108 1236 3167 CANON
1277 3106 1414 3165 XIX.

2106 2288 2417 2359 οἱανδήτινα
2444 2288 2876 2360 προϐιϐάζεσθαι
2909 2289 2970 2342 ού
3011 2291 3286 2359 συγχωρεῖ
3313 2292 3340 2343 ὁ
3369 2289 3573 2345 κανών.

2106 2466 2328 2520 ΔΡΙΣΤ.
2395 2466 2907 2535 Ἀπολελυμένην,
3058 2464 3273 2533 χήραν,
3326 2464 3366 2533 ἢ
3415 2465 3692 2533 θεράπαι-

2243 2576 2382 2626 ναν,
2414 2559 2457 2629 ἣ
2473 2559 2735 2631 μαινάδα
2769 2558 2974 2615 λαϐὼν
3000 2559 3218 2627 ιερεὺς,
3246 2559 3506 2627 ἀνίερος.

2177 2741 2286 2795 Καὶ
2316 2733 2513 2805 οὗτοςό
2553 2743 2627 2813 μὴ
2661 2743 2899 2812 κοσμίαν
2926 2746 3163 2812 γυναῖκα
3186 2743 3391 2809 λαϐὼν,
3423 2744 3519 2797 καὶ
3541 2761 3685 2812 παρ-

2107 2833 2281 2898 θένον,
2317 2833 2437 2886 ἀλλ’
2481 2835 2549 2906 ἢν
2584 2836 2889 2889 ἀπεϐάλετο
2914 2835 3119 2905 ἕτερος,
3177 2836 3211 2905 ἢ
3254 2836 3616 2906 θεράπαιναν,
3650 2834 3686 2907 ἦ

2107 2924 2365 2996 μαινάδα,
2402 2927 2483 2989 εἰς
2520 2928 2822 2998 ἱερωσύνην
2857 2927 2920 2981 οὐ
2953 2926 3442 2997 προσδεχθήσεται.

2703 3104 2943 3158 ΚΑΝΩΝ
2976 3103 3077 3159 18'.

429 3204 532 3271 Qui
570 3204 703 3260 duas
733 3219 937 3260 sorores
964 3203 1138 3267 duxit,
1170 3202 1244 3256 uel
1274 3199 1662 3265 consobrinam,
1695 3216 1798 3255 non
1834 3208 2001 3270 potest

2120 3199 2174 3254 Ὀ
2226 3199 2338 3256 δύο
2384 3198 2655 3268 ἀδελφὰς
2683 3198 3056 3267 ἀγαγόμενος
3122 3196 3160 3263 ἡ
3216 3194 3555 3265 ἀδελφιδῆν
3611 3198 3686 3250 οὺ

1023 3312 1131 3348 esse
1163 3295 1403 3348 clericus.

496 3376 693 3443 BALS.
730 3384 1019 3457 ’Ᾱδελφιδῆ
1048 3386 1190 3440 idem
1222 3394 1303 3440 est
1323 3383 1467 3454 quod
1487 3382 1704 3454 ἀνεψιὰ.
1730 3384 1865 3439 Eum
1879 3399 2007 3454 ergo

426 3482 515 3550 qui
546 3482 691 3536 ducit
727 3481 779 3537 in
817 3494 1037 3535 uxorem
1065 3478 1150 3533 vel
1184 3478 1317 3532 duas
1368 3491 1604 3543 sorores,
1633 3477 1718 3532 vel
1758 3478 2004 3539 amitam,

424 3585 479 3632 ct
502 3574 908 3639 consobrinam,
938 3588 1041 3628 non
1063 3567 1325 3640 permittit
1369 3582 1539 3622 canon
1584 3566 1700 3621 ﬁeri
1728 3566 2003 3631 clericum,

424 3668 549 3723 licet
581 3665 801 3721 omnino
833 3660 1238 3718 matrimonium
1285 3655 1498 3710 irritum
1548 3655 1661 3710 ﬁat.
1698 3655 1778 3716 Tu
1826 3666 2003 3708 autem

421 3759 586 3825 scias,
606 3759 745 3828 quod
778 3770 885 3811 non
911 3750 1220 3822 solum,qui
1245 3748 1514 3819 ejusmodi
1544 3747 1838 3819 quidquam
1863 3746 2003 3802 fecc~

425 3855 518 3917 rit,
555 3850 647 3905 sed
671 3858 725 3904 et
749 3848 841 3919 qui
872 3845 1014 3901 aliud
1051 3844 1457 3899 matrimonium
1517 3848 1737 3911 propter
1775 3853 2005 3893 consan-

422 3943 738 4013 guiuitatem
770 3939 853 3994 vel
878 3937 1191 3992 aﬂlnitatem
1224 3935 1555 4006 prohibitum
1582 3931 1872 3993 contraxit,
1899 3946 2002 3983 non

421 4039 514 4092 liet
540 4037 791 4099 clericus,
844 4035 937 4089 sed
966 4032 1015 4087 ei
1052 4045 1209 4102 poena
1263 4029 1444 4099 potius
1485 4028 1814 4097 imponetur.
1844 4024 2003 4090 ρυλε-

424 4144 548 4184 nam
596 4127 707 4183 sint
730 4136 906 4181 autem
939 4139 1111 4195 poenae
1136 4137 1323 4178 eorum
1372 4120 1465 4190 qui
1509 4132 1633 4173 cum
1680 4116 2003 4186 consangui-

421 4222 541 4281 neis
565 4236 676 4279 rem
704 4221 929 4285 habent,
953 4218 1129 4274 disces
1150 4231 1216 4271 ex
1248 4213 1477 4270 diversis
1497 4208 1797 4267 canonibus
1822 4208 2002 4277 ttiagni

424 4298 636 4369 Basilii.

489 4402 742 4459 ZONAR.
772 4401 977 4457 lllicita:
1008 4399 1154 4455 enim
1188 4397 1386 4467 nuptiae
1437 4393 1615 4463 ipsum
1660 4406 1768 4447 non
1823 4390 1997 4444 solum

2501 3291 2758 3345 δύναται
2784 3285 2939 3344 εἶναι
2973 3287 3282 3357 κληρικός.

2180 3386 2384 3440 ΒΑΛΣ.
2426 3384 2706 3454 ’Λδελφιδῆ
2767 3382 2987 3451 λέγεται
3038 3383 3073 3451 ἠ
3117 3379 3332 3450 ἀνεψιά.
3392 3379 3498 3432 Τδν
3551 3376 3687 3447 γοῦν

2107 3478 2459 3548 ἀγαγόμενον
2495 3476 2577 3540 εἰς
2607 3475 2789 3546 γάμον
2818 3475 2853 3546 ἦ
2874 3472 3266 3542 δύοάδελφάς,
3296 3471 3352 3540 ηῆ
3388 3470 3542 3524 θείαν
3580 3470 3679 3524 καὶ

2105 3566 2360 3636 ἀνεψιάν,
2392 3566 2453 3620 οὐ
2487 3566 2813 3635 παραχωρεῖ
2850 3566 2879 3617 ὁ
2907 3561 3089 3616 κανὼν
3132 3560 3513 3632 κληρωθῆναι,
3563 3558 3684 3612 δια-

2111 3656 2400 3727 σπωμένου
2438 3659 2652 3720 πάντως
2706 3656 2799 3708 καὶ
2830 3654 2922 3708 τοῦ
2975 3653 3176 3723 γάμου.
3244 3653 3316 3706 Σὺ
3352 3651 3410 3705 δὲ
3444 3649 3681 3718 γίνωσκε

2104 3748 2180 3814 ὡς
2212 3748 2274 3801 οὐ
2314 3748 2476 3819 μόνον
2509 3749 2538 3800 ό
2565 3746 2812 3801 τοιοῦτόν
2843 3762 2894 3797 τι
2930 3746 3184 3815 ποιήσας,
3214 3742 3349 3797 ἀλλὰ
3382 3741 3524 3794 καὶὸ
3559 3738 3681 3792 ἓτε-

2107 3859 2201 3914 ρον
2224 3842 2401 3912 γάμον
2428 3838 2811 3908 κεκωλυμένον
2844 3836 2906 3901 ἐξ
2933 3836 3166 3905 αἵματος
3196 3834 3230 3902 ἢ
3259 3832 3317 3899 ἐξ
3355 3829 3675 3902 ἀγχιστείας

2107 3933 2445 3997 συναλλάξας
2476 3932 2539 3985 οὑ
2563 3930 3005 4000 κληρωθήσεται,
3038 3926 3175 3980 ἀλλά
3206 3925 3407 3997 μᾶλλον
3429 3922 3522 3976 καὶ
3555 3927 3677 3976 ἑπι-

2101 4025 2495 4096 τιμηθήσεται.
2529 4019 2633 4077 Οἷα
2665 4022 2723 4075 δέ
2759 4025 2865 4074 εἰσι
2902 4024 2970 4075 τά
3000 4020 3105 4074 τῶν
3162 4017 3510 4089 αίμομικτῶν
3559 4017 3680 4067 ἑπι-

2101 4117 2282 4188 τίμια,
2318 4117 2542 4189 μαθήσῃ
2564 4116 2675 4171 άπὸ
2704 4114 2977 4186 διαφόρων
3007 4114 3249 4169 κανόνων
3306 4109 3399 4166 τοῦ
3437 4106 3676 4181 μεγάλου

2108 4210 2391 4264 Βασιλείου
2402 4249 2415 4263 .

2172 4388 2419 4445 ΖΩΝΑΡ,
2478 4388 2543 4442 'll
2607 4389 2716 4458 γὰρ
2771 4382 3184 4456 άθεμιτογαμία
3237 4381 3299 4436 οὐ
3365 4381 3523 4453 μόνον
3581 4379 3679 4434 τοῦ

420 4505 612 4553 arcent
634 4512 663 4551 a
690 4495 859 4558 clero,
896 4495 989 4549 sed
1023 4493 1186 4547 etiam
1216 4490 1394 4560 poenis
1434 4484 1748 4556 subjiciunt.
1783 4483 1919 4550 Quin
1946 4493 1999 4537 ct

2106 4483 2307 4556 κλήρου
2330 4482 2493 4535 αὑτὸν
2522 4480 2745 4544 κωλύει,
2793 4478 2931 4533 ἀλλὰ
2973 4479 3068 4531 καὶ
3108 4474 3415 4545 ἐπιτιμίοις
3447 4473 3673 4540 ὑπάγει.

418 4602 513 4656 per
537 4586 706 4656 legem
734 4584 944 4641 civilem
972 4581 1191 4651 punitur
1214 4579 1520 4649 illegitimas
1550 4575 1722 4629 iniens
1751 4576 1994 4643 nuptias,

418 4695 558 4749 quas
582 4691 637 4732 et
663 4678 749 4734 lex
781 4677 948 4732 etiam
977 4674 1262 4730 distrahit.

416 4769 642 4827 AlilST.
702 4768 826 4824 Non
872 4768 933 4836 ﬁt
993 4767 1214 4821 clericus
1266 4765 1360 4836 qui
1414 4766 1550 4821 duas
1599 4780 1849 4829 sorores,
1901 4772 1994 4815 aut

894 4859 1262 4915 consobrinam
1292 4858 1519 4911 duxerit.

502 4951 637 5010 i‘alis
668 4970 788 5009 cum
824 4966 983 5023 pinna
1012 4952 1131 5017 hac,
1159 4952 1303 5021 quod
1336 4966 1441 5005 non
1474 4958 1653 5019 potest
1699 4946 1811 5004 ﬁeri
1840 4946 2000 5003 cleri-

2107 4575 2217 4627 Καὶ
2265 4572 2416 4643 παρὰ
2473 4571 2567 4624 τοῦ
2619 4569 2906 4622 πολιτικοῦ
2962 4568 3021 4620 δὲ
3072 4565 3239 4636 νόμου
3285 4565 3614 4634 τιμωρεῖται
3646 4563 3676 4613 ὁ

2103 4664 2528 4737 ἀθεμιτογαμῶν
2558 4663 2904 4727 διασπῶντος
2934 4662 3032 4716 καὶ
3060 4660 3153 4713 τὸν
3183 4656 3444 4726 ἀθέμιτον
3467 4654 3670 4725 γάμον.

2103 4760 2326 4815 ΑΡΙΣΤ.
2349 4761 2429 4813 Οὐ
2470 4757 2837 4825 κεκλήρωται
2861 4758 2893 4811 ό
2924 4754 3036 4810 δύο
3057 4751 3326 4821 ἀδελφὰς
3344 4748 3383 4817 ἣ
3416 4747 3677 4816 ἀνεψιὰν

2683 4849 3084 4919 ἀγαγόμενος.

2178 4945 2236 5000 Ὀ
2269 4945 2529 5009 τοιοῦτος,
2568 4944 2664 4996 σὺν
2690 4942 2766 5012 τῷ
2800 4942 2875 5011 μὴ
2915 4938 3175 4993 δύνασθαι
3208 4932 3475 5008 κληρικδς
3506 4929 3663 5000 γενέ-

420 5067 538 5112 cus,
564 5046 901 5119 gravioribus
920 5043 1081 5098 etiam
1112 5043 1390 5112 suppliciis
1407 5041 1706 5109 subjicitur,
1731 5041 2002 5095 distractis

2106 5036 2251 5102 σθαι,
2276 5040 2373 5094 καὶ
2400 5036 2725 5109 βαρυτάτοις
2752 5032 3052 5103 ἐπιτιμίοις
3082 5030 3395 5093 ὑπόκειται,
3423 5026 3673 5079 διασπω-

421 5141 639 5209 insuper
667 5148 719 5193 et
743 5136 1032 5206 illegitimis
1065 5134 1288 5203 nuptiis.

1010 5221 1240 5278 CANON
1284 5220 1401 5279 XX.

755 5317 990 5375 Clericus
1016 5316 1306 5385 ﬁdejubeas
1344 5316 1656 5385 deponatur.

492 5412 686 5469 BALS.
721 5410 1042 5481 Fidi-jubere
1079 5408 1319 5464 nonnulli
1343 5422 1463 5464 esse
1493 5408 1698 5475 dicunt,
1732 5405 1988 5461 clericum

2102 5132 2263 5202 μένου
2294 5131 2433 5201 πρὸς
2468 5129 2677 5190 τούτοις
2709 5126 2800 5178 καὶ
2828 5124 2923 5178 τοῦ
2965 5123 3210 5192 ἀθέσμου
3243 5122 3448 5191 γάμου.

2701 5214 2940 5268 ΚΔΝΩΝ
2976 5215 3060 5266 Κ’.

2169 5312 2493 5379 Κληριιιὸς,
2526 5310 2744 5379 ἐγγύας
2769 5306 2972 5372 διδοὺς
3005 5306 3139 5376 (5'5),
3173 5308 3582 5374 καθαιρείσθω.

2171 5405 2369 5458 ΒΑΛΣ.
2428 5402 2502 5454 Τὸ
2558 5400 2759 5455 διδόναι
2806 5399 3015 5468 ἐγγύας
3068 5397 3212 5460 τινὲς
3255 5398 3353 5467 μὲν
3415 5397 3673 5467 λέγουσιν

1664 5520 1853 5584 Guill.
1888 5519 2211 5599 Beveregii
2257 5523 2445 5579 nota).

491 5628 603 5701 (55)
643 5624 944 5701 Κληρικὸς
973 5624 1191 5701 ἐγγύας
1223 5602 1462 5701 διδούς.-
1485 5624 1818 5693 lnterpretes
1858 5638 1987 5701 con-

422 5696 685 5761 sentiant,
715 5702 857 5764 quod
887 5697 1101 5750 clericis
1133 5698 1219 5748 ltie
1268 5696 1646 5757 interdicatur,
1692 5710 1797 5747 non
1849 5696 1987 5753 alios

423 5791 518 5841 pro
545 5786 623 5835 sc,
650 5772 744 5822 sed
791 5783 849 5822 se
889 5782 983 5836 pro
1020 5768 1162 5831 aliis,
1216 5765 1375 5833 idque
1412 5767 1580 5833 turpis
1629 5765 1763 5818 lat-ri
1817 5764 1990 5833 gratia

2095 5613 2831 5687 ﬁdeiussoresconstituere.
2868 5609 3204 5687 Astipulatnr
3260 5617 3322 5687 et
3347 5605 3672 5687 scholiastcs

2099 5676 2507 5754 Πιιιτιιιειιοιιιιιὶ,
2537 5684 2598 5735 Εἰ
2624 5682 2691 5754 δι’
2722 5676 3171 5754 αἰσχροκέρδειαν
3194 5678 3289 5754 καὶ
3306 5676 3673 5754 ἐπὶ-τελωνῶν

2099 5758 2257 5814 τοῦτο
2278 5747 2441 5820 ποιεῖ,
2472 5747 2519 5806 ει
2542 5754 2595 5807 δὲ
2624 5752 2691 5805 δι’
2724 5747 2970 5820 ἀνάγκην
2992 5747 3039 5819 ἢ
3068 5750 3159 5802 ἐπὶ
3188 5748 3487 5819 κληρικῶν,
3514 5747 3655 5799 ἐπαιι
