4054 6494
360 405 423 464 ’Π
1614 392 1695 453 ΙΝ
1736 391 1901 453 CAN.

2037 383 2079 452 Κ
2116 391 2373 452 APOST.
3539 397 3615 461 78

362 517 495 570 εἶναι
522 515 577 568 τὸ
611 511 920 582 ἐγγυᾶσθαι
949 508 1092 580 ὑπὲρ
1126 509 1316 580 ἑτέρου
1358 509 1448 562 τὴν
1472 509 1756 578 κληρικόψ
1780 507 1925 570 τινὲς

2037 519 2131 575 pro
2168 507 2276 560 alio
2335 506 2629 576 ttdejubere
2664 524 2680 573 ς
2711 509 2950 565 nonnulli
2995 517 3175 566 autem
3204 510 3458 568 clericum
3514 531 3612 585 pro

359 605 496 661 δὲτὸ
529 606 728 659 διδόναι
771 604 864 656 τὸν
899 603 1160 671 κληρικδν
1191 602 1334 672 ὑπὲρ
1388 601 1585 654 ἑαυτοῦ
1619 600 1807 669 ἕτερον
1834 601 1926 666 ἐγ-

360 698 579 766 γυητήν.
610 694 685 747 Τὸ
718 693 850 762 γοῦν
877 693 1060 761 λέγειν
1109 690 1496 762 καοαιρείσθαι
1528 690 1619 744 τὸν
1665 689 1927 760 κληρικὺν

363 790 433 860 μὴ
467 789 907 859 παραδεχόμενον
955 789 1034 850 είς
1093 786 1474 856 δικαστήριον,
1524 785 1556 854 ἦ
1618 784 1699 846 είς
1738 780 1930 851 ὲνοχὴν

358 881 421 935 δι’
449 881 710 953 ἀπορίαν,
765 880 798 952 ἢ
831 880 896 932 δι’
925 881 1113 950 ἕτερον
1165 879 1370 950 τρόπον
1407 877 1626 946 εὔλογόν
1656 893 1803 940 τινα,
1834 877 1930 928 καὶ

358 973 442 1026 διὰ
465 972 626 1025 τοῦτο
657 971 873 1025 διδόντα
908 972 1190 1041 ἐγγυητὰς
1230 972 1391 1041 χάριν
1425 969 1519 1022 τοῦ
1546 968 1930 1034 ἀπαλλαγῆναι

355 1065 646 1134 ὀχλήσεως,
685 1065 1094 1134 φορτικώτατόν
1142 1065 1256 1118 ἐστι
1316 1063 1411 1116 καὶ
1432 1063 1533 1130 τῆς
1561 1059 1930 1129 ἀποπολικῆς

356 1156 767 1226 φιλανθρωπίας
802 1157 1044 1222 ἀνάξιον.
1074 1156 1149 1208 Τὸ
1179 1155 1235 1209 δὲ
1271 1154 1575 1223 ἐγγυᾶσθαι
1608 1152 1700 1206 τὸν
1729 1152 1931 1222 κληρι-

356 1249 445 1301 κδν
491 1247 633 1318 ὑπὲρ
668 1250 854 1317 ἑτέρου
899 1250 1026 1302 ποτὲ
1062 1249 1192 1310 ἴσως
1227 1248 1649 1316 κολασθήσεται.
1715 1246 1773 1297 Εἰ
1833 1244 1932 1314 μὲν

355 1343 460 1411 γὰρ
487 1344 648 1412 χάριν
679 1341 912 1411 κέρδους
942 1340 1278 1410 ἐγγυήσεταί
1313 1356 1434 1391 τινα
1475 1337 1760 1407 κληρικδς,
1795 1334 1930 1388 καθ-

354 1435 713 1504 αιρεθήσεται
751 1434 838 1487 διὰ
879 1435 978 1502 τὴν
1030 1431 1368 1502 αἰσχρότητα.
1395 1431 1495 1501 τῆς
1527 1429 1756 1498 ἐγγύας.
1789 1429 1848 1480 Εἰ
1874 1427 1932 1480 δὲ

354 1524 558 1593 πένητά
589 1541 715 1576 τινα
746 1525 1090 1593 ὲγγυήσεται
1126 1521 1215 1574 διὰ
1263 1521 1436 1586 ἔλεον,
1495 1519 1528 1591 ἢ
1561 1520 1648 1573 διά
1688 1535 1813 1572 τινα
1841 1517 1933 1570 eb-

357 1615 487 1684 σεὸἧ
541 1617 729 1670 αξτίαν
780 1615 974 1670 ἑαυτὸν
1017 1615 1156 1683 ὑπὲρ
1218 1614 1409 1682 ὲτὲρου
1464 1610 1819 1682 παρεμὸἀλῃ,
1871 1610 1932 1663 οὗ

355 1707 838 1778 καῡαιρεῡήσεται.
880 1707 1159 1778 Εὕρηνται
1198 1707 1253 1759 δὲ
1286 1707 1381 1759 καὶ
1417 1707 1474 1758 ἐν
1508 1703 1643 1775 τῇδ’
1670 1706 1933 1773 οίκουμεο

353 1802 469 1868 νικῇ
506 1799 716 1870 συνόδῳ
755 1799 949 1851 πολλοὶ
979 1801 1275 1851 ἐπίσκοποι
1305 1797 1400 1850 καὶ
1432 1796 1689 1867 κληρικο“ι
1721 1794 1933 1864 ἐγγύας

352 1892 785 1961 ἀπαιτήσαντες,
844 1892 941 1944 καὶ
1000 1891 1420 1961 ἀπαιτηθέντες,
1485 1889 1582 1942 καὶ
1647 1887 1823 1950 οὐδεὶς
1875 1886 1934 1952 ἐξ

350 1986 528 2037 αὐτῶν
565 1985 796 2060 ἐϐλάϐη.
847 1984 1229 2054 Ἐρμήνευσον
1261 1982 1405 2034 οὕτω
1458 1981 1528 2033 τὰ
1563 1981 1664 2050 τῆς
1704 1979 1930 2048 ἐγγύας.

359 2077 665 2146 Ἀνάγνωθι
715 2078 773 2131 δὲ
801 2077 896 2130 καὶ
944 2077 1044 2146 τὴν
1080 2082 1197 2141 ρκγ¹
1237 2073 1670 2128 Ἰουστινιάνειον
1709 2073 1933 2133 Νεαρὰν

351 2172 623 2242 κειμένην
652 2173 708 2225 ἐν
752 2170 943 2241 βιϐλίῳ
972 2167 1020 2238 γ’
1052 2169 1163 2222 τῶν
1183 2167 1515 2232 Βασιλικῶν,
1547 2167 1713 2237 τίτλῳ
1740 2173 1785 2220 α’
1813 2167 1935 2237 ἢτοι

350 2265 646 2334 κεφάλαιον
672 2265 841 2317 αὐτοῦ
879 2269 949 2332 ιγ’
987 2263 1147 2331 λέγον
1175 2262 1348 2327 οὕτως
1390 2263 1447 2316 ὲν
1480 2262 1672 2332 μέρει*
1704 2261 1844 2324 Τοὺς
1879 2261 1936 2313 δὲ

349 2358 762 2429 πρεσϐυτέρους
791 2358 889 2410 καὶ
929 2357 1214 2420 διακόνους
1244 2356 1339 2408 καὶ
1391 2354 1785 2417 ὑποδιακόνους
1808 2394 1821 2419 ,
1856 2353 1935 2422 τῷ

348 2451 549 2522 δικαίῳ
579 2451 675 2504 καὶ
708 2453 856 2522 μόνῳ
901 2451 1004 2520 τῆς
1052 2446 1378 2517 συγγενείας
1435 2449 1515 2511 είς
1563 2445 1932 2517 ἐπιτροπὴνῆ

350 2544 773 2612 κουρατωρείαν
821 2541 1217 2612 καλουμένους,
1253 2540 1352 2611 τὴν
1381 2538 1640 2610 τοιαύτην
1687 2537 1935 2609 λειτουρ-

351 2635 473 2702 γίαν
530 2634 892 2703 ὑποδέχεσθαι
948 2631 1366 2704 συγχωροῦμεν.
1426 2631 1537 2683 Καὶ
1604 2629 1724 2700 μετ’
1776 2629 1933 2696 ὀλίγα

350 2725 513 2778 πάλιν
539 2741 554 2755 ⁸
613 2725 754 2778 Ἀλλ’
797 2723 922 2779 οὐδὲ
951 2724 1264 2794 ἀπαιτητὴν
1295 2721 1574 2793 δημοσίων
1610 2719 1936 2774 συντελειῶν

347 2818 378 2890 ἢ
406 2818 731 2890 ἐκλήπτορα
783 2819 816 2890 ἦ
884 2817 1157 2890 μισθωτὸν
1201 2817 1372 2870 τελῶν
1402 2817 1434 2886 ἢ
1467 2814 1766 2886 ἀλλοτρίων
1801 2815 1936 2884 κτή-

350 2930 509 2977 σεων,
563 2911 598 2982 ἢ
632 2913 958 2982 κουράτωρα
986 2912 1160 2977 οἴκου,
1209 2911 1242 2981 ἢ
1299 2910 1519 2963 ὲντολέα
1551 2909 1730 2977 δίκης,
1772 2907 1804 2979 ἢ
1841 2909 1935 2975 ἑγ-

348 3004 564 3074 γυητὴν
599 3004 743 3074 ὑπὲρ
769 3002 980 3056 τούτων
1004 3003 1116 3055 τῶν
1153 3002 1369 3065 αἰτιῶν,
1403 3002 1702 3053 ἐπίσκοπον
1730 3000 1762 3071 ἢ
1792 2999 1937 3051 οἰκο-

347 3096 542 3166 νόμον,
571 3095 605 3166 ἣ
645 3095 803 3150 ἄλλον
837 3094 1098 3165 κληρικὸν
1125 3092 1444 3163 οίουδὴποτε
1494 3090 1730 3161 βαθμοῦ,
1759 3090 1791 3160 ἢ
1835 3106 1932 3157 μο-

2034 603 2213 669 seipso
2241 601 2371 655 dare
2403 602 2570 654 alium
2599 602 2970 671 ﬁdejussorem
3007 619 3021 656 :
3057 602 3240 658 dicere
3265 617 3395 673 ergo
3415 603 3612 674 deponi

2034 692 2312 758 clericum,
2343 694 2437 761 qui
2475 694 2541 748 ad
2573 693 2829 763 judicium
2858 696 2940 749 vel
2974 699 3041 751 ad
3071 698 3361 766 agendum,
3390 711 3612 768 propter

2035 794 2435 853 paupertatem,
2466 787 2550 840 vel
2581 787 2819 856 aliquam
2845 787 3005 842 aliam
3034 789 3233 858 justam
3257 805 3476 845 causam
3503 808 3609 847 non

2035 877 2364 944 admittitur,
2392 887 2440 932 et
2471 887 2758 948 propterea
2799 879 2891 934 dat
2919 879 3264 950 ﬁdejussores
3296 893 3352 937 ut
3379 899 3409 937 a
3443 885 3612 938 mole-

2035 972 2136 1024 Stia
2166 971 2446 1034 liberetur,
2476 982 2560 1026 est
2592 974 2990 1041 gravissimum,
3028 984 3080 1028 et
3102 976 3393 1044 apostolica
3425 978 3618 1031 burna-

2035 1064 2202 1117 nitate
2240 1063 2541 1131 indignum.
2578 1063 2634 1118 Si
2668 1066 2899 1119 clericus
2927 1077 3104 1120 autem
3133 1083 3227 1136 pro
3259 1068 3367 1122 alio
3421 1067 3614 1139 [ideju-

2034 1155 2180 1220 beat,
2210 1155 2440 1211 fortasse
2458 1160 2781 1228 quandoque
2816 1160 3091 1230 punietur.
3123 1160 3177 1213 Si
3213 1161 3356 1215 enim
3389 1162 3618 1216 clericus

2035 1247 2174 1303 lucri
2236 1248 2408 1318 gratia
2464 1265 2562 1319 pro
2605 1251 2784 1321 aliquo
2855 1252 3184 1321 lidejusserit
3212 1296 3227 1318 ,
3271 1253 3573 1322 deponetur
3601 1296 3614 1318 ,

2036 1347 2260 1409 propter
2301 1341 2666 1411 lidejussionis
2713 1343 3100 1410 turpitudinem
3138 1361 3151 1396 :
3184 1343 3266 1397 sin
3308 1356 3485 1398 autem
3509 1361 3618 1416 pro

2036 1433 2217 1501 aliquo
2252 1447 2488 1503 paupere
2531 1433 2860 1503 iidejusserit
2905 1445 3129 1506 propter
3163 1436 3614 1501 misericordiam,

2036 1523 2123 1578 vel
2153 1534 2376 1595 propter
2406 1527 2639 1595 aliquam
2674 1529 2816 1597 piam
2846 1543 3065 1582 causam
3099 1531 3337 1598 seipsnm
3385 1545 3481 1600 pro
3512 1530 3618 1585 alio

2037 1615 2347 1687 ingesserit,
2375 1634 2477 1673 non
2499 1621 2820 1688 deponetur.
2857 1619 3064 1675 Inventi
3095 1631 3224 1676 sunt
3250 1631 3428 1676 autem
3453 1622 3614 1676 etiam

2037 1708 2091 1762 in
2127 1710 2159 1762 4
2188 1711 2478 1766 universali
2523 1712 2734 1782 synodo
2765 1713 2916 1766 inulti
2950 1713 3130 1767 clerici
3164 1723 3217 1766 et
3249 1713 3503 1783 episcopi,
3525 1715 3616 1782 qui

2041 1799 2389 1871 ﬁdejussores
2416 1813 2467 1856 et
2497 1803 2784 1868 dederunt,
2813 1814 2867 1860 et
2891 1814 3252 1875 acceperunt,
3299 1821 3398 1860 nec
3440 1816 3617 1860 tamen

2037 1891 2177 1948 ullus
2209 1893 2328 1947 ideo
2368 1893 2525 1948 laesus
2552 1903 2655 1950 est.
2694 1895 3123 1964 Fidejussionem
3150 1912 3280 1968 ergo
3339 1899 3412 1952 ita
3459 1897 3620 1952 inter-

2037 1993 2269 2052 pretare.
2305 1984 2444 2056 Lege
2474 1987 2636 2041 etiam
2661 1988 2778 2058 .125
2807 1988 3098 2044 .lustiniani
3133 1989 3413 2045 Novellam
3447 2031 3464 2059 ,
3498 2007 3619 2062 quae

2038 2076 2140 2130 sita
2167 2087 2249 2132 est
2281 2079 2332 2133 in
2375 2080 2515 2133 libro
2539 2096 2598 2134 ni
2624 2080 2841 2135 Basilio.
2881 2083 2964 2136 tit.
3002 2083 3179 2152 primo
3206 2100 3301 2140 seu
3338 2099 3458 2156 cap.
3499 2087 3620 2156 ejus

2040 2169 2107 2223 15
2132 2169 2274 2238 quod
2310 2172 2388 2225 sic
2413 2172 2543 2226 dicit
2585 2173 2637 2226 in
2689 2183 2877 2243 parte:
2908 2175 3261 2245 Presbyteros
3303 2169 3519 2242 autem,
3563 2191 3619 2235 et

2040 2260 2315 2325 diaconos,
2349 2270 2402 2316 et
2424 2263 2800 2328 subdiaconos,
2836 2265 2928 2332 qui
2972 2265 3086 2320 solo
3116 2266 3239 2336 jure
3272 2269 3615 2337 cognationis

2040 2353 2106 2406 ad
2138 2353 2359 2406 tutelam
2395 2354 2478 2408 vel
2500 2370 2685 2409 curam
2724 2365 2990 2410 vocantur
3027 2396 3042 2420 ,
3073 2359 3178 2413 tale
3220 2373 3414 2413 munus
3446 2363 3619 2416 susci-

2038 2460 2169 2517 pere
2212 2447 2596 2517 permittimus.
2625 2447 2690 2503 Et
2723 2449 2887 2520 paulo
2930 2460 3048 2520 post
3085 2451 3278 2506 iterum
3318 2469 3331 2505 :
3365 2452 3470 2509 Sed
3518 2469 3618 2510 nec

2040 2539 2391 2612 publicorum
2422 2543 2745 2597 tributorum
2778 2554 3112 2611 exactorem,
3141 2545 3226 2598 vel
3258 2555 3615 2616 receptorem,

2040 2633 2122 2686 vel
2154 2633 2497 2703 vectigalium
2532 2643 2625 2688 aut
2687 2637 3089 2705 possessionum
3144 2638 3447 2693 alienarum
3486 2655 3620 2695 con-

2039 2723 2344 2792 ductorem,
2372 2725 2455 2780 vel
2486 2736 2796 2780 curatorem
2827 2728 3041 2792 domus,
3081 2729 3163 2783 vel
3213 2744 3392 2784 causa:
3418 2746 3616 2802 procu-

2039 2827 2272 2872 ratorem
2297 2857 2314 2884 ,
2346 2818 2424 2873 vel
2459 2833 2558 2888 pro
2610 2819 2696 2876 bis
2743 2820 2925 2875 causis
2964 2821 3372 2891 ﬁdejussorem,
3405 2824 3620 2894 episco—

2038 2923 2188 2977 pum,
2222 2910 2303 2964 vel
2335 2926 2698 2978 mconomum,
2722 2914 2802 2966 vel
2830 2913 2990 2967 alium
3019 2914 3277 2969 clericum
3319 2917 3619 2987 cujuscun-

2038 3014 2143 3070 que
2174 3003 2374 3071 gradus
2401 3043 2417 3068 ,
2449 3001 2531 3057 vel
2574 3005 2897 3058 monachum
2957 3007 3180 3076 proprio
3231 3010 3449 3064 nomine
3474 3050 3490 3073 ,
3533 3015 3617 3064 vel

2039 3091 2315 3159 ecclesiae,
2345 3105 2436 3149 aut
2480 3096 2839 3163 monasterii,
2893 3111 3015 3152 esse
3060 3099 3430 3168 permittimus
3476 3118 3490 3154 :
3548 3120 3618 3158 ne
3674 3106 3679 3111 ’

355 3189 525 3258 ναχὸν
557 3188 673 3256 ίΞὶῳ
700 3187 946 3256 ὀνόματι,
984 3186 1141 3257 ἢτῆς
1173 3183 1498 3254 ἐκκλησίας,
1534 3183 1566 3253 ἢ
1617 3181 1713 3235 τοῦ
1761 3198 1930 3258 μονα-

2043 3185 2144 3239 boc
2172 3196 2432 3254 prmtextu
2474 3188 2680 3242 sanctis
2714 3202 2931 3258 quoque
2954 3189 3206 3246 domibus
3227 3194 3614 3250 detrimentum

347 3280 598 3351 στηρῐου,
629 3279 938 3333 ὑπεισιέναι
967 3279 1384 3349 συγχωροῦμεν,
1426 3276 1516 3330 ἵνα
1567 3274 1642 3346 μὴ
1669 3274 1756 3327 διὰ
1786 3273 1910 3326 ταύ-

345 3389 442 3440 της
474 3371 814 3442 προφάσεως
833 3373 926 3425 καὶ
950 3373 1064 3432 τοῖς
1091 3369 1269 3439 ἁγίοις
1290 3369 1462 3431 οἴκοις
1482 3367 1657 3437 ζημία
1679 3365 1930 3435 γένηται,

347 3463 438 3516 καὶ
477 3464 545 3516 αἱ
609 3462 753 3518 θεῖαι
810 3464 1109 3534 ὑπηρεσίαι
1152 3461 1582 3533 ἐμποδίζωνται.
1613 3459 1778 3510 Ὥστε
1836 3456 1934 3511 καὶ

348 3555 451 3607 ἀπὸ
478 3555 600 3610 τῶν
629 3556 893 3626 ῥημάτων
949 3556 1159 3608 τούτων
1190 3555 1288 3623 τῆς
1317 3552 1538 3623 Νεαρᾶς
1558 3590 1573 3615 ,
1609 3551 1716 3604 τῶν
1747 3548 1934 3617 λεγόν-

344 3664 452 3700 των
484 3647 571 3718 μὴ
628 3647 880 3716 γίνεσθαι
920 3647 1221 3718 ἱερωμένον
1279 3645 1404 3698 τινὰ
1457 3642 1732 3713 ἐγγυητὴν
1791 3641 1931 3709 ὑπὲρ

347 3739 562 3793 τούτων
593 3740 705 3794 τῶν
732 3741 946 3806 αἰτιῶν,
977 3738 1179 3810 δηλαδὴ
1198 3739 1307 3791 τῶν
1343 3735 1761 3806 διαληφοεισῶν,
1785 3751 1931 3804 παρ-

348 3832 576 3885 ίσταται
603 3833 785 3897 καλῶς
821 3834 1128 3901 ἐγγυᾶσθαι
1156 3832 1248 3884 τὸν
1271 3830 1536 3901 κληρικὸν
1555 3827 1699 3898 ὑπὲρ
1726 3827 1931 3898 ἑτέρων

350 3924 600 3978 εὐσεϐῶν
631 3924 844 3990 αἰτιῶν,
899 3923 1088 3994 ὥσπερ
1138 3924 1232 3977 καὶ
1275 3919 1683 3994 παρεμϐάλλειν
1714 3920 1928 3976 ἑαυτόν.

2041 3276 2326 3343 alIeratur,
2357 3289 2410 3333 et
2454 3280 2634 3334 divina
2666 3281 2965 3336 ministeria
3001 3281 3387 3354 impediantur.
3438 3287 3618 3354 Quare

2037 3385 2104 3423 ex
2135 3371 2217 3425 bis
2249 3387 2461 3442 quoque
2493 3373 2674 3427 verbis
2707 3371 2962 3441 Novella’,
3004 3390 3123 3444 quae
3153 3375 3342 3431 dicunt
3384 3395 3488 3434 non
3528 3381 3620 3435 de-

2038 3459 2168 3514 bere
2200 3461 2316 3515 ﬁeri
2360 3473 2632 3517 sacratqu
2667 3463 2900 3533 aliquem
2933 3481 3030 3535 pro
3065 3466 3149 3522 bis
3176 3471 3361 3524 causis
3401 3470 3616 3539 ﬁdejus-

2038 3568 2243 3618 sorem,
2275 3553 2340 3608 iis
2370 3555 2622 3611 videlicet
2645 3573 2764 3626 qua:
2790 3557 3194 3626 comprehensa:
3217 3571 3362 3628 sunt,
3396 3564 3618 3633 pulchre

2041 3653 2254 3698 constat
2288 3660 2446 3715 posse
2473 3646 2729 3702 clericum
2763 3663 2859 3717 pro
2888 3650 3008 3704 aliis
3053 3651 3154 3721 piis
3197 3655 3379 3709 causis
3425 3655 3614 3724 lldeju-

2042 3733 2194 3799 bere,
2218 3735 2359 3790 sicut
2377 3737 2537 3792 etiam
2556 3739 2792 3808 seipsum
2815 3739 3080 3810 ingerere.
3110 3742 3214 3814 14
3235 3744 3428 3810 Quaere
3455 3749 3616 3802 etiam

2043 3828 2254 3883 titulum
2287 3844 2486 3884 nonum
2536 3833 2819 3900 praesentis
2867 3835 3050 3903 operis
3075 3878 3090 3903 ,
3121 3853 3241 3907 cap.
3273 3839 3344 3894 54
3379 3851 3432 3895 et
3459 3839 3528 3896 27
3563 3854 3618 3897 et

2042 3938 2161 3992 quae
2184 3933 2309 3975 sunt
2350 3922 2402 3976 in
2438 3923 2536 3989 eis,
2570 3931 2624 3978 et
2661 3923 2913 3981 Clialced.
2945 3943 3087 3997 syu.,
3119 3944 3243 3985 ca'i.
3282 3932 3373 3987 50.

346 4016 512 4087 Ζήτει
568 4017 667 4069 καὶ
713 4017 756 4070 θ’
801 4017 981 4070 τίτλον
1022 4016 1118 4070 τού
1175 4015 1443 4086 παρόντος
1494 4016 1896 4084 συντάγματος,
1939 4031 2069 4085 κεφ.
2102 4014 2173 4068 λδ¹
2209 4017 2302 4068 καὶ
2340 4014 2421 4081 κζ’
2454 4016 2652 4070 καὶτὰ
2680 4018 2737 4071 ὲν
2762 4019 2968 4086 αὐτοῖς,
3033 4022 3127 4076 καὶ
3187 4026 3247 4078 ὲν
3311 4026 3616 4098 Χαλκηδόνι

348 4113 573 4166 συνόδου
601 4116 800 4168 κανόνα
820 4111 889 4164 λ’.

417 4209 672 4263 ΖΩΝΑΡ.
720 4207 954 4278 Ἐγγύας
1012 4227 1096 4273 τις
1157 4208 1373 4262 δίδωσιν
1406 4208 1439 4278 ἢ
1473 4208 1615 4279 ὑπὲρ
1663 4207 1859 4260 ἑαυτοῦ
1895 4207 1930 4278 ἢ

348 4303 491 4373 ὑπὲρ
528 4302 712 4357 ἄλλου.
771 4303 882 4356 Καὶ
916 4304 944 4355 ὁ
980 4303 1119 4373 ὑπὲρ
1151 4303 1311 4357 ἄλλου
1347 4301 1525 4366 διδοὺς
1557 4302 1589 4372 ἢ
1621 4301 1710 4356 διὰ
1741 4300 1933 4372 κέρδος

350 4396 625 4463 ἐγγυᾶται
665 4394 698 4464 ἢ
729 4393 818 4447 διὰ
843 4394 1087 4464 ἀγάπην,
1120 4393 1186 4446 δι’
1218 4395 1283 4466 ἣν
1309 4393 1529 4456 καὶτὰς
1557 4394 1741 4463 ψυχὰς
1772 4393 1932 4464 ἡμῶν

2115 4205 2368 4263 ZONAR.
2396 4205 2680 4277 Fidejubet
2712 4208 2903 4279 aliquis
2933 4221 3024 4266 aut
3075 4227 3170 4282 pro
3223 4228 3285 4268 se
3309 4253 3325 4280 ,
3379 4227 3471 4269 aut
3517 4233 3617 4286 pro

2045 4299 2173 4354 alio.
2212 4299 2313 4366 Qui
2338 4315 2464 4354 vero
2495 4315 2594 4370 pro
2616 4299 2722 4355 alio
2755 4301 3124 4373 lidejussnrem
3151 4321 3208 4359 se
3236 4316 3458 4374 praestat
3481 4349 3498 4376 ,
3525 4324 3616 4364 aut

2041 4400 2269 4463 propter
2320 4391 2532 4447 lucrum
2585 4392 2882 4463 ﬁdejubet,
2937 4403 3031 4449 aut
3092 4408 3311 4468 propter
3379 4402 3620 4456 Charita-

347 4487 568 4539 τιθέναι
604 4487 745 4557 ὑπὲρ
780 4488 886 4538 τῶν
919 4486 1164 4556 ἀδελφῶν
1196 4484 1594 4556 ἐντετάλμεθα.
1616 4485 1690 4538 Τὸ
1715 4485 1814 4554 μὲν
1837 4480 1931 4538 οὖν

2043 4495 2170 4550 tem,
2214 4495 2436 4557 prepter
2485 4500 2649 4555 quam
2706 4497 2921 4542 nostras
2964 4489 3203 4558 ipsorum
3261 4491 3471 4548 animas
3519 4510 3618 4564 pro

351 4576 492 4648 ὑπὲρ
535 4577 696 4632 ἄλλου
726 4577 1023 4630 ὑποϐαλεῖν
1056 4578 1270 4642 ἑαυτὸν,
1303 4578 1423 4648 ἦτοι
1455 4575 1640 4646 ἔνοχον
1677 4575 1926 4646 ποιῆσαι,

349 4668 423 4732 ὡς
465 4670 632 4740 τυχὸν
684 4669 826 4740 ὑπὲρ
877 4669 1132 4732 τελώνου,
1198 4668 1544 4722 κεκώλυται’
1601 4667 1803 4737 ἀρχαία
1873 4667 1932 4720 δὲ

352 4763 529 4816 κακία
557 4762 618 4814 τὸ
652 4760 906 4815 τελωνεῖν
929 4779 942 4793 ·
975 4762 1206 4814 τελῶναι
1251 4760 1295 4814 δ’
1325 4761 1460 4813 εἰσὶν
1490 4761 1540 4813 οἱ
1564 4760 1659 4825 τὰς
1690 4761 1931 4830 ἀπαιτή-

354 4868 468 4914 σεις
506 4850 810 4922 ὠνούμενοι
839 4852 947 4906 τῶν
993 4847 1276 4922 δημοσίων
1324 4851 1665 4906 συντελειῶν.
1703 4852 1765 4906 Οί
1800 4852 1931 4920 γοῦν

351 4943 612 5006 τοιοῦτοι,
649 4945 698 4996 εί
733 4944 808 5014 μὴ
849 4948 1094 5016 φανερᾶς
1131 4943 1461 5014 εὐποροῦσιν
1487 4944 1701 5011 οὐσίας,
1721 4944 1930 5013 ἐγγύας

355 5037 736 5100 ἀπαιτοῦνται,
787 5040 881 5092 καὶ
916 5038 1224 5110 παράγουσί
1277 5054 1426 5101 τινας
1457 5037 1810 5101 ύποτιΘὲντας
1859 5036 1926 5091 δι’

357 5127 601 5192 ἐκείνους
642 5130 709 5182 τὰ
737 5128 981 5183 ἑαυτῶν·
1037 5129 1198 5183 τοῦτο
1253 5128 1434 5183 τοίνυν
1467 5130 1563 5184 καλ⁴
1611 5129 1711 5182 ὅσα
1751 5129 1930 5186 τούτω

2035 4577 2299 4633 fratribus
2362 4593 2564 4647 ponere
2636 4577 2910 4648 jubemur.
2985 4577 3235 4650 Seipsum
3284 4581 3446 4653 igitur
3514 4600 3617 4655 pro

2029 4667 2136 4721 aiio
2186 4667 2456 4737 subjicere
2509 4665 2821 4736 obligatioui
2850 4707 2864 4731 ,
2912 4667 3026 4722 sive
3073 4669 3365 4726 obnoxium
3422 4687 3482 4728 se
3531 4674 3613 4727 fa-

2029 4774 2174 4826 cere,
2233 4769 2291 4813 ut
2339 4759 2476 4815 forte
2536 4774 2634 4828 pro
2678 4759 2986 4829 publieano,
3025 4770 3259 4818 vetatur.
3315 4764 3610 4835 Antiquutn

2030 4854 2297 4923 siquidem
2324 4861 2407 4909 est
2447 4853 2670 4915 malum,
2709 4853 3056 4920 publicanum
3109 4871 3289 4926 agere.
3327 4855 3612 4916 Publiceni

2029 4961 2156 5001 vero
2191 4954 2359 5011 sunt,
2416 4945 2507 5014 qui
2567 4944 2903 5015 publicorum
2965 4947 3289 5004 tributorum
3342 4952 3612 5009 redimunt

2035 5040 2366 5095 exactiones.
2403 5039 2445 5090 A
2485 5037 2681 5091 talibus
2709 5052 2836 5107 ergo
2864 5076 2880 5102 ,
2908 5039 2953 5093 si
2985 5037 3285 5096 manifestis
3310 5057 3415 5097 non
3444 5045 3612 5101 abun-

2041 5136 2169 5188 dent
2200 5130 2567 5189 facultatibus.
2600 5131 2945 5202 lidejussores
2985 5134 3276 5205 exiguntur
3300 5177 3316 5204 ,
3365 5149 3421 5195 et
3473 5155 3613 5204 nori-

1597 5271 1790 5334 Guill.
1821 5275 2143 5356 Beveregii
2188 5290 2376 5337 nota).

359 5389 558 5464 varios.
591 5389 1091 5464 llarmenopaepit.
1121 5407 1240 5464 can.
1273 5403 1408 5449 sect.
1443 5394 1499 5452 '5.
1529 5397 1618 5448 tit.
1649 5394 1706 5451 2.
1736 5393 1942 5464 Egber-

365 5469 453 5536 _tus
493 5461 874 5522 Eboracensis,
933 5461 998 5515 Ut
1034 5463 1164 5536 nulli
1204 5467 1543 5536 sacerdotum
1599 5465 1750 5536 liceat
1788 5461 1939 5536 'ﬁdeg

352 5529 611 5607 juss‘orem
646 5548 772 5607 esse,
804 5549 964 5607 neque
987 5534 1167 5607 relicto
1196 5534 1412 5604 propria
1437 5533 1639 5607 legead
1660 5529 1946 5607 saecularia

361 5600 557 5673 iudicia
591 5604 856 5667 accedere,
879 5600 1106 5673 Egbert.
1145 5600 1651 5673 in'ex'cerptfldem
1704 5600 1934 5660 innueré

359 5671 576 5742 videtur
621 5684 676 5726 et
725 5673 1014 5742 Dionysius
1063 5672 1332 5740 Exiguus,
1365 5671 1453 5742 qui
1489 5688 1753 5728 canonem
1785 5674 1933 5730 hunc

360 5689 576 5724 videtur
621 5689 676 5726 et
727 5689 856 5726 Uton
900 5689 1014 5727 srus
1064 5689 1332 5740 mrguus,
1365 5690 1453 5742 qui
1489 5689 1753 5728 canonem
1786 5689 1930 5730 nunc

360 5740 799 5814 sic__t_tansfert,
851 5689 1093 5814 l’lericus
1149 5742 1582 5814 ﬁdejussionibus
1647 5745 1930 5799 inserviens

358 5809 668 5876 adjiciatur.
705 5813 811 5868 Sed
842 5812 1107 5893 Joseplius
1137 5809 1422 5886 Esvptius
1451 5829 1716 5872 canonem
1773 5815 1931 5893 aliter

2047 5401 2476 5472 interpretatur:
2515 5400 2825 5472 Quicunque
2888 5420 2916 5458 e
2952 5406 3313 5462 sacerdotibus
3348 5409 3611 5467 hominem

2042 5486 2170 5545 pro
2197 5486 2251 5522 se
2288 5470 2659 5545 'ﬁdejussorent
2727 5470 2949 5535 dederit.
3003 5489 3095 5529 aut
3152 5479 3266 5545 ipse
3305 5496 3361 5533 se
3408 5479 3611 5535 dederit

2038 5540 2404 5617 ﬁdejussorem
2435 5558 2531 5609 pro
2561 5542 2692 5617 alio,
2715 5545 2792 5617 uel
2813 5545 3074 5617 hominem
3094 5540 3298 5617 pignori
3326 5553 3607 5617 acceperit,

2037 5611 2475 5687 quemadmodum
2506 5613 2673 5687 egereri
2716 5614 2947 5687 faciunt,
3001 5611 3243 5673 Ecclesia
3290 5611 3604 5687 expellatur.

2034 5681 2187 5758 Adeo
2223 5689 2282 5732 ut
2328 5682 2393 5735 de
2419 5682 2652 5758 clericis,
2681 5681 2771 5751 qui
2814 5686 2951 5758 alios
2983 5703 3080 5758 pro
3115 5702 3195 5751 se,
3243 5681 3393 5758 :equ'c
3433 5705 3497 5743 ac
3545 5692 3608 5743 iis

2033 5751 2125 5818 qui
2153 5765 2211 5804 se
2247 5763 2344 5816 pro
2383 5751 2500 5805 aliis
2529 5767 2820 5822 eponsores
2846 5751 3112 5824 dederint,
3163 5751 3423 5812 canonem
3462 5759 3610 5814 hunc

2030 5830 2284 5889 eXponaL
