4054 6494
235 341 303 404 ‘33
1261 352 1269 357 ’
1464 352 1544 414 IN
1585 353 1748 414 CAN.
1784 355 1948 414 XXX
1989 349 2243 416 APOST.
3446 354 3516 415 Μ

319 451 384 507 Ὀ
448 453 592 525 μετὰ
628 454 729 527 τὴν
777 457 1103 530 καθαίρεσιν
1134 460 1236 530 τὴν
1265 461 1505 530 εὐλόγως
1539 463 1634 514 ἐπὶ
1668 477 1829 532 φανε-

2003 464 2106 530 Qui
2133 472 2250 532 post
2273 462 2764 532 depositionem'ob
2787 462 3076 518 manifesta
3110 463 3342 519 crimina
3367 463 3516 531 justo

239 547 357 619 ραις
398 549 720 620 ἐγκλήμασι
773 553 1073 624 γενομένην
1119 552 1223 622 τῆς
1272 552 1426 618 θείας
1483 555 1833 626 λειτουργίας

241 640 408 693 πάλιν
465 641 757 712 ἁψάμενος·
806 645 910 713 τῆς
951 645 1282 716 Ἐκκλησίας
1333 641 1484 711 οὗτος
1539 649 1616 710 ὡς
1671 666 1834 720 σεση-

241 734 343 795 πὺς
375 733 539 803 μέλος
570 736 903 792 ἐκκόπτεται
933 738 1142 793 τέλεον.

827 851 1064 905 ΚΑΝΩΝ
1092 852 1223 908 ΚΘ’.

204 1022 210 1036 ι
247 964 319 1017 EI
353 981 445 1027 τις
513 963 850 1032 ἐπίσκοπος
877 965 972 1019 διὰ
1010 966 1328 1036 χρημάτων
1365 967 1477 1037 (42)
1517 967 1627 1036 τῆς
1654 967 1829 1033 ἀξίας

313 1056 543 1122 ταύτης
591 1056 884 1125 ἐγκρατὴς
931 1057 1194 1125 γένηται,
1247 1059 1284 1126 ἢ
1331 1059 1754 1126 πρεσϐύτερος,
1796 1058 1834 1124 ἢ

311 1141 624 1210 διάκονος,
659 1145 1057 1213 καθαιρείσθω
1087 1145 1185 1199 καὶ
1216 1147 1400 1213 αὐτὸς
1430 1147 1527 1200 καί
1571 1150 1604 1201 ὁ
1645 1165 1836 1217 χειροο

318 1234 619 1300 tot-ﬁrme,
669 1235 768 1288 καὶ
805 1235 1195 1290 ἑκκοπτέσθω
1248 1236 1347 1290 καί
1382 1236 1491 1305 τῆς
1526 1238 1836 1299 κοινωνίας

317 1325 737 1391 παντάπασιν,
766 1326 849 1392 ὡς
869 1328 1067 1397 Σίμων
1101 1331 1133 1382 ό
1155 1326 1357 1398 Μάγος
1386 1328 1490 1385 ὑπ’
1528 1327 1674 1397 ἐμοῦ
1725 1329 1836 1382 Πέ-

321 1434 463 1485 τρου
491 1418 628 1487 (45).

875 1532 1119 1586 ΚΛΝΩΝ
1146 1531 1232 1587 Λ’.

250 1644 320 1698 EI
382 1662 478 1711 τις
511 1647 868 1712 ἐπίσκοπος,
899 1648 1212 1717 κοσμικοῒς
1246 1647 1505 1719 ἄρχουσι
1531 1651 1836 1719 χρησάμε-

313 1757 446 1805 νος,
475 1739 552 1792 δι’
583 1739 783 1794 αὐτῶν
810 1741 1107 1810 ἐγκρατὴς
1153 1743 1519 1810 Ἐκκλησίας
1565 1743 1834 1812 γένηται,

1939 556 2174 619 factam,
2221 571 2438 610 sacrum
2485 556 2847 610 ministerium
2894 571 3086 609 rursus
3128 557 3364 625 attingit,
3414 557 3528 632 iste.

1938 659 2193 719 tanquam
2234 650 2533 703 membrum
2581 649 2857 716 putridum
2899 649 2965 703 ab
2999 648 3239 704 Ecclesia
3273 649 3514 718 perfecte

1936 743 2120 796 ahscin
2130 743 2295 797 ditur.

2487 854 2719 912 CANON
2757 853 2946 909 XXIX.

1937 973 1995 1027 Si
2027 974 2143 1044 quis
2171 973 2462 1048 episcqms,
2490 990 2580 1040 per
2617 974 2868 1041 pecunias
2912 972 3047 1026 hanc
3094 975 3161 1026 sit
3195 973 3512 1044 dignitatem

2008 1075 2298 1131 assecutus,
2332 1066 2407 1118 rel
2433 1065 2715 1134 presbyter,
2760 1067 2839 1119 vel
2870 1064 3144 1127 diaconus,
3193 1068 3511 1135 deponatur,

2005 1166 2054 1210 et
2095 1159 2222 1225 ipse,
2265 1168 2311 1212 et
2354 1159 2443 1228 qui
2478 1175 2593 1212 eum
2626 1158 2923 1223 ordinavit,
2971 1166 3019 1210 et
3067 1174 3098 1210 a
3156 1161 3515 1211 communione

2007 1251 2163 1302 etiam
2243 1253 2452 1305 omnino
2530 1251 2896 1315 exscindutur,
2957 1259 3008 1304 ut
3061 1248 3243 1304 Simon
3323 1248 3509 1319 llagus
3537 1264 3560 1287 ο·

2009 1357 2041 1393 a
2073 1357 2152 1394 me
2188 1341 2368 1396 Petro.

2503 1542 2730 1598 CANON
2771 1543 2944 1598 XXX.

1938 1648 1997 1703 Si
2027 1650 2141 1720 quis
2167 1652 2435 1718 episcopus
2472 1652 2814 1706 sa'cularihus
2843 1652 3176 1720 principibus
3241 1669 3389 1717 usus,
3425 1669 3516 1719 per

2011 1758 2096 1794 eos
2127 1739 2416 1795 Ecclesium
2449 1744 2668 1806 adeptus
2702 1744 2792 1807 sit,
2841 1744 3158 1811 deponatur,
3192 1755 3238 1797 et
3273 1760 3513 1814 segrege-

315 1831 715 1899 καθαιρείσθω
781 1809 881 1885 καὶ
943 1833 1332 1902 ἀροριζέονθω,
1362 1809 1485 1888 καὶ
1526 1809 1582 1889 oi
1629 1809 1829 1890 κοινω-

2010 1843 2116 1898 tur,
2155 1845 2201 1888 et
2234 1851 2409 1888 omnes
2439 1836 2532 1906 qui
2560 1836 2642 1888 illi
2675 1838 3088 1891 communicant.

311 1923 568 1988 νοῦν-τες
598 1923 757 1989 αὐτῷ
783 1924 1069 1990 ἅπαντες.

319 2016 520 2069 ΒΑΛΣ.
555 2018 618 2069 Οἱ
661 2019 934 2087 παρόντες
985 2017 1080 2071 δύο
1109 2017 1334 2081 κανόνες
1377 2017 1406 2070 ό
1449 2015 1531 2071 κθ⁹
1567 2020 1663 2073 καὶ
1695 2019 1737 2072 λ’
1770 2019 1832 2073 οὐ

250 2109 410 2178 μόνον
433 2109 816 2179 καθαιροῦσιν,
832 2111 974 2163 sua
993 2111 1088 2163 καὶ
1111 2111 1210 2181 τῆς
1232 2111 1516 2174 κοινωνίας
1533 2112 1834 2166 ἐκκόπτου-

258 2217 364 2262 σιν,
396 2201 519 2270 ἤτοι
553 2201 878 2271 ἀφορίζουσι
910 2203 1035 2264 τοὺς
1057 2201 1146 2254 διὰ
1173 2202 1474 2272 χρημάτων
1499 2193 1836 2267 ἐπισκόπους

248 2291 278 2358 ἢ
316 2292 783 2363 πρεσϐυτέρους-ἧ
816 2292 1106 2356 διακόνους
1150 2293 1504 2362 γενομένους,
1561 2296 1659 2349 καλ⁵
1707 2295 1834 2358 τοὺς

247 2383 338 2435 δια
393 2383 679 2452 ἀρχόντων
727 2381 1066 2452 προστασίας
1106 2383 1445 2445 ἐπισκόπους
1480 2385 1832 2453 γενομένους.

260 2476 324 2527 Ἥ
367 2474 481 2543 γὰρ
525 2474 690 2544 χάρις
722 2473 818 2527 τοῦ
853 2474 1120 2543 παναγίου
1171 2473 1489 2545 Πνεύματος
1525 2475 1685 2538 ὤνιος
1734 2477 1834 2529 οὑκ

247 2565 380 2628 ἐστι,
415 2566 573 2634 φασί.
611 2567 721 2620 Kal.
775 2568 808 2637 ὴ
852 2567 1110 2639 ἐπιστολὴ
1140 2567 1198 2621 δὲ
1229 2569 1324 2622 τοῦ
1358 2571 1514 2638 ἁγίου
1555 2569 1832 2636 Ταρασίου

248 2658 542 2727 γινομένου
582 2658 926 2738 πατριάρχου
957 2659 1608 2728 Κωνσταντινουπόὶεως,
1629 2663 1662 2731 ἠ
1697 2663 1834 2733 πρὸς

246 2751 336 2803 τὸν
370 2751 611 2804 πάππαν
662 2751 968 2820 Ἀδριανὺν,
993 2752 1130 2821 φησὶ
1166 2753 1534 2824 φορητότερον
1555 2748 1699 2808 εἶναι
1738 2755 1833 2808 τὸν

246 2839 526 2910 αίρετικδν
559 2842 895 2896 Μακεδόνιον
921 2843 1013 2896 τὸν
1044 2843 1522 2915 βλασφημήσαντα
1554 2845 1835 2899 δουλεύειν

247 2931 305 2984 τὸ
330 2931 492 2999 ἅγιον
547 2932 775 3002 Πνεῦμα
829 2932 933 2987 τοῦ
968 2933 1060 2988 διὰ
1106 2936 1407 3006 χρημάτων
1459 2936 1830 3008 πωλοῦντοςῆ

249 3022 563 3094 ὠνουμένου
611 3023 672 3078 τὸ
730 3025 825 3078 τοῦ
874 3027 1143 3092 παναγίου
1180 3028 1497 3098 Πνεῦματος
1539 3033 1788 3099 χάρισμα
1814 3043 1831 3060 ⁸

249 3117 329 3170 ὃτι
390 3117 422 3168 ό
482 3118 815 3189 πιπράσκων
855 3119 932 3180 ὡς
961 3119 1233 3188 δεσπότης
1285 3120 1637 3191 πιπράσκει·
1685 3119 1834 3173 καὶὸ

2015 2014 2212 2070 BALS.
2247 2015 2549 2072 Prazsentes
2573 2018 2679 2073 duo
2709 2032 2950 2073 canones
2993 2017 3062 2072 ‘29
3093 2027 3146 2072 et
3177 2017 3268 2083 50,
3301 2034 3408 2075 non
3430 2034 3519 2074 so-

1937 2109 2046 2164 lum
2087 2112 2403 2178 deponunt,
2443 2110 2537 2163 sed
2573 2110 2736 2163 etiam
2786 2125 2816 2164 a
2870 2111 3253 2165 communione
3304 2110 3522 2165 abscin-

1937 2203 2094 2266 dunt,
2129 2216 2222 2255 seu
2255 2210 2541 2271 segregant
2566 2214 2661 2254 eos
2691 2200 2780 2269 qui
2805 2214 2900 2268 per
2920 2200 3202 2269 pecunias.
3233 2201 3471 2269 episconi
3498 2241 3516 2265 ,

1935 2293 2020 2346 vel
2075 2293 2398 2363 presbyteri,
2445 2293 2530 2347 vel
2582 2292 2794 2347 diaconi
2845 2293 2997 2357 ίὶιιιιι,
3049 2302 3104 2347 et
3157 2308 3251 2348 eos
3291 2294 3380 2362 qui
3425 2310 3519 2364 per

1938 2386 2241 2455 principum
2318 2383 2614 2454 potentiam
2694 2395 2951 2439 creantur
3014 2384 3282 2454 episcopi.
3326 2384 3514 2440 Sancti

1937 2478 2079 2530 enim
2143 2475 2398 2546 Spiritus,
2445 2476 2729 2546 inquiunt,
2772 2477 2947 2546 gratia
2979 2491 3084 2532 non
3134 2486 3217 2531 est
3289 2475 3516 2530 venalis.

1936 2567 2105 2625 Porro
2172 2577 2352 2622 autem
2415 2567 2589 2622 sancti
2650 2584 2864 2638 quoque
2920 2566 3130 2622 Tarasii
3194 2568 3520 2638 patriarchas

1937 2660 2520 2730 Constantinopolitani
2565 2660 2790 2731 epistola
2841 2663 2908 2716 ad
2947 2675 3140 2731 papam
3194 2659 3515 2725 Adrianum,

1938 2751 2092 2816 dicit,
2134 2765 2256 2806 esse
2302 2750 2730 2806 tolerabiliorem
2773 2751 3090 2808 haereticum
3121 2750 3520 2811 lilacedonium,

1936 2846 2027 2913 qui
2056 2853 2307 2899 sanctum
2343 2844 2605 2914 Spiritum
2637 2844 2866 2909 servire,
2905 2844 3218 2912 blaspheme
3250 2843 3410 2908 dixit,
3453 2858 3519 2898 eo

1936 2937 2029 3006 qui
2079 2937 2324 3007 pecuniis
2358 2937 2491 2992 emit
2530 2937 2616 2992 vel
2651 2937 2838 2992 vendit
2875 2937 3054 2992 sancti
3109 2935 3346 3006 Spiritus
3391 2951 3519 3003 gra-

1941 3030 2104 3094 tiam;
2150 3029 2240 3097 qui
2273 3028 2418 3083 enim
2454 3028 2659 3092 vendit,
2704 3029 2889 3083 vendit
2930 3037 3187 3096 tanquam
3218 3027 3468 3081 dmnintls
3500 3043 3514 3079 :

1938 3132 1992 3176 et
2041 3121 2133 3189 qui
2175 3120 2328 3184 emit,
2364 3131 2617 3186 tanquam
2659 3119 2912 3174 dominus
2967 3116 3186 3173 futurus
3229 3126 3516 3188 argentum

249 3208 621 3279 ἐξωνούμενος
647 3209 723 3273 ὡς
749 3211 1030 3266 δεσπόσων
1055 3213 1390 3267 καταϐάλλει
1435 3212 1498 3266 τὸ
1546 3213 1829 3285 ἀργύριον.

1937 3213 2121 3268 solvit.
2171 3211 2515 3267 Sanctissimi
2574 3225 2790 3281 quoque
2832 3209 3154 3281 patriarcha
3201 3208 3469 3263 Gennadii
3499 3248 3515 3274 ,

259 3298 322 3354 Ἦ
369 3302 432 3356 δι
465 3301 561 3355 τοῦ
593 3303 902 3371 ἁγιωτάτου
966 3305 1314 3376 πατρίαρχου
1345 3304 1633 3359 Γενναδίου
1662 3306 1827 3374 ἐγκύ-

247 3393 396 3458 me;
425 3394 687 3465 ἐπιστολὴ
713 3396 809 3449 καὶ
827 3396 1134 3466 ἀναθέματι
1160 3400 1385 3461 τούτους
1402 3397 1830 3465 καθυποὸόιλλει,

250 3485 421 3537 ταῦτα
489 3485 766 3551 λέγουσαο
839 3487 1023 3541 Ἔστω
1053 3488 1236 3543 τοίνυν
1283 3491 1380 3544 καὶ
1418 3491 1572 3544 ἐστιν
1621 3492 1834 3562 ἀποκήει

138 3594 152 3606 ·
247 3590 471 3642 ρυκτος,
501 3574 601 3627 καὶ⁷
640 3577 822 3647 πάσης
848 3577 1130 3647 ἱερατικῆς
1179 3577 1338 3644 ἀξίας
1375 3595 1435 3632 τε
1465 3578 1559 3633 καὶ
1589 3579 1834 3652 λειτουρ-

245 3669 367 3734 γίας
423 3668 732 3739 ἀλλότριος,
801 3671 896 3723 καὶ
944 3673 1010 3740 τῇ
1072 3673 1289 3744 κατάρᾳ
1348 3673 1445 3727 τοῦ
1488 3674 1834 3740 ἀναθέματος

245 3757 635 3828 ὑποκείμενος,
686 3762 715 3814 ὁ
751 3760 928 3825 διδοὺς
973 3762 1069 3814 καὶ
1123 3764 1152 3815 ό
1192 3764 1486 3832 λαμϐάνων
1533 3763 1693 3818 ὤνιον
1727 3765 1828 3837 τὴν

245 3851 406 3922 χάριν
438 3851 536 3904 τοῦ
569 3853 905 3924 Πνεύματος,
943 3857 1051 3909 εἴτε
1082 3855 1341 3926 κληρικὺς
1375 3857 1483 3910 είτε
1506 3856 1692 3919 λαῖκδς
1721 3858 1831 3927 εἴη.

247 3947 353 3999 Καὶ
383 3946 562 4000 ταῦτα
596 3947 694 4016 μὲν
715 3946 909 4010 οὕτως.
946 3948 1246 4019 Ἑρωτήσει
1301 3950 1356 4002 δέ
1410 3967 1492 4013 τις
1546 3951 1618 4014 ὡς
1655 3949 1752 4003 τοῦ
1786 3950 1829 4004 λ’

251 4039 480 4101 κανόνος
538 4040 841 4093 ἐπισκόπου
892 4041 1062 4112 μόνου
1137 4043 1512 4112 μεμνημένου,
1562 4043 1827 4108 ὡσαύτως

246 4131 338 4183 καὶ
371 4129 468 4184 τοῦ
513 4129 593 4183 κΘ’
636 4133 860 4196 κανόνος
931 4133 1298 4187 ὑποδιακόνων
1347 4135 1420 4205 μὴ
1477 4135 1829 4205 μεμνημένου

247 4221 277 4290 ἢ
308 4223 699 4291 ἀναγνωστῶν,
735 4224 832 4277 ἐὰν
862 4225 1234 4296 πρεσῦύτερός
1277 4243 1359 4288 τις
1385 4227 1612 4295 γένηται
1640 4227 1671 4297 ἢ
1708 4227 1831 4281 διὰ-

245 4331 399 4376 aevo;
447 4315 479 4384 ἦ
515 4316 867 4379 ὑποδιάκονος
913 4319 945 4386 ἢ
990 4319 1350 4386 ἀναγνώστης
1371 4318 1459 4370 διὰ
1492 4318 1831 4387 προστασίας

246 4407 532 4476 ἄρχοντος,
571 4409 603 4478 ἥ
638 4409 990 4472 ὑπώιάκονος
1025 4409 1056 4479 ἢ
1104 4410 1458 4481 ἀναγνώστης
1492 4411 1583 4464 διὰ
1629 4411 1831 4474 δόσεως

249 4500 579 4566 χρημάτων,
606 4501 657 4552 τί
689 4500 891 4569 ὀφείλει
939 4501 1234 4570 γενέσθαι;
1268 4502 1454 4565 Λύσις.
1512 4503 1622 4556 Καὶ
1676 4496 1828 4558 οὗτοι

248 4588 750 4659 καθαιρεθήσονται
777 4594 866 4645 καὶ
892 4593 1362 4664 ἀφορισθήσονται
1393 4595 1502 4648 ἀπὸ
1525 4593 1618 4648 τοῦ
1642 4594 1834 4659 τέλους

1937 3321 2056 3376 qua:
2085 3304 2286 3372 passim
2310 3303 2507 3374 legitur
2534 3303 2785 3370 epistola,
2811 3316 2905 3358 eos
2935 3316 3154 3372 quoque
3181 3301 3518 3356 anathemati

1936 3397 2179 3468 subjicit,
2217 3398 2329 3451 haec
2377 3396 2568 3451 dicens
2603 3414 2616 3450 :
2654 3395 2736 3449 Sit
2779 3397 2963 3463 itaque
3002 3404 3056 3449 et
3083 3405 3167 3448 est
3209 3395 3516 3459 abdicatus,

1935 3502 1989 3549 et
2053 3493 2122 3548 ab
2175 3492 2320 3546 omni
2372 3490 2708 3546 sacerdotali
2774 3490 3036 3560 dignitate
3099 3498 3152 3542 et
3213 3487 3520 3542 ministerio

1935 3588 2166 3652 alienus,
2210 3596 2266 3639 et
2288 3583 2654 3639 auathematis
2695 3581 3063 3636 exsecrationi
3096 3578 3371 3647 subjectus
3405 3588 3516 3633 tam

1935 3679 2026 3748 qui
2074 3677 2256 3732 vendit
2279 3691 2440 3746 quam
2482 3676 2572 3744 qui
2619 3675 2752 3729 emit
2793 3676 2964 3727 sancti
2990 3673 3227 3742 Spiritus
3262 3671 3516 3742 gratiam,

1935 3771 2051 3825 sive
2079 3769 2148 3824 sit
2173 3769 2408 3824 clericus
2433 3805 2448 3831 ,
2491 3767 2602 3820 sive
2625 3765 2795 3820 laicus
2835 3782 2848 3819 :
2889 3773 2941 3818 et
2970 3764 3083 3818 inec
3113 3764 3325 3833 quidem
3357 3763 3435 3816 sic
3458 3775 3519 3815 se

1935 3859 2157 3914 habent.
2190 3855 2512 3925 Quatsiverit
2552 3863 2733 3908 autem
2796 3852 3083 3921 quispiam,
3114 3865 3239 3904 cum
3279 3847 3349 3903 50
3378 3847 3515 3900 Can.

1935 3951 2102 4007 solius
2124 3951 2358 4020 episc0pi
2389 3947 2717 4013 meminerit,
2741 3945 2987 4001 similiter
3006 3954 3182 3999 autem
3200 3941 3359 3997 e129.
3377 3940 3522 3995 Sub-

1935 4044 2282 4098 diaconorum
2307 4040 2411 4109 19
2442 4040 2520 4095 vel
2563 4037 3160 4093 lectorummentionem
3185 4050 3287 4088 non
3308 4033 3515 4099 fecerit,

1937 4135 1982 4190 si
2039 4133 2160 4204 quis
2208 4136 2492 4203 presbyter
2527 4129 2609 4185 vel
2651 4132 2944 4195 diaconus,
2995 4130 3078 4183 vel
3126 4127 3515 4190 subdiaconus,

1936 4233 2030 4279 aut
2084 4224 2255 4278 lector
2284 4223 2429 4278 datis
2473 4221 2720 4292 pecuniis
2761 4223 3144 4284 constituatur,
3182 4219 3311 4288 quid
3358 4218 3518 4275 debet

1939 4317 2092 4370 tieri?
2133 4314 2362 4371 Solutio.
2409 4313 2474 4368 Hi
2507 4329 2722 4385 quoque
2777 4315 3114 4379 deponentur
3166 4321 3221 4366 et
3263 4324 3518 4381 segrega.

1934 4413 2137 4467 buntur
2165 4428 2230 4466 ex
2276 4412 2383 4466 line
2426 4411 2706 4482 praesentis
2739 4411 2808 4466 ’50
2839 4411 3078 4473 canonis,
3104 4409 3190 4478 qui
3227 4409 3380 4472 dicit,
3410 4422 3522 4466 non,

1935 4506 2104 4560 Solum
2149 4506 2353 4575 primos
2386 4513 2637 4560 auctores
2672 4506 2933 4558 malorum
2966 4502 3179 4571 deponi,
3225 4509 3278 4554 et
3337 4515 3516 4566 segre-

1941 4596 2076 4667 gari,
2126 4597 2220 4651 sed
2247 4610 2340 4651 eos
2371 4597 2535 4652 etiam
2579 4598 2668 4666 qui
2713 4595 2820 4650 illis
2869 4592 3293 4649 communicant.
3346 4589 3525 4644 Porro.

245 4677 336 4729 τοῦ
397 4679 669 4748 παρόντος
717 4679 758 4732 λ’
813 4681 1057 4744 κανόνος,
1091 4681 1342 4749 λέγοντος
1372 4681 1446 4752 μὴ
1487 4682 1681 4752 μόνους
1712 4684 1829 4746 τοὺς

1943 4699 2124 4741 autem
2156 4686 2422 4742 Gennadii
2453 4687 2619 4743 etiam
2645 4685 2896 4756 epistola,
2929 4693 2989 4737 ut
3010 4683 3215 4736 dictum
3250 4689 3354 4746 est,
3407 4695 3515 4734 non

247 4770 613 4838 πρωταιτίους
673 4771 767 4824 τοῦ
822 4772 996 4826 κακοῦ
1057 4773 1443 4842 καθαιρεῖσθαι
1496 4775 1589 4827 καὶ
1636 4775 1829 4844 ἀφορί-

1939 4779 2113 4833 solum
2181 4789 2470 4844 sacratos,
2537 4779 2632 4834 sed
2685 4787 2740 4832 et
2785 4778 2975 4840 laicos,
3029 4775 3118 4844 qui
3161 4773 3267 4828 tale
3318 4773 3514 4828 malum

254 4869 466 4938 ζεσῡαι,
501 4872 638 4926 ἀλλὰ
683 4874 776 4927 καὶ
822 4874 949 4937 τοὺς
976 4871 1371 4935 κοινωνοῦντας
1415 4873 1623 4935 αὐτοῖς.
1657 4873 1767 4926 Καὶ
1800 4874 1832 4942 ἠ

1939 4872 2203 4938 fecerunt,
2237 4872 2569 4928 anathemati
2628 4869 2872 4940 snbjicit.
2919 4866 3064 4940 Lege
3108 4867 3273 4922 etiam
3324 4880 3518 4920 secun-

1447 5010 1637 5074 Guill.
1683 5010 2006 5090 Beveregii
2050 5017 2236 5072 noue.

319 5161 430 5232 (42)
481 5162 551 5216 El
592 5181 680 5228 τις
717 5162 1055 5226 ἐπίσκοπος
1103 5157 1202 5213 διὰ
1243 5157 1580 5228 χρημάτων.
1609 5157 1706 5214 ilic
1739 5173 1832 5232 cae

251 5228 356 5287 non
379 5228 515 5299 ipsis
541 5233 859 5288 Tertulliani
887 5234 1074 5284 diebus
1102 5232 1420 5284 observiitus
1447 5238 1550 5290 est,
1576 5239 1633 5281 ut
1659 5244 1719 5282 ex
1742 5228 1828 5283 his

250 5302 416 5366 ipsius
444 5304 624 5358 verbis
647 5313 810 5372 patet,
830 5302 1120 5356 Prwaident
1145 5300 1352 5364 probati
1372 5300 1558 5372 quique
1576 5300 1826 5372 seniores,

249 5372 492 5426 honorem
531 5369 695 5427 istum
747 5391 848 5427 non
904 5377 1092 5441 pretio,
1145 5372 1234 5441 sed
1283 5369 1826 5441 testintoniogdepti;

251 5459 409 5511 neque
454 5446 597 5497 enim
651 5445 815 5508 pretio
879 5443 990 5496 ulla
1028 5459 1107 5496 res
1159 5440 1255 5493 Dei
1309 5447 1534 5511 constat.
1593 5440 1820 5511 Tertull.

251 5509 400 5579 Apol.
437 5531 486 5568 e.
525 5515 614 5569 39.
648 5513 783 5568 Cum
817 5523 995 5567 autem
1030 5511 1426 5565 atrocissimum
1480 5510 1579 5579 hoc
1620 5509 1820 5574 scelus,

251 5578 613 5639 sacerdotium
642 5584 889 5638 videlicet
935 5583 1107 5649 pretio
1133 5582 1428 5642 mercandi,
1446 5579 1499 5632 in
1525 5578 1819 5634 Ecclesiam

251 5652 564 5723 irrepserat,
593 5654 650 5708 S.
689 5655 877 5708 Patres
905 5653 956 5706 in
986 5653 1127 5723 istud
1150 5651 1441 5723 acerrime
1488 5650 1818 5723 inveheban~

256 5719 523 5780 turIvide
551 5719 616 5780 Ι).
661 5725 958 5780 ll.eron.in
1013 5721 1200 5776 Matth.
1254 5736 1352 5783 xu,
1413 5735 1462 5774 v.
1497 5719 1584 5772 '52.
1647 5720 1810 5788 Greg.

1938 5156 2096 5213 1591.
2126 5152 2575 5221 Gennadiiepist.
2605 5150 2825 5221 Encycl.
2858 5151 2926 5206 de
2982 5149 3253 5221 Simonis,
3291 5149 3362 5202 ad
3403 5163 3519 5221 mea

1939 5225 2295 5296 tropolitanos
2317 5232 2369 5277 et
2405 5238 2596 5296 papam
2641 5220 2964 5296 Romanum.
3007 5220 3223 5296 Tarasii
3247 5223 3410 5288 epist.
3433 5220 3513 5296 _ad

1933 5288 2229 5351 Adi-ianum
2257 5297 2322 5348 de
2368 5288 2801 5347 ordinationibus
2837 5293 3146 5350 Simoniace
3172 5305 3278 5344 non
3320 5288 3510 5343 confo-

1934 5368 2138 5432 rendis,
2162 5366 2300 5432 apud
2321 5363 2436 5417 Bin.
2476 5373 2604 5417 tom.
2637 5363 2727 5426 lll,
2758 5363 2954 5418 concil.
2985 5378 3037 5428 p.
3062 5363 3189 5426 262,
3227 5361 3362 5432 edit.
3388 5360 3505 5414 Col.

1929 5437 2091 5500 2606,
2125 5429 2350 5490 Όόιιοίι.
2387 5435 2660 5488 Aurelian.
2697 5433 2751 5497 ‘2,
2803 5449 2851 5487 c.
2893 5435 2946 5500 4,
2993 5433 3205 5488 Hincm.
3252 5429 3508 5484 Remens.

1929 5509 2088 5575 epist.
2133 5508 2198 5558 ad
2233 5506 2516 5573 episcopos
2555 5503 2797 5575 Francizr
2827 5519 2949 5573 cap.
2983 5503 3037 5575 5,
3080 5504 3212 5575 edit.
3261 5501 3504 5575 blognnnt.

1932 5569 2090 5632 i602.
2127 5569 2332 5630 Cone-tl.
2396 5569 2565 5628 Puris.
2617 5573 2669 5636 6,
2703 5574 2740 5626 ί.
2785 5589 2824 5638 1,
2866 5569 2919 5627 θ’.
2971 5574 3061 5628 Η.
3107 5572 3314 5627 Concil.
3361 5569 3510 5628 Gitll,

1931 5658 2040 5702 ιοιιι
2084 5647 2147 5709 ll,
2190 5661 2312 5714 pag.
2344 5643 2468 5706 489,
2502 5644 2709 5698 Concil.
2743 5657 2892 5698 veru.
2922 5659 2973 5714 cf.
3001 5642 3100 5714 26,
3147 5643 3277 5714 inid.
3319 5656 3370 5714 p.
3414 5639 3504 5695 53.

1923 5716 2046 5771 Isid.
2085 5711 2341 5771 Pelusiot.
2388 5716 2546 5782 epist.
2583 5716 2614 5767 Ι.
2646 5728 2684 5778 t,
2725 5729 2811 5782 cp.
2857 5712 2985 5781 515,
3015 5712 3103 5768 ubi
3138 5711 3503 5769 Siinoniacum

254 5789 384 5866 lvlag.
417 5797 580 5863 epist.
626 5796 661 5851 Ι.
705 5795 759 5862 4,
811 5813 899 5866 cp.
956 5793 1023 5847 50
1078 5793 1141 5848 ad
1200 5791 1382 5861 Virgil.
1443 5795 1572 5846 edit.
1635 5787 1820 5846 nam

1937 5789 2181 5862 Καϊάφαν
2208 5787 2601 5858 Χριστοκτόνον
2632 5796 2808 5842 vocat.
