4054 6494
500 339 596 403 107

1707 343 1805 402 ΤΗ
1816 342 1985 403 ΕΟΙ).
2024 343 2423 404 BALSAMON

3642 345 3747 411 108

494 461 664 529 gmtia
690 496 707 523 ,
750 456 888 525 quod
941 458 1119 509 multm
1160 454 1406 509 civitates
1450 464 1673 524 propter
1710 457 1948 524 gentium
2002 456 2061 507 in

2196 458 2367 510 ἐθνῶν
2403 457 2704 529 ἐπιδρομὴν
2740 458 3195 512 ἀνεπισκόπευτοι
3274 459 3550 529 μένουσαι,
3608 464 3749 516 κατὰ

499 552 809 605 cursionem
843 550 1045 617 absque
1096 549 1363 618 episcopis
1396 559 1707 612 manentes,
1749 548 2081 603 mconomica

492 643 701 695 ratione
734 641 853 694 aliis
885 640 1153 709 episcopis
1179 640 1285 711 23
1315 640 1699 695 attribuuntur.
1732 638 1787 694 Si
1819 655 1945 709 ergo
1968 641 2081 709 pri-

495 748 613 786 mus
643 732 742 785 sub
777 746 883 802 quo
911 732 990 783 h:e
1034 742 1175 790 sunt.
1208 732 1324 784 sine
1346 733 1610 785 sententia
1633 746 1815 785 eorum
1836 732 1926 799 qui
1956 740 2080 785 sunt

490 825 784 878 ministerii
832 824 1129 893 adjutores,
1185 826 1321 877 hanc
1368 825 1792 889 .attribtttioncm
1845 824 2073 889 fecerit,

497 917 943 986 reprehendetur.
978 918 1247 985 Ejusmodi
1283 928 1407 971 sunt
1449 932 1536 970 res
1581 918 1757 986 magni
1789 918 2071 983 momenti,

498 1010 645 1065 etde
673 1011 738 1064 iis
766 1002 953 1064 definit
994 1026 1186 1063 canon.
1227 1008 1340 1063 Non
1395 1024 1555 1078 posse
1600 1022 1779 1063 autem
1832 1011 2063 1079 primunt

491 1103 782 1171 quidquam
831 1104 1009 1157 facere
1052 1104 1168 1158 sine
1206 1086 1475 1157 sententia
1523 1103 1897 1172 episcoporum
1937 1117 2066 1155 suo-

492 1212 631 1253 rum.
666 1212 732 1250 ne
759 1195 961 1249 dixeris
996 1210 1114 1250 esse
1158 1195 1502 1264 intelligenda
1551 1196 1616 1248 de
1662 1197 1915 1249 omnibus
1944 1210 2065 1264 qum

491 1289 561 1341 ab
594 1289 680 1342 ille
713 1288 957 1343 facienda
1001 1297 1146 1353 sunt,
1182 1289 1274 1341 sed
1305 1286 1374 1340 de
1408 1287 1473 1340 iis
1520 1295 1728 1341 tantum
1774 1302 1894 1355 quae
1939 1298 2068 1341 sunt

496 1378 672 1444 magni
706 1377 983 1431 momenti.
1015 1376 1068 1430 Si
1092 1376 1235 1430 enim
1262 1377 1361 1430 hoc
1389 1376 1611 1441 dixeris,
1636 1376 1681 1429 is
1707 1376 1797 1446 qui
1826 1377 2062 1441 ordinat,

498 1468 544 1522 ci
579 1468 668 1536 qui
707 1467 1008 1532 ordinatur,
1060 1466 1287 1529 Suberit,
1321 1482 1441 1520 cum
1490 1468 1536 1521 is
1579 1467 1796 1536 quidem
1842 1468 2064 1521 omnino

484 1560 836 1625 prohibeatur
866 1561 1070 1629 absque
1093 1559 1359 1613 sententia
1384 1573 1570 1613 eorum
1596 1559 1687 1628 qui
1720 1558 1768 1613 ei
1800 1558 2057 1622 subsunt,

487 1651 687 1719 aliquid
722 1667 880 1721 agere
921 1667 936 1704 :
977 1651 1051 1704 illi
1083 1665 1213 1704 vero
1249 1650 1406 1718 primi
1442 1651 1727 1719 praesentia
1758 1651 1823 1703 ad
1846 1665 1908 1704 ea
1931 1661 2051 1705 tan-

2190 547 2345 616 λόγον
2379 550 2691 619 οἰκονομίας
2728 550 3043 612 ἐπισκόποις
3085 552 3289 621 ἑτέροις
3329 554 3750 620 προσανατίθεν.

2182 657 2296 695 ται.
2329 643 2391 694 Εἰ
2418 642 2552 710 γοῦν
2583 644 2610 695 ὁ
2637 643 2856 713 πρῶτος
2894 644 2984 712 ὑφ’
3011 641 3072 696 δν
3108 638 3269 697 αὗται
3319 644 3563 711 τελοῦσι,
3624 647 3750 715 δίχα

2180 733 2407 804 γνώμης
2434 734 2541 788 τῶν
2612 735 3049 806 συλλειτουργῶν
3120 736 3287 789 αὐτοῦ
3337 736 3439 806 τὴν
3495 737 3751 791 ἀνάθεσιν

2177 824 2384 878 τούτων
2416 826 2658 895 ποιήσει,
2709 827 3114 896 αἱτιαθήσεται.
3185 827 3423 880 Τοιαῦτα
3501 830 3607 889 εἰσι
3681 830 3751 881 τὰ

2175 917 2433 987 περιττὰ,
2465 919 2560 971 καὶ
2592 920 2721 990 περὶ
2776 918 2983 972 τούτοιν
3014 922 3041 972 6
3079 918 3261 971 κανὼν
3318 921 3635 991 διορίζεται.
3676 924 3750 976 Τὸ

2173 1010 2230 1063 δὲ
2272 1012 2348 1078 μὴ
2384 1010 2647 1080 πράττειν
2675 1029 2727 1064 τι
2770 1012 2862 1064 τὸν
2892 1012 3113 1081 πρῶτον
3170 1014 3297 1065 ἄνευ
3361 1015 3460 1082 τῆς
3522 1015 3750 1085 γνώμης

2174 1102 2285 1154 τῶν
2312 1102 2628 1154 ἐπισκόπων
2655 1100 2822 1153 αὑτοῦ
2864 1102 2939 1171 μὴ
2964 1103 3126 1172 εἴπῃς
3157 1103 3398 1157 νοεῖσθαι
3418 1104 3497 1165 είς
3527 1103 3750 1158 ἅπαντα

2170 1191 2238 1243 τὰ
2264 1191 2415 1259 παρὰ
2443 1190 2637 1243 τούτου
2662 1190 2911 1257 γίνεσθαι
2995 1191 3285 1261 μέλλοντα,
3340 1189 3455 1242 ἀλλ’
3488 1192 3570 1254 είς
3613 1192 3752 1262 μόνα

2168 1282 2239 1336 τά
2271 1282 2524 1354 περιττά.
2579 1283 2640 1334 Εἰ
2666 1283 2776 1351 γὰρ
2814 1280 2974 1335 τοῦτο
3009 1282 3194 1352 εἴπῃς,
3244 1282 3749 1351 ὑποϐιϐασθήσεται

2167 1374 2543 1445 δχειροτονῶν
2573 1374 2669 1425 τοῦ
2704 1373 3197 1442 χειροτονουμένου
3230 1389 3244 1403 '
3303 1373 3380 1435 ὡς
3430 1373 3620 1427 τούτου
3644 1376 3747 1442 μὲν

2171 1465 2509 1529 κωλυθέντος
2540 1468 2859 1520 παντάπασι
2899 1467 3074 1517 ποιεῖν
3110 1482 3163 1517 τι
3198 1464 3323 1535 δίχα
3377 1466 3604 1535 γνώμης
3639 1468 3747 1518 τῶν

2176 1558 2483 1622 ὖπάὐτδν,
2522 1557 2744 1609 ἐκείνων
2777 1557 2835 1610 δὲ
2873 1556 3147 1625 δεομένων
3195 1558 3296 1625 τῆς
3373 1556 3469 1609 τοῦ
3526 1557 3747 1628 πρώτου

2167 1651 2473 1721 παρουσίας
2494 1653 2575 1715 είς
2602 1652 2736 1721 μόνα
2775 1651 2841 1704 τά
2862 1652 3113 1723 περιττὰ,
3147 1653 3286 1723 ὅπερ
3310 1651 3535 1705 ἄτοπον.
3743 1645 3749 1650 ’

486 1761 597 1801 tum
632 1765 749 1817 qua":
798 1755 922 1802 sunt
956 1747 1131 1819 magni
1172 1748 1425 1802 momenti
1458 1762 1603 1817 opus
1646 1747 1899 1810 habeant,
1960 1745 2102 1815 quod
2144 1757 2225 1801 est
2250 1748 2562 1801 absurdum.
3730 1809 3736 1815 ι

556 1840 813 1896 ZONAR.
847 1837 1311 1907 Quemadmodum
1339 1854 1592 1906 corpora,
1623 1839 1748 1893 dttm
1780 1847 1938 1907 caput
1968 1853 2057 1891 sa-

2234 1838 2479 1893 ZQNAP.
2524 1839 2737 1909 Ὥσπερ
2794 1839 2862 1891 τά
2930 1836 3182 1906 σώματα,
3253 1837 3325 1908 μὴ
3384 1838 3484 1906 τὴν
3543 1838 3749 1892 οἰκείαν

472 1952 610 1989 11am
644 1935 749 1987 vim
782 1947 933 1987 suam
967 1931 1191 1985 minime
1218 1940 1525 1995 conservat,
1580 1930 1717 1984 male
1771 1939 2058 1984 moventur

480 2037 579 2082 aut
606 2027 826 2082 omnino
844 2033 970 2080 sunt
991 2023 1196 2078 inutilia
1226 2039 1243 2078 :
1271 2023 1349 2078 sic
1376 2024 1538 2077 etiam
1563 2038 1759 2093 corpus
1776 2021 2057 2085 Ecclesiae,

486 2121 531 2175 si
567 2134 693 2184 non,
729 2117 819 2187 qui
846 2116 895 2170 ei
922 2124 1133 2184 praeest,
1164 2125 1218 2168 et
1254 2114 1446 2167 ordine
1469 2122 1621 2167 certo
1645 2127 1844 2166 munus
1872 2111 2061 2181 implet

484 2213 703 2281 capitis,
735 2213 788 2263 in
820 2225 920 2264 suo
940 2215 1287 2263 conservetur
1315 2207 1540 2268 honore.
1570 2206 1993 2273 intemperanter
2007 2212 2060 2258 et

487 2305 761 2358 incondite
792 2299 1241 2357 commovebitur.
1265 2297 1592 2368 Propterea,
1625 2312 1861 2365 praesens
1885 2311 2059 2349 canon

468 2397 691 2466 primos
719 2393 980 2461 cujusque
1008 2390 1297 2460 provincia:
1342 2390 1651 2458 cpiscdpos,
1690 2387 2063 2456 metropolita-

489 2502 587 2540 nos
616 2484 867 2538 videlicet
898 2481 1353 2551 archiepiscopos,
1387 2479 1611 2533 aliorum
1642 2494 1739 2548 per
1757 2493 1877 2532 eam
1924 2493 2062 2547 pro-

474 2577 718 2630 r‘vinciam
774 2576 1151 2644 episcoporum
1201 2581 1361 2639 caput
1411 2570 1707 2625 existimari
1758 2569 1939 2639 jubet;
1999 2583 2063 2623 ac

487 2670 609 2723 sine
636 2668 741 2721 illis
787 2680 945 2735 agere
982 2664 1137 2727 nihil,
1184 2663 1324 2732 quod
1374 2661 1629 2717 Ecclesia:
1681 2670 1880 2716 statum
1915 2676 2067 2715 com-

489 2773 703 2813 munem
735 2758 988 2826 respiciat
1021 2774 1034 2809 :
1065 2754 1364 2823 cuiusmodi
1396 2763 1541 2815 sunt,
1566 2755 1887 2825 dogmaticte
1915 2770 2062 2823 quae-

486 2852 718 2916 stiones,
762 2863 924 2918 super
972 2849 1168 2901 erratis
1216 2847 1598 2902 communibus
1655 2846 2059 2917 dispositiones,

490 2942 805 3014 pontiﬁcum
855 2941 1290 3003 constitutiones,
1322 2950 1377 2995 et
1424 2954 1545 3009 quae
1600 2948 1725 2993 sunt
1772 2938 2059 3007 ejusmodi.

478 3018 565 3089 De
599 3034 722 3088 istis
757 3042 936 3086 autem
972 3031 1040 3085 ad
1076 3045 1197 3085 eum
1226 3029 1609 3085 convenientes
1648 3028 1979 3090 consultare,
2010 3036 2064 3083 et

467 3127 628 3195 -qu0d
674 3125 927 3178 omnibus
985 3123 1247 3192 optimum
1309 3122 1555 3189 videatur
1611 3121 1987 3175 determinare
2044 3138 2058 3174 :

2159 1932 2440 2002 ἐνέργειαν
2487 1932 2618 1999 ὑγιᾶ
2671 1930 2953 1999 σωζούσης
2982 1931 3077 1999 τῆς
3102 1931 3369 2000 κεφαλῆς,
3402 1933 3747 2002 πλημμελῶς

2159 2023 2455 2087 κινοῦνται,
2496 2024 2529 2093 ἢ
2561 2024 2655 2077 καὶ
2682 2023 2930 2092 ἄχρηστά
2959 2023 3064 2075 εἰσι
3099 2022 3376 2085 παντελῶς
3402 2040 3416 2053 ⁸
3445 2024 3584 2077 οὕτω
3629 2027 3725 2078 καὶ

2158 2116 2221 2168 τὸ
2253 2115 2415 2183 σῶμα
2444 2114 2545 2184 τῆς
2572 2114 2995 2184 Ἐκκλησίας.εἰ
3029 2114 3103 2183 μὴ
3134 2116 3161 2167 6
3193 2115 3493 2183 πρωτεύων
3524 2116 3743 2183 τούτου,

2160 2209 2253 2260 καὶ
2286 2204 2438 2271 τάξιν
2484 2206 2707 2275 πληρῶν
2737 2206 2983 2275 κεφαλῆς
3031 2207 3125 2259 ἐπὶ
3168 2207 3267 2275 τῆς
3301 2208 3508 2272 οἰκείας
3554 2209 3746 2281 διατη-

2164 2299 2312 2367 ροῖτο
2336 2298 2526 2366 τιμῆς,
2556 2298 2808 2359 ἀτάκτως
2838 2299 2932 2351 καὶ
2967 2298 3303 2368 πλημμελῶς
3357 2300 3738 2369 κινηθήσεται.

2161 2392 2261 2444 Διά
2313 2390 2471 2445 τοῦτο
2516 2393 2543 2444 ὁ
2594 2393 2787 2469 παρὼν
2819 2390 3001 2444 κανὼν
3032 2394 3158 2455 τοὺς
3183 2392 3422 2459 ἑκάστης
3471 2393 3747 2463 ἐπαρχίας

2165 2482 2412 2551 πρώτους
2447 2483 2803 2547 ἐπισκόπους,
2852 2484 2976 2547 τοὺς
3003 2484 3113 2537 τῶν
3145 2486 3528 2556 μητροπόλεων
3556 2487 3749 2552 δηλον-

2163 2576 2245 2628 ότι
2298 2576 2596 2647 ἀρχιερεῖς,
2670 2574 2916 2643 κεφαλὴν
2963 2574 3220 2644 ἡγεῖσθαι
3255 2576 3360 2629 ὑπὸ
3410 2578 3519 2629 τῶν
3569 2579 3747 2633 ἄλλων

2165 2666 2481 2719 ἐπισκόπων
2514 2666 2615 2737 τῆς
2644 2665 2813 2735 αὐτῆς
2845 2666 3137 2735 ἱπαρχίας,
3166 2667 3401 2731 κελεύει,
3430 2668 3524 2720 καὶ
3575 2672 3745 2739 χωρὶς

2166 2760 2391 2813 ἐκείνων
2433 2759 2602 2829 μηδὲν
2632 2761 2828 2825 ποιεῖν,
2859 2758 2886 2811 δ
2916 2760 2993 2822 εἰς
3030 2757 3215 2829 κοινὴν
3245 2759 3426 2831 ἀφορᾷ
3468 2761 3564 2831 τῆς
3606 2752 3749 2815 Ἔκ-

2168 2853 2399 2923 κλησίας
2460 2851 2814 2915 κατάστασιν,
2876 2847 2989 2905 οἷον
3045 2854 3303 2923 ζητήσεις
3360 2853 3743 2923 δογματικὰς,

2166 2944 2478 3015 οἰκονομίας
2527 2945 2656 3015 περὶ
2694 2945 3027 3015 σφαλμάτων
3090 2945 3308 3008 κοινῶν,
3377 2947 3746 3008 καταστάσεις

2164 3036 2491 3107 ἀρχιερέων,
2543 3035 2638 3089 καλ⁸
2685 3036 2783 3088 ὅσα
2832 3035 3079 3091 τοιαῦτα.
3139 3037 3301 3091 Ἀλλά
3356 3038 3487 3108 περὶ
3539 3038 3747 3092 τούτων

2167 3126 2358 3198 ὶκείνῳ
2398 3126 2677 3189 συνιόντας
2728 3124 3273 3192 συνδιασκέπτεσθαι,
3327 3130 3421 3182 καὶ
3466 3130 3525 3183 τὸ
3577 3132 3745 3184 πᾶσιν

487 3194 925 3287 untnnqucmque
953 3230 1105 3282 vero,
1140 3224 1300 3283 prout
1324 3214 1425 3285 ipsi
1457 3216 1627 3268 visum
1660 3211 1846 3278 fuerit,
1876 3214 2056 3269 eccle—

2165 3194 2386 3292 ἇριστον
2412 3219 2572 3284 δόξαν
2597 3219 2953 3289 ψηφίζεσθαι·
2983 3210 3214 3274 ἕκαστον
3239 3221 3293 3274 δὲ
3339 3223 3438 3285 τὰς
3474 3226 3575 3293 τῆς
3605 3225 3741 3287 ιδίας

478 3311 581 3364 site
612 3310 868 3377 propriae,
906 3308 1359 3374 subditorumqne
1392 3306 1496 3359 sibi
1533 3306 1775 3360 locorum
1824 3305 2061 3374 peculia-

408 3426 417 3447 ι
487 3404 621 3456 riter
648 3401 1172 3455 administrationem
1207 3413 1414 3469 gerere.
1444 3398 1548 3451 Sed
1608 3410 1672 3451 ne
1727 3398 1903 3465 primo
1937 3397 2058 3464 qui-

468 3470 609 3547 dem
651 3493 908 3561 episcopo
939 3491 1210 3552 concedit,
1270 3498 1328 3542 ut
1383 3489 1588 3541 honore
1641 3487 1868 3541 abutens
1920 3488 2061 3541 hunc

488 3596 657 3640 mutet
686 3586 739 3637 in
775 3583 1094 3647 dominium,
1117 3591 1171 3635 et
1197 3582 1285 3634 nui
1314 3582 1413 3634 sibi
1447 3588 1767 3647 potestatem
1793 3589 2013 3648 arroget
2040 3596 2053 3631 :

474 3678 757 3744 modoque
816 3674 1106 3737 dictorum,
1163 3672 1241 3723 vel
1280 3671 1536 3725 similium
1586 3670 1713 3739 quid
1765 3670 2060 3740 agat'siue

476 3766 760 3821 communi
820 3780 1043 3818 suorum
1101 3762 1548 3817 consacerdotum
1593 3762 1880 3816 sententia.
1938 3760 2061 3814 Vult

478 3860 631 3915 enim
668 3856 965 3927 pontiﬁces
1016 3848 1347 3919 consentire,
1410 3854 1802 3921 cltaritatisque
1846 3854 2059 3906 vinculo

478 3951 729 4020 colligari
773 3960 880 4006 :et
905 3950 1211 4019 exemplum
1257 3964 1377 4004 esse
1431 3949 1588 4004 Clero
1635 3949 1736 4002 sibi
1789 3948 2055 4018 subjecto,

488 4046 815 4115 repuloque.
848 4042 1176 4105 dilectionis,
1207 4050 1260 4095 et
1294 4043 1621 4096 concordiae.
1675 4040 1740 4096 Ut
1790 4042 1867 4095 sic
1918 4039 2059 4094 Deus

487 4137 819 4207 gloriﬁcetur
868 4140 1165 4190 secundum
1209 4137 1569 4206 evangelicatn
1627 4136 1925 4189 doctrinam
1977 4136 2061 4189 di-

487 4239 698 4284 centem
734 4246 749 4283 :
786 4228 976 4283 Luceat
1026 4230 1118 4283 (ua;
1163 4242 1335 4282 vestra
1389 4244 1566 4281 coram
1628 4227 1948 4289 hominibus,
2000 4238 2056 4280 ut

486 4335 644 4387 opera
689 4332 864 4373 vestra
909 4320 1043 4371 bona
1092 4320 1331 4385 rideant,
1390 4329 1438 4371 et
1501 4320 1791 4389 gloriﬁcent
1848 4316 2056 4371 Patrem

483 4424 737 4477 vestrum,
776 4413 865 4481 qui
893 4413 946 4465 in
972 4411 1112 4465 cadis
1138 4422 1215 4465 est
1237 4415 1280 4466 ⁵.
1329 4411 1732 4465 Gloriticabitur
1763 4426 1888 4464 vero
1916 4409 2057 4463 Deus

2164 3311 2455 3380 ἐκκλησίας
2500 3311 2822 3381 διοικήσεις,
2854 3312 2949 3364 καὶ
2979 3312 3088 3364 τῶν
3136 3311 3514 3381 ὑποκειμένων
3550 3315 3741 3379 αὖταῖς

2161 3399 2353 3471 χωρῶν
2412 3400 2675 3470 πράττειν
2730 3398 3040 3463 ίδιαζόντως
3106 3400 3228 3452 καθ’
3282 3400 3528 3463 ἑαυτούς.
3593 3403 3740 3474 Πλὴν

2161 3492 2277 3545 ἀλλ’
2306 3490 2427 3544 οὐδὲ
2455 3490 2534 3561 τῷ
2566 3488 2769 3559 πρώτῳ
2811 3491 3099 3562 ὲπισκόπῳ
3150 3494 3477 3563 παραχωρεῖ
3502 3495 3566 3563 τῇ
3600 3498 3736 3565 τιμῇ

2160 3583 2590 3654 καταχρώμενον
2636 3582 2716 3645 είς
2745 3583 3065 3636 δυναστείαν
3099 3582 3304 3653 ταύτην
3335 3584 3608 3654 ἀμείϐειν,
3644 3586 3739 3639 καὶ

2161 3678 2520 3740 ὲναυθεντεῖν,
2554 3675 2649 3727 καὶ
2690 3675 2859 3745 χωρὶς
2887 3673 3114 3745 γνώμης
3155 3676 3343 3745 κοινῆς
3380 3676 3488 3729 τῶν
3516 3677 3737 3731 οἰκείων

2162 3768 2601 3839 συλλειτουργῶν
2664 3768 2840 3820 ποιεῖν
2894 3783 2948 3819 τι
3007 3766 3117 3819 τών
3172 3768 3500 3837 εἰρημένων,
3549 3768 3588 3837 ἢ
3629 3770 3737 3821 τῶν

2159 3863 2358 3932 ὁμοίων
2387 3861 2589 3921 αὐτοῖς.
2613 3859 2866 3912 Βούλεται
2885 3858 2994 3929 γάρ
3018 3861 3261 3929 ὁμονοεῖν
3286 3860 3409 3921 τοὺς
3437 3861 3733 3937 ἀρχιερεῖς,

2159 3953 2253 4006 καὶ
2294 3951 2637 4006 συνδεδέσθαι
2680 3951 2754 4021 τῷ
2805 3951 2904 4020 τῆς
2948 3952 3170 4021 ἀγάπης
3214 3952 3421 4021 δεσμῷ,
3460 3952 3552 4005 καὶ
3600 3953 3734 4007 ὑπό-

2158 4045 2353 4115 δειγμα
2402 4045 2539 4113 πρὸς
2586 4045 2808 4113 ἀγάπην
2838 4061 2897 4095 τε
2930 4047 3025 4095 καὶ
3053 4044 3309 4113 ὁμόνοιαν
3366 4047 3479 4105 τοῖς
3512 4045 3603 4096 ὑπ’
3636 4046 3735 4097 αὑ-

2156 4136 2285 4196 τοὺς
2313 4130 2453 4188 εἶναι
2483 4134 2707 4205 κλήροις
2736 4150 2795 4187 τε
2823 4134 2915 4186 καὶ
2945 4136 3059 4195 τοῖς
3094 4134 3374 4205 πλήθεσιν.
3410 4136 3511 4187 Ἰν*
3559 4134 3733 4191 οὕτως

2157 4224 2446 4295 δοξάζηται
2488 4227 2516 4278 6
2554 4226 2707 4289 Θεὸς,
2746 4226 2889 4279 κατὰ
2917 4225 3016 4295 τὴν
3048 4224 3419 4295 εὐαγγελικὴν
3471 4226 3733 4280 διδασκαο

2158 4316 2275 4369 λίαν
2332 4317 2432 4382 τὴν
2492 4317 2796 4385 λέγουσανο
2872 4317 3175 4385 [land-dco)
3241 4317 3307 4370 τὸ
3369 4316 3497 4385 φῶς
3563 4317 3733 4385 ὑμῶν

2156 4410 2503 4476 ἔμπροσθεν
2543 4405 2663 4459 τῶν
2690 4406 3037 4473 ἀνθρώπων,
3066 4407 3225 4471 ὅπως
3266 4406 3436 4459 ἴδωσι
3476 4406 3546 4459 τὰ
3578 4408 3732 4461 καλὰ

484 4518 583 4572 per
630 4504 935 4567 Dominum,
991 4519 1112 4558 cum
1165 4519 1320 4557 suum
1368 4518 1561 4556 nomen
1611 4503 1699 4556 ille
1749 4501 2057 4556 manifestat

2165 4498 2328 4567 ὑμῶν
2354 4497 2518 4567 ἔργα,
2550 4498 2644 4551 καὶ
2686 4496 2993 4561 δοξάσωσι
3036 4498 3141 4549 τὸν
3173 4497 3404 4564 Πατέρα
3433 4495 3599 4566 ὑμῶν
3628 4498 3734 4550 τιίν

487 4593 817 4658 hominibus,
859 4595 1083 4664 legeque
1108 4594 1217 4648 lata
1251 4594 1495 4664 prmcipit
1534 4595 1874 4649 cbaritatcm.
1928 4594 2057 4653 Sed.

484 4694 536 4739 cl
554 4685 941 4754 gloriﬁcabitur
962 4687 1014 4741 in
1034 4695 1221 4742 sancto
1248 4686 1444 4755 Spiritu
1471 4685 1635 4741 :Nam
1660 4702 1754 4756 per
1772 4690 1911 4741 hunc
1932 4704 2062 4757 apo-

487 4777 611 4831 stoli
642 4777 914 4846 sapienter
942 4779 1117 4831 edocti
1161 4779 1395 4843 fuerunt,
1428 4789 1484 4832 et
1527 4788 1711 4848 gentes
1749 4780 2066 4835 docuerunt.

2164 4591 2233 4645 ἑν
2262 4591 2386 4656 τοῖς
2430 4590 2724 4658 οὐρανοῖς.
2768 4590 3168 4661 Δοξασθήσεται
3212 4590 3267 4642 δὲ
3296 4592 3324 4643 6
3352 4589 3484 4653 Θεὸς
3523 4588 3612 4643 διὰ
3636 4589 3731 4642 τοῦ

2171 4683 2379 4751 Κυρίου
2427 4684 2501 4745 ώς
2534 4682 2739 4735 ἐκείνου
2787 4682 2848 4735 τὸ
2876 4683 3059 4751 ὄνομα
3098 4681 3264 4734 αὐτοῦ
3318 4680 3733 4751 φανερώσαντος

2174 4779 2285 4838 τοῖς
2331 4774 2656 4844 ἀνθρώποις,
2691 4776 2785 4828 καὶ⁵
2832 4775 2931 4845 τὴν
2977 4775 3200 4843 ἀγάπην
3248 4775 3731 4846 νομοθετήσαντος.

506 4868 599 4921 Ἐν
630 4869 769 4939 ἁγίῳ
797 4868 852 4922 δὲ
878 4868 1270 4939 δοξασθήσεται
1297 4868 1595 4940 Πνεὺματι·
1625 4871 1712 4923 διὰ
1738 4872 1924 4923 τούτου
1959 4871 2068 4941 γάρ
2132 4871 2181 4922 οί
2214 4868 2501 4921 ἀπόστολοι
2530 4867 2912 4935 ἐσοφίσθιησαν,
2970 4867 3062 4919 καὶ
3123 4865 3192 4919 τὰ
3223 4866 3350 4937 ἔθνη
3387 4867 3647 4931 ἐδίδαξαν.

486 4957 716 5013 Μὶιὸτ.
770 4960 975 5029 Absque
1009 4962 1231 5029 primate
1265 4977 1359 5015 suo
1406 4962 1535 5014 nihil
1587 4971 1748 5030 agunt
1805 4963 2054 5030 episcrtpi,

558 5050 669 5107 nisi
704 5050 919 5119 quisque
964 5067 1027 5104 ea
1067 5066 1184 5120 qua:
1230 5058 1352 5105 sunt
1385 5067 1494 5104 sua:
1538 5052 1799 5119 paraecia'.
1833 5051 1935 5105 Sed
1965 5068 2056 5106 nec

556 5142 767 5210 primas
831 5142 1031 5209 aliquid
1088 5145 1197 5213 agit
1246 5144 1355 5197 sine
1390 5143 1521 5209 illis,
1571 5152 1781 5213 propter
1833 5144 2057 5197 debitam

557 5234 912 5289 concordiam.

562 5327 673 5383 Nec
704 5329 944 5399 episcopi
981 5343 1080 5383 nec
1121 5329 1475 5399 tnctrOpolitm
1502 5329 1620 5383 sine
1649 5327 1911 5385 sententia
1949 5327 2059 5396 pri-

442 5440 443 5443 ‘
490 5422 652 5477 matis
680 5422 764 5477 sui
794 5421 993 5475 debent
1033 5421 1241 5491 aliquid
1280 5424 1459 5493 magni
1492 5425 1749 5477 momenti
1785 5420 1984 5487 facere,
2006 5430 2063 5475 ut

490 5514 772 5585 episcopos
817 5514 1043 5583 eligere,
1106 5514 1159 5567 iu
1220 5529 1356 5568 nova
1399 5514 1649 5584 dogmata
1688 5528 1947 5583 quaerere,
1980 5512 2061 5566 vel

489 5607 849 5663 alienationes
902 5608 1389 5664 ecclesiasticarum
1440 5608 1666 5662 ullarum
1707 5607 1906 5673 facere,
1964 5605 2057 5659 sed

560 5787 581 5820 τ
603 5786 790 5842 Matth.
822 5804 872 5854 ν,
896 5788 998 5863 '16.

2162 4962 2273 5012 APl
2283 4960 2364 5010 ΣΤ
2373 5000 2385 5017 ,
2430 4960 2497 5011 Δί
2502 4975 2579 5025 χα
2607 4957 2713 5010 τοῦ
2764 4957 2999 5027 πρώτου
3028 4957 3227 5011 αὐτῶν
3248 4958 3527 5011 ποιοῦσιν
3552 4958 3735 5011 οὐδὲν

2232 5057 2285 5106 οι
2330 5052 2651 5105 ἐπίσκοποι
2706 5054 2758 5104 εί
2802 5050 2886 5119 μὴ
2934 5051 3004 5103 τὰ
3056 5050 3165 5117 τῆς
3194 5052 3507 5117 παροικίας
3545 5052 3731 5107 αὐτοῦ

2224 5146 2509 5210 ἕκαστος.
2536 5142 2641 5196 Καὶ
2671 5145 2702 5195 ό
2729 5141 2955 5210 πρῶτος
2990 5141 3128 5210 ἄτερ
3157 5141 3405 5195 ἐκείνων
3430 5142 3611 5197 οὐδὲν
3634 5144 3731 5201 διὰ

2234 5235 2349 5301 τὴν
2377 5236 2775 5303 ὀφειλομένην
2803 5234 3110 5302 ὁμόνοιαν.

2234 5327 2370 5381 (line
2415 5328 2464 5379 oi
2518 5327 2804 5379 ἐπίσκοποι
2854 5325 2977 5379 οὔτε
3034 5327 3083 5379 oi
3141 5326 3531 5397 μητροπολῖται
3576 5331 3729 5399 παρὰ

2162 5422 2388 5492 γνώμην
2436 5420 2531 5473 τοῦ
2584 5420 2764 5472 αὐτῶν
2816 5418 3035 5490 πρώτου
3070 5419 3346 5486 ὀφείλουσι
3393 5438 3445 5474 τι
3466 5423 3729 5493 -περιττδν

2165 5514 2443 5582 πράττειν,
2473 5506 2586 5562 οἷον
2616 5508 2949 5572 ἐπισκόπους
2976 5508 3334 5579 ψηφίζεσθαι,
3367 5512 3496 5582 περὶ
3525 5513 3729 5582 δογμά-

2163 5621 2272 5657 των
2329 5603 2465 5656 νὲων
2517 5600 2737 5671 ζητεῖν,
2790 5600 2825 5669 ἢ
2886 5601 3203 5672 ἑκποιήσεις
3260 5601 3729 5676 ἑκκλησιαστικῶν
