4054 6494
426 435 518 500 Ill

1699 431 1780 491 IN
1813 427 1978 489 CAN.
2007 430 2085 490 LI
2126 427 2375 489 APOS'I‘.

3578 413 3680 478 142

498 544 743 599 ΖΩΝΛΡ.
775 543 914 614 Τρία
949 542 1304 613 βαπτίσματα
1339 541 1574 596 ὲνταζθα
1606 545 1698 602 τὰς
1730 541 1878 610 τρεῖς
1906 556 2004 591 κα-

2180 527 2434 591 ΖΟΝᾹΒ.
2482 533 2579 588 llic
2604 547 2699 602 per
2734 535 2834 586 tria
2867 531 3187 602 baptismata
3224 544 3398 586 canon
3433 537 3540 585 tres
3575 530 3678 585 imo

425 639 674 701 ταδύσεις
711 640 877 708 φησιν
907 641 934 692 ὁ
973 638 1154 692 κανὼν
1187 639 1243 689 ὲν
1280 639 1383 708 μιᾷ
1415 637 1649 708 μυήσει,
1683 635 1801 705 ἦτοι
1827 635 1885 685 ὲν
1921 631 2005 687 ἐνὶ

429 728 804 800 βαπτίσματιο
836 729 977 782 ὥστε
1025 731 1115 782 τὶν
1151 729 1480 798 βαπτίζοντα
1511 727 1717 796 ἑκάστῃ
1762 725 1870 778 τῶν
1903 740 2002 776 κα-

428 824 706 878 ταδύσεων
733 824 790 876 ἒν
822 825 918 894 τῆς
947 823 1110 892 ἁγίας
1137 822 1368 891 Τριάδος
1403 819 1678 887 ἐπιλέγειν
1707 818 1900 886 ὄνομα.
1933 817 2007 870 Τὸ

428 916 536 984 γὰρ
565 915 714 981 ἅπαξ
743 913 1030 969 καταδύειν
1057 915 1149 967 τὸν
1188 912 1588 982 βαπτιζόμενον
1617 913 1698 972 είς
1726 910 1823 980 τὴν
1855 908 2009 978 ἱερὰν

429 1006 840 1079 κολυμϐήθραν,
879 1007 971 1060 καὶ
1015 1007 1094 1069 είς
1125 1005 1215 1058 τὸν
1251 1004 1480 1057 θάνατον
1525 1003 1618 1054 τοῦ
1666 1000 1870 1070 Κυρίου
1910 1000 2009 1071 τὴν

434 1098 564 1169 μίαν
611 1099 967 1169 ἐπιφημίζειν
1018 1097 1338 1161 κατάδυσιν,
1393 1094 1587 1157 ἀσεϐές
1635 1094 1772 1145 ἐστι.
1831 1093 1938 1144 Καὶ
1983 1091 2011 1143 ό

433 1190 576 1244 οὕτω
612 1191 891 1258 βαπτίζων
929 1189 1410 1259 καθαιρεθήσεται.

430 1280 662 1338 ΑΡΙΣΤ.
711 1280 775 1332 ὐ
805 1278 890 1349 μὴ
944 1280 1100 1346 τρισὶ
1131 1277 1305 1347 μυῶν
1378 1275 1810 1336 καταδύσεσιν,
1850 1273 2011 1327 ἀλλὰ

501 1369 633 1438 μιᾷ,
673 1372 759 1435 είς
784 1371 889 1422 τὸν
911 1371 1018 1423 τοῦ
1045 1369 1266 1436 Κυρίου
1299 1366 1392 1422 Udi
1412 1383 1580 1433 ατον,
1608 1365 1661 1438 [ὃ
1686 1364 1771 1434 μὴ
1794 1360 1961 1417 εἶπεν
1981 1365 2012 1415 ὀ

505 1462 748 1534 Κύριος]
780 1462 1041 1529 ἀνίερος.

507 1555 615 1609 Τοῦ
663 1556 863 1626 Κυρίου
902 1556 1146 1616 εἰπόντος
1184 1551 1470 1624 βαπτίζειν
1510 1552 1590 1614 είς
1623 1550 1682 1602 τί»
1716 1549 1886 1618 ὄνομα
1919 1549 2013 1601 τοῦ

436 1647 670 1716 Πατρδς.
707 1649 800 1699 καὶ⁸
833 1645 926 1698 τοῦ
957 1645 1111 1709 Υίοῦ,
1145 1647 1240 1696 καὶ
1272 1641 1365 1695 τοῦ
1395 1641 1552 1710 ἁγίου
1592 1638 1934 1710 Πνεὺματος,
1967 1638 2020 1691 εί

433 1755 518 1800 ⁸τις
556 1738 856 1799 ἐπίσκοπος
885 1737 917 1807 ἢ
953 1733 1324 1805 πρεσϐύτερος
1364 1730 1667 1801 ἐναντιωθῇ
1699 1730 1777 1799 τῷ
1812 1731 2018 1781 Δεσπο-

435 1831 574 1900 τ.κῷ
611 1831 1034 1900 προστάγματι,
1071 1830 1165 1882 καὶ
1207 1829 1284 1888 είς
1319 1828 1446 1896 μίαν
1481 1823 1780 1879 κατάδυσιν
1818 1820 2016 1890 βαπτίο

2111 629 2415 684 mersiones
2442 624 2691 694 intelligit
2729 623 2781 677 in
2829 637 2937 677 uno
2966 624 3243 693 mysterio,
3300 623 3570 688 videlicet,
3626 625 3681 677 in

2112 735 2219 772 uno
2253 717 2613 786 baptismate:
2651 714 2730 767 sic
2765 722 2822 765 ut
2870 712 2934 765 ad
2981 727 3420 782 unamquamque
3459 712 3683 767 innuer-

2111 814 2320 868 sioncm
2353 808 2632 878 baptizans
2668 808 2828 860 addat
2856 821 3018 859 unum
3043 815 3246 861 sancta
3269 806 3551 862 Trinitatis
3586 823 3686 862 no-

2115 917 2256 956 men.
2290 900 2447 967 Nam,
2492 902 2655 955 semel
2689 917 2836 969 cum,
2863 902 2951 970 qui
2986 901 3309 970 baptizatur,
3367 901 3418 954 iu
3467 914 3682 956 sacrum

2113 996 2388 1048 lavacrum
2413 989 2750 1062 demergere,
2774 1002 2827 1047 et
2850 993 2902 1047 in
2926 1002 3148 1047 mortem
3181 991 3395 1047 Domini
3421 993 3688 1046 duntaxat

2115 1101 2277 1140 unam
2314 1085 2592 1140 celebrare
2623 1084 3048 1152 iminersionem,
3095 1084 3317 1153 impium
3367 1094 3468 1139 est.
3513 1081 3690 1154 Atque

2117 1178 2195 1232 sic
2229 1177 2514 1249 baptizans
2548 1179 2742 1232 ordine
2767 1178 3094 1232 movebitur.

2115 1269 2340 1325 ARIST.
2379 1271 2482 1337 Qui
2525 1287 2628 1326 non
2661 1270 2828 1325 tribus
2881 1271 3060 1325 initia!
3112 1273 3553 1338 immersianibus,
3599 1276 3689 1328 sed

2193 1381 2317 1430 una,
2352 1366 2406 1418 in
2441 1375 2660 1419 mortem
2689 1365 2900 1419 Domini
2933 1363 3094 1436 (quod
3119 1364 3373 1421 Dominus
3405 1383 3508 1421 non
3531 1368 3687 1437 dixit)

2189 1478 2218 1512 a
2243 1461 2535 1513 sacerdotio
2558 1460 2856 1527 deponitur.

2190 1551 2423 1606 Domino
2450 1550 2744 1606 mandante
2776 1551 3056 1622 baptizare
3087 1553 3143 1607 in
3171 1553 3388 1608 nomine
3409 1552 3608 1622 Patris,
3640 1567 3696 1610 et

2121 1648 2249 1703 Filii
2281 1657 2334 1702 cl
2374 1645 2612 1716 Spiritus
2645 1647 2842 1713 sancti,
2881 1648 2926 1705 si
2961 1648 3084 1717 quis
3101 1649 3387 1719 episcopus
3425 1659 3521 1705 aut
3568 1666 3696 1722 pre-

2122 1743 2305 1813 sbyter
2337 1741 2669 1795 contrarium
2694 1739 2854 1796 faciet
2881 1741 3164 1798 Dominieo
3193 1743 3472 1808 mandato,
3500 1752 3555 1798 et
3591 1760 3696 1799 uua

2124 1834 2470 1890 imtnersione
2489 1834 2805 1903 baptizahit,
2825 1836 2947 1905 quia
2972 1835 3238 1905 baptisma
3261 1837 3475 1894 Domini
3493 1838 3700 1895 indicat

442 1941 548 1987 σει,
582 1923 656 1986 ὡς
687 1921 780 1976 τοῦ
803 1922 1178 1992 βαπτίσματος
1210 1919 1301 1973 τοῦ
1326 1918 1531 1989 Κυρίου
1552 1913 2013 1985 καταγγέλλοντος

2131 1937 2379 1994 mortem,
2407 1925 2730 1996 deponatur.

447 2017 700 2082 θάνατον,
759 2015 1245 2087 καθαιρεθήσεται.

1028 2106 1264 2161 ΚΑΝΩΝ
1298 2105 1405 2159 N:\'

441 2203 516 2257 El
562 2220 648 2268 τις
702 2203 1037 2267 ἐπίσκοπος
1087 2199 1120 2268 ἢ
1171 2198 1580 2266 πρεσϐύτερος
1627 2195 1666 2264 ἣ
1717 2192 2018 2257 διάκονος,

513 2293 550 2359 ἢ
595 2293 752 2358 ὅλως
787 2293 892 2346 τοῦ
923 2291 1263 2360 καταλόγου
1303 2288 1410 2342 τοῦ
1454 2285 1788 2354 ἱερατικοῦ,
1828 2281 2022 2354 γάμου

516 2383 612 2438 καὶ
645 2384 835 2452 κρεῶν
864 2382 960 2436 καὶ
992 2383 1163 2435 οἴνου
1200 2381 1310 2451 (74)
1340 2381 1411 2433 οὐ
1438 2377 1510 2431 δι’
1539 2377 1828 2444 ἄσκησιν,
1861 2372 2024 2429 ἀλλὰ

516 2477 612 2531 διὰ
677 2478 1007 2544 βδελυρίαν
1062 2473 1385 2544 ἀπέχεται,
1447 2472 1879 2539 ἐπιλαθόμενος
1935 2467 2025 2521 ὅτι

516 2570 712 2624 πάντα
760 2571 917 2623 καλὰ
967 2569 1130 2632 λίαν,
1191 2568 1288 2619 καί
1341 2565 1429 2618 ὅτι
1483 2565 1670 2633 ἄρσεν
1715 2562 1814 2615 καὶ
1865 2559 2024 2627 θῆλυ

515 2663 810 2728 ἐποίησεν
846 2661 878 2714 ὀ
916 2661 1060 2725 Θεὸς
1099 2659 1207 2715 τὸν
1239 2659 1593 2725 ἄνθρωπον,
1660 2653 1824 2709 ἀλλὰ
1865 2652 2023 2716 ,βλα-

520 2753 781 2823 σφημῶν
831 2753 1141 2808 διαϐάλλει
1177 2752 1290 2819 τὴν
1337 2749 1753 2819 δημιουργίαν,
1803 2747 1840 2814 ἢ
1872 2746 2027 2813 διορ-

515 2850 781 2909 Οούσθω,
817 2846 856 2914 ἢ
896 2847 1320 2914 καθαιρείσθω,
1358 2844 1455 2896 καί
1492 2841 1604 2908 τῆς
1660 2838 2028 2908 Ἐκκλησίας

516 2940 974 2996 ἀποϐαλλέσθω.
1026 2939 1331 3004 Ὡσαύτως
1367 2937 1463 2990 καὶ
1505 2937 1744 3002 λαῖκός.

518 3032 713 3084 ΒΑΛΣ.
751 3031 854 3083 Τὸν
887 3031 1109 3100 ἔννομον
1139 3031 1316 3100 γάμον
1345 3031 1378 3100 ἡ
1424 3027 1728 3097 Ἐκκλησία
1759 3026 1858 3079 οὐκ
1890 3026 2028 3079 ἀπο-

450 3122 686 3175 σείεταιο
738 3125 820 3176 ὅτι
851 3122 939 3176 διὰ
968 3123 1124 3176 τοῦτο
1169 3123 1264 3176 καὶ
1294 3122 1322 3174 ὁ
1366 3121 1498 3183 Θεὸς
1547 3119 1715 3191 ἄρσεν
1759 3119 1855 3172 καὶ
1889 3117 2025 3187 θῆλυ

2658 2117 2767 2189 34
2797 2113 3024 2172 CANON
3058 2114 3122 2170 LI

2124 2204 2183 2262 Si
2209 2209 2327 2278 quis
2360 2213 2657 2282 episcopus,
2714 2210 2792 2265 vel
2837 2209 3125 2279 presbyter,
3168 2208 3243 2262 vel
3297 2209 3573 2274 diaconus,
3625 2219 3701 2265 vet

2197 2303 2410 2356 omnino
2445 2320 2509 2359 ea:
2538 2301 2855 2359 sacerdotali
2886 2317 3126 2365 numero,
3156 2317 3187 2354 a
3213 2301 3428 2370 nuptiis,
3456 2302 3702 2357 carnibus

2194 2403 2242 2447 et
2273 2394 2414 2457 vino,
2455 2412 2557 2449 non
2603 2407 2813 2465 propter
2857 2395 3305 2461 exercitationem,
3355 2395 3447 2449 sed
3490 2406 3704 2466 promer

2198 2484 2636 2542 abominationcm
2680 2489 2927 2551 abstinet,
2961 2487 3156 2542 oblitus
3183 2487 3322 2557 quod
3349 2489 3525 2543 omnia
3551 2488 3704 2544 valde

2201 2577 2358 2645 bona,
2388 2589 2437 2633 et
2469 2581 2608 2649 quod
2631 2581 2978 2635 masculinum
3007 2591 3054 2636 et
3071 2581 3384 2651 femininum
3410 2581 3532 2650 fecit
3567 2581 3704 2638 Deus

2197 2668 2458 2724 hominem
2487 2687 2508 2725 :
2531 2671 2622 2725 sed
2647 2669 3009 2740 blasphemnns
3031 2671 3388 2726 calumniatur
3413 2673 3701 2742 api/icium,

2200 2761 2278 2816 vel
2300 2763 2625 2832 corrigatur,
2655 2762 2734 2817 uel
2761 2765 3072 2832 deponatur,
3095 2774 3142 2818 et
3175 2779 3240 2818 ex
3261 2763 3496 2820 Ecclesia
3529 2765 3708 2836 ejicia-

2199 2863 2307 2910 tur.
2332 2853 2594 2910 Similiter
2617 2864 2666 2910 et
2687 2854 2878 2909 laicus.

2188 2996 2400 3088 .BALS.
2450 3031 2745 3102 Legitimas
2773 3031 2995 3101 nuptias
3043 3031 3286 3087 Ecclesia
3337 3049 3442 3088 non
3484 3034 3703 3104 rejicit:

2132 3130 2257 3190 quia
2288 3127 2358 3180 ob
2389 3126 2528 3180 hanc
2582 3140 2801 3180 causam
2838 3127 2980 3181 Deus
3014 3126 3312 3183 masculum
3355 3137 3410 3182 et
3451 3127 3707 3183 feminam

447 3214 704 3281 ἐποίησεν
729 3229 742 3242 ·
779 3214 902 3266 οὐδὲ
937 3215 1062 3278 τοὺς
1097 3212 1560 3286 κρεωφαγοῦντας
1592 3213 1687 3266 καὶ⁹
1719 3211 1851 3280 οίνῳ
1881 3226 2023 3280 χρω-

2133 3217 2339 3272 creavit
2383 3231 2397 3269 :
2436 3228 2535 3269 nec
2571 3229 2665 3270 eos
2696 3215 2788 3284 qui
2827 3214 3084 3270 carnibus
3130 3223 3450 3280 vescuntur,
3491 3222 3546 3270 et
3583 3215 3710 3270 vino

452 3305 647 3374 μένους
702 3307 1074 3377 βδελύττεται,
1121 3308 1397 3378 εὐκαίρως
1455 3305 1638 3359 πάντα
1714 3302 2024 3367 ποιοῦντας,

449 3399 542 3448 καὶ
589 3397 772 3462 καθὼς
818 3399 886 3452 τὰ
915 3401 1036 3468 ἱερὰ
1085 3399 1442 3471 παραδιδόασι
1474 3398 1665 3466 Λόγια.
1700 3396 1867 3450 Οὐδὲν
1893 3396 2024 3466 γὰρ,

447 3492 603 3559 φησι,
623 3491 737 3543 τῶν
765 3490 916 3563 παρὰ
943 3492 1079 3546 Θεοῦ
1115 3493 1422 3563 γενομένων
1454 3491 1647 3546 κακόνσ
1677 3489 1813 3545 ἀλλὰ
1845 3489 2027 3542 πάντα

451 3580 594 3632 καλὰ
622 3582 683 3632 ὲν
708 3583 888 3654 καιρῷ
916 3583 1116 3642 αὐτῶν.
1157 3583 1299 3637 Ἀλλ’
1337 3583 1464 3636 οὐδὲ
1494 3583 1621 3646 τοὺς
1650 3581 2026 3652 ἀπεχομένους

446 3670 654 3724 τούτων
701 3675 858 3740 αὖθις
905 3677 971 3730 δι’
1010 3677 1244 3747 ἄσκησιν
1286 3674 1526 3739 κολάζει.
1556 3676 1646 3727 Διὸ
1694 3675 2026 3746 προσεκτέον

446 3774 554 3827 ⁶τίνι
580 3774 770 3844 τρόπῳ
798 3770 1003 3823 τούτων
1047 3767 1311 3839 ἀπέχεταί
1344 3786 1424 3831 τις
1446 3784 1462 3799 ο
1493 3769 1588 3822 καὶ
1618 3769 1666 3821 εἰ
1714 3769 1832 3838 μὲν,
1869 3767 1945 3832 ὡς
1976 3768 2026 3821 oi

447 3865 750 3919 ἀθεώτατοι
790 3861 1076 3933 Βογὸμιλοι
1118 3861 1233 3931 (75)
1264 3861 1351 3914 διὰ
1391 3860 1696 3931 βδελυρίαν,
1729 3863 1822 3914 καὶ
1845 3859 1934 3914 διὰ
1964 3859 2027 3913 τὸ

445 3959 702 4028 γενέσθαι
726 3957 994 4026 παραίτια
1022 3955 1195 4008 κακοῦ
1220 3957 1331 4017 τοῖς
1359 3953 1544 4014 κακῶς
1570 3955 2025 4025 παραχρωμένοις

448 4051 655 4115 αὐτοῖς,
683 4048 1166 4120 καθαιρεθήσεται,
1204 4047 1342 4117 μετὰ
1375 4045 1748 4117 παραγγελίαν
1780 4045 1854 4117 μὴ
1882 4046 2026 4116 διορο

446 4145 730 4215 θούμενος,
780 4143 978 4214 μᾶλλον
1007 4143 1062 4195 δὲ
1092 4143 1186 4195 κα)⁵
1232 4142 1330 4211 τῆς
1369 4139 1699 4212 Ἐκκλησίας
1738 4143 2024 4212 γενήσεται

447 4239 819 4307 ὲκκήρυκτος,
868 4237 942 4298 ὡς
993 4234 1332 4304 βλασφημῶν
1385 4235 1527 4286 κατὰ
1572 4232 1682 4287 τῶν
1733 4233 1827 4286 τοῦ
1884 4231 2022 4286 Θεοῦ

452 4330 769 4396 κτισμάτων
789 4343 802 4357 ⁸
832 4329 880 4379 εί
905 4325 959 4379 δὲ
994 4325 1082 4378 διὰ
1115 4324 1348 4393 ἄσκησιν
1373 4324 1470 4377 καὶ
1503 4323 1794 4377 εὐλάϐειαν
1822 4323 2027 4392 ἀπέχε-

451 4439 540 4475 ται
569 4421 801 4484 τούτων,
837 4418 897 4470 οὐ
932 4417 1419 4487 κατακριθήσεται.
1454 4414 1557 4469 Διὰ
1589 4417 1697 4486 γὰρ
1735 4413 1895 4468 τοῦτο
1927 4412 2022 4468 καὶ

2133 3318 2382 3376 utuntur,
2413 3307 2697 3373 abhorret,
2729 3307 2776 3362 si
2805 3307 2986 3362 omnia
3039 3316 3344 3378 opportune
3387 3305 3611 3375 faciant,
3656 3318 3712 3364 et

2131 3403 2274 3458 sicut
2331 3416 2484 3457 sacra
2531 3401 2750 3455 tradunt
2777 3399 3028 3455 Oracula.
3089 3398 3234 3454 Nihil
3291 3400 3438 3456 enim
3497 3415 3710 3466 eorum,

2133 3494 2332 3564 inquit,
2369 3508 2489 3562 qua:
2530 3507 2560 3546 a
2589 3489 2701 3546 Deo
2748 3500 2935 3546 creata
2996 3501 3143 3557 sunt,
3192 3492 3396 3546 malum
3453 3501 3578 3547 est:
3617 3493 3710 3548 sed

2133 3588 2275 3645 bona
2309 3586 2488 3642 omnia
2521 3593 2647 3640 sunt
2685 3598 2785 3640 suo
2819 3593 3084 3654 tempore.
3114 3584 3221 3638 Sed
3248 3599 3348 3640 nec
3379 3599 3473 3640 eos
3498 3600 3710 3652 rursus,

2134 3683 2228 3752 qui
2263 3681 2332 3736 ab
2362 3680 2446 3736 his
2473 3689 2696 3750 propter
2721 3677 3170 3734 exercitationem
3204 3678 3500 3746 abstinent,
3535 3679 3713 3748 punit.

2134 3772 2263 3828 Ideo
2306 3771 2848 3828 animadvertendum
2903 3777 2990 3825 est
3034 3770 3309 3840 quomodo
3347 3771 3471 3840 quis
3519 3772 3586 3826 ab
3630 3772 3714 3827 eis

2135 3866 2377 3922 abstinet
2412 3881 2425 3921 :
2460 3873 2515 3918 et
2543 3864 2588 3920 si
2621 3864 2861 3934 quidem,
2896 3871 2952 3916 ut
2978 3862 3062 3917 vel
3097 3863 3330 3918 maxime
3363 3862 3510 3932 impii
3535 3864 3714 3934 Bogo-

2135 3959 2270 4021 mili,
2303 3966 2525 4029 propter
2547 3970 2736 4011 eorum
2767 3954 2973 4021 odium,
3013 3964 3068 4009 et
3095 3955 3236 4024 quod
3266 3953 3388 4008 mali
3413 3970 3575 4010 causa
3603 3957 3715 4012 sint

2135 4052 2202 4108 iis
2232 4052 2321 4122 qui
2351 4050 2431 4106 eis
2459 4052 2776 4114 abutuntur,
2821 4047 3144 4116 deponetur.
3178 4048 3222 4102 si
3259 4057 3384 4118 post
3429 4049 3716 4105 denuntia-

2137 4145 2336 4200 tionem
2371 4157 2478 4197 non
2508 4140 2840 4210 corrigatur,
2877 4139 2957 4194 vel
2993 4139 3137 4209 quod
3189 4139 3364 4209 magis
3397 4148 3501 4205 est,
3547 4139 3710 4194 etiam

2135 4251 2201 4291 ex
2239 4235 2482 4290 Ecclesia
2529 4232 3009 4293 exterminabitur.
3058 4241 3116 4285 ut
3161 4231 3255 4300 qui
3307 4231 3572 4286 adversus
3616 4229 3712 4286 Dei

2134 4335 2422 4382 creaturas
2458 4323 2816 4394 blasphemet.
2856 4320 2912 4376 Si
2954 4333 3137 4377 autem
3185 4332 3405 4392 propter
3443 4323 3715 4378 exercita-

2137 4418 2361 4483 tionem,
2394 4424 2446 4470 et
2477 4416 2768 4487 quamdam
2827 4414 3145 4486 religionem
3212 4415 3280 4470 ab
3333 4414 3402 4470 iis
3451 4413 3710 4479 abstinet,

1744 4547 1930 4609 Guill.
1977 4548 2298 4627 Beveregii
2335 4555 2522 4611 notat.

523 4683 636 4749 (Τί)
676 4681 780 4733 ιιάἱ
813 4681 1004 4747 κρεῶν
1027 4678 1123 4731 καί
1150 4679 1342 4732 οἴνου.
1372 4677 1424 4731 1ιι
1447 4677 1674 4733 Joannis
1703 4678 2023 4749 Antiocheni

2141 4695 2257 4749 μων
2318 4678 2531 4742 τούτοις
2592 4678 2969 4746 συναφθεισῶν
3038 4675 3318 4749 γυναικῶν
3390 4677 3707 4749 συνουσίας,

456 4748 787 4805 collectione
821 4765 882 4804 Itt
935 4750 1025 4813 “29,
1068 4753 1173 4800 Καὶ
1225 4751 1370 4800 οἴνου
1413 4751 1705 4804 titttiltitttr.
1741 4750 1844 4802 Sed
1877 4748 2031 4802 Jose-

458 4826 593 4891 phus
653 4820 946 4891 [Egyptius
981 4823 1031 4873 in
1061 4822 1290 4873 AtabiCa
1340 4820 1660 4888 paraphrasi
1694 4819 2032 4891 legit,_ve_rtit

455 4889 627 4956 enim,
664 4896 706 4945 Λ
739 4889 955 4954 nuptiis,
990 4900 1037 4942 et
1068 4907 1156 4943 esu
1193 4892 1394 4953 carnis,
1429 4901 1476 4942 et
1525 4901 1648 4956 potu
1693 4890 1818 4952 t'ini,
1846 4889 2032 4943 Balsa-

459 4981 678 5016 snoneni
717 4979 950 5031 quoque,
987 4959 1254 5013 Zonaram
1285 4972 1337 5012 et
1370 4961 1682 5012 Aristennm
1722 4959 1937 5025 legisse,
1963 4975 2034 5015 ex

455 5051 642 5087 eorum
685 5033 905 5085 sclmlits
939 5043 994 5084 et
1033 5032 1190 5098 hujus
1223 5032 1455 5098 cpitotne
1487 5039 1722 5085 coustal.

535 5104 647 5171 (75)
707 5105 1050 5170 Βογόμιλοι.
1108 5106 1262 5153 Amm
1320 5103 1538 5154 circiter
1605 5099 1779 5164 1099,
1846 5100 2036 5156 Alexio

459 5176 739 5228 Comnenn
776 5182 1098 5241 imperante,
1136 5181 1254 5225 orta
1296 5181 1379 5223 cst
1424 5172 1826 5240 liogotnilorum
1857 5173 2032 5226 haere-

460 5247 575 5308 sis;
635 5250 697 5296 de
721 5259 826 5311 qua
865 5245 943 5296 sic
979 5241 1432 5310 llartnenopnlns,
1487 5243 1550 5294 Ἠ
1585 5242 1692 5293 τῶν
1714 5242 2033 5311 Βογομίλων

459 5317 669 5384 αἵρεσις
692 5317 752 5384 οὺ
775 5312 1097 5384 πρδπελὶοῡ
1120 5314 1348 5382 συνέστη
1367 5313 1464 5384 τῇς
1493 5313 1614 5366 καθ’
1637 5313 1782 5381 ἡμᾶς
1814 5315 2030 5380 γενεᾶς,

464 5380 628 5455 μέρος
661 5380 796 5435 οὖσα
819 5380 938 5450 τῆς
966 5385 1076 5435 τὼν
1103 5380 1474 5455 Μασαλιανὼν
1509 5385 1606 5455 καί
1633 5380 2026 5455 συμφερομένη

452 5453 551 5509 τι
582 5455 755 5505 πολλὰ
806 5458 916 5515 τοῖς
968 5456 1192 5506 ἐκείνων
1226 5453 1511 5522 δόγμασιν.
1568 5454 1902 5522 llartnrttop.
1954 5454 2027 5508 De

453 5536 614 5580 sectis
658 5542 709 5577 c.
757 5525 844 5588 i9,
882 5525 917 5578 Ι.
953 5541 1031 5588 tx,
1059 5523 1175 5578 Jur.
1219 5523 1409 5578 Graeco
1443 5525 1599 5578 liom.
1652 5523 1823 5592 Hujus
1856 5530 2026 5580 haere-

456 5615 585 5650 seos
615 5597 848 5649 convicti
889 5607 1016 5649 sunt
1047 5606 1099 5649 et
1126 5595 1472 5649 condemnati
1508 5596 1769 5650 Leontius
1814 5593 2025 5649 Balbis-

455 5683 555 5732 8w,
595 5679 645 5718 et
677 5667 926 5720 Ueniens
953 5663 1350 5719 Sosaudrornin
1384 5667 1700 5736 monachus,
1736 5667 1789 5720 in
1824 5667 2030 5736 synodo

460 5740 567 5793 sub
616 5736 876 5798 M.chac|e
927 5738 1237 5806 pattiarclta
1274 5736 1381 5792 GP.
1427 5738 1644 5808 habita.
1680 5735 1737 5789 In
1786 5735 2031 5808 synodali

457 5815 681 5862 decreto
737 5810 876 5861 inter
934 5808 1061 5872 alia,
1121 5823 1351 5876 quorum
1409 5807 1649 5861 accusati
1720 5807 1867 5871 sunt,
1938 5821 2032 5861 eos

455 5880 711 5937 docuisse
743 5881 1006 5946 traditur,
1044 5879 1243 5947 ἄνδρας
1273 5877 1576 5949 ἀπέχεσθαι
1603 5879 1703 5948 τῆς
1737 5877 1845 5932 τῶν
1878 5877 2033 5948 νομί-

2141 4746 2373 4819 κρέατός
2430 4766 2489 4801 τε
2545 4750 2640 4803 καὶ
2674 4751 2967 4818 γάλακτος,
3007 4746 3100 4803 καὶ
3147 4749 3350 4819 ίχθύος,
3401 4746 3497 4819 καὶ
3539 4747 3707 4811 οίνου⁹

2142 4818 2268 4889 ἄχρι
2312 4819 2523 4888 χρόνων
2571 4819 2741 4890 cptth
2771 4822 3005 4889 ἁποχήν.
3035 4818 3252 4873 Editum
3289 4829 3369 4873 est
3406 4818 3506 4890 hoc
3541 4833 3709 4890 syno-

2146 4893 2268 4944 date
2292 4893 2565 4944 decretum
2589 4889 2619 4942 ιι
2657 4889 2839 4944 Leone
2867 4891 3087 4954 Allatio,
3118 4890 3172 4943 in
3214 4890 3362 4944 Eccl.
3393 4889 3628 4951 Orient.,
3653 4900 3711 4943 et

2146 4960 2429 5015 Occident.
2486 4975 2630 5028 perp.
2676 4975 2932 5013 consens.
2980 4963 3016 5015 Ι.
3078 4977 3137 5024 ιι,
3194 4975 3316 5030 cap.
3354 4959 3441 5023 1‘2,
3475 4976 3526 5028 p.
3579 4959 3705 5014 674.

2149 5030 2302 5085 Unde
2340 5032 2677 5100 collegimus,
2707 5030 3009 5100 Bogomilos
3046 5042 3191 5087 recte
3223 5033 3310 5086 hic
3333 5048 3360 5083 a
3387 5031 3709 5084 Balsamone

2141 5103 2341 5154 citatos
2403 5117 2523 5156 θεδο
2577 5111 2836 5170 tanquam
2879 5115 2910 5154 a
2944 5103 3147 5170 nuptiis
3191 5117 3357 5155 carne
3386 5111 3438 5154 et
3469 5101 3591 5154 vino
3619 5101 3709 5153 διὰ

2143 5170 2431 5240 βδελυρίαν
2474 5171 2830 5227 abstinentes.
2863 5171 3164 5226 Primarius
3219 5173 3381 5241 hujus
3437 5171 3708 5225 haereseos

2140 5257 2318 5309 pra-co
2348 5242 2447 5294 fuit
2471 5241 2708 5296 Basilius
2737 5243 2955 5311 quidam
3005 5244 3268 5308 medicus,
3299 5242 3393 5311 qui
3417 5251 3704 5311 prepterca

2138 5314 2190 5364 in
2221 5315 2432 5366 theatro
2457 5322 2685 5367 exustus
2712 5310 2815 5376 erit,
2858 5325 2916 5366 ut
2959 5311 3124 5367 refert
3153 5310 3392 5368 Zonaras
3419 5310 3472 5368 in
3531 5310 3704 5366 Alexii

2136 5380 2277 5435 Hist.
2322 5392 2453 5435 tom.
2515 5381 2610 5446 ΙΙΙ,
2644 5399 2697 5451 p.
2748 5382 2875 5446 258,
2930 5383 2965 5438 Ι.
2999 5398 3164 5448 XXIV,
3216 5393 3325 5437 etc.
3375 5383 3505 5437 edit.
3540 5379 3704 5435 Wolf.

2135 5452 2300 5524 Basil.
2362 5452 2521 5507 1557.
2579 5455 2695 5518 ρυυ
2735 5451 3107 5524 Balsamonem
3138 5468 3356 5524 quoque
3403 5455 3707 5524 respesisse

2131 5523 2364 5586 videtur,
2393 5524 2480 5575 ubi
2513 5524 2588 5575 ait
2621 5541 2634 5576 :
2667 5524 2759 5594 Μὴ
2788 5523 2920 5592 γοῦν
2967 5523 3280 5594 θαυμάσῃς,
3317 5525 3399 5594 ὅτι
3437 5523 3495 5594 ὲν
3549 5523 3706 5594 Κων-

2133 5594 2574 5646 σταντινουπόλει
2629 5591 2845 5656 σύνοδος
2878 5595 2971 5646 ἐπὶ
3008 5591 3117 5647 τῶν
3151 5591 3378 5664 ἡμερῶν
3411 5591 3506 5664 τοῦ
3535 5592 3705 5664 ἁγιωο

2131 5664 2300 5716 τὰτου
2351 5668 2697 5736 πατριάρχου
2743 5665 2948 5736 κυρίουΔ
2966 5663 3188 5735 Μιχαὴλ
3245 5663 3340 5736 τοῦ
3385 5663 3604 5736 Ὀξειιτο
3633 5663 3705 5736 δι-

2135 5736 2296 5806 έγνω,
2348 5737 2442 5788 καὶ
2469 5731 2737 5806 ἐπέτρεψε
2786 5731 3609 5806 καυθῆναιΒὸγομίλους.Βέιιξ.
3646 5734 3699 5787 in

2136 5805 2297 5861 Phot.
2330 5822 2545 5862 nomne.
2583 5802 2748 5872 tiu-8,
2778 5821 2828 5862 c.
2864 5802 2965 5872 25,
2995 5822 3046 5876 p.
3080 5802 3206 5873 979,
3234 5802 3497 5861 Biblioth.
3549 5802 3699 5859 luris

2136 5875 2394 5933 Canonici
2417 5877 2610 5934 Justel.
