4054 6494
351 310 451 375 143

1592 305 1691 365 TI]
1702 305 1873 366 EOD.
1906 306 2138 365 BALSA
2150 304 2310 366 ΜοΝ

3494 308 3597 372 144

346 446 449 483 non
476 408 947 481 condemnabitnr.
992 423 1059 479 Et
1090 424 1210 481 ideo
1244 423 1397 479 multi
1429 424 1589 479 etiam
1640 412 1915 487 monachi,

2037 424 2208 478 ποῗ.>.υι
2253 426 2505 496 μοναχοῖ,
2549 425 2635 477 ἐπὶ
2672 427 2887 498 χρόνοις
2930 426 3134 491 ἱκανοῖς
3174 426 3240 480 δι’
3270 427 3594 499 ἐγκράτειαν

344 520 435 588 qui
463 521 598 574 satis
629 519 786 588 longo
823 528 1064 585 tempore
1088 526 1321 587 pmptcr
1355 516 1768 578 continentiam,
1820 530 1918 568 nec

346 626 591 673 caseum,
643 625 743 664 nec
796 624 979 672 ovum,
1045 624 1143 664 nec
1175 609 1365 663 vinum
1432 615 1801 677 gustaveraut,
1855 622 1918 660 ea

347 702 639 770 aliquando
671 710 977 770 gustarunt,
1024 709 1076 754 et
1109 716 1271 754 omne
1314 701 1457 768 quod
1492 699 1693 754 malam
1726 698 1793 754 de
1841 698 1918 751 eis

348 794 711 862 suspicionem
742 790 1027 858 allercbat,
1072 790 1455 845 olfendiculum
1484 799 1916 859 amputaverunt.

353 883 417 937 llt
466 885 655 937 beatus
682 884 767 935 ille
799 885 1050 946 cretnita,
1082 883 1172 952 qui
1207 882 1466 937 Ferratus
1501 883 1676 937 dictus
1727 891 1831 945 cst,
1866 890 1923 937 et

348 978 438 1045 qui
498 976 635 1030 Eleae
682 975 965 1045 cpiscopus
1020 983 1241 1028 vocatus
1269 983 1373 1041 est,
1410 974 1708 1029 monachus
1741 974 1921 1028 Theo-

349 1068 523 1131 dnlns,
560 1070 611 1120 in
649 1066 871 1137 synodo,
909 1075 963 1117 ut
997 1063 1404 1131 olIcudiculum,
1442 1073 1497 1119 et
1548 1065 1918 1134 improborum

348 1160 704 1226 quorunulam
740 1171 909 1226 nugas
950 1154 1182 1219 tolleret,
1219 1169 1438 1211 caseum
1462 1167 1515 1211 et
1542 1171 1702 1210 ovum
1731 1166 1921 1226 gusta-

347 1258 551 1303 verunt

418 1340 672 1395 ZONAR.
710 1341 752 1393 Δ
780 1342 1004 1410 nuptiis,
1043 1351 1097 1397 et
1126 1358 1220 1397 esu
1252 1338 1517 1405 carnium,
1550 1338 1769 1409 vinique
1796 1348 1921 1410 potu

349 1442 570 1501 propter
625 1432 1007 1488 abStiuentiam
1071 1443 1391 1502 temperare,
1446 1432 1781 1499 probandum
1816 1440 1919 1485 est.

352 1523 459 1580 Sed
493 1526 605 1578 bu-c
629 1526 925 1581 abhorrere
962 1528 1107 1581 velut
1139 1527 1336 1580 anima:
1377 1525 1678 1594 perniciosa
1706 1538 1770 1579 ac
1804 1523 1924 1594 reji-

2029 514 2169 586 μήτε
2203 515 2393 587 τυροῦ,
2441 518 2577 587 μήτε
2604 516 2734 583 ὠοῦ,
2780 519 2916 589 μήτε
2958 520 3103 573 οἴνου
3149 520 3502 589 γευσάμενοι,
3539 522 3596 573 ἐν

2026 626 2134 662 τισι
2178 612 2389 680 καιροῖς
2436 612 2617 665 αὐτῶν
2661 611 3058 680 ἀπεγεύσαντο,
3100 612 3194 665 καὶ
3238 612 3385 667 ἅπαν
3427 612 3597 684 καχύ-

2027 719 2233 755 ποπτον
2263 705 2535 773 περιεῖλον
2565 704 2877 771 σκάνδαλον,
2907 706 2980 769 ὡς
3009 706 3037 757 6
3056 704 3363 775 μακαρίτης
3392 706 3599 767 ἐκεῖνος

2027 794 2339 863 ἠσυχαστὴς
2376 796 2402 847 6
2437 794 2877 866 Σεσιδηρωμένος
2903 794 3222 864 λεγόμενος,
3255 795 3350 847 καὶ
3386 794 3414 847 6
3462 810 3593 864 χρη-

2032 885 2266 955 ματίσας
2310 886 2605 951 ἐπίσκοπος
2653 886 2869 951 Ἐλαίας
2916 887 3146 957 μοναχὶς
3173 886 3455 948 Θεόδουλος
3509 887 3598 937 ὲπί

2032 975 2249 1029 συνόδου
2304 976 2394 1031 διὰ
2449 978 2790 1049 περιαίρεσιν
2838 978 3135 1031 σκανδάλου
3182 979 3277 1031 καὶ
3329 978 3600 1049 φλυαρίας

2030 1070 2217 1133 κακῶν
2239 1087 2399 1123 τινων
2428 1070 2594 1141 τυροῦ
2618 1072 2710 1124 καὶ
2742 1070 2849 1124 ὠοῦ
2873 1070 3221 1142 γευσάμενοι.

2101 1335 2345 1389 ΖΩΝΑΡ.
2383 1332 2457 1387 Τὸ
2499 1333 2597 1405 μὲν
2632 1333 2696 1387 δι’
2733 1334 3058 1405 ἐγκράτειαν
3090 1331 3391 1404 ἀπέχεσθαι
3421 1332 3599 1403 γάμου

2030 1434 2124 1480 καὶ
2168 1426 2520 1497 κρεωφαγίας
2570 1427 2666 1479 καὶ
2698 1426 3004 1488 οἱνοποσίας
3037 1425 3362 1480 ἀποδεκτέον
3385 1438 3401 1456 ο
3446 1425 3506 1478 τὸ
3544 1425 3601 1477 δὲ

2030 1518 2200 1573 ταῦτα
2242 1517 2656 1589 βδελύττεσθαι,
2692 1518 2765 1580 ὡς
2806 1518 3043 1588 βλαϐερὰ
3088 1517 3222 1588 πρὸς
3252 1517 3461 1588 ψυχήν,
3507 1519 3603 1570 καὶ

349 1631 495 1680 cere,
531 1631 633 1671 non
663 1627 811 1670 caret
857 1618 1105 1673 crimine.
1132 1617 1277 1671 Nihil
1329 1618 1473 1671 enim
1528 1631 1741 1681 eorum,
1800 1630 1918 1685 quae

2037 1611 2393 1675 ὶποσείεσθαι,
2428 1612 2525 1664 οὐκ
2561 1608 2911 1689 ἀνέγκλητον,
2960 1609 3125 1663 Οὐδὲν
3166 1609 3275 1681 γὰρ
3312 1610 3421 1663 τῶν
3448 1611 3602 1675 παρὰ

352 1709 479 1764 fecit
516 1709 676 1770 Deus,
715 1710 913 1762 malum
956 1721 1058 1774 ρει,
1098 1712 1191 1764 sed
1236 1724 1422 1764 eorum
1478 1708 1679 1763 abusus
1731 1708 1928 1764 noxius

2037 1705 2163 1759 θεοῦ
2202 1704 2510 1774 γενομένων
2548 1703 2739 1768 κακὸν,
2779 1701 2954 1772 ἀλλ’ἢ
2999 1700 3203 1755 τούτων
3256 1702 3603 1774 παράχρησις

352 1811 459 1854 est.
488 1799 668 1862 Certe,
699 1800 740 1853 si
772 1799 967 1853 mulier
1000 1800 1121 1853 mali
1153 1815 1313 1853 causa
1359 1799 1518 1865 foret,
1548 1810 1601 1853 ct
1636 1799 1841 1864 vinum,
1875 1808 1931 1854 et

354 1893 584 1960 reliqua,
618 1891 855 1945 exhibita
908 1908 1183 1958 nunquam
1229 1891 1465 1946 fuissent
1496 1906 1524 1944 a
1562 1891 1693 1946 Deo.
1727 1892 1926 1959 Quare,

354 1985 447 2055 qui
490 1985 581 2040 Dci
613 1985 752 2039 facta
794 1987 1036 2050 dantuat,
1074 1988 1125 2039 in
1162 1987 1480 2041 universum
1514 1986 1632 2057 ejus
1653 1987 1927 2056 opificium

354 2078 717 2147 hlasphemat.
750 2078 1044 2145 Caeterum,
1072 2078 1195 2134 talis
1235 2080 1441 2149 indiget
1474 2080 1845 2146 correctione;
1882 2078 1927 2134 si

355 2186 489 2225 vero
524 2185 628 2225 non
658 2172 983 2241 corrigatur,
1014 2171 1208 2226 ordine
1253 2186 1351 2225 suo
1385 2173 1712 2236 movebitur,
1759 2181 1812 2226 et
1862 2172 1931 2227 ab

355 2262 595 2317 Ecclesia
624 2264 965 2318 extrudetur.
1006 2261 1123 2316 Non
1157 2262 1302 2317 enim
1336 2263 1676 2332 depositione
1719 2272 1929 2317 tantum

356 2360 555 2426 dignus
590 2369 694 2424 est,
735 2359 826 2415 sed
863 2361 1048 2425 etiam,
1082 2360 1227 2414 velut
1280 2360 1591 2426 haereticus,
1637 2361 1689 2415 in
1739 2360 1929 2415 Eccle-

359 2451 495 2504 siatn
528 2468 631 2505 non
663 2462 747 2506 est
777 2452 1145 2522 recipiendus.

356 2544 586 2600 ARIST.
617 2544 803 2600 Omnis
831 2546 1051 2600 clericus
1079 2563 1110 2599 a
1141 2546 1285 2615 riuo,
1315 2563 1495 2612 carne,
1528 2556 1577 2602 et
1603 2548 1799 2616 nuptiis
1830 2566 1932 2604 non

427 2643 638 2702 propter
663 2635 1095 2688 exercitationem
1138 2637 1447 2703 abhorrens,
1484 2638 1530 2691 si
1570 2654 1674 2691 non
1698 2639 1935 2710 corriga-

435 2735 543 2790 tur,
572 2742 693 2780 voce
728 2728 984 2797 prtrconis
1018 2729 1422 2783 exterminatur.

435 2819 550 2876 Hoc
603 2830 705 2885 cst,
759 2821 1048 2890 deponitur
1101 2821 1246 2889 talis,
1300 2832 1353 2878 et
1403 2838 1468 2878 es
1504 2823 1745 2880 Ecclesia
1783 2824 1933 2896 ejicio

360 2923 467 2969 tur.

948 2999 1180 3057 CANON
1216 3000 1330 3057 Lll.

360 3096 416 3152 Si
451 3097 565 3167 quis
595 3096 890 3165 episcopus,
942 3095 1020 3149 vel
1047 3095 1337 3166 prcsby'er,
1381 3096 1457 3149 vel
1500 3095 1771 3160 diaconus,
1815 3112 1933 3151 cunt

429 3192 519 3260 qui
573 3207 604 3244 a
643 3188 870 3260 peccatis
921 3191 1239 3243 convertitur
1282 3206 1384 3242 non
1416 3190 1616 3257 recipit,
1648 3190 1739 3243 sed
1768 3190 1932 3260 cjicit,

433 3283 730 3351 deponatur
756 3297 773 3336 :
797 3281 1046 3352 quoniam
1080 3280 1351 3336 Christum
1380 3281 1619 3335 molestia
1644 3282 1819 3351 (inicit,
1847 3283 1935 3350 qui

429 3376 565 3429 dixit
595 3391 613 3429 :
649 3393 667 3427 t
704 3373 969 3429 Gaudium
1000 3382 1075 3427 est
1120 3374 1174 3428 in
1214 3374 1342 3429 caelo
1375 3384 1585 3442 prapter
1621 3391 1780 3427 unum
1818 3392 1937 3445 pec-

431 3477 658 3520 catorem
688 3467 1043 3534 pwuitentiam
1069 3474 1305 3534 agentem
1335 3466 1396 3520 ¹⁹.
1414 3486 1432 3519 ι

434 3556 629 3612 BALS.
658 3556 775 3611 Non
808 3567 889 3611 cst
926 3566 1203 3626 peccatum
1249 3559 1390 3626 quod
1420 3558 1511 3613 Dei
1547 3558 1935 3628 benignitatem

364 3659 586 3720 superet
622 3664 638 3702 ι
670 3657 723 3703 et
769 3642 887 3702 ideo
920 3662 1109 3703 omnes
1144 3649 1235 3720 qui
1288 3650 1606 3720 paenitentia
1647 3652 1935 3714 ducuntur,

363 3752 417 3797 et
450 3759 478 3795 a
515 3742 653 3795 bono
682 3742 746 3794 ad
781 3741 977 3795 malum
1011 3752 1421 3811 convertuntur,
1460 3742 1723 3799 Dominus
1762 3743 1939 3800 obviis

365 3834 507 3888 ulnis
535 3832 758 3901 excipit.
803 3831 1035 3902 Propter
1065 3842 1414 3903 peccatorum
1450 3835 1594 3888 enim
1636 3835 1867 3890 salutem
1908 3850 1939 3890 e

364 3927 504 3980 caelo
528 3925 829 3991 descendit,
881 3935 933 3980 et
964 3926 1100 3979 dixit
1136 3942 1150 3980 :
1186 3925 1310 3979 Non
1340 3926 1452 3979 veni
1505 3943 1690 3981 uocare
1737 3926 1936 3997 justas,

364 4015 453 4067 sed
480 4025 777 4080 peccatores
817 4016 885 4068 ad
924 4016 1285 4085 ptenitentiam
1324 4016 1393 4070 ’°.
1439 4015 1739 4087 Episc0pus
1784 4032 1934 4087 ergo,

363 4106 446 4158 vel
490 4106 792 4176 presbyter,
822 4108 909 4175 qui
960 4122 1052 4161 cos
1086 4108 1177 4177 qui
1239 4107 1321 4162 sic
1370 4118 1769 4163 convertuntur
1828 4124 1936 4164 non

364 4197 582 4267 recipit,
622 4197 718 4251 sed
753 4198 895 4252 illius
931 4198 1123 4253 Novati
1170 4199 1343 4253 instar
1392 4213 1487 4255 eos
1530 4200 1814 4264 abhorret,
1846 4201 1938 4256 de-

2029 1797 2317 1869 βλαϐερόν.
2353 1796 2416 1851 Et
2448 1795 2503 1849 δὲ
2530 1795 2729 1858 κακίας
2763 1795 2910 1847 αἰτία
2944 1789 3010 1866 ἦν
3041 1796 3074 1864 ἡ
3106 1794 3244 1866 γυνὴ
3279 1793 3374 1847 καὶ
3407 1798 3434 1848 6
3462 1791 3604 1858 οῐνος

2028 1894 2121 1946 καὶ
2152 1892 2217 1943 τὰ
2249 1890 2408 1943 λοιπὰ
2432 1930 2445 1953 ,
2484 1889 2585 1941 οὐκ
2619 1887 2683 1941 ἂν
2722 1885 3084 1958 παρήχοησαν
3123 1886 3274 1955 παρὰ
3306 1885 3401 1939 τοῦ
3443 1886 3601 1940 Θεοῦ.

2031 1986 2195 2039 Ὥστε
2226 1984 2255 2036 6
2287 1982 2591 2038 διαϐάλλων
2623 1982 2691 2035 τὰ
2725 1980 3003 2049 ποιήματα
3032 1976 3127 2031 τοῦ
3163 1976 3299 2031 Θεοῦ
3334 1976 3475 2031 κατὰ
3505 1981 3604 2048 τῆς

2029 2077 2196 2133 αὐτοῦ
2252 2076 2565 2148 βλασφημεῖ
2609 2072 2992 2145 δημιουργίας.
3048 2071 3246 2125 Λοιπὸν
3289 2071 3317 2123 6
3367 2067 3606 2130 τοιοῦτος

2028 2172 2367 2245 διορθώσεως
2396 2172 2564 2225 δεῖται
2588 2188 2603 2203 ⁸
2637 2173 2683 2223 εί
2708 2170 2766 2223 δὲ
2799 2170 2873 2240 μὴ
2903 2165 3236 2238 διορθοῦται,
3271 2162 3604 2234 καθαιρεθή-

2031 2283 2207 2331 σεται,
2235 2265 2452 2333 καὶτῆς
2493 2262 2817 2333 Ἐκχλησίας
2844 2258 3306 2331 ἁποὸληθήσεται.
3338 2258 3412 2310 Οὐ
3449 2256 3607 2325 μόνον

2029 2360 2139 2430 γὰρ
2166 2354 2541 2428 καθαιρέσεώς
2584 2358 2732 2409 ἐστιν
2754 2353 2925 2418 ἄξιος,
2964 2352 3077 2406 ἀλλ’
3103 2352 3221 2405 οὐδὲ
3249 2348 3606 2421 προσδεκτέος

2030 2453 2111 2515 είς
2136 2448 2489 2519 Ἐκκλησίαν,
2513 2447 2585 2511 ὡς
2608 2446 2909 2516 αἱρετικός.

2030 2545 2255 2598 ΑΡΙΣΤ.
2319 2542 2617 2610 Κληρικὸς
2670 2540 2861 2605 ἅπας,
2897 2534 3097 2599 οἶνον,
3140 2535 3236 2590 καὶ
3274 2532 3449 2603 κρέα,
3510 2533 3607 2585 και

2101 2635 2295 2705 γάμον
2336 2635 2422 2706 μὴ
2466 2634 2539 2688 δι’
2578 2634 2848 2703 ἄσκησιν
2882 2631 3404 2698 ,ϐδελιοσσόμενεᾳ
3436 2629 3487 2681 εὶ
3520 2644 3607 2696 μη

2102 2726 2416 2796 διορθοῐτο,
2443 2726 2834 2795 ἐκκήρυκτος.

2105 2821 2264 2876 Τοῦτ’
2294 2821 2429 2884 ἔστι,
2468 2812 2815 2893 καθαιρεῖται
2850 2821 2879 2873 6
2910 2818 3171 2882 τοιοῖτος,
3204 2816 3300 2871 καὶ
3330 2813 3430 2885 τῆς
3476 2813 3606 2867 Ἐκ·

2034 2913 2265 2985 κληοίας
2293 2914 2640 2970 ἐκϐάλλεται.

2626 3005 2867 3060 ΚΑΝΩΝ
2896 3005 3024 3061 NB'.

2035 3105 2106 3159 ΕΖ
2147 3123 2231 3171 τις
2274 3102 2614 3167 ἑπὲσκοπος
2659 3099 2697 3168 ἦ
2734 3099 3139 3168 πρεσϐύτερος
3175 3097 3282 3152 τὸν
3312 3098 3609 3167 ἀποστρέ-

2108 3215 2298 3269 φοντα
2323 3195 2442 3251 ἀπὸ
2468 3195 2759 3263 ἁμαρτίας
2784 3195 2856 3247 οὺ
2883 3191 3282 3262 προσδέχεται
3307 3192 3440 3262 (76),
3470 3192 3610 3247 ἀλλ’

2107 3286 2549 3351 ἀποϐάλλει-αι,
2614 3285 3040 3354 καθαιρείσοω’
3104 3283 3194 3337 ὅτι
3256 3282 3446 3338 λυπεῖ
3505 3285 3612 3338 τὸν

2113 3378 2395 3448 Χριστὸν,
2416 3377 2799 3429 τὸνειπόνταο
2824 3394 2842 3426 ι
2862 3375 3023 3443 Χαρὰ
3050 3376 3270 3445 γίνεται
3295 3373 3365 3428 ἐν
3379 3372 3611 3443 οὐρανῷ

2110 3471 2205 3524 ἐπὶ
2235 3469 2324 3523 ἐνὶ
2354 3466 2680 3538 ἀμαρτωλῷ
2704 3456 3119 3538 μετανοοῦντι.
3155 3483 3174 3518 ι

2111 3562 2306 3615 ΒΑΛΣ.
2345 3561 2459 3614 Οὐκ
2486 3560 2633 3613 ἔστιν
2662 3559 2909 3632 ἁμαρτία
2943 3558 3146 3613 νικῶσα
3180 3556 3278 3626 τὴν
3308 3557 3614 3630 φιλανθρω-

2041 3650 2173 3705 πίαν
2216 3650 2310 3703 τοῦ
2344 3650 2479 3704 Θεοῦ
2506 3667 2518 3681 ·
2557 3649 2638 3702 διὸ
2673 3649 2768 3704 καλ⁸
2807 3649 3017 3712 πάντας
3046 3648 3173 3713 τοὺς
3219 3648 3613 3721 μετανοοῦντας

2040 3742 2135 3796 καὶ
2168 3741 2673 3812 ἐπιστρεφομένους
2712 3739 2820 3795 ἀπὸ
2854 3739 2945 3794 τοῦ
2994 3741 3167 3793 κακοῦ
3195 3742 3273 3804 είς
3303 3740 3365 3794 τὸ
3408 3742 3612 3809 ἀγαθὸν

2039 3836 2395 3904 ἁγκαλίζεται
2438 3839 2464 3890 ὁ
2498 3837 2719 3907 Κύριο;.
2768 3836 2866 3889 Διά
2904 3834 3014 3907 γὰρ
3055 3834 3154 3907 τὴν
3196 3835 3473 3906 σωτηρίαν
3505 3836 3613 3888 τῶν

2041 3924 2386 3995 ἁμαρτωλῶν
2438 3925 2644 3995 κατέϐη
2696 3924 2755 3989 ἐξ
2800 3923 3057 3993 οὐρανοῦ,
3106 3924 3197 3977 καὶ
3253 3919 3439 3977 εἶπεν·
3491 3926 3614 3977 Οὐκ

2038 4017 2231 4090 ἦλθον
2278 4020 2531 4074 καλέσαι
2567 4019 2837 4085 δικαίους
2857 4058 2872 4084 ,
2921 4017 3080 4073 ἀλλὰ
3112 4016 3496 4089 ἁμαρτωλοὺς
3526 4019 3615 4081 εἰς

2039 4109 2380 4180 μετάνοιαν.
2424 4111 2482 4163 Ὀ
2513 4108 2643 4177 γοῦν
2676 4109 2752 4179 μὴ
2782 4108 3225 4178 παραδεχόμενος
3253 4107 3548 4168 ἐπίσκοπος
3578 4105 3610 4175 ἢ

2040 4204 2411 4275 πρεσϐύτερος
2444 4203 2565 4266 τοὺς
2597 4201 2770 4259 οὕτως
2802 4202 3228 4270 ἐπιστρέφοντας
3255 4239 3269 4265 ,
3303 4197 3438 4253 ἀλλὰ
3471 4196 3614 4251 κατὰ

364 4299 619 4357 ponatur,
656 4303 708 4343 ut
739 4291 828 4360 qui
859 4290 948 4346 Dei
974 4291 1233 4346 voluntati
1254 4294 1594 4358 advcrsatur,
1642 4296 1732 4365 qui
1759 4295 1889 4351 dicit
1919 4315 1930 4350 :

2046 4297 2137 4349 τὸν
2174 4296 2423 4351 Ναυάτον
2457 4297 2664 4351 ἐκεῖνον
2701 4294 3106 4367 μυσαττόμενος
3143 4294 3377 4359 αὐτοὺς,
3417 4290 3613 4344 καοαι-

366 4382 628 4437 Gautliunt
666 4394 741 4437 ut
768 4386 820 4437 in
844 4384 971 4439 caelo
1004 4388 1066 4439 ob
1102 4403 1264 4441 unum
1310 4398 1632 4457 peccatorcm
1682 4393 1933 4460 pamt‘ten-

367 4472 492 4524 tiam
523 4485 782 4542 agentem.
823 4475 957 4531 Nota
990 4492 1119 4548 ergo
1142 4494 1209 4532 ex
1241 4481 1493 4546 praesenti
1531 4496 1757 4547 canone,
1790 4483 1933 4552 quod

366 4579 470 4617 non
496 4565 626 4619 solis
665 4566 772 4637 35
806 4570 1074 4639 (‘plSt'OpiS
1118 4579 1173 4626 et
1211 4571 1587 4627 sacerdotibus
1616 4588 1933 4630 concessum

364 4664 449 4709 est
480 4654 762 4711 hominum
813 4660 1181 4717 confessiones
1233 4663 1442 4727 audire,
1487 4673 1540 4719 et
1581 4674 1795 4734 peccata
1846 4680 1934 4721 re-

366 4743 622 4817 mittere;
677 4751 772 4806 sed
798 4755 961 4806 etiam
999 4756 1298 4827 presbyteri
1327 4773 1449 4811 cum
1484 4759 1770 4828 episcopali
1810 4775 1938 4830 per-

478 4934 522 4965 "
556 4933 686 4993 Luc.
711 4950 811 4998 vn,
844 4935 931 4990 lt).
1012 4937 1055 4969 ”
1096 4936 1262 4992 Marc.
1318 4954 1374 4998 ιι,
1413 4939 1500 4992 17.

2046 4388 2266 4459 ρείσῡω,
2314 4388 2389 4452 ὡς
2433 4387 2847 4458 ἐναντιούμενος
2890 4387 2969 4457 τῷ
3004 4386 3097 4441 τοῦ
3148 4385 3285 4440 Θεοῦ
3326 4385 3611 4459 θελήματι,

2041 4480 2136 4534 τοῦ
2165 4482 2411 4543 εἰπόντος
2429 4496 2444 4509 ·
2478 4482 2639 4550 Χαρὰ
2668 4481 2892 4550 γίνεται
2920 4480 2992 4535 ἐν
3012 4480 3092 4547 τῷ
3128 4477 3365 4548 οὐρανῷ
3399 4479 3495 4533 ἐπί
3525 4476 3615 4532 ἐνί

2042 4570 2368 4642 ἀμαρτωλῴ
2398 4571 2790 4641 μετανοοῦντι
2820 4590 2833 4604 ο
2869 4571 3009 4626 ὥστε
3061 4572 3368 4643 σημείωσαι
3390 4570 3491 4641 εδιὰ
3521 4569 3615 4624 τοῦ

2047 4665 2315 4735 παρόντος
2359 4665 2582 4728 κανόνος
2626 4665 2799 4719 ὅτιού
2836 4666 3020 4737 μόνοις
3065 4666 3383 4729 ἐπισκόποις
3413 4664 3506 4719 καὶ
3538 4663 3614 4715 ἰε-

2051 4758 2236 4810 οεῦσιν
2270 4757 2484 4829 ἐνεδόθη
2519 4759 2936 4833 ἐξομολογήσεις
2987 4757 3288 4830 ἀνθρώπων
3323 4756 3611 4828 δέχεσθαι,

1594 5068 1779 5131 Guill.
1816 5066 2135 5145 Beveregii
2171 5074 2355 5128 noue.

447 5192 560 5263 (76)
597 5195 679 5267 Οὐ
728 5194 1147 5267 προσοέχεται.
1179 5195 1507 5267 Cyprianus,
1565 5194 1710 5261 Quos
1769 5193 1947 5267 utique

368 5271 434 5317 ett
475 5265 837 5330 pcenitcnttant
873 5266 1133 5319 Dominus
1169 5265 1273 5320 non
1321 5268 1649 5329 hortaretur,
1687 5265 1788 5317 nisi
1820 5266 1942 5333 quia

366 5334 735 5407 t-wnitentihus
776 5336 1161 5403 indulgentiam
1192 5338 1496 5407 pollicetur.
1534 5334 1601 5388 Et
1650 5340 1701 5388 in
1759 5333 1940 5407 Eran-

367 5405 524 5472 gelio,
555 5403 701 5467 Dico,
738 5407 924 5474 inquit,
974 5410 1135 5471 vobis,
1170 5403 1247 5461 sic
1291 5410 1386 5461 erit
1438 5407 1693 5475 gaudium
1733 5407 1787 5457 in
1812 5404 1939 5457 cwlo

367 5490 527 5538 super
553 5491 657 5526 uno
682 5486 958 5544 peccatore
982 5480 1338 5542 pmttitetttiatu
1365 5487 1570 5546 agente,
1599 5491 1755 5544 quant
1780 5490 1939 5546 super

368 5547 656 5617 nonaginta
710 5562 886 5598 norem
912 5548 1077 5615 justis
1116 5549 1305 5617 quibus
1338 5545 1441 5600 non
1490 5562 1616 5615 opus
1640 5554 1715 5596 est
1766 5545 1933 5611 pazni-

363 5616 535 5688 trutit
562 5616 710 5688 (Luc.
754 5618 944 5688 χειλη.
972 5616 1229 5688 tlypriau.
1259 5630 1421 5683 epist.
1455 5622 1518 5668 ad
1557 5618 1824 5688 Atticini.
1853 5627 1928 5679 tv,

367 5701 453 5755 (ζμ.
490 5687 542 5743 9.,
572 5685 624 5749 ν.
648 5687 739 5748 89,
778 5689 789 5737 l
852 5687 941 5748 5|,
970 5685 1097 5741 edit.
1137 5688 1338 5739 Manut.
1374 5702 1426 5739 ν.
1461 5685 1704 5755 ejusdem
1736 5686 1930 5755 librum

369 5754 444 5810 De
482 5759 666 5826 lapsis,
702 5772 755 5828 p.
796 5756 921 5821 l79,
959 5766 1063 5811 etc.
1104 5757 1251 5813 lla‘uc
1284 5768 1336 5812 et
1361 5753 1837 5825 ante'Cyprianum
1866 5753 1935 5807 ah

2062 5191 2305 5246 Ecclesia
2364 5192 2631 5247 excultum
2691 5192 2858 5249 fuisse
2910 5194 3274 5265 disciplinam,
3330 5196 3435 5251 viz.
3491 5205 3612 5254 uta

2052 5265 2293 5336 peccatis
2310 5268 2558 5317 cOnvcrsi
2597 5265 2648 5318 in
2683 5266 2936 5321 Ecclesia:
2985 5267 3172 5336 sinum
3214 5268 3608 5336 reciperentur,

2049 5330 2112 5386 ex
2153 5332 2385 5401 Origene
2414 5340 2651 5397 constat,
2689 5336 2921 5402 dicente,
2941 5330 3101 5389 Οὗτοι
3130 5335 3209 5399 δὲ,
3235 5335 3308 5398 ὡς
3327 5330 3613 5391 ἀπολωλόὲ

2045 5418 2147 5476 ⁴τας
2196 5412 2300 5476 καὶ,
2353 5403 2683 5476 τεθνηκότας
2712 5404 2791 5476 τῷ
2828 5405 2967 5476 Θεῷ,
3016 5406 3141 5468 τοὺς
3193 5407 3284 5459 ὑπ’
3324 5409 3612 5476 ἀσελγείας

2045 5473 2079 5543 ἦ
2110 5489 2254 5547 τινος
2280 5473 2486 5547 ἀτόπου
2517 5473 2929 5547 νενικημένους,
2952 5477 3028 5541 ὡς
3051 5479 3277 5547 νεκροὺς
3328 5473 3605 5542 πενθοῦσι,

2043 5543 2147 5617 και)ἒ
2185 5543 2260 5606 ὡς
2307 5546 2370 5596 ὲκ
2419 5544 2626 5617 νεκρῷᾲν
2678 5543 3038 5611 ἀναστάντας,
3073 5543 3170 5600 ἐὰν
3220 5547 3496 5617 ἀξιόλογον
3529 5548 3613 5599 ὲν-

2036 5611 2319 5689 δείξωνται
2349 5611 2673 5689 μεταϐολὴν,
2702 5617 2881 5686 χρόνῳ
2907 5618 3110 5669 πλείονι
3140 5611 3610 5689 τῶνξκατνάρχὰς

2040 5684 2431 5759 εξσαγομένων,
2463 5684 3203 5759 ὕστερόνῦποτεςπροσίενται,
3231 5687 3381 5759 Otig.
3415 5684 3608 5745 Con-ira

2042 5752 2201 5818 Cels.,
2234 5752 2267 5808 l.
2301 5771 2378 5821 ιιι,
2408 5770 2459 5826 p.
2510 5752 2630 5819 H7,
2668 5760 2796 5811 cdit.
2826 5752 3095 5813 "(liscth
3136 5759 3288 5814 “:05.
