4054 6494
324 393 411 457 Hb

1542 391 1623 452 IN
1671 388 1835 450 CAN.
1878 387 2018 447 Llll
2082 388 2334 452 AI‘OS’I‘.

3460 387 3569 452 iiii

321 505 404 557 xz‘.
438 500 741 573 συγχωρεῖν
767 500 1141 576 ἁμαρτήματι
1166 521 1179 534 ·
1210 506 1346 560 ἀλλᾶ
1377 506 1468 559 καὶ
1501 506 1551 558 οἱ
1579 519 1681 572 πρε
1693 498 1883 552 σδύτε-
1912 541 1917 551 ι

2023 498 2248 554 tissione
2276 497 2647 573 confessiones
2679 502 2923 557 audiunt.
2959 502 3149 570 Quaere
3177 502 3337 557 etiam
3369 502 3402 558 6
3430 517 3555 559 can.

323 612 397 665 ροι
431 596 570 662 μετὰ
603 596 919 665 προτροπῆς
945 598 1262 651 ἐπισκόπων
1288 597 1534 667 δέχονται
1563 594 1882 664 λογισμούς.

322 686 472 753 Ζήτει
500 683 592 736 τδν
625 682 680 748 ς’
737 686 937 738 κανόνα
968 688 1065 757 τῆς
1095 689 1151 740 ἐν
1182 686 1509 759 Καρθαγένῃ
1544 685 1761 739 συνόδου
1793 683 1886 737 καὶ

318 778 381 830 τὰ
409 778 463 829 ὲν
489 775 639 847 αὑτῷ
669 777 975 845 γραφέντα.

386 869 632 922 ΖΩΝΛΡ.
671 871 731 923 Ὀ
764 870 967 943 Κύριος
1002 872 1157 941 ἡμῶν
1190 871 1278 927 διὰ
1307 871 1433 936 τοὺς
1459 873 1888 944 ἁμαρτήσαντας

320 961 560 1017 ἔκλινεν
596 962 921 1033 οἰῬανοὺς,
983 965 1080 1017 καὶ
1133 966 1377 1033 κατέϐη·
1415 965 1576 1028 αὐτὸς
1622 964 1731 1033 γὰρ
1758 964 1884 1032 ἔφη·

316 1056 433 1109 Οὐκ
464 1051 656 1124 ἦλθον
686 1054 942 1110 καλέσαι
971 1055 1266 1123 δικαίους,
1294 1058 1454 1111 ἀλλὰ
1502 1054 1891 1125 ἁμαρτωλοὺς

320 1150 403 1215 εις
420 1148 766 1215 μετάνοιαν.
800 1147 859 1201 Ὀ
887 1147 1015 1218 γοῦν
1040 1149 1128 1201 τὸν
1150 1149 1207 1214 ἐξ
1235 1148 1507 1220 ἁμαρτίας
1528 1146 1892 1219 μετανοοῦντα

326 1240 395 1309 μὴ
428 1239 791 1311 προσιέμενος
821 1239 1172 1314 ἀντιπράττει
1201 1240 1425 1312 Χριστῷ
1468 1241 1544 1311 τῷ
1571 1240 1690 1311 Θεῷ
1710 1240 1889 1310 ἡμῶν,

334 1333 388 1385 ’0
440 1332 499 1385 δὲ
547 1332 928 1403 ἀντιπράττων
992 1333 1144 1403 αὐτῷ
1186 1334 1282 1387 καὶ
1355 1332 1894 1403 ἁντιδιαταττόμενος

322 1424 419 1477 οὐκ
443 1423 594 1477 ἔστιν
618 1423 783 1477 αὑτοῦ
815 1425 1084 1496 μαθητής
1111 1426 1139 1478 δ
1165 1425 1221 1477 δὲ
1252 1423 1328 1495 μὴ
1349 1424 1424 1478 ὣν
1447 1423 1612 1477 αὐτοῦ
1645 1421 1895 1493 μαθητὴς

327 1515 581 1587 ἱερᾶσθαι
608 1516 708 1570 οὐκ
732 1516 903 1582 ἄξιος.
953 1517 1076 1580 Πῶς
1101 1516 1212 1588 γὰρ
1241 1516 1300 1579 ὃς
1350 1515 1722 1586 Ἀντίχριστον
1769 1515 1897 1567 ἐαυ-

323 1610 411 1663 τὸν
437 1610 763 1681 καθίστησιν
793 1611 1213 1681 ἐναντιούμενος
1240 1609 1316 1680 τῷ
1338 1610 1549 1663 ἐκείνου
1602 1608 1893 1680 θελήματι,

324 1699 510 1763 δεκτὸς
543 1704 798 1773 τυγχάνει
834 1701 982 1771 αὐτῷ
1003 1721 1017 1767 ς

336 1790 579 1846 ‘APIXT.
645 1793 710 1846 Ὀ
751 1792 873 1858 τοῖς
915 1792 1277 1862 μετανοοῦσι
1320 1793 1407 1865 μὴ
1462 1792 1897 1865 συγγινώσκων

2022 1792 2227 1850 \RIST.
2300 1793 2403 1860 Qui

814 1884 1402 1953 ἀσυγγνωστότερος.

393 1974 511 2028 Καὶ
548 1968 723 2039 οὗτος,
779 1975 1041 2047 κληρικδς
1067 1975 1163 2043 ὢν,
1218 1979 1581 2049 καθαιρεῖται,
1617 1979 1693 2043 ὼς
1742 1980 1894 2032 ὲναν-

1987 591 2173 648 Carth.
2200 608 2344 665 syn.,
2378 604 2434 649 ct
2466 610 2587 665 qua:
2612 596 2663 650 in
2697 614 2819 651 eum
2846 598 3047 667 scripta
3086 605 3229 654 sunt.

2061 861 2313 917 ZONAR.
2350 863 2607 920 Dominus
2636 873 2819 920 noster
2856 875 3075 936 propter
3118 873 3430 938 peceatores
3477 872 3564 925 in.

1990 955 2207 1009 clinarit
2250 956 2444 1017 cwlos,
2493 965 2542 1010 et
2588 954 2851 1012 descendit
2891 958 2928 1011 '.
2964 958 3171 1013 Etenim
3212 961 3341 1013 dicit
3396 963 3508 1029 ipse.
3543 979 3557 1014 :

1991 1048 2111 1103 Non
2140 1050 2253 1103 veni
2280 1065 2463 1103 uocare
2484 1050 2682 1119 justas,
2715 1051 2805 1103 sed
2846 1063 3139 1117 peccatores
3188 1054 3256 1106 ad
3307 1055 3562 1123 paeniten-

1995 1144 2144 1198 tiam.
2164 1144 2263 1211 Qui
2286 1156 2391 1196 non
2418 1143 2607 1210 recipit
2627 1143 2789 1213 igitur
2804 1160 2866 1197 ex
2889 1154 3109 1213 peccato
3134 1147 3560 1215 resipiscentem,

1994 1240 2323 1294 contrarium
2357 1239 2486 1307 quid
2527 1238 2654 1293 facit
2676 1238 2895 1293 Christo
2932 1237 3038 1291 Deo
3070 1248 3276 1292 nostro.
3306 1238 3403 1305 Qui
3435 1254 3563 1293 vero

1994 1330 2327 1386 contrarium
2356 1329 2483 1398 quid
2516 1328 2647 1399 agit,
2675 1337 2729 1384 et
2758 1342 2822 1383 ex
2853 1328 3080 1384 adverso
3115 1326 3188 1382 illi
3234 1328 3520 1395 opponitur
3542 1368 3558 1390 ,

1996 1438 2101 1476 non
2133 1432 2215 1477 est
2243 1422 2358 1491 eius
2382 1422 2697 1492 discipulus.
2729 1421 2797 1474 At
2817 1435 2945 1474 vero
2980 1421 3069 1490 qui
3120 1435 3225 1475 non
3272 1430 3350 1473 est
3396 1419 3565 1489 ipsius

1997 1516 2293 1585 discipulus
2317 1557 2339 1592 ,ἠ
2376 1516 2627 1584 indignus
2678 1524 2803 1579 est,
2845 1516 2933 1585 qui
2962 1530 3175 1569 sacrum
3205 1513 3385 1568 faciat.
3431 1512 3563 1567 Nam

1998 1608 2270 1680 quomodo
2299 1608 2389 1676 qui
2420 1608 2627 1662 hostem
2659 1606 2863 1662 Christi
2898 1620 2957 1662 se
2981 1607 3139 1675 gerit,
3186 1604 3354 1675 ipsius
3407 1618 3569 1674 repn-

2000 1717 2170 1772 gnans
2192 1702 2476 1766 voluntati,
2504 1701 2571 1755 ab
2602 1715 2667 1756 eo
2705 1699 3041 1770 recipiatur?

2481 1792 2898 1862 resipiscentibus
2967 1807 3071 1846 non
3144 1792 3403 1861 ignoscit,
3466 1792 3573 1859 ipse

2418 1886 2741 1955 ignescentia
2773 1885 3017 1957 indignus
3049 1892 3144 1937 est.

2068 1982 2135 2037 Et
2159 1981 2265 2044 hic,
2292 1981 2337 2036 si
2366 1979 2439 2035 sit
2476 1978 2731 2042 clericus,
2765 1977 3050 2047 deponitur
3075 2016 3089 2040 ,
3128 1984 3187 2030 ut
3220 1975 3313 2045 qui
3344 1974 3575 2030 Domino

328 2066 610 2137 τιούμενος
680 2067 758 2137 τῷ
808 2069 999 2139 Κυρίῳ
1078 2070 1326 2138 εἰπόντι,
1392 2070 1569 2143 χαρὰν
1648 2071 1896 2140 γίνεσθαι

2022 2076 2325 2131 ιάνοιιεοιυτ
2348 2073 2593 2138 dicenti,
2628 2073 2882 2143 gaudium
2941 2084 3062 2127 esse
3119 2070 3172 2125 in
3225 2069 3365 2126 caelo
3413 2082 3578 2138 super

331 2160 385 2212 tv
420 2158 643 2230 οὐρανῷ
698 2161 791 2213 ἐπὶ
838 2161 919 2214 ἑνὶ
960 2160 1277 2232 ἁμαρτωλῷ
1338 2163 1719 2234 μετανοοῦντι.

939 2254 1182 2307 ΚΑΝΩΝ
1213 2256 1343 2312 NI".

334 2344 401 2399 ει
426 2361 519 2411 τις
554 2344 890 2413 ἐπίσκοπος
930 2345 969 2415 ἢ
1003 2350 1404 2417 πρεσϐύτερος
1434 2350 1470 2419 ἢ
1512 2350 1792 2419 διάκονος
1831 2353 1902 2408 ἐν

398 2438 531 2505 ταῖς
570 2437 824 2509 ἡμέραις
875 2439 998 2495 τῶν
1071 2443 1293 2511 ἑορτῶν
1334 2447 1406 2499 οὐ
1460 2448 1900 2519 μεταλαμϐάνει

403 2530 598 2598 κρεῶν
634 2533 733 2585 καὶ
798 2533 990 2597 οἴνου,
1030 2535 1531 2607 ,ϐδελυσσόμενος
1573 2542 1671 2596 καί
1728 2545 1799 2597 οὐ
1827 2542 1902 2596 δι’

401 2625 692 2692 ἄσκησιν,
734 2627 1145 2696 καθαιρείσθω,
1189 2628 1271 2695 ὡς
1317 2634 1905 2704 κεκουτηριασμένος

402 2718 520 2785 τὴν
568 2720 800 2774 οἰκείαν
852 2720 1251 2787 συνείδησιν’
1291 2723 1390 2777 καί
1419 2722 1611 2791 αἴτιος
1635 2725 1906 2781 σκανδά-

402 2813 521 2865 λου
555 2811 811 2878 πολλοῖς
841 2813 1174 2883 γινόμενος.

405 2902 609 2957 ΒΑΛΣ.
645 2903 801 2957 Κατά
834 2905 1012 2958 πᾶσαν
1069 2905 1352 2977 Κυριακὴν
1383 2908 1479 2962 καὶ
1534 2909 1675 2964 κατὰ
1723 2911 1909 2967 πᾶσαν

340 2997 536 3067 ἑορτὴν
565 2995 1036 3066 πανηγυρίζοντες
1094 2997 1155 3051 οὐ
1220 2999 1573 3070 νηστεύομεν,
1624 3002 1760 3057 ἀλλὰ
1816 3004 1912 3058 καὶ

339 3087 395 3139 ἐν
422 3088 538 3149 τοῖς
570 3085 871 3149 Σαὸὁάτοις
918 3088 1084 3142 πᾶσιν
1133 3088 1259 3142 ἄνευ
1316 3089 1433 3154 ἑνὸς
1469 3091 1773 3158 Σαϐϐάτου,
1817 3093 1911 3147 τοῦ

2000 2184 2105 2223 uno
2138 2176 2424 2239 peccatore
2458 2165 2836 2235 resipiscente.

2585 2257 2815 2315 CANON
2848 2257 2975 2311 Li".

2003 2354 2062 2412 Si
2098 2355 2216 2425 quis
2238 2354 2507 2419 episcopus
2541 2392 2556 2417 ,
2594 2353 2673 2405 vel
2716 2352 3018 2422 presbyter,
3077 2349 3155 2404 vel
3195 2348 3487 2411 diaconus,
3522 2347 3576 2399 in

2076 2451 2223 2521 festis
2249 2448 2429 2502 diebus
2475 2462 2688 2501 carnem
2723 2456 2772 2499 et
2800 2446 2976 2500 vinum
3013 2459 3114 2497 non
3156 2441 3357 2505 sumit,
3388 2439 3582 2493 abhor-

2076 2560 2217 2608 rens,
2249 2553 2295 2598 et
2324 2559 2426 2597 non
2457 2551 2666 2608 propter
2701 2539 3147 2605 exercitationem,
3181 2537 3494 2605 deponatur,
3524 2528 3587 2585 ιιτ

2075 2637 2169 2707 qui
2202 2636 2389 2690 habeat
2424 2636 2656 2689 inustam
2686 2631 3059 2687 conscientiam
3078 2629 3347 2699 propriam
3370 2668 3386 2696 ,
3422 2636 3470 2682 et
3516 2624 3586 2680 sit

2079 2730 2264 2785 multis
2289 2728 2595 2799 offensionis
2619 2742 2807 2782 causa.

2085 2912 2277 2970 BALS.
2317 2911 2545 2968 Omnem
2588 2909 2730 2965 diem
2784 2908 3020 2972 festum,
3073 2914 3127 2961 et
3180 2920 3396 2962 omnem
3448 2905 3589 2959 diem

2011 3008 2350 3063 Dominicum
2381 3004 2722 3060 celebrantes
2751 3016 2858 3056 non
2884 3000 3191 3071 ieiunamus
3213 3041 3228 3060 .
3253 2999 3344 3054 sed
3371 3006 3423 3053 et
3456 2996 3593 3051 Sab-

2014 3102 2154 3155 batis
2174 3099 2440 3164 omnibus,
2478 3105 2839 3167 prteterquam
2868 3108 2999 3155 uno,
3040 3092 3094 3146 id
3121 3100 3203 3145 est
3234 3106 3426 3160 magno
3456 3089 3593 3175 sab-

345 3178 584 3248 μεγάλου
617 3178 839 3250 δηλαδὴ,
867 3178 1233 3250 καταλύομεν,
1283 3182 1369 3235 ἵνα
1400 3184 1473 3255 μὴ
1505 3182 1743 3254 δόξωμεν
1772 3186 1915 3240 κατὰ

2022 3193 2170 3253 bato,
2198 3188 2459 3259 jejunium
2492 3189 2777 3253 solvimus,
2819 3199 2885 3241 ne
2911 3184 3064 3256 juxta
3122 3181 3431 3239 Judmorum
3457 3183 3599 3237 ritus

342 3271 460 3333 τοὺς
492 3270 783 3333 Ἰουδαίους
816 3270 1186 3337 σαϐϐατίζειν.
1235 3272 1293 3326 Ὀ
1316 3271 1445 3341 γοῦν
1475 3275 1532 3327 ὲν
1550 3273 1775 3340 ταύταις
1796 3279 1917 3343 ταῖς

2028 3283 2319 3339 δσιιὶιοιιιηι
2349 3278 2628 3336 celebrare
2654 3277 2954 3333 videamur.
2981 3276 3081 3343 Qui
3120 3290 3247 3344 ergo
3276 3274 3362 3329 his
3407 3274 3605 3329 diebus

344 3364 583 3434 ἡμέραις
640 3362 940 3431 νηστεύων,
994 3364 1042 3416 εί
1109 3364 1208 3432 μὲν
1238 3363 1312 3428 ὡς
1377 3363 1803 3436 βδελυττόμενος
1850 3368 1921 3422 τὰ

268 3462 269 3465 ‘
348 3454 446 3506 ὑπὸ
468 3450 571 3506 τοῦ
600 3453 737 3506 Θεοῦ
764 3453 843 3516 είς
866 3451 1069 3523 βρῶσιν
1105 3454 1237 3525 ἡμῖν
1272 3454 1515 3522 δοθέντα,
1549 3457 1643 3510 καὶ
1686 3458 1923 3511 σκανδα⁴

348 3545 514 3611 λίζων
562 3544 815 3599 ἐντεῦθεν
865 3546 958 3598 τὸν
1008 3545 1158 3609 λαὸν,
1207 3548 1572 3617 καθαιρεῖται,
1626 3550 1925 3613 ἐπίσκοπος

349 3636 420 3691 ὢν
473 3636 727 3707 δηλονότι
782 3637 813 3708 ἢ
862 3637 1237 3709 πρεσϐύτερος
1267 3640 1299 3711 ἢ
1326 3639 1595 3705 διάκονος.
1663 3643 1725 3696 Εἰ
1770 3642 1826 3698 δὲ
1855 3643 1924 3696 δι’

352 3728 587 3800 ἄσκησιν
639 3728 904 3800 ἀπέχεται
954 3730 1184 3794 τούτων,
1239 3734 1746 3804 συγγνωσθήσεται.
1814 3736 1926 3789 Καὶ

353 3820 629 3889 ἀνάγνωθι
681 3821 783 3891 τὴν
846 3823 927 3885 εἰς
966 3821 1061 3875 τὸν
1114 3820 1196 3875 να⁹
1233 3824 1432 3878 κανόνα
1482 3826 1801 3897 ἑρμηνείαν,
1833 3829 1930 3881 κα)⁸

355 3910 444 3964 τὸν
489 3910 555 3966 ιδ’
610 3912 811 3965 κανόνα
863 3914 961 3983 τῆς
1008 3914 1066 3966 ὲν
1116 3911 1362 3987 Ἀγκύρᾳ
1412 3917 1657 3971 συνόδου.
1721 3920 1929 3984 Actiqu

360 4003 547 4073 μέντοι
572 4002 717 4057 οὓτω
744 4002 1025 4073 νηστεύων
1043 4004 1233 4068 κακῶς
1256 4006 1395 4078 (77),
1424 4007 1522 4061 καὶ
1549 4010 1764 4065 πενθῶν
1791 4013 1930 4081 μετὰ

358 4099 466 4152 τῶν
494 4096 927 4169 Μαρκιανιστῶν
972 4098 1293 4168 αἱρετικῶν,
1325 4100 1679 4172 ἀφορίζεται,
1707 4104 1851 4158 κατὰ
1873 4105 1933 4159 τὸ

359 4190 508 4255 τέλος
539 4188 637 4242 τοῦ
672 4195 751 4242 va’
782 4189 1028 4252 κανόνος.

427 4282 675 4338 ΖΩΝΑΡ.
730 4281 1127 4335 Κεκανόνισται
1171 4281 1231 4337 ὲν
1276 4285 1391 4348 τοῖς
1447 4284 1748 4350 Σασὸἀτοις
1804 4287 1933 4344 ἄνευ

362 4376 477 4439 ἑνὸς
500 4373 602 4427 τοῦ
650 4373 912 4443 μεγάλου,
941 4375 1034 4427 καὶ
1062 4375 1120 4427 ὲν
1164 4376 1282 4437 ταῖς
1335 4376 1647 4446 Κυριακαῖς
1691 4381 1784 4432 καὶ
1814 4383 1935 4446 ταῖς

362 4467 712 4538 ἑορτασίμοις
768 4467 1004 4537 ἡμέραις
1038 4465 1113 4538 μὴ
1135 4468 1436 4535 νηστεύειν.
1506 4468 1664 4523 Ἀλλὰ
1689 4471 1936 4544 διάφοροι

2019 3374 2251 3445 jejunat,
2284 3371 2549 3442 siquidem
2579 3376 2638 3423 ut
2666 3384 2728 3424 ea
2755 3382 2872 3435 qua!
2901 3367 3056 3422 nobis
3097 3383 3126 3422 a
3165 3367 3277 3421 Deo
3324 3368 3375 3419 in
3416 3366 3609 3421 cibum-

2024 3470 2149 3524 data
2192 3474 2321 3522 sunt
2382 3463 2722 3526 abhorrens,
2768 3469 2821 3514 et
2862 3460 2992 3514 hinc
3040 3459 3237 3528 populo
3286 3456 3599 3513 oﬂ‘ensionis

2026 3562 2247 3616 causam
2289 3558 2556 3627 praebens,
2592 3552 2899 3622 deponitur,
2931 3551 2975 3605 si
3014 3550 3082 3604 sit
3111 3549 3360 3604 videlicet
3393 3548 3603 3616 episco-

2027 3667 2148 3723 pus,
2187 3648 2270 3705 vel
2297 3648 2599 3718 presbyter,
2632 3645 2713 3698 vel
2744 3643 3027 3697 diaconus.
3062 3641 3154 3695 Sin
3174 3651 3352 3695 autem
3377 3650 3597 3709 propter

2028 3740 2467 3800 exercitationem
2501 3738 2568 3792 ab
2596 3737 2675 3792 eis
2704 3736 2993 3797 abstineat,
3035 3733 3081 3787 ei
3107 3733 3432 3803 ignoscetur.
3460 3728 3600 3799 Lege

2028 3834 2257 3892 canonis
2281 3833 2343 3888 51
2379 3828 2797 3899 expositionem,
2843 3835 2898 3882 et
2943 3825 3010 3880 M
3054 3839 3174 3879 can.
3225 3838 3346 3895 syn.
3392 3822 3595 3892 Ancyr.

2033 3928 2227 3983 Laicus
2265 3937 2388 3979 vero
2419 3921 2509 3991 qui
2536 3920 2613 3976 sic
2647 3919 2785 3974 male
2809 3917 3060 3988 jejunat,
3112 3924 3166 3972 et
3211 3929 3331 3970 cum
3377 3911 3606 3968 Marcio-

2033 4022 2188 4078 nisti‘s
2218 4016 2487 4074 haereticis
2516 4016 2703 4083 luget,
2758 4024 3116 4083 segregatur,
3175 4018 3233 4063 ut
3282 4008 3336 4062 in
3384 4008 3492 4064 tiae
3538 4005 3612 4061 51.

2034 4129 2095 4171 ca
2105 4126 2281 4168 nonis.

2107 4287 2362 4345 ZONAR.
2393 4284 2704 4342 Canonibus
2733 4282 3036 4337 institutum
3074 4281 3192 4347 fuit,
3226 4290 3283 4335 ut
3324 4281 3375 4334 in
3404 4278 3617 4334 Subba-

2038 4385 2106 4441 tis
2141 4387 2285 4452 (uno
2307 4394 2502 4451 magno
2530 4376 2873 4447 excepto)et
2906 4376 2958 4429 in
2991 4374 3318 4439 Dominicis,
3345 4384 3400 4429 et
3440 4373 3491 4427 in
3528 4373 3611 4427 fe-

2039 4478 2193 4533 stivis
2242 4468 2430 4529 diebus
2485 4486 2590 4525 non
2647 4468 3007 4540 jejunaretnr.
3060 4467 3312 4521 Attamen
3368 4465 3625 4523 nonnulli

362 4561 465 4614 τῶν
498 4562 677 4629 ἁγίων
709 4559 988 4632 Πατέρων.
1022 4562 1079 4613 ὲν
1110 4560 1245 4615 δέκα
1295 4562 1459 4630 τυχὸν
1506 4563 1743 4634 ἡμέραις
1782 4565 1814 4636 ἢ
1852 4566 1917 4620 εἴα

2037 4579 2343 4626 sanctorum
2371 4565 2592 4620 Patrum
2623 4563 2676 4618 in
2706 4560 2891 4616 decem
2921 4560 3057 4615 forte
3081 4559 3269 4614 diebus
3305 4557 3388 4612 vel
3443 4558 3609 4613 etiam

362 4672 504 4720 κοσι,
538 4653 880 4708 καὶτούτων
931 4653 1212 4718 ἐπέκεινα,
1278 4654 1494 4723 ἢσθιον·
1553 4657 1699 4720 τινὲς
1750 4658 1932 4713 δὲκαὶ

363 4749 487 4817 ἄχρι
519 4747 633 4802 τῶν
677 4746 1086 4815 τεσσαράκοντα
1138 4747 1238 4816 τὴν
1280 4748 1541 4817 νηστείαν
1593 4750 1934 4819 παρέτεινον.

364 4841 577 4910 Ὥσπερ
608 4839 701 4894 οὖν
742 4839 805 4892 οὐ
846 4838 1210 4910 παραῦαίνειν
1261 4840 1464 4893 ἐκεῖνοι
1518 4842 1644 4905 τοὺς
1703 4843 1938 4909 κανόνας

366 4933 665 5005 ἐκρίνοντο,
709 4935 767 4985 ἐν
818 4931 1123 4995 Σαδδὰτοις
1178 4930 1556 5001 νηστεύοντες,
1615 4924 1791 4998 οὕτως
1827 4936 1943 4991 οὐδ’

366 5028 418 5079 εί
440 5046 527 5092 τις
552 5028 610 5079 ὲν
643 5026 980 5098 ὡρισμέναις
1002 5024 1234 5095 ἡμέραις
1269 5024 1444 5079 ἐθέλει
1481 5026 1935 5096 ὲγκρατεύεσθαι,

368 5122 461 5174 καὶ
523 5122 611 5175 διὰ
656 5121 833 5173 τόσων
882 5119 1109 5182 ἐσθίειν,
1151 5118 1257 5171 κᾶν
1311 5118 1590 5172 Σάδδατον
1648 5121 1707 5172 ὲν
1749 5122 1938 5187 αὑταῖς

371 5216 758 5285 παρεμπίπτῃ,
790 5212 896 5267 κᾶν
926 5211 1062 5280 ἄλλη
1116 5208 1301 5281 ἡμέρα
1333 5227 1416 5272 τις
1462 5210 1811 5283 ἑορτάσιμος.
1866 5214 1942 5278 ὡς

371 5309 699 5381 πιραὸἀτης
749 5306 858 5359 τῶν
909 5303 1149 5357 κανόνων
1206 5300 1548 5372 κριθήσεται.
1605 5302 1666 5355 El
1711 5302 1767 5357 δὲ
1801 5302 1941 5359 αὑτὰ

443 5492 486 5524 ⁸⁸
518 5490 666 5549 Psal.
693 5508 827 5560 svtt,
861 5493 953 5549 20.

2041 4662 2230 4734 viginti
2259 4702 2274 4727 ,
2307 4659 2558 4729 ultraque
2592 4657 2710 4711 dies
2756 4656 2892 4711 istos
2920 4695 2934 4722 ,
2986 4669 3089 4708 non
3133 4652 3509 4707 comedebant.
3547 4651 3617 4705 Et

2039 4754 2202 4810 etiam
2231 4752 2447 4821 quidam
2475 4750 2539 4803 ad
2566 4748 2680 4802 dies
2716 4760 2887 4815 usque
2937 4744 3297 4815 quadraginta
3348 4744 3613 4813 jejuniqu

2041 4844 2455 4916 protendebant.
2493 4838 2962 4907 Quemadmodum
2994 4836 3158 4908 igitur
3186 4835 3236 4889 in
3267 4837 3511 4891 sabbatis
3546 4834 3619 4888 illi

2037 4939 2343 5009 jejunantes
2373 4932 2678 5003 transgredi
2725 4946 2961 4986 canones
3016 4946 3120 4984 non
3175 4928 3563 4998 iudicabantur
3603 4947 3617 4983 :

2045 5029 2124 5083 sic
2178 5038 2372 5095 neque,
2427 5024 2470 5077 si
2509 5022 2633 5091 quis
2694 5034 2788 5089 per
2816 5029 2997 5075 certos
3024 5021 3285 5090 quosdam
3341 5019 3454 5073 dies
3494 5017 3622 5074 velit

2049 5117 2343 5181 abstinere,
2374 5122 2428 5170 et
2461 5128 2558 5179 per
2586 5111 2806 5166 totidem
2837 5112 3141 5177 comedere,
3169 5111 3283 5166 sive
3315 5109 3616 5164 Sabbatum

2050 5210 2105 5265 in
2138 5211 2283 5280 ipsos
2312 5205 2584 5270 inciderit,
2616 5205 2731 5259 sive
2758 5204 2895 5259 alius
2928 5204 3043 5259 dies
3070 5202 3620 5270 festus,judicahitur

2051 5312 2110 5359 ut
2140 5315 2406 5358 canonum
2444 5308 2832 5369 transgressor.
2868 5295 2923 5353 Si
2954 5311 3081 5353 vero
3108 5297 3160 5352 iu
3212 5295 3461 5352 Sabbatis
3488 5310 3621 5367 qua-

1605 5559 1794 5624 Guill.
1838 5559 2160 5640 Beveregii
2202 5566 2390 5625 notua.

445 5686 564 5760 (τι)
594 5689 923 5756 Νηστεύων
970 5691 1186 5758 κακῶς.
1220 5690 1468 5760 Reliqua,
1494 5705 1667 5758 uSque
1704 5691 1769 5743 ad
1806 5690 1942 5760 ἀφο-

378 5756 595 5879 ρίζεται
630 5760 923 5825 exclusive,
964 5776 1030 5817 ex
1086 5756 1189 5816 ms.
1242 5756 1536 5817 Bodleiano
1580 5756 1937 5815 restitnintus.

434 5828 757 5879 arcionistas
812 5841 991 5879 autem
1030 5832 1115 5879 hic
1142 5832 1355 5879 citatos-
1399 5833 1563 5879 etiam
1603 5831 1841 5879 Salilmm
1868 5830 1937 5879 ie-

434 5830 757 5888 arcionistas
812 5841 991 5888 autem
1030 5832 1115 5889 hic
1142 5832 1357 5900 citatos,
1399 5833 1563 5889 etiam
1603 5831 1841 5888 Sabbuto
1868 5830 1941 5888 ie-

2048 5689 2290 5760 junasse,
2344 5689 2499 5745 testis
2545 5699 2630 5744 est
2679 5684 3014 5760 Epiphanius
3061 5685 3193 5741 liter.
3238 5682 3331 5749 42,
3382 5696 3501 5753 par.
3532 5693 3635 5746 ιιι..

2054 5755 2183 5819 tom.
2223 5762 2261 5829 Ι,
2294 5776 2418 5834 pag.
2455 5760 2583 5829 σοι,
2618 5755 2942 5831 Operchit.
2971 5755 3155 5810 l‘etav.
