4054 6494
247 358 350 429 157

1482 370 1562 429 1N
1597 367 1762 430 CAN.
1825 371 1927 430 LX
1978 370 2232 434 APOS'l‘.

3404 373 3504 440 i538

247 480 477 534 σκεσθαι
515 480 580 534 τά
619 479 728 533 τῶν
760 479 976 535 ἀσεϐῶν
1012 479 1210 552 βιϐλία,
1243 482 1382 536 ἀλλά
1424 485 1555 554 πυρὶ
1593 483 1826 553 παραδί-

1937 485 2216 554 impiorum
2250 485 2437 551 libros,
2466 486 2562 542 sed
2595 487 2704 557 lgnl
2741 489 3047 542 tradendos.
3100 487 3288 554 Quaere
3340 491 3503 544 etiam

243 574 450 630 δοσθαι.
513 575 625 629 Καὶ
671 575 825 647 ζήτει
867 576 1044 628 τίτλον
1103 574 1169 646 ιβ’
1227 576 1322 630 τοῦ
1377 577 1644 646 παρόντος
1695 595 1824 629 συν-

246 669 554 735 τάγματος,
585 668 886 735 κεφαλαίου
926 667 974 736 γ’
1021 670 1116 722 καὶ
1154 670 1223 722 τά
1266 671 1322 722 ὲν
1364 669 1535 738 αὐτῷ.
1581 669 1734 721 Ἐπεὶ
1769 670 1824 721 δέ

244 779 391 823 τινες
424 761 722 813 ἐνόθευσαν
760 761 955 830 εύσεϐἦ
991 762 1423 833 συγγράμματα,
1467 762 1499 832 ἢ
1544 763 1637 815 καὶ
1667 762 1826 832 ὀρθο-

247 853 418 915 δόξων
477 851 722 921 ὀνόματα
773 855 830 904 ὲν
865 853 988 920 ὕφει
1024 855 1318 925 ὲτεροδόξῳ
1371 853 1702 918 τεθείκασιν,
1752 854 1826 916 ὼς

241 945 270 995 ὁ
306 943 594 1012 αἱρετικδς
637 945 847 1005 ἐκεῖνος
893 944 1175 1012 Πάμφιλος
1233 944 1481 1012 ἐποίησε,
1541 942 1828 1009 θεολογικά

241 1036 351 1105 ἔπη
412 1037 617 1105 χρυσᾶ,
669 1036 768 1098 τὰς
800 1037 1084 1104 αίρετικάς
1131 1036 1442 1105 φληναφίας
1483 1033 1576 1087 τοῦ
1613 1036 1828 1103 Χρυσο-

246 1125 454 1194 μάλλου
489 1125 602 1197 (8C)
638 1127 1042 1195 κατονομὰσας,
1073 1128 1166 1181 καὶ
1196 1127 1336 1180 οὕτω
1366 1128 1490 1190 τοὺς
1524 1125 1826 1179 όιπλουστέ⁴

247 1235 376 1286 ρους
420 1218 699 1288 πλανήσας
735 1235 750 1250 ⁶
809 1219 1102 1290 διορίζεται
1133 1220 1160 1272 ὁ
1211 1219 1388 1272 κανὼν
1442 1217 1828 1287 καθαιρεῖσθαι

245 1309 338 1362 τὸν
364 1309 594 1362 τοιαῦτα
631 1308 888 1363 τελοῦντα
931 1310 1227 1380 ίερωμένον
1262 1311 1355 1363 ἐπὶ
1382 1309 1531 1380 λύμῃ
1559 1309 1650 1361 τοῦ
1676 1307 1831 1362 λαοῦ.

248 1402 419 1469 Ζὴτει
448 1403 544 1453 καὶ
596 1402 688 1453 τὸν
739 1402 1047 1456 τελευταῖον
1080 1402 1440 1456 ἀποστολικδν
1489 1400 1689 1455 κανόνα
1739 1401 1836 1453 καὶ

249 1497 374 1556 τοὺς
424 1495 702 1564 ἡρωϊκοὺς
764 1495 982 1565 στίχους
1029 1496 1128 1548 τοῦ·
1184 1497 1340 1563 ἁγίου
1390 1496 1427 1547 Γ
1432 1494 1693 1566 ρηγορίου
1737 1491 1831 1545 τοῦ

247 1586 511 1653 Θεολόγου
557 1587 656 1639 καὶ
702 1587 800 1655 τῆς
833 1588 891 1640 ἐν
914 1587 988 1656 τῷ
1012 1587 1264 1656 Τρούλλῳ
1291 1586 1509 1639 συνόδου
1532 1587 1733 1638 κανόνα
1752 1585 1830 1652 ξγ¹

248 1675 343 1728 καὶ
379 1675 561 1746 μάθῃς
590 1677 718 1728 ποῖα
754 1675 934 1745 βιϐλία
960 1677 1266 1743 ὀφείλουσιν
1291 1675 1394 1729 ὑπὸ
1407 1675 1514 1730 τῶν
1531 1675 1831 1746 ὀρθοδόξων

246 1768 718 1836 ἀναγινώσκεσθαι
754 1786 768 1800 ο
824 1771 850 1822 ὁ
883 1768 1037 1837 ἆγιος
1070 1769 1416 1838 ’Λμφιλόχιος
1450 1768 1587 1838 (87),
1625 1767 1836 1836 όᾶγιος

258 1860 597 1926 Ἀθανάσιος,
630 1863 723 1914 καὶ
781 1861 814 1930 ἡ
863 1862 921 1914 ὲν
956 1860 1282 1932 Καρθαγένῃ
1320 1860 1558 1923 σύνοδῖις.

318 1955 566 2008 ZQNAP.
605 1954 781 2007 Ιίολλά
817 1953 996 2024 βιϐλία
1027 1955 1179 2024 παρὰ
1219 1955 1328 2006 τῶν
1369 1953 1585 2007 ἀσεϐῶν
1613 1950 1832 2004 ὲνοθεύ-

250 2047 425 2117 θησαν
476 2049 554 2110 εἰς
589 2046 796 2116 βλάϐην
846 2047 955 2099 τῶν
1008 2047 1451 2116 ἁπλουστέρωντ
1501 2044 1688 2116 ὥσπερ
1740 2043 1836 2096 καί

249 2141 307 2191 αἱ
339 2140 426 2192 διὰ
465 2139 561 2192 τοῦ
594 2140 751 2206 ἁγίου
791 2139 1109 2208 Κλήμεντος
1136 2127 1433 2209 γραφεῖσαι
1461 2138 1574 2200 τοῖς
1609 2135 1832 2190 ἐπισκό-

247 2249 370 2294 ποις
399 2231 756 2285 ἀποστολικαὶ
787 2231 1064 2299 διαταγαὶ,
1102 2229 1160 2284 αἶ
1200 2230 1290 2284 διὸ.
1319 2230 1478 2282 τοῦτο
1506 2231 1599 2283 καὶ
1626 2228 1835 2280 συνοδι-

247 2323 359 2386 κώς
391 2321 803 2392 ἀπεϐλήθησαν.
864 2322 1001 2375 Τινά
1041 2321 1099 2374 δὲ
1143 2322 1238 2376 καὶ
1281 2320 1456 2373 διόλου
1517 2321 1647 2388 παρ’
1686 2318 1834 2371 ὲκεί-

247 2433 356 2468 νων
406 2415 778 2470 συντέθεινται
828 2415 1045 2485 ψευδεῖς
1101 2415 1419 2484 ἐπιγραφὰς
1485 2413 1701 2483 ἔχοντα,
1758 2413 1835 2474 ὼς

249 2508 406 2576 παρά
441 2507 700 2577 Πατέρων
760 2508 930 2575 ἁγίων
959 2506 1463 2577 συγγεγραμμέναο
1512 2506 1580 2558 τὰ
1627 2504 1684 2557 δὲ
1740 2503 1836 2557 καὶ

248 2600 555 2670 ἀπόκρυφα
596 2599 930 2670 καλούμενα.
964 2599 1151 2653 Ταῦτα
1172 2599 1352 2652 τοίνυν
1379 2597 1665 2666 ἀπόϐλητα
1695 2593 1834 2650 εἶναι

247 2693 467 2747 κελεύει
494 2695 521 2747 ὁ
547 2693 749 2757 κανὼν,
779 2695 873 2744 καὶ
903 2693 984 2755 είς
1008 2693 1315 2758 ἀνάγνωσιν
1345 2689 1420 2761 μὴ
1451 2688 1833 2759 προτίθεσθαι.

250 2786 311 2837 ΕΞ
341 2785 400 2839 δέ
437 2803 520 2848 τις
551 2785 784 2856 δημοσία
819 2783 994 2836 ταῦτα
1028 2783 1322 2853 προσάγει,
1372 2783 1469 2835 καὶ
1514 2779 1600 2832 ἐπ’
1629 2778 1835 2850 ἐκκλη-

249 2875 373 2938 σίας
397 2875 800 2944 ἀναγινώσκειν
820 2876 1099 2945 πειρᾶται,
1124 2874 1336 2939 τοῦτον,
1364 2873 1664 2944 ἱερωμένον
1683 2873 1835 2938 ὄντα,

249 2953 628 3038 καθαιρέσεως
653 2967 798 3030 ἀξιοῖ
823 2983 836 2996 °
866 2967 934 3020 τὰ
969 2966 1021 3019 δὲ
1051 2966 1528 3034 ἀναγινώσκεσθαι
1553 2964 1839 3033 ὀςείλοντα

252 3061 438 3131 βιϐλία
485 3061 587 3128 τῆς
623 3061 859 3124 παλαῖας
896 3061 990 3114 καὶ
1036 3061 1136 3129 τῆς
1189 3061 1314 3122 νέας
1359 3061 1399 3113 Γ
1405 3061 1580 3130 ραφῆς
1634 3058 1839 3128 ἀπηρί-

250 3154 495 3223 θμηνται
523 3150 792 3221 ἀκριϐῶςο
841 3152 1103 3221 πρότερον
1166 3150 1263 3221 μὲν
1304 3152 1362 3204 ὲν
1407 3150 1486 3221 τῷ
1541 3149 1839 3219 τελευταίῳ

253 3247 442 3299 κανόνι
487 3244 595 3296 τῶν
629 3243 1000 3298 ἀποστολικῶν
1046 3248 1253 3298 τούτων
1311 3245 1612 3312 διατάξεων
1641 3285 1658 3309 ,
1715 3240 1836 3298 εἶτα
1865 3235 1910 3295 C

255 3339 348 3389 καὶ
408 3337 488 3406 τῷ
548 3337 769 3407 μεγάλῳ
841 3335 1169 3405 Ἀθανασίῳ,
1200 3336 1295 3392 καὶ
1329 3336 1406 3407 τῷ
1470 3337 1692 3407 μεγάλῳ
1739 3338 1835 3390 καὶ

259 3427 559 3498 σοφωτάτῳ
597 3428 775 3498 Πατρὶ⁵
829 3428 1119 3498 Γρηγορίῳ
1165 3427 1246 3498 τῷ
1292 3429 1563 3498 Θεολόγῳ,
1615 3429 1710 3481 καὶ
1758 3426 1836 3497 τῷ

260 3518 404 3586 ἁγίῳ
434 3517 788 3589 Ἀμφιλοχίῳ,
818 3519 914 3571 καὶ⁴
940 3520 1278 3591 ἀμφοτέροις
1296 3519 1504 3583 τούτοις
1524 3521 1835 3590 ἐμμέτρως·

263 3615 359 3664 καὶ
395 3614 464 3682 τῇ
487 3612 543 3663 ὲν
570 3612 899 3683 Καρθαγένῃ
925 3613 1156 3682 συνόδῳ.
1203 3612 1266 3665 Ἦ
1299 3613 1355 3665 δὲ
1400 3613 1670 3682 λεγομένη
1703 3613 1839 3684 ’ἐκτη

260 3703 480 3759 σύνοδος
511 3702 545 3771 ἢ
591 3702 648 3754 ὲν
699 3702 778 3772 τῷ
804 3701 1060 3774 Τρούλλῳ
1092 3703 1256 3773 ὲν.τῷ
1299 3703 1377 3771 ξγ⁹
1427 3703 1616 3757 κανόνι
1664 3704 1836 3773 αὐτῆς

257 3797 354 3849 καὶ
382 3794 546 3848 τοῦτό
576 3812 709 3864 φησι
738 3811 754 3828 ο
781 3795 862 3848 Τά
889 3795 1100 3865 ψευδῶς
1138 3797 1243 3849 ὑπὸ
1294 3797 1403 3849 τῶν
1437 3797 1538 3866 τῆς
1579 3797 1838 3868 ἀληθείας

256 3882 477 3953 ἐχθρῶν
526 3882 946 3952 συμπλασθέντα
995 3885 1421 3955 μαρτυρολόγια,
1472 3887 1550 3949 ὡς
1602 3886 1668 3939 ἂν
1715 3888 1840 3950 τοὺς

255 3974 353 4028 τοῦ
409 3974 649 4044 Χριστοῦ
705 3975 986 4045 μάρτυρας
1016 3976 1340 4046 ἀτιμάζοιεν
1392 3978 1486 4030 καὶ
1519 3977 1656 4047 πρὸς
1703 3980 1839 4032 ἀπι-

259 4069 418 4121 στίαν
442 4069 688 4136 ὲνὰγοιεν
713 4067 837 4128 τοὺς
860 4067 1180 4130 ἀκούοντας,
1207 4068 1281 4138 μὴ
1302 4067 1841 4138 δημοσιευέσθωσαν,

257 4161 398 4215 ἀλλὰ
420 4162 560 4230 πυρὶ
582 4159 1075 4230 παραδιδόσθωσαν.
1104 4161 1241 4224 Τοὺς
1265 4160 1324 4214 δὲ
1346 4160 1842 4230 παραδεχομένους,

259 4253 383 4322 ﬁdi;
405 4251 847 4322 ἀληθέσιτούτοις
870 4251 1324 4322 προσανέχοντας,
1351 4253 1843 4320 ἀναθεματίζομεν.

259 4344 487 4399 ΔΡιΣΤ.
519 4344 582 4396 '0
634 4342 894 4409 ἀσεϐοῦς
923 4344 1145 4407 βίϐλον
1185 4342 1602 4412 ἐκκλησιάζων
1636 4345 1842 4397 καθαι-

963 4435 1171 4504 ρεῖται.

353 4526 412 4582 '0
457 4527 545 4580 ἐπ’
586 4526 883 4596 ἐκκλησίας
929 4527 1320 4596 ἀναγινώσκων
1350 4525 1419 4581 τά
1468 4526 1578 4581 τῶν
1625 4525 1840 4581 ἀσεϐῶν

263 4621 450 4691 βιϐλία
481 4623 559 4684 ὡς
589 4623 720 4690 ἆγια
746 4620 1138 4692 καθαιρείσθω.

1937 579 2003 632 l2
2053 580 2136 633 tit.
2175 580 2454 647 pratscntis
2491 581 2689 649 operis,
2730 596 2849 650 cap.
2879 581 3504 649 3,0tqua2inipsosunt.

1933 670 2068 736 Quia
2121 679 2296 724 autem
2354 671 2593 724 nonnulli
2664 671 2749 738 pia
2810 674 3005 740 scripta
3039 671 3503 735 adulteraverunt,

1936 760 2018 812 Vel
2050 761 2213 813 etiam
2257 761 2680 814 orthodoxorum
2739 761 2954 813 nomina
3002 777 3191 813 eorum
3225 760 3316 828 qui
3370 765 3506 813 male

1933 851 2170 903 sentiunt
2227 851 2445 917 scriptis
2515 860 2898 919 apposuernnt,
2954 861 3008 903 ut
3062 850 3346 904 haereticus
3420 850 3508 903 ille

1935 942 2059 996 fecit
2087 941 2416 1008 Pamphilus,
2449 943 2537 1010 qni
2569 957 2734 995 aurea
2786 942 3085 1011 theologica
3140 943 3280 995 dicta
3337 957 3506 1011 nugas

1932 1035 2217 1090 hzereticas
2252 1035 2611 1106 Chrysomalli
2647 1034 2954 1103 appellavit,
2987 1044 3042 1088 et
3088 1034 3158 1087 ita
3209 1033 3508 1102 simplicio-

1934 1143 2021 1182 res
2049 1128 2281 1195 dec-epit,
2331 1127 2569 1180 decernit
2620 1142 2789 1180 canon
2820 1127 3154 1179 sacerdotem
3191 1141 3310 1179 esse
3343 1125 3510 1194 depo-

1936 1219 2195 1279 nendum,
2226 1220 2314 1287 qui
2346 1217 2445 1270 hoc
2469 1219 2629 1270 audet
2660 1220 2710 1269 in
2741 1217 2916 1284 populi
2951 1216 3266 1284 perniciem.
3317 1216 3511 1280 Quaero

1935 1311 2097 1364 etiam
2134 1310 2380 1362 nltimunt
2431 1325 2691 1364 canoneut
2725 1310 3106 1375 apostolicum,
3157 1317 3211 1361 et
3262 1308 3512 1360 heroicos

1939 1417 2127 1455 versus
2179 1401 2351 1456 sancti
2387 1401 2631 1470 Gregorii
2670 1401 2949 1469 Theologi,
2983 1412 3035 1453 et
3071 1415 3191 1470 syn.
3226 1399 3279 1452 in
3325 1397 3511 1453 Trnllo

1938 1507 2200 1546 canonetn
2239 1493 2404 1558 6'5,et
2438 1496 2576 1546 scies
2625 1493 2843 1561 quinam
2897 1493 3017 1547 libri
3069 1492 3168 1560 legi
3204 1491 3399 1544 debent
3443 1490 3512 1542 ab

1938 1584 2273 1638 orthodoxis.
2311 1584 2542 1638 Sanctus
2573 1586 3008 1652 Amphilochius,
3067 1595 3289 1637 sanctus
3340 1581 3514 1635 Atha-

1949 1675 2134 1730 nasius
2171 1685 2222 1730 et
2252 1675 2700 1746 cal'lllilglllCIISlS
2735 1676 2974 1747 synodus

1867 1895 1912 1949 Β
2007 1896 2262 1953 ZONAR.
2326 1898 2405 1951 Ab
2473 1899 2652 1966 impiis
2720 1896 3030 1950 hominibus
3079 1895 3338 1963 suppositi
3391 1895 3512 1950 libri

1934 1992 2083 2045 tnnlti
2136 1991 2352 2063 l‘ueynnt
2408 1991 2459 2043 in
2509 1989 2803 2059 perniciem
2858 1988 3273 2054 simpliciorum.
3337 1984 3513 2041 Veluti

1935 2094 2064 2137 81ml
2129 2083 2401 2151 cpiscoltis
2466 2099 2560 2151 per
2617 2090 2862 2134 sanctum
2911 2079 3241 2134 Clementem
3298 2077 3517 2145 scripta:

1936 2175 2244 2242 apostolicze
2293 2173 2731 2235 constitutiones,
2792 2187 2909 2240 qnte
2941 2181 3225 2239 propterea
3257 2169 3517 2238 synodico

1938 2267 2148 2336 reiecta:
2181 2277 2326 2320 sunt.
2367 2266 2446 2319 Ab
2475 2266 2578 2319 illis
2612 2280 2830 2334 quoque
2859 2274 2981 2317 sunt
3013 2261 3234 2314 omnino
3266 2260 3514 2328 quaedam

1936 2358 2256 2426 composita,
2287 2357 2451 2413 falsas
2478 2357 2859 2426 inscriptiones
2886 2353 3160 2417 habentia”,
3195 2353 3418 2421 perinde
3450 2365 3515 2406 ac

1936 2451 1980 2506 si
2003 2450 2181 2504 forent
2214 2464 2242 2502 a
2272 2449 2475 2503 sanctis
2499 2448 2748 2504 Patrihus
2769 2446 3107 2513 codscripta.
3135 2453 3256 2498 sunt
3283 2449 3336 2496 et
3369 2457 3517 2511 qum-

1936 2540 2060 2596 dam
2119 2551 2425 2610 nuncupata
2475 2540 2797 2611 apocrypha.
2880 2539 3063 2591 Canon
3117 2545 3302 2591 censet
3351 2535 3516 2603 igitur

1939 2631 2053 2686 hinc
2084 2645 2203 2686 esse
2234 2630 2548 2698 rejicicnda,
2581 2647 2678 2684 nec
2709 2629 2775 2683 ad
2826 2629 3110 2683 lectionem
3138 2627 3516 2696 proponenda.

1938 2722 2168 2790 Quodsi
2204 2727 2327 2793 quis
2385 2725 2498 2777 lucc
2549 2722 2762 2791 publice
2796 2720 3020 2791 profert,
3073 2719 3126 2772 in
3181 2717 3518 2785 ecclesiarum

1937 2813 2118 2884 legere
2140 2825 2392 2879 conatur,
2425 2815 2564 2868 hunc
2587 2814 2752 2867 etiam
2777 2821 3150 2867 eopsecratutn
3186 2811 3514 2874 ministrum,

1937 2907 2158 2977 dignum
2191 2906 2526 2976 depositione
2554 2913 2756 2960 censet.
2794 2905 2938 2959 Libri
2977 2919 3104 2958 vero
3140 2913 3247 2955 tam
3281 2902 3513 2966 veteris,

1939 3007 2099 3062 quam
2152 3008 2303 3047 novae
2353 2993 2669 3060 Scriptum,
2723 2993 2814 3062 qui
2868 2993 2966 3062 legi
3021 2992 3275 3057 debeant,
3327 2999 3516 3045 exacte

1939 3094 2065 3140 sunt
2094 3085 2414 3140 enumerati.
2447 3084 2688 3139 Primum
2721 3085 2960 3154 quidem,
2993 3084 3043 3136 in
3083 3084 3275 3137 ultimo
3305 3097 3515 3136 canone

1942 3176 2166 3229 istarum
2250 3175 2666 3244 apostolicarum
2753 3174 3220 3228 constitutionum.
3318 3172 3516 3226 Deinde

1941 3266 2106 3321 etiam
2143 3281 2170 3318 a
2208 3279 2406 3333 magno
2439 3264 2756 3329 Athanasio,
2789 3273 2844 3318 et
2873 3277 2904 3317 a
2933 3275 3127 3331 mag-no
3173 3262 3516 3331 sapientissi-

1940 3373 2136 3427 moque
2191 3365 2354 3428 patre
2394 3357 2657 3426 Gregorio
2682 3355 2978 3425 Theologo,
3011 3353 3065 3409 et
3094 3371 3120 3407 a
3173 3365 3363 3408 sancto
3391 3355 3516 3406 Am-

1940 3452 2234 3522 philochia,
2266 3460 2320 3505 et
2346 3451 2412 3505 ab
2443 3451 2528 3506 his
2559 3451 2769 3519 quidem
2818 3449 3026 3503 duobus
3075 3448 3319 3502 metrice.
3366 3444 3432 3498 Et
3463 3445 3517 3499 in

1945 3545 2149 3617 synodo
2200 3542 2637 3613 Carthaginensi.
2688 3541 2979 3596 Nominata
3013 3555 3140 3595 vero
3177 3550 3328 3596 sexta
3357 3553 3512 3609 syno-

1949 3637 2049 3692 dus
2075 3637 2126 3690 in
2157 3635 2363 3703 Trullo,
2395 3636 2448 3689 in
2495 3635 2836 3705 sexagesimo
2884 3633 3047 3688 tertio
3094 3644 3302 3688 canone
3351 3629 3522 3697 ipsius

1943 3729 2131 3784 ethoc
2160 3729 2334 3783 dicit:
2369 3727 2500 3792 Quae
2526 3735 2653 3781 sunt
2697 3728 2764 3779 ab
2812 3724 3047 3778 inimicis
3093 3723 3338 3776 veritatis
3384 3720 3522 3774 falso

1943 3821 2176 3876 conﬁcta
2201 3819 2603 3893 Martyrologia,
2659 3828 2718 3871 ut
2748 3817 2949 3871 Christi
2989 3825 3256 3884 martyres
3287 3813 3519 3885 ignomi-

1944 3913 2033 3967 nia
2066 3912 2290 3981 turpiter
2309 3909 2601 3974 aﬂicerent,
2626 3919 2681 3963 et
2706 3909 2985 3961 audientes
3005 3907 3325 3961 inducerent
3351 3906 3413 3959 ad
3437 3905 3522 3958 in-

1944 4003 2334 4067 credulitatem,
2362 4017 2430 4056 ne
2448 4001 2809 4071 publicentur,
2825 3999 3047 4071 m'sed
3068 4000 3173 4068 igni
3207 3997 3515 4051 tradantur.

1943 4095 2314 4165 Suscipientes
2340 4103 2542 4156 autem,
2579 4094 2663 4145 vel
2713 4092 2816 4155 his,
2853 4097 3107 4159 tanquam
3138 4090 3304 4151 veris,
3358 4098 3516 4142 men-

1945 4199 2058 4245 tem-
2093 4188 2430 4251 adhibentes,
2481 4186 3001 4239 anathematizamus

1942 4343 2171 4401 ARIST.
2232 4339 2337 4406 Qui
2389 4340 2537 4410 impii
2590 4339 2780 4393 librum
2839 4343 2903 4396 'in
2991 4340 3220 4394 ecclesia
3282 4336 3515 4408 publicat

2594 4433 2892 4502 deponitur.

2020 4529 2121 4597 Qui
2157 4528 2212 4582 in
2244 4525 2472 4584 ecclesia
2502 4524 2631 4596 legit
2664 4526 2953 4595 impiorum
2987 4524 3152 4578 libros
3212 4533 3270 4576 ut
3303 4531 3528 4582 sanctos

1947 4622 2269 4690 deponatur.

1491 4732 1681 4794 Guill.
1713 4730 2039 4808 B'everegii
2082 4737 2275 4794 notae.

338 4833 450 4904 (86)
485 4833 592 4886 Τοῦ
622 4829 1079 4904 χρυσομάλλου.
1114 4830 1321 4904 Joanne
1341 4829 1618 4904 Corpﬁneno
1648 4832 1824 4904 Alexii
1860 4839 1904 4894 D
1931 4830 2298 4904 stantinopoli
2358 4829 2653 4904 celebrata,
2685 4844 2805 4883 cum
2864 4827 3063 4904 scripta
3101 4827 3215 4904 haec
3237 4829 3411 4904 _iuter
3454 4843 3532 4884 see

265 4899 592 4959 successore
642 4899 958 4970 imperante,
990 4901 1381 4955 Constantinus
1425 4899 1832 4971 Chrysomallus

265 4976 472 5041 scripta
508 4973 750 5039 quaedam
805 4972 1099 5029 haresihus
1137 4973 1401 5041 scatentia
1432 4971 1654 5041 edebat,
1694 4986 1833 5039 quo-

268 5040 392 5096 rum
427 5044 528 5096 tria
570 5043 897 5111 exemplaria
940 5057 968 5094 a
997 5041 1204 5112 synodo
1231 5043 1329 5094 sub
1363 5040 1542 5095 Leone
1567 5040 1836 5095 Constan-

268 5113 634 5180 tinopolitano
660 5123 786 5166 tunc
818 5113 1074 5180 temporis
1109 5121 1317 5174 coacta,
1354 5119 1644 5180 _comperta
1685 5121 1834 5176 sunt,

269 5178 439 5235 unum
495 5182 636 5249 apud
689 5178 1284 5236 Petrumintonachntn
1347 5178 1406 5234 S.
1469 5183 1837 5249 Athenogenis

271 5252 587 5304 monasterii
636 5252 951 5320 praesident,
1037 5251 1266 5306 alterum
1337 5251 1490 5318 apud.
1548 5250 1835 5318 Georgium

277 5320 646 5389 Pamphilum,
698 5331 751 5375 et
787 5321 1010 5374 tertium
1038 5323 1176 5388 apud
1227 5321 1490 5389 quosdam
1537 5323 1837 5376 monachos

270 5394 324 5444 itt
361 5390 571 5445 Nicolai
611 5391 981 5462 monasterio,
1020 5392 1108 5456 qui
1147 5389 1215 5444 de
1248 5391 1520 5462 eo_etiam
1555 5391 1835 5462 synodum

270 5462 566 5514 certiorem
599 5461 858 5515 fecerant.
891 5460 1155 5528 Georgius
1198 5462 1297 5514 iSte
1322 5458 1658 5528 Pamphilus.
1693 5461 1834 5528 apud
1864 5517 1866 5520 ,

276 5545 439 5599 quem
486 5546 654 5584 unum
707 5532 983 5599 exemplar
1020 5532 1295 5584 inventum
1347 5540 1451 5595 est,
1488 5545 1592 5584 non
1627 5539 1833 5585 tantum

275 5599 578 5654 lizrresibus
602 5601 656 5653 in
688 5616 754 5654 eo
780 5601 988 5653 traditis
1018 5602 1130 5666 ipse
1157 5600 1535 5666 seducebatur,
1557 5615 1740 5654 verum
1759 5610 1834 5666 et,

275 5679 330 5740 nt
367 5671 505 5740 aiios
537 5686 751 5740 quoque
782 5670 1084 5733 seduceret,
1115 5670 1417 5740 "hatre'ticas
1460 5670 1614 5724 istius
1645 5685 1830 5740 nugas,

272 5738 564 5809 θεολογικᾶ
619 5739 727 5808 ἔπη
755 5741 933 5809 χρυσᾶ
970 5739 1296 5809 appellabat,
1337 5750 1392 5793 ut
1417 5756 1482 5794 ex
1516 5740 1616 5794 hoc
1645 5738 1833 5796 Balsa-

275 5808 460 5865 monis
487 5809 620 5867 loco
637 5807 867 5867 cortStat.
916 5807 1168 5880 Synodus
1199 5818 1377 5865 autem
1413 5810 1664 5881 prwdicta
1698 5812 1838 5866 Con-

1943 4900 2283 4964 contulisset,
2317 4915 2424 4954 non
2463 4901 2781 4966 ineptiarum
2809 4899 2989 4959 modo,
3021 4900 3115 4952 sed
3157 4911 3207 4953 et
3237 4898 3516 4952 hmreseon

1935 4972 2092 5042 plena
2128 4985 2270 5042 esse,
2301 4985 2369 5024 ac
2407 4969 2543 5042 ipsis
2576 4969 3054 5042 Entltusiastarum
3104 4980 3159 5024 et
3197 4968 3514 5037 Begomilo~

1933 5039 2053 5095 rum
2114 5041 2269 5094 dictis
2325 5039 2643 5093 absurdiora
2713 5040 3011 5101 continere,
3088 5054 3184 5107 pro
3237 5048 3522 5105 comperto

1936 5109 2195 5183 habebat,
2226 5125 2288 5164 ac
2324 5111 2552 5183 proinde
2572 5107 2836 5164 adversus
2858 5109 3047 5183 eadem
3071 5110 3271 5183 scripta
3296 5122 3516 5183 eorum:

1935 5196 2041 5250 que
2107 5177 2432 5250 assertores,
2468 5180 2750 5250 decretum
2777 5248 2784 5250 _
2813 5179 3075 5250 synodale
3131 5179 3346 5250 edebat,
3373 5177 3522 5250 quod

1935 5245 2115 5304 exstat
2162 5251 2303 5317 apud
2356 5248 2485 5302 Leo.
2540 5247 2720 5317 Allat.
2757 5245 3129 5303 de'Occident
3187 5256 3241 5301 ct
3303 5245 3517 5306 Orient.

1939 5319 2150 5402 Ecejes.
2175 5316 2394 5402 ,ρει-ρει.
2427 5316 2745 5402 consensi.
2779 5332 2842 5380 ll,
2869 5317 3044 5402 chll,
3077 5320 3127 5373 in
3161 5318 3337 5402 initio:

2013 5391 2124 5460 (87)
2175 5385 2239 5441 '0
2268 5385 2858 5460 ᾅγιοςᾊμφιλρχιος.
2903 5385 3026 5460 lla-c
3059 5403 3231 5460 usque
3263 5388 3328 5438 ad
3360 5385 3526 5456 hujus

1940 5457 2634 5528 interpretationis-lineur
2668 5457 2718 5511 in
2777 5459 3052 5527 impressis
3099 5457 3521 5528 desiderantur;

1939 5526 2160 5584 exstant
2191 5539 2371 5581 autem
2407 5527 2458 5580 in
2489 5542 2589 5580 ms.
2617 5526 2936 5592 Bodleiano,
2973 5538 3025 5582 et
3047 5527 3265 5598 quidem
3305 5527 3355 5579 in
3391 5526 3522 5598 ipso

1942 5608 2112 5660 textu,
2168 5598 2220 5650 itt
2254 5613 2413 5667 quem
2450 5608 2629 5649 tamen
2680 5615 2708 5667 e
2745 5601 2984 5665 margine
3023 5596 3275 5652 traducta
3328 5596 3518 5667 yiden-

1943 5679 2051 5723 tur.
2084 5665 2350 5722 Caeterum
2378 5667 2438 5722 S.
2473 5666 2886 5735 Amphilochius
2915 5671 2964 5720 in
3014 5668 3204 5722 iambis
3225 5667 3292 5720 ad
3324 5665 3520 5719 Seleu-

1943 5755 2088 5799 mm.
2127 5738 2183 5791 S.
2209 5736 2538 5792 Athanasius
2566 5737 2618 5789 itt
2661 5754 2827 5791 sacra:
2857 5737 3148 5806 Scriptura:
3181 5735 3424 5807 synopsi,
3455 5743 3516 5788 et

1944 5810 2185 5879 synodus
2218 5807 2658 5880 Carthaginiensis
2683 5823 2805 5863 can.
2833 5807 2902 5864 27
2935 5805 3253 5874 decucrnui,
3287 5805 3508 5875 quinam
