3992 6480
486 372 586 441 171

1724 368 2005 428 THEOD.

2155 368 2285 428 LSA
2295 366 2456 427 ΜΘΝ
3628 364 3725 427 1ῖὲ

484 505 603 562 pter
638 489 847 546 Domini
877 499 933 545 et
962 486 1269 544 Servatoris
1295 486 1462 571 nostri
1494 481 1619 539 Iesu
1652 482 1852 538 Christi
1880 523 1895 545 ,
1935 497 2040 550 qua

2155 480 2243 534 διὰ
2274 481 2371 552 τὴν
2401 481 2494 534 τοῦ
2524 482 2732 552 Κυρίου
2766 483 2860 535 καὶ
2890 482 3143 552 Σωτῆρος
3173 482 3331 552 ἡμῶν
3376 479 3552 550 Ἰησυῦ
3593 481 3726 550 Χρι-

483 581 645 636 estin
701 581 955 635 universo
1002 577 1246 637 mundo,
1304 569 1539 629 Ire-titiam
1594 581 1646 626 et
1702 569 2053 626 resurrectio-

491 688 611 728 nem
646 687 661 725 :
697 683 748 725 et
783 668 1037 738 quoniam
1066 666 1197 720 illud
1236 666 1448 732 quidem
1481 661 1663 716 mutuli
1720 659 1920 726 opiﬁeii
1972 666 2057 711 est

481 757 971 819 commemoratio,
1050 758 1162 809 haec
1248 768 1380 806 vero
1452 750 1885 808 resurrectiOnis,
1972 746 2055 801 vel

482 852 658 920 potius
715 848 1131 901 reformationis.
1183 844 1297 899 Uno
1341 854 1517 897 autem
1570 855 1763 910 magno
1794 839 2051 903 Sabbato,

478 956 585 1009 quo
616 939 824 992 Domini
865 952 1062 1005 corpus
1095 938 1344 989 exanime
1401 935 1454 987 in
1503 933 1748 1001 sepulcro
1792 928 2051 998 jaccbat,

478 1032 720 1102 jejunare
750 1030 885 1097 jussi
918 1043 1141 1082 sumus:
1174 1028 1324 1095 juxta
1382 1039 1565 1078 vocent
1623 1021 1830 1077 Domini
1867 1020 2052 1074 dicen-

480 1136 607 1187 tem,
643 1120 854 1192 quando
892 1120 1103 1173 ablatus
1142 1121 1203 1171 ab
1233 1122 1305 1173 eis
1343 1119 1501 1189 fuerit
1535 1132 1779 1185 sponsus,
1810 1122 1937 1167 tunc
1965 1114 2052 1182 je-

476 1216 771 1284 jnnabunt.
817 1213 915 1278 Qui
941 1228 1069 1283 ergo
1101 1222 1295 1280 prteter
1323 1212 1434 1264 luce
1472 1210 1621 1273 facit,
1654 1208 1697 1261 si
1730 1218 1810 1261 est
1834 1205 2048 1276 quidem

481 1313 729 1378 clericus,
763 1310 1062 1379 deponatur
1094 1324 1108 1362 :
1148 1311 1231 1359 sin
1264 1316 1441 1359 autem
1490 1303 1681 1367 laicus,
1715 1308 2049 1370 segregetnr.

478 1404 675 1473 Excipe
702 1413 879 1456 autem
915 1400 1042 1454 mibi
1076 1400 1287 1452 divinos
1319 1398 1524 1459 Patres,
1560 1398 1648 1465 qui
1705 1404 1924 1464 propter
1955 1408 2050 1446 ex-

476 1496 849 1550 ercitationem
892 1504 1273 1559 nonnunquam
1326 1487 1571 1557 jejuuant
1605 1487 1764 1541 etiam
1809 1487 1891 1539 Itis
1939 1484 2052 1537 die-

481 1590 577 1641 bus
612 1604 624 1639 :
658 1586 707 1639 hi
742 1586 882 1638 enim
914 1598 1019 1637 non
1079 1578 1603 1635 condcmnalmntur.
1651 1576 1840 1641 Quaere
1886 1574 2046 1628 etiam

481 1686 792 1732 sanctorum
832 1674 1200 1743 apostolorum
1231 1685 1348 1722 ean.
1388 1669 1447 1723 5|
1478 1676 1530 1721 et
1574 1667 1660 1721 55.

545 1765 794 1823 ΖΟΝᾹΠ.
848 1764 995 1817 Bona
1048 1762 1262 1832 quidem
1313 1774 1397 1815 res
1442 1770 1523 1813 est
1562 1757 1846 1827 jejunium.
1901 1755 2048 1810 Booa

477 1877 600 1915 vero
634 1863 766 1914 bene
796 1860 949 1911 liant.
982 1856 1037 1909 Si
1069 1856 1190 1924 quis
1222 1866 1401 1906 autem
1448 1851 1758 1907 sanctiones
1790 1850 2047 1919 apostoli—

458 1970 588 2015 θυοδ,
618 1965 706 2007 aut
734 1961 1042 2005 sanctorum
1097 1948 1311 2002 Patrum
1348 1945 1748 2016 transgrediens
1800 1944 2006 2013 jejnnet
2029 1983 2043 2005 ,

475 2048 675 2104 audiet,
708 2045 846 2111 quod
884 2043 1080 2094 bonum
1108 2042 1175 2094 sit
1215 2054 1319 2093 non
1348 2040 1543 2093 bonum
1572 2077 1586 2101 ,
1632 2051 1696 2091 eo
1746 2037 1886 2105 quod
1940 2050 2043 2089 non

472 2140 606 2191 bene
635 2134 745 2188 fiat.
781 2134 913 2188 Cum
952 2140 1152 2186 statuat
1192 2130 1357 2201 igitur
1386 2146 1558 2185 canon
1601 2129 1652 2183 in
1690 2126 1930 2183 Sabbato
1961 2126 2045 2180 vel

460 2228 747 2281 Dominica
778 2242 882 2279 non
932 2239 1054 2279 esse
1104 2223 1497 2292 jejunandntn,
1541 2221 1773 2276 clericus
1828 2220 2042 2289 quidem

473 2321 719 2387 ieiunans
750 2318 1099 2386 depositionis
1138 2330 1310 2385 poena:
1345 2316 1609 2368 obnoxius
1632 2322 1734 2377 est,
1767 2322 1818 2367 et
1855 2311 2040 2375 laicus,

470 2410 1065 2467 excommunicationis.
1120 2407 1231 2461 Nisi
1288 2421 1386 2476 per
1435 2406 1549 2460 dies
1606 2414 1783 2459 certos
1838 2404 2045 2473 jejunet

471 2503 685 2569 aliquis,
715 2516 811 2569 per
840 2502 1019 2555 decem
1046 2499 1229 2568 (verbi
1266 2497 1475 2569 gratia)
1521 2497 1599 2553 vel
1632 2507 1754 2552 octo
1800 2496 2043 2551 exercitii

454 2610 633 2649 causa
666 2594 842 2664 (sicut
869 2602 994 2646 ante
1046 2594 1152 2662 iam
1186 2592 1282 2645 fuit
1332 2591 1569 2649 dictum)
1617 2590 1828 2658 illisque
1865 2590 2044 2643 deter-

458 2684 689 2739 vminalis
714 2683 904 2752 jejunii
941 2684 1129 2738 diebus
1158 2683 1396 2737 incidant
1422 2691 1474 2735 et
1518 2681 1752 2736 Sabbata
1780 2722 1795 2747 ,
1830 2691 1883 2734 et
1943 2681 2042 2735 Do-

463 2776 654 2831 minici
682 2774 818 2832 dies.
851 2774 1004 2841 Quod
1033 2784 1087 2827 et
1119 2774 1268 2827 multi
1336 2782 1643 2827 sanctorum
1698 2772 1915 2827 Patrum
1960 2773 2040 2828 fe-

461 2870 613 2923 cisse
640 2868 1065 2938 comperiantur,
1100 2868 1164 2921 ad
1198 2866 1668 2937 quadragesimum
1696 2880 1869 2935 usque
1900 2866 2037 2921 diem

468 2961 791 3031 ieiunantes.

540 3050 769 3106 ARIST.
797 3051 899 3117 Qui
932 3053 1205 3106 Dominica
1261 3062 1353 3106 aut
1400 3051 1628 3107 Sabbalo
1669 3052 1891 3120 ieiunat,
1946 3069 2039 3106 ex-

977 3156 1121 3213 cepto
1151 3160 1274 3211 uno,
1306 3145 1539 3214 ejicitur.

547 3236 841 3305 Deponitur
870 3237 962 3305 qui
991 3248 1184 3305 ιιι-αξιοι
1217 3252 1468 3307 magnum
1520 3236 1811 3291 Sabbatum
1844 3275 1859 3300 ,
1893 3234 2038 3290 aliud

472 3326 768 3381 Sabbatnm
801 3337 885 3379 aut
920 3328 1248 3381 Dominicatn
1280 3327 1506 3397 jejunat.
1559 3326 1615 3380 Si
1662 3335 1841 3381 autem
1870 3327 2039 3382 laicus

470 3427 552 3473 est
584 3418 723 3484 talis,
752 3421 1271 3474 excommunicatur.

1035 3509 1263 3563 (JANUN
1303 3508 1509 3564 ωινιι.

470 3602 525 3656 Si
555 3603 669 3672 quis
697 3603 936 3671 virginem
970 3617 1071 3655 non
1101 3604 1410 3668 desponsam
1455 3603 1501 3656 vi
1547 3602 1715 3657 allata
1748 3604 1924 3668 habet,
1951 3620 2038 3657 se-

540 3702 782 3761 gregetur
812 3708 829 3745 :
860 3692 909 3745 ei
936 3702 1110 3746 autem
1142 3692 1304 3745 aliam
1324 3694 1555 3761 accipere
1587 3710 1691 3749 non
1721 3696 1876 3749 liceat
1906 3711 1924 3748 :
1947 3696 2037 3749 sed

540 3784 685 3836 illum
720 3783 938 3838 retinere
963 3802 1117 3855 quant
1157 3786 1310 3855 elegit
1337 3787 1546 3841 etiamsi
1581 3802 1781 3857 pauper
1805 3790 1895 3841 sit.

537 3961 732 4017 BALS.
769 3961 864 4015 lbc
894 3975 1129 4032 praesens
1155 3976 1328 4017 canon
1364 3963 1631 4034 segregari
1662 3966 1791 4020 dicit
1817 4006 1832 4029 ,
1878 3980 1999 4020 eum
2020 4009 2036 4033 ,

472 4052 559 4121 qui
591 4068 696 4107 non
728 4046 1048 4122 desponsam
1074 4052 1231 4107 alicui
1264 4053 1416 4109 alteri
1448 4056 1707 4125 virginem
1736 4059 2036 4125 violaverit,

466 4159 521 4199 et
557 4145 674 4214 cogi
708 4159 827 4200 cum
863 4160 924 4199 ea
954 4145 1216 4213 habitare,
1246 4149 1508 4217 ‘quamvis
1559 4165 1763 4221 pauper
1820 4155 1889 4206 sit
1920 4191 1935 4212 ,
1987 4165 2040 4207 et

470 4253 668 4308 genere
702 4238 844 4294 illius
872 4237 1109 4309 indigna,
1149 4255 1321 4309 neque
1350 4240 1417 4295 ab
1473 4241 1558 4295 illa
1611 4243 1843 4313 seiungi,
1882 4255 2039 4313 atque

467 4330 693 4385 alteram
724 4345 959 4386 sumere.
985 4333 1158 4401 Atque
1194 4334 1305 4387 haec
1326 4333 1538 4401 quidem
1569 4333 1670 4389 hoc
1692 4350 1893 4391 canone
1915 4351 2041 4390 san-

469 4423 573 4477 cita
604 4435 729 4477 sunt
759 4440 772 4477 :
817 4439 938 4477 nam
975 4425 1064 4493 qui
1105 4424 1385 4491 desponsa:
1413 4426 1519 4478 vim
1549 4427 1746 4491 attulit,
1779 4438 1836 4481 ut
1876 4430 2033 4483 adol-

2069 3158 2117 3219 C

2161 574 2285 626 στοῦ
2348 575 2693 644 παγκόσμιον
2739 576 2916 645 χαρὰν
2958 578 3051 628 καὶ
3085 575 3402 628 ἀνάστασιν*
3437 576 3532 627 καὶ
3572 574 3728 626 ὅτιτὸ

2161 663 2258 731 μὲν
2283 663 2646 732 δημιουργίας
2705 665 2817 735 (98)
2852 665 2999 715 ἐστὶν
3060 662 3389 733 ὑπόμνησις,
3440 663 3469 732 ἡ
3501 662 3559 713 δὲ
3597 662 3726 713 ἀνα-

2158 754 2423 819 στάσεως,
2485 755 2682 823 μᾶλλον
2734 755 2789 807 δὲ
2830 755 3204 813 ἁναπλάσεως.
3262 754 3415 807 Κατὰ
3480 754 3533 806 δὲ
3574 754 3730 822 μόνον

2155 846 2215 896 τὸ
2251 847 2391 913 μέγα
2420 846 2717 913 Σάϐϐατον,
2751 847 2872 900 καθ’
2907 847 2935 898 ὂ
2967 846 3027 897 τὸ
3055 845 3333 915 Κυριακδν
3379 846 3534 911 σῶμα
3565 846 3624 896 ἐν
3656 845 3728 912 τῷ

2155 938 2313 1006 τάφῳ
2348 937 2550 991 ἄπνουν
2576 939 2776 1000 ἔκειτο,
2831 938 3111 1008 νηστεύειν
3161 938 3300 991 κατὰ
3350 937 3445 1006 τὴν
3494 936 3603 1004 (93)
3637 936 3727 987 τοῦ

2153 1027 2359 1097 Κυρίου
2402 1030 2583 1097 φωνὴν
2632 1029 2731 1100 τὴν
2774 1030 3058 1097 λέγουσιν,
3111 1030 3298 1081 Ὅταν
3341 1027 3581 1095 ἀπαρθῇ
3631 1027 3729 1080 ἀπ’

2150 1119 2351 1173 αὐτῶν
2394 1122 2426 1173 ὁ
2456 1124 2733 1190 νυμφίος,
2786 1125 2916 1175 τότε
2940 1124 3415 1190 νηστεύσουσιν,
3461 1121 3730 1189 προσετά-

2152 1216 2389 1282 χθημεν.
2450 1214 2509 1267 '0
2545 1216 2677 1281 γοῦν
2733 1217 2883 1285 παρὰ
2945 1216 3117 1267 ταῦτα
3168 1216 3357 1280 ποιῶν,
3388 1216 3433 1265 εἰ
3484 1216 3581 1281 μέν
3616 1215 3728 1264 ἐστι

2154 1304 2439 1373 κληρικὸς,
2470 1304 2862 1375 καθαιρείσθωο
2928 1309 2975 1358 εί
3016 1308 3071 1359 δὲ
3107 1306 3312 1368 λαῖκδς,
3366 1305 3723 1373 άφοριζέσθω.

2164 1393 2425 1459 ’Υπέξελέ
2464 1415 2552 1466 μοι
2581 1399 2705 1459 τοὺς
2746 1397 2922 1461 θείους
2955 1400 3203 1469 Πατέρας
3235 1399 3361 1461 τοὺς
3386 1397 3453 1450 δι’
3488 1398 3726 1464 ἄσκησιν

2152 1487 2298 1540 ἔστιν
2364 1488 2453 1539 ὅτε
2513 1487 2872 1557 νηστεύοντας
2916 1490 3185 1542 καὶκατὰ
3236 1490 3434 1552 ταύτας
3462 1489 3559 1551 τὰς
3589 1489 3729 1558 me.

2154 1595 2275 1647 ραςο
2307 1570 2455 1632 οὗτοι
2480 1579 2591 1649 γάρ
2620 1580 2680 1633 οὐ
2708 1581 3229 1651 κατακριθήσονται.
3272 1582 3435 1651 Ζὴτει
3479 1582 3573 1633 καὶ
3622 1581 3729 1633 τῶν

2150 1669 2321 1738 ἁγίων
2357 1672 2431 1737 (l)
2464 1670 2779 1724 ἀποστόλων
2804 1672 3003 1725 κανόνα
3029 1671 3110 1725 να¹
3150 1676 3243 1727 καὶ
3273 1672 3372 1740 νγ’.

2223 1762 2469 1815 ΖΩΝΑΡ.
2506 1760 2687 1815 Καλὸν
2723 1763 2822 1832 μὲν
2849 1764 2881 1833 ὴ
2906 1764 3158 1834 νηστεία.
3218 1766 3297 1817 Τά
3352 1765 3407 1818 δὲ
3442 1764 3585 1818 καλά
3630 1782 3730 1817 κα-

2152 1853 2258 1915 λῶς
2306 1852 2557 1921 γινέσοω’
2602 1856 2649 1906 εί
2693 1855 2753 1907 δέ
2819 1872 2902 1919 τις
2961 1856 3195 1926 θεσμοὺς
3246 1857 3639 1919 ἀποστολικοὺς
3694 1857 3725 1926 ἦ

2155 1945 2415 2015 [Ιατέρων
2456 1945 2628 2012 ἁγίων
2665 1946 3048 2017 παραιϐαίνων
3105 1949 3376 2017 νηστεύει,
3433 1948 3727 2001 ἀκούσεται

2148 2040 2231 2091 ὅτι
2258 2038 2319 2090 οὐ
2350 2038 2514 2091 καλὸν
2544 2038 2605 2091 τὸ
2637 2038 2823 2104 καλὸν,
2862 2039 2991 2092 ὅταν
3018 2040 3092 2109 μὴ
3122 2040 3305 2103 καλῶς
3337 2040 3579 2110 γίνηται.
3615 2040 3724 2093 Τοῦ

2149 2128 2376 2191 κανόνος
2400 2128 2589 2181 τοίνυν
2639 2130 2699 2181 ἐν
2730 2128 2997 2199 Σαϐϐάτῳ
3043 2130 3139 2183 καὶ
3200 2132 3452 2202 Κυριακῇ
3503 2131 3577 2201 μὴ
3632 2149 3729 2199 νη-

2149 2220 2361 2275 στεύειν
2437 2220 2804 2286 θεσπίζοντος,
2860 2223 2888 2274 6
2931 2222 3032 2291 μὲν
3092 2222 3375 2293 κληρικὸς,
3423 2222 3728 2291 νηστεύων,

2147 2312 2253 2365 ὑπὸ
2287 2312 2618 2382 καθαίρεσιν
2688 2311 2923 2379 γίνεται,
2962 2313 3066 2365 ὑπὸ
3126 2315 3433 2383 ἀφορισμὸν
3459 2314 3517 2367 δὲ
3558 2316 3585 2367 6
3612 2314 3732 2368 λαῖ-

2147 2405 2262 2468 κός·
2299 2405 2349 2457 εί
2388 2406 2462 2475 μή
2493 2421 2595 2458 που
2620 2404 2688 2455 δι’
2714 2404 3049 2474 ὡρισμένων
3082 2405 3157 2475 (Ξ)
3184 2406 3417 2475 ἡμερῶν
3442 2405 3730 2476 νηστεύον-

2144 2500 2236 2560 τός
2265 2515 2429 2560 τινος,
2474 2496 2565 2551 διὰ
2602 2498 2736 2552 δέκα
2786 2497 2946 2567 τυχὸν
2987 2498 3018 2567 ἦ
3062 2497 3229 2563 ὀκτὼ,
3261 2498 3327 2549 δι’
3366 2498 3597 2569 ἄσκησιν
3626 2498 3724 2568 (ὡς

2145 2589 2245 2661 ἤδη
2299 2589 2642 2659 προείρηται)
2718 2590 3141 2657 συνεισάγονται
3194 2594 3313 2653 ταῖς
3391 2591 3724 2661 ὡρισμέναις

2146 2681 2384 2751 ἡμέραις
2436 2680 2534 2733 καὶ
2576 2680 2834 2735 Σάϐϐατα
2872 2683 2969 2734 καὶ
3014 2682 3311 2752 Κυριακαί.
3355 2684 3419 2736 Ὀ
3469 2684 3560 2735 καὶ
3595 2685 3728 2737 πολ-

2146 2772 2233 2825 λοὶ
2289 2771 2400 2824 τῶν
2463 2772 2659 2838 ἁγίων,
2698 2773 2960 2843 Πατέρων
3013 2775 3379 2844 πεποιηκότες
3441 2774 3727 2845 εὑρίσκονο

2144 2882 2258 2932 ται,
2291 2866 2387 2919 καὶ
2428 2866 2590 2936 μέχρι
2624 2866 3126 2937 τεσσαρακοντάδος
3178 2866 3398 2938 ἡμερῶν
3435 2869 3726 2937 νηστεύον-

2144 2975 2256 3020 τες.

2138 3052 2705 3121 ιΑΡΙΣΤ.Κυριακὴν
2731 3054 2770 3122 ἢ
2792 3053 3101 3108 Σάϐϐατον
3128 3058 3160 3109 ό
3188 3055 3525 3124 νηστεύων,
3550 3057 3723 3124 πλὴν

2575 3146 2742 3213 ἐνὸς,
2772 3146 3217 3215 ἀποκήρυκτος.

2222 3238 2631 3308 Καθαιρείταιὸ
2661 3238 2820 3300 ἐκτὸς
2869 3237 2964 3291 τοῦ
3006 3239 3245 3307 μεγάλου
3293 3240 3572 3294 Σάϐϐατόν
3607 3243 3729 3295 ἓτε-

2138 3330 2246 3403 ’ρον
2293 3334 2326 3403 ἢ
2368 3333 2659 3405 Κυριακὴν
2715 3334 3017 3405 νηστεύων·
3082 3336 3129 3387 εἰ
3181 3336 3238 3387 δὲ
3278 3335 3463 3399 λαῖκός
3515 3338 3669 3391 ἐστιν
3699 3339 3726 3391 6

2148 3424 2411 3491 τοιοῦτος,
2443 3425 2789 3496 ἀφορίζεται.

2718 3517 2963 3571 ΚΛΝΩΝ
3014 3517 3131 3573 ΞΖ’.

2148 3612 2221 3667 ΕΙ
2237 3629 2327 3679 τις
2376 3611 2676 3680 παρθένον
2700 3612 3123 3683 ἁμνήστευτον
3145 3613 3519 3683 βιασάμενος
3568 3614 3724 3682 ἐχορ,

2219 3705 2600 3776 ἀφοριζέσθω·
2633 3706 2720 3777 μὴ
2749 3706 2973 3771 ἐξεῖναι
3002 3707 3070 3760 δὲ
3091 3708 3251 3772 αὐτῷ
3270 3709 3477 3777 ἑτέραν
3498 3708 3731 3777 λαμϐά-

2216 3816 2366 3863 νειν,
2434 3798 2572 3853 ἀλλ’
2630 3798 2875 3867 ἐκείνην
2912 3799 3198 3869 κατέχειν
3241 3798 3320 3867 ἣν
3376 3802 3725 3868 ᾐρετίσατο,

2214 3890 2332 3945 κᾶν
2351 3890 2607 3959 πενιχρὰ
2638 3890 2937 3962 τυγχάνῃ.

2218 3984 2411 4037 ΒΑΔΣ.
2464 3984 2523 4037 '0
2552 3981 2743 4053 παρὼν
2796 3983 2978 4036 κανών
3024 3999 3188 4050 φησιν
3242 3981 3598 4053 ἀφορίζεσθαι
3633 3983 3728 4036 τὸν

2148 4075 2477 4145 βιασάμενον
2508 4072 2781 4145 παρθένον
2825 4075 2898 4143 μὴ
2932 4073 3358 4142 μνηστευθείσαν
3389 4075 3559 4144 ἑτέρῳ
3588 4077 3724 4141 τινὶ,

2152 4168 2248 4218 καὶ
2289 4164 2695 4233 ἀναγκάζεσθαι
2737 4165 2913 4236 ταύτῃ
2976 4168 3269 4229 συνοικεῖν,
3322 4164 3423 4218 κᾶν
3481 4165 3726 4236 πενιχρά

2146 4259 2279 4322 ἐστι,
2325 4257 2428 4310 κᾶν
2478 4255 2671 4321 ἀναξία
2708 4255 2784 4325 τῷ
2815 4257 2969 4323 γένει
3023 4256 3212 4320 αὐτοῦ,
3263 4258 3361 4310 καὶ
3389 4255 3463 4326 μὴ
3510 4255 3724 4324 ταύτης

2147 4346 2547 4411 ἁποδιίσταθαι,
2613 4347 2706 4399 καὶ
2760 4345 3062 4415 λαμϐάνειν
3126 4347 3341 4416 ἑτέραν.
3408 4348 3515 4398 Καὶ
3550 4347 3577 4399 6
3615 4347 3723 4415 μὲν

2149 4438 2331 4492 κανὼν
2371 4438 2547 4493 ταῦτα
2600 4439 2925 4493 ἐθέσπισεν·
2982 4442 3010 4492 6
3073 4438 3181 4510 γάρ
3231 4442 3725 4510 μεμνηστευμένην

470 4525 553 4566 tor
594 4514 813 4584 punitur
847 4532 861 4568 :
899 4530 1077 4584 quaere
1103 4524 1156 4569 et
1188 4514 1256 4569 95
1286 4530 1405 4575 ean.
1441 4516 1472 4569 6
1501 4530 1618 4586 syn.
1647 4515 1720 4571 De
1749 4531 1815 4571 eo
1845 4529 2040 4582 autem.

2155 4530 2476 4600 βιασάμενος
2521 4530 2596 4593 ὡς
2653 4532 2835 4601 μοιχὸς
2871 4533 3215 4603 τιμωρεῖται.
3282 4531 3390 4583 Καὶ
3430 4530 3581 4599 ζήτει
3620 4531 3721 4582 τὸν

465 4606 725 4675 quodqui
755 4606 857 4658 vim
906 4608 1105 4671 attulit,
1147 4621 1265 4660 eam
1312 4622 1471 4675 quam
1522 4608 1773 4671 violavit,
1806 4610 2039 4676 habeat,

464 4696 675 4750 etiamsi
710 4698 780 4749 sit
809 4711 1029 4765 panper,
1056 4707 1108 4750 et
1134 4697 1223 4750 alii
1258 4698 1656 4768 nonjuugalnr,
1697 4704 2040 4768 qnmrendum

470 4796 576 4838 est.
626 4784 801 4852 Quare
824 4786 967 4839 enim
998 4787 1381 4843 concederetur
1411 4789 1457 4840 ei
1490 4790 1577 4856 qui
1614 4791 1660 4841 vi
1690 4796 1954 4858 peccavit,
1988 4808 2039 4848 et

468 4878 718 4947 deinceps
752 4878 947 4934 habere
977 4879 1228 4933 violatam
1259 4890 1311 4932 et
1347 4879 1568 4933 alteram
1610 4898 1713 4935 non
1751 4886 1994 4955 accipere
2026 4926 2041 4951 ,

2143 4621 2230 4691 ἰπγ¹
2270 4623 2472 4675 κανόνα
2509 4626 2607 4693 τῆς
2638 4628 2692 4688 ς’
2727 4624 2966 4676 συνόδου.
3006 4623 3141 4691 Περὶ
3195 4622 3251 4674 δὲ
3284 4621 3377 4674 τοῦ
3431 4621 3577 4690 ἔχειν
3622 4621 3722 4673 τον

2146 4715 2245 4783 τὴν
2275 4713 2396 4783 βίαν
2446 4715 2750 4783 ποιήσαντα
2802 4713 2899 4783 τὴν
2940 4712 3287 4781 βιασθεῖσαν,
3340 4711 3441 4764 κᾶν
3487 4712 3726 4781 πενιχρά

2148 4807 2283 4866 ἐστι,
2312 4807 2406 4858 καὶ
2461 4803 2535 4875 μὴ
2574 4805 2949 4857 συνάπτεσθαι
2988 4805 3171 4875 ἑτέρᾳ,
3216 4803 3487 4873 ζητητέον.
3525 4800 3641 4854 Ἵνα
3669 4820 3723 4854 τι

2143 4896 2252 4965 γάρ
2296 4893 2615 4965 ὲξεχωρήθη
2641 4896 2667 4947 6
2692 4894 2790 4963 τὴν
2823 4892 2941 4959 βίαν
2963 4892 3360 4963 πλημμελήσας
3400 4892 3494 4945 καὶ
3518 4890 3722 4960 ὲφεξξς

1700 4996 1891 5058 Guill.
1940 5002 2261 5088 Beveregii
2298 5020 2483 5071 noue.

466 5104 523 5146 nt
554 5095 695 5147 etab
726 5091 1123 5163 HarmenOpu‘lo
1166 5093 1220 5148 in
1251 5093 1504 5163 epitome,
1556 5107 1609 5152 et
1635 5115 1659 5149 ιι
1699 5094 1939 5162 Josepbo
1977 5104 2027 5157 in

464 5164 692 5217 ArabiCa
748 5162 1098 5231 paraphrasi;
1154 5162 1527 5219 Balsamonem
1595 5177 1798 5230 autem,
1846 5169 2026 5224 Zona-

465 5250 577 5286 ram
609 5244 660 5287 et
692 5234 1003 5287 Aristenum
1032 5234 1218 5288 eadem
1246 5235 1440 5304 legisse
1468 5252 1496 5289 e
1524 5239 1748 5292 scboliis
1778 5238 2021 5306 ipsorum

464 5313 630 5371 pitet.

539 5372 793 5449 (98)_Kal
823 5372 911 5449 ὅτι
948 5373 1014 5449 τὸ
1034 5374 1151 5441 μὲν
1177 5372 1583 5449 δημιουργίας.
1622 5377 1743 5432 Haec
1766 5395 1935 5449 usque
1958 5386 2021 5437 ad

465 5442 821 5501 ἀνακλάσεως
863 5445 1140 5508 incluswe,
1173 5460 1236 5498 ex
1287 5461 1384 5502 ms.
1409 5442 1705 5502 Bodleiano
1762 5442 2025 5505 restitui-

468 5523 607 5587 mus‘.
660 5513 721 5566 ln
783 5512 988 5587 {ira-cis
1044 5516 1186 5587 enim
1234 5515 1395 5587 editis
1448 5516 1863 5587 desiderantur;
1924 5524 2017 5577 sed

466 5581 765 5637 Gentiauus
794 5582 1055 5637 Het‘Vcttts
1088 5584 1236 5652 legit,
1267 5596 1319 5637 ct
1348 5584 1537 5641 Latine
1579 5591 1762 5642 vertit.

539 5652 1021 5726 (99)_IV110’?81:'817
1048 5656 1194 5708 κατὰ
1223 5654 1352 5721 τήν.
1382 5656 1435 5709 In
1470 5657 1749 5726 impressis
1789 5661 2016 5715 antehac

466 5722 616 5776 libris
668 5722 779 5797 Ιιευρ
826 5737 879 5777 et
931 5727 1209 5797 sequentia
1262 5728 1341 5797 sic
1393 5722 1663 5795 leguntur.
1724 5731 2009 5797 νηστεύειν

428 5846 431 5847 ,
466 5794 929 5864 προτετάχθημεν,
967 5794 1088 5865 περὶ
1120 5797 1224 5862 γὰρ
1253 5794 1599 5867 τυύττιυφηδίι
1631 5794 1848 5868 Κύριος,
1884 5802 2011 5856 ὅταν

2136 5110 2362 5183 ἀπαρθῇ
2412 5110 2505 5163 ὑπ’
2535 5109 2712 5162 αὐτῶν
2737 5111 2765 5163 6
2799 5109 3054 5181 νυμφίος,
3083 5110 3203 5164 τότε
3247 5110 3659 5179 νηστεύσουσιν⁸
3689 5115 3719 5165 6

2137 5197 2293 5331 TOEIV)’
2517 5248 2962 5331 καίητῷνριειιιιε
2987 5250 3051 5302 ad
3079 5250 3234 5330 ﬁnem
3256 5250 3717 5331 bujns_i_nterpre-

2135 5319 2357 5374 talionis
2402 5339 2430 5372 e
2466 5336 2565 5374 IIlS.
2606 5319 2896 5373 Bodleiano
2935 5336 3073 5374 nune
3109 5319 3341 5388 primum
3374 5319 3603 5376 edimus;

2204 5392 2277 5460 (‘2)
2309 5393 2377 5444 Ei
2406 5391 2490 5458 μή
2517 5405 2634 5443 που
2660 5389 2734 5442 δι’
2763 5389 3406 5461 ὡρισμένωνεβιιιιιόριιι
3437 5392 3721 5461 exceptio-

2133 5458 2253 5512 nem
2321 5462 2559 5513 admittit
2614 5470 2667 5513 ct
2726 5458 3048 5513 scbolt‘astes
3127 5458 3586 5530 Ilarmenopuli,’
3624 5464 3713 5516 bis

2124 5531 2322 5601 verbis,
2355 5532 2403 5582 εἰ
2450 5534 2629 5601 μήπου
2656 5530 2817 5601 ,τινὸς
2845 5530 2914 5583 δι’
2950 5531 3183 5599 ἄσκησιν
3210 5529 3355 5583 ὀκτὼ
3384 5529 3545 5599 τυχὸν
3581 5532 3724 5600 ἡμέ-

2133 5616 2233 5668 ρας
2254 5600 2286 5669 ἢ
2311 5600 2821 5671 δέκανηστεύοντος
2848 5603 3175 5671 συνεισαχθῇ
3212 5602 3435 5663 ταύταις
3466 5602 3526 5666 ἐξ
3550 5604 3722 5666 ἀναγ-

2124 5686 2227 5739 κης
2291 5670 2384 5723 καὶ
2444 5671 2719 5743 Σάϐϐατον
2768 5671 2858 5722 καὶ
2911 5670 3185 5743 Κυριακή.
3245 5670 3498 5726 llarmeu.
3549 5674 3716 5741 epist.

2130 5756 2252 5793 t-an.
2285 5749 2416 5796 sect.
2450 5742 2505 5808 3,
2539 5742 2620 5795 tit.
2656 5741 2709 5794 5.
