  <div class='ocr_page' id='page_1' title='image "/cluster/home/n/w/nwhite01/storage/ocr_20150623/137/hvd.32044020166120/104.png"; bbox 0 0 3992 6480; ppageno 0'>
   <div class='ocr_carea' id='block_1_1' title="bbox 375 381 468 445">
    <p class='ocr_par' dir='ltr' id='par_1_1' title="bbox 375 381 468 445">
     <span class='ocr_line' id='line_1_1' title="bbox 375 381 468 445; baseline 0 0"><span class='ocrx_word' id='word_1_1' title='bbox 375 381 468 445; x_wconf 84' lang='grc'><strong>173</strong></span> 
     </span>
    </p>
   </div>
   <div class='ocr_carea' id='block_1_2' title="bbox 1535 386 2427 455">
    <p class='ocr_par' dir='ltr' id='par_1_2' title="bbox 1535 386 2427 455">
     <span class='ocr_line' id='line_1_2' title="bbox 1535 386 2427 455; baseline 0.011 -10"><span class='ocrx_word' id='word_1_2' title='bbox 1535 386 1618 448; x_wconf 80' lang='lat' dir='ltr'><strong>IN</strong></span> <span class='ocrx_word' id='word_1_3' title='bbox 1663 386 1835 451; x_wconf 80' lang='lat' dir='ltr'><strong>CAN.</strong></span> <span class='ocrx_word' id='word_1_4' title='bbox 1876 389 2126 451; x_wconf 84' lang='lat' dir='ltr'><strong>LXVIII</strong></span> <span class='ocrx_word' id='word_1_5' title='bbox 2170 391 2427 455; x_wconf 84' lang='lat' dir='ltr'><strong>APOST.</strong></span> 
     </span>
    </p>
   </div>
   <div class='ocr_carea' id='block_1_3' title="bbox 3513 402 3614 466">
    <p class='ocr_par' dir='ltr' id='par_1_3' title="bbox 3513 402 3614 466">
     <span class='ocr_line' id='line_1_3' title="bbox 3513 402 3614 466; baseline -0.02 -1"><span class='ocrx_word' id='word_1_6' title='bbox 3513 402 3614 466; x_wconf 69' lang='grc'><strong>174</strong></span> 
     </span>
    </p>
   </div>
   <div class='ocr_carea' id='block_1_4' title="bbox 369 492 1929 581">
    <p class='ocr_par' dir='ltr' id='par_1_4' title="bbox 369 492 1929 567">
     <span class='ocr_line' id='line_1_4' title="bbox 369 492 1929 567; baseline 0.001 -20"><span class='ocrx_word' id='word_1_7' title='bbox 369 497 505 565; x_wconf 82' lang='grc' dir='ltr'>ἔχειν</span> <span class='ocrx_word' id='word_1_8' title='bbox 545 492 645 565; x_wconf 80' lang='grc' dir='ltr'><strong>τὴν</strong></span> <span class='ocrx_word' id='word_1_9' title='bbox 703 492 1044 564; x_wconf 70' lang='grc' dir='ltr'><strong>βιασθεῖσαν,</strong></span> <span class='ocrx_word' id='word_1_10' title='bbox 1102 495 1195 550; x_wconf 69' lang='grc' dir='ltr'><strong>καὶ</strong></span> <span class='ocrx_word' id='word_1_11' title='bbox 1247 495 1323 567; x_wconf 84' lang='grc' dir='ltr'>μὴ</span> <span class='ocrx_word' id='word_1_12' title='bbox 1358 495 1664 567; x_wconf 85' lang='grc' dir='ltr'>λαμϐάνειν</span> <span class='ocrx_word' id='word_1_13' title='bbox 1714 497 1929 567; x_wconf 78' lang='grc' dir='ltr'>ἑτέραν,</span> 
     </span>
    </p>
   </div>
   <div class='ocr_carea' id='block_1_5' title="bbox 2037 492 3610 581">
    <p class='ocr_par' dir='ltr' id='par_1_5' title="bbox 2040 496 3610 581">
     <span class='ocr_line' id='line_1_5' title="bbox 2040 496 3610 581; baseline 0.013 -32"><span class='ocrx_word' id='word_1_14' title='bbox 2040 496 2201 569; x_wconf 89' lang='lat' dir='ltr'><strong>idque</strong></span> <span class='ocrx_word' id='word_1_15' title='bbox 2232 516 2355 555; x_wconf 88' lang='lat' dir='ltr'><strong>cum</strong></span> <span class='ocrx_word' id='word_1_16' title='bbox 2390 496 2477 557; x_wconf 60' lang='lat' dir='ltr'><strong>lex‘</strong></span> <span class='ocrx_word' id='word_1_17' title='bbox 2509 502 2653 559; x_wconf 88' lang='lat' dir='ltr'><strong>dicat</strong></span> <span class='ocrx_word' id='word_1_18' title='bbox 2682 504 2732 559; x_wconf 91' lang='lat' dir='ltr'><strong>in</strong></span> <span class='ocrx_word' id='word_1_19' title='bbox 2762 504 2901 561; x_wconf 91' lang='lat' dir='ltr'><strong>libro</strong></span> <span class='ocrx_word' id='word_1_20' title='bbox 2953 522 3019 562; x_wconf 70' lang='grc' dir='ltr'>ιι</span> <span class='ocrx_word' id='word_1_21' title='bbox 3046 546 3060 573; x_wconf 94' lang='grc'><strong>,</strong></span> <span class='ocrx_word' id='word_1_22' title='bbox 3101 507 3181 563; x_wconf 91' lang='lat' dir='ltr'><strong>tit.</strong></span> <span class='ocrx_word' id='word_1_23' title='bbox 3212 508 3281 563; x_wconf 72' lang='grc'><strong>57</strong></span> <span class='ocrx_word' id='word_1_24' title='bbox 3312 548 3326 574; x_wconf 94' lang='grc'><strong>,</strong></span> <span class='ocrx_word' id='word_1_25' title='bbox 3351 525 3469 581; x_wconf 87' lang='lat' dir='ltr'><strong>cap.</strong></span> <span class='ocrx_word' id='word_1_26' title='bbox 3520 513 3610 570; x_wconf 80' lang='lat' dir='ltr'><strong>8i.</strong></span> 
     </span>
    </p>
   </div>
   <div class='ocr_carea' id='block_1_6' title="bbox 369 587 1929 662">
    <p class='ocr_par' dir='ltr' id='par_1_6' title="bbox 369 587 1929 662">
     <span class='ocr_line' id='line_1_6' title="bbox 369 587 1929 662; baseline 0.001 -21"><span class='ocrx_word' id='word_1_27' title='bbox 369 588 638 641; x_wconf 74' lang='grc' dir='ltr'>καὶταῦτα</span> <span class='ocrx_word' id='word_1_28' title='bbox 664 587 760 641; x_wconf 72' lang='grc' dir='ltr'>τοῦ</span> <span class='ocrx_word' id='word_1_29' title='bbox 793 590 957 657; x_wconf 83' lang='grc' dir='ltr'>νόμου</span> <span class='ocrx_word' id='word_1_30' title='bbox 988 588 1238 657; x_wconf 83' lang='grc' dir='ltr'>λέγοντος</span> <span class='ocrx_word' id='word_1_31' title='bbox 1261 591 1319 641; x_wconf 84' lang='grc' dir='ltr'>ὲν</span> <span class='ocrx_word' id='word_1_32' title='bbox 1346 590 1538 662; x_wconf 81' lang='grc' dir='ltr'>βιϐλίῳ</span> <span class='ocrx_word' id='word_1_33' title='bbox 1572 591 1636 657; x_wconf 82' lang='grc' dir='ltr'>ξ’,</span> <span class='ocrx_word' id='word_1_34' title='bbox 1658 591 1797 646; x_wconf 85' lang='grc' dir='ltr'>τίτλ.</span> <span class='ocrx_word' id='word_1_35' title='bbox 1830 591 1929 657; x_wconf 79' lang='grc' dir='ltr'>λζ’,</span> 
     </span>
    </p>
   </div>
   <div class='ocr_carea' id='block_1_7' title="bbox 370 680 1930 756">
    <p class='ocr_par' dir='ltr' id='par_1_7' title="bbox 370 680 1930 756">
     <span class='ocr_line' id='line_1_7' title="bbox 370 680 1930 756; baseline 0.003 -26"><span class='ocrx_word' id='word_1_36' title='bbox 370 696 484 748; x_wconf 80' lang='grc' dir='ltr'>κεφ.</span> <span class='ocrx_word' id='word_1_37' title='bbox 520 687 634 733; x_wconf 67' lang='lat' dir='ltr'><strong>ml.</strong></span> <span class='ocrx_word' id='word_1_38' title='bbox 679 681 739 732; x_wconf 90' lang='grc' dir='ltr'>Ὀ</span> <span class='ocrx_word' id='word_1_39' title='bbox 773 680 1095 749; x_wconf 78' lang='grc' dir='ltr'>βιασάμενος</span> <span class='ocrx_word' id='word_1_40' title='bbox 1134 681 1310 753; x_wconf 70' lang='grc' dir='ltr'>οιόρην</span> <span class='ocrx_word' id='word_1_41' title='bbox 1342 684 1435 736; x_wconf 75' lang='grc' dir='ltr'><strong>καὶ</strong></span> <span class='ocrx_word' id='word_1_42' title='bbox 1467 683 1700 754; x_wconf 86' lang='grc' dir='ltr'>φθείρας</span> <span class='ocrx_word' id='word_1_43' title='bbox 1737 683 1930 756; x_wconf 81' lang='grc' dir='ltr'>αὐτὴν,</span> 
     </span>
    </p>
   </div>
   <div class='ocr_carea' id='block_1_8' title="bbox 369 772 1932 846">
    <p class='ocr_par' dir='ltr' id='par_1_8' title="bbox 369 772 1932 846">
     <span class='ocr_line' id='line_1_8' title="bbox 369 772 1932 846; baseline 0.004 -23"><span class='ocrx_word' id='word_1_44' title='bbox 369 772 781 841; x_wconf 73' lang='grc' dir='ltr'>ρινοκοπείσθω,</span> <span class='ocrx_word' id='word_1_45' title='bbox 805 772 980 834; x_wconf 77' lang='grc' dir='ltr'>διδοὺς</span> <span class='ocrx_word' id='word_1_46' title='bbox 1014 774 1151 844; x_wconf 80' lang='grc' dir='ltr'>αὐτῇ</span> <span class='ocrx_word' id='word_1_47' title='bbox 1183 776 1277 828; x_wconf 75' lang='grc' dir='ltr'><strong>καὶ</strong></span> <span class='ocrx_word' id='word_1_48' title='bbox 1318 774 1377 828; x_wconf 83' lang='grc' dir='ltr'><strong>τὸ</strong></span> <span class='ocrx_word' id='word_1_49' title='bbox 1421 775 1607 846; x_wconf 86' lang='grc' dir='ltr'>τρίτον</span> <span class='ocrx_word' id='word_1_50' title='bbox 1649 776 1750 844; x_wconf 82' lang='grc' dir='ltr'>τῆς</span> <span class='ocrx_word' id='word_1_51' title='bbox 1799 775 1932 829; x_wconf 82' lang='grc' dir='ltr'>ὐπο-</span> 
     </span>
    </p>
   </div>
   <div class='ocr_carea' id='block_1_9' title="bbox 366 863 1932 939">
    <p class='ocr_par' dir='ltr' id='par_1_9' title="bbox 366 863 1932 939">
     <span class='ocr_line' id='line_1_9' title="bbox 366 863 1932 939; baseline 0.004 -25"><span class='ocrx_word' id='word_1_52' title='bbox 366 863 601 924; x_wconf 84' lang='grc' dir='ltr'>στάσεως</span> <span class='ocrx_word' id='word_1_53' title='bbox 659 863 849 919; x_wconf 78' lang='grc' dir='ltr'>αὑτοῦ.</span> <span class='ocrx_word' id='word_1_54' title='bbox 886 865 1073 917; x_wconf 59' lang='lat' dir='ltr'><strong>&quot;Eutr/.5</strong></span> <span class='ocrx_word' id='word_1_55' title='bbox 1138 864 1321 918; x_wconf 81' lang='grc' dir='ltr'>τοίνυν</span> <span class='ocrx_word' id='word_1_56' title='bbox 1364 867 1440 929; x_wconf 84' lang='grc' dir='ltr'>ὡς</span> <span class='ocrx_word' id='word_1_57' title='bbox 1490 867 1802 931; x_wconf 85' lang='grc' dir='ltr'>ἀκολούθως</span> <span class='ocrx_word' id='word_1_58' title='bbox 1853 868 1932 939; x_wconf 82' lang='grc' dir='ltr'>τῷ</span> 
     </span>
    </p>
   </div>
   <div class='ocr_carea' id='block_1_10' title="bbox 363 954 1933 1030">
    <p class='ocr_par' dir='ltr' id='par_1_10' title="bbox 363 954 1933 1030">
     <span class='ocr_line' id='line_1_10' title="bbox 363 954 1933 1030; baseline 0.006 -25"><span class='ocrx_word' id='word_1_59' title='bbox 363 954 522 1023; x_wconf 78' lang='grc' dir='ltr'>τρίτῳ</span> <span class='ocrx_word' id='word_1_60' title='bbox 548 972 673 1023; x_wconf 81' lang='grc' dir='ltr'>κεφ.</span> <span class='ocrx_word' id='word_1_61' title='bbox 725 956 817 1009; x_wconf 82' lang='grc' dir='ltr'><strong>τοῦ</strong></span> <span class='ocrx_word' id='word_1_62' title='bbox 851 954 950 1020; x_wconf 75' lang='grc' dir='ltr'>λζ’,</span> <span class='ocrx_word' id='word_1_63' title='bbox 985 956 1162 1009; x_wconf 84' lang='grc' dir='ltr'>τίτλου</span> <span class='ocrx_word' id='word_1_64' title='bbox 1202 958 1296 1010; x_wconf 77' lang='grc' dir='ltr'>τοῦ</span> <span class='ocrx_word' id='word_1_65' title='bbox 1360 955 1402 1024; x_wconf 81' lang='grc' dir='ltr'><strong>ξ’</strong></span> <span class='ocrx_word' id='word_1_66' title='bbox 1435 957 1666 1028; x_wconf 85' lang='grc' dir='ltr'>βιϐλίου,</span> <span class='ocrx_word' id='word_1_67' title='bbox 1715 960 1793 1030; x_wconf 82' lang='grc' dir='ltr'>τῷ</span> <span class='ocrx_word' id='word_1_68' title='bbox 1823 959 1933 1014; x_wconf 90' lang='grc' dir='ltr'>διο-</span> 
     </span>
    </p>
   </div>
   <div class='ocr_carea' id='block_1_11' title="bbox 364 1045 1930 1120">
    <p class='ocr_par' dir='ltr' id='par_1_11' title="bbox 364 1045 1930 1120">
     <span class='ocr_line' id='line_1_11' title="bbox 364 1045 1930 1120; baseline 0.005 -23"><span class='ocrx_word' id='word_1_69' title='bbox 364 1045 624 1116; x_wconf 78' lang='grc' dir='ltr'>ριζομένῳ</span> <span class='ocrx_word' id='word_1_70' title='bbox 660 1048 1062 1115; x_wconf 77' lang='grc' dir='ltr'>ἀναγκάζεσθαι</span> <span class='ocrx_word' id='word_1_71' title='bbox 1093 1048 1185 1101; x_wconf 79' lang='grc' dir='ltr'><strong>τὸν</strong></span> <span class='ocrx_word' id='word_1_72' title='bbox 1222 1049 1361 1119; x_wconf 81' lang='grc' dir='ltr'><strong>μετά</strong></span> <span class='ocrx_word' id='word_1_73' title='bbox 1414 1049 1691 1119; x_wconf 83' lang='grc' dir='ltr'>σώφρονος</span> <span class='ocrx_word' id='word_1_74' title='bbox 1739 1069 1930 1120; x_wconf 80' lang='grc' dir='ltr'>γυναι-</span> 
     </span>
    </p>
   </div>
   <div class='ocr_carea' id='block_1_12' title="bbox 365 1137 1931 1214">
    <p class='ocr_par' dir='ltr' id='par_1_12' title="bbox 365 1137 1931 1214">
     <span class='ocr_line' id='line_1_12' title="bbox 365 1137 1931 1214; baseline 0.006 -26"><span class='ocrx_word' id='word_1_75' title='bbox 365 1138 449 1197; x_wconf 61' lang='grc' dir='ltr'>κθις</span> <span class='ocrx_word' id='word_1_76' title='bbox 472 1137 954 1208; x_wconf 56' lang='grc' dir='ltr'>παλλακευόμεναι</span> <span class='ocrx_word' id='word_1_77' title='bbox 984 1142 1079 1193; x_wconf 74' lang='grc' dir='ltr'>καὶ</span> <span class='ocrx_word' id='word_1_78' title='bbox 1112 1141 1195 1203; x_wconf 88' lang='grc' dir='ltr'><strong>είς</strong></span> <span class='ocrx_word' id='word_1_79' title='bbox 1225 1141 1406 1211; x_wconf 81' lang='grc' dir='ltr'>γάμου</span> <span class='ocrx_word' id='word_1_80' title='bbox 1450 1143 1737 1197; x_wconf 85' lang='grc' dir='ltr'>κοινωνίαν</span> <span class='ocrx_word' id='word_1_81' title='bbox 1795 1144 1931 1214; x_wconf 86' lang='grc' dir='ltr'>λαμ-</span> 
     </span>
    </p>
   </div>
   <div class='ocr_carea' id='block_1_13' title="bbox 359 1230 1928 1303">
    <p class='ocr_par' dir='ltr' id='par_1_13' title="bbox 359 1230 1928 1303">
     <span class='ocr_line' id='line_1_13' title="bbox 359 1230 1928 1303; baseline 0.007 -23"><span class='ocrx_word' id='word_1_82' title='bbox 359 1230 537 1281; x_wconf 75' lang='grc' dir='ltr'>ϐάνειν</span> <span class='ocrx_word' id='word_1_83' title='bbox 583 1231 773 1300; x_wconf 75' lang='grc' dir='ltr'>αὐτὴν,</span> <span class='ocrx_word' id='word_1_84' title='bbox 822 1231 917 1283; x_wconf 70' lang='grc' dir='ltr'><strong>καὶ</strong></span> <span class='ocrx_word' id='word_1_85' title='bbox 967 1232 1058 1283; x_wconf 75' lang='grc' dir='ltr'>τὸν</span> <span class='ocrx_word' id='word_1_86' title='bbox 1109 1234 1354 1303; x_wconf 84' lang='grc' dir='ltr'>παρόντα</span> <span class='ocrx_word' id='word_1_87' title='bbox 1428 1236 1631 1290; x_wconf 79' lang='grc' dir='ltr'>κανόνα</span> <span class='ocrx_word' id='word_1_88' title='bbox 1687 1237 1928 1291; x_wconf 78' lang='grc' dir='ltr'>νοεῖσθαι</span> 
     </span>
    </p>
   </div>
   <div class='ocr_carea' id='block_1_14' title="bbox 364 1318 1929 1397">
    <p class='ocr_par' dir='ltr' id='par_1_14' title="bbox 364 1318 1929 1397">
     <span class='ocr_line' id='line_1_14' title="bbox 364 1318 1929 1397; baseline 0.006 -27"><span class='ocrx_word' id='word_1_89' title='bbox 364 1319 451 1372; x_wconf 72' lang='grc' dir='ltr'><strong>καὶ</strong></span> <span class='ocrx_word' id='word_1_90' title='bbox 506 1318 597 1370; x_wconf 78' lang='grc' dir='ltr'>διὰ</span> <span class='ocrx_word' id='word_1_91' title='bbox 646 1319 745 1388; x_wconf 82' lang='grc' dir='ltr'><strong>τὴν</strong></span> <span class='ocrx_word' id='word_1_92' title='bbox 806 1319 925 1388; x_wconf 85' lang='grc' dir='ltr'>βίαν</span> <span class='ocrx_word' id='word_1_93' title='bbox 984 1320 1084 1389; x_wconf 84' lang='grc' dir='ltr'>μὲν</span> <span class='ocrx_word' id='word_1_94' title='bbox 1155 1320 1515 1392; x_wconf 77' lang='grc' dir='ltr'>ἀφορίζεσθαι</span> <span class='ocrx_word' id='word_1_95' title='bbox 1567 1329 1660 1379; x_wconf 86' lang='grc' dir='ltr'><strong>τὸν</strong></span> <span class='ocrx_word' id='word_1_96' title='bbox 1724 1325 1929 1397; x_wconf 83' lang='grc' dir='ltr'>ταύτην</span> 
     </span>
    </p>
   </div>
   <div class='ocr_carea' id='block_1_15' title="bbox 358 1411 1926 1491">
    <p class='ocr_par' dir='ltr' id='par_1_15' title="bbox 358 1411 1926 1491">
     <span class='ocr_line' id='line_1_15' title="bbox 358 1411 1926 1491; baseline 0.008 -31"><span class='ocrx_word' id='word_1_97' title='bbox 358 1411 847 1480; x_wconf 77' lang='grc' dir='ltr'>πλημμελήσαντα,</span> <span class='ocrx_word' id='word_1_98' title='bbox 880 1412 968 1465; x_wconf 71' lang='grc' dir='ltr'>διὰ</span> <span class='ocrx_word' id='word_1_99' title='bbox 993 1414 1051 1465; x_wconf 82' lang='grc' dir='ltr'>δὲ</span> <span class='ocrx_word' id='word_1_100' title='bbox 1091 1412 1189 1484; x_wconf 85' lang='grc' dir='ltr'>τὴν</span> <span class='ocrx_word' id='word_1_101' title='bbox 1223 1416 1498 1486; x_wconf 82' lang='grc' dir='ltr'>σωτηρίαν</span> <span class='ocrx_word' id='word_1_102' title='bbox 1526 1418 1626 1487; x_wconf 80' lang='grc' dir='ltr'>τῆς</span> <span class='ocrx_word' id='word_1_103' title='bbox 1655 1421 1926 1491; x_wconf 84' lang='grc' dir='ltr'>παρθένου</span> 
     </span>
    </p>
   </div>
   <div class='ocr_carea' id='block_1_16' title="bbox 353 1501 1923 1579">
    <p class='ocr_par' dir='ltr' id='par_1_16' title="bbox 353 1501 1923 1579">
     <span class='ocr_line' id='line_1_16' title="bbox 353 1501 1923 1579; baseline 0.011 -26"><span class='ocrx_word' id='word_1_104' title='bbox 353 1501 761 1569; x_wconf 65' lang='grc' dir='ltr'>ἀναγκάζεσθαι</span> <span class='ocrx_word' id='word_1_105' title='bbox 801 1505 963 1557; x_wconf 78' lang='grc' dir='ltr'>αὑτὸν</span> <span class='ocrx_word' id='word_1_106' title='bbox 995 1507 1242 1575; x_wconf 82' lang='grc' dir='ltr'>νομικῶς</span> <span class='ocrx_word' id='word_1_107' title='bbox 1295 1508 1466 1579; x_wconf 83' lang='grc' dir='ltr'>ταύτῃ</span> <span class='ocrx_word' id='word_1_108' title='bbox 1529 1512 1923 1571; x_wconf 79' lang='grc' dir='ltr'>συνάπτεσθαι.</span> 
     </span>
    </p>
   </div>
   <div class='ocr_carea' id='block_1_17' title="bbox 364 1594 1925 1675">
    <p class='ocr_par' dir='ltr' id='par_1_17' title="bbox 364 1594 1925 1675">
     <span class='ocr_line' id='line_1_17' title="bbox 364 1594 1925 1675; baseline 0.01 -30"><span class='ocrx_word' id='word_1_109' title='bbox 364 1594 661 1661; x_wconf 75' lang='grc' dir='ltr'>Ἀνάγνωθι</span> <span class='ocrx_word' id='word_1_110' title='bbox 698 1597 789 1649; x_wconf 75' lang='grc' dir='ltr'><strong>καὶ</strong></span> <span class='ocrx_word' id='word_1_111' title='bbox 818 1598 910 1649; x_wconf 79' lang='grc' dir='ltr'>τοῦ</span> <span class='ocrx_word' id='word_1_112' title='bbox 948 1600 1215 1665; x_wconf 82' lang='grc' dir='ltr'>παρόντος</span> <span class='ocrx_word' id='word_1_113' title='bbox 1248 1600 1627 1671; x_wconf 82' lang='grc' dir='ltr'>συντάγματος</span> <span class='ocrx_word' id='word_1_114' title='bbox 1650 1604 1826 1659; x_wconf 82' lang='grc' dir='ltr'>τίτλον</span> <span class='ocrx_word' id='word_1_115' title='bbox 1857 1604 1925 1675; x_wconf 83' lang='grc' dir='ltr'>θ’,</span> 
     </span>
    </p>
   </div>
   <div class='ocr_carea' id='block_1_18' title="bbox 359 1686 1927 1761">
    <p class='ocr_par' dir='ltr' id='par_1_18' title="bbox 359 1686 1927 1761">
     <span class='ocr_line' id='line_1_18' title="bbox 359 1686 1927 1761; baseline 0.01 -24"><span class='ocrx_word' id='word_1_116' title='bbox 359 1702 476 1754; x_wconf 79' lang='grc' dir='ltr'>κεφ.</span> <span class='ocrx_word' id='word_1_117' title='bbox 514 1686 560 1738; x_wconf 79' lang='grc' dir='ltr'>λ’</span> <span class='ocrx_word' id='word_1_118' title='bbox 592 1689 685 1739; x_wconf 73' lang='grc' dir='ltr'><strong>καὶ</strong></span> <span class='ocrx_word' id='word_1_119' title='bbox 740 1692 807 1740; x_wconf 74' lang='grc' dir='ltr'><strong>τὰ</strong></span> <span class='ocrx_word' id='word_1_120' title='bbox 838 1690 893 1740; x_wconf 76' lang='grc' dir='ltr'><strong>έν</strong></span> <span class='ocrx_word' id='word_1_121' title='bbox 927 1690 1097 1760; x_wconf 81' lang='grc' dir='ltr'>αὐτῷ.</span> <span class='ocrx_word' id='word_1_122' title='bbox 1148 1691 1253 1744; x_wconf 57' lang='grc' dir='ltr'><strong>Καὶ⁵</strong></span> <span class='ocrx_word' id='word_1_123' title='bbox 1294 1690 1502 1761; x_wconf 88' lang='grc' dir='ltr'>βιϐλίου</span> <span class='ocrx_word' id='word_1_124' title='bbox 1537 1695 1646 1750; x_wconf 83' lang='grc' dir='ltr'><strong>τῶν</strong></span> <span class='ocrx_word' id='word_1_125' title='bbox 1708 1699 1927 1753; x_wconf 87' lang='grc' dir='ltr'>Βασιλι-</span> 
     </span>
    </p>
   </div>
   <div class='ocr_carea' id='block_1_19' title="bbox 356 1776 1923 1864">
    <p class='ocr_par' dir='ltr' id='par_1_19' title="bbox 356 1776 1923 1864">
     <span class='ocr_line' id='line_1_19' title="bbox 356 1776 1923 1864; baseline 0.011 -36"><span class='ocrx_word' id='word_1_126' title='bbox 356 1777 456 1830; x_wconf 85' lang='grc' dir='ltr'><strong>κῶν</strong></span> <span class='ocrx_word' id='word_1_127' title='bbox 492 1776 555 1841; x_wconf 77' lang='grc' dir='ltr'><strong>ξ’,</strong></span> <span class='ocrx_word' id='word_1_128' title='bbox 586 1779 764 1832; x_wconf 78' lang='grc' dir='ltr'>τίτλον</span> <span class='ocrx_word' id='word_1_129' title='bbox 824 1786 925 1851; x_wconf 88' lang='grc' dir='ltr'>νη’,</span> <span class='ocrx_word' id='word_1_130' title='bbox 959 1798 1083 1850; x_wconf 86' lang='grc' dir='ltr'>κεφ.</span> <span class='ocrx_word' id='word_1_131' title='bbox 1129 1780 1177 1850; x_wconf 85' lang='grc' dir='ltr'>γ’</span> <span class='ocrx_word' id='word_1_132' title='bbox 1211 1784 1368 1852; x_wconf 87' lang='grc' dir='ltr'>λέγον</span> <span class='ocrx_word' id='word_1_133' title='bbox 1392 1802 1405 1816; x_wconf 73' lang='grc' dir='ltr'><strong><em>ο</em></strong></span> <span class='ocrx_word' id='word_1_134' title='bbox 1454 1788 1545 1858; x_wconf 80' lang='grc' dir='ltr'><strong>Μὴ</strong></span> <span class='ocrx_word' id='word_1_135' title='bbox 1577 1792 1861 1859; x_wconf 84' lang='grc' dir='ltr'>γαμείσθω</span> <span class='ocrx_word' id='word_1_136' title='bbox 1891 1794 1923 1864; x_wconf 83' lang='grc' dir='ltr'><strong>ή</strong></span> 
     </span>
    </p>
   </div>
   <div class='ocr_carea' id='block_1_20' title="bbox 354 1870 1924 1946">
    <p class='ocr_par' dir='ltr' id='par_1_20' title="bbox 354 1870 1924 1946">
     <span class='ocr_line' id='line_1_20' title="bbox 354 1870 1924 1946; baseline 0.009 -24"><span class='ocrx_word' id='word_1_137' title='bbox 354 1870 663 1939; x_wconf 79' lang='grc' dir='ltr'>ἁρπαγεῖσα</span> <span class='ocrx_word' id='word_1_138' title='bbox 696 1872 772 1940; x_wconf 82' lang='grc' dir='ltr'>τῷ</span> <span class='ocrx_word' id='word_1_139' title='bbox 793 1872 1099 1940; x_wconf 75' lang='grc' dir='ltr'>άρπάζοντι</span> <span class='ocrx_word' id='word_1_140' title='bbox 1131 1876 1327 1946; x_wconf 59' lang='grc' dir='ltr'>αὑτήν</span> <span class='ocrx_word' id='word_1_141' title='bbox 1366 1877 1502 1932; x_wconf 78' lang='grc' dir='ltr'>ἀλλὰ</span> <span class='ocrx_word' id='word_1_142' title='bbox 1542 1882 1635 1933; x_wconf 81' lang='grc' dir='ltr'>καὶ</span> <span class='ocrx_word' id='word_1_143' title='bbox 1662 1885 1709 1934; x_wconf 89' lang='grc' dir='ltr'><strong>εί</strong></span> <span class='ocrx_word' id='word_1_144' title='bbox 1739 1900 1924 1938; x_wconf 79' lang='grc' dir='ltr'>συναι-</span> 
     </span>
    </p>
   </div>
   <div class='ocr_carea' id='block_1_21' title="bbox 352 1963 1929 2047">
    <p class='ocr_par' dir='ltr' id='par_1_21' title="bbox 352 1963 1929 2047">
     <span class='ocr_line' id='line_1_21' title="bbox 352 1963 1929 2047; baseline 0.011 -33"><span class='ocrx_word' id='word_1_145' title='bbox 352 1963 561 2015; x_wconf 87' lang='grc' dir='ltr'>νέσουσι</span> <span class='ocrx_word' id='word_1_146' title='bbox 588 1965 665 2034; x_wconf 80' lang='grc' dir='ltr'>τῷ</span> <span class='ocrx_word' id='word_1_147' title='bbox 698 1968 1016 2038; x_wconf 85' lang='grc' dir='ltr'>συνοικεσίῳ</span> <span class='ocrx_word' id='word_1_148' title='bbox 1055 1969 1104 2019; x_wconf 89' lang='grc' dir='ltr'><strong>οί</strong></span> <span class='ocrx_word' id='word_1_149' title='bbox 1133 1973 1309 2037; x_wconf 81' lang='grc' dir='ltr'>γονεῖς</span> <span class='ocrx_word' id='word_1_150' title='bbox 1341 1972 1535 2041; x_wconf 78' lang='grc' dir='ltr'>αὐτῆς,</span> <span class='ocrx_word' id='word_1_151' title='bbox 1587 1978 1929 2047; x_wconf 81' lang='grc' dir='ltr'>περιορίζον-</span> 
     </span>
    </p>
   </div>
   <div class='ocr_carea' id='block_1_22' title="bbox 354 2056 1928 2138">
    <p class='ocr_par' dir='ltr' id='par_1_22' title="bbox 354 2056 1928 2138">
     <span class='ocr_line' id='line_1_22' title="bbox 354 2056 1928 2138; baseline 0.011 -33"><span class='ocrx_word' id='word_1_152' title='bbox 354 2071 454 2108; x_wconf 69' lang='lat' dir='ltr'><strong>ut.</strong></span> <span class='ocrx_word' id='word_1_153' title='bbox 504 2056 619 2108; x_wconf 81' lang='grc' dir='ltr'>Καὶ</span> <span class='ocrx_word' id='word_1_154' title='bbox 676 2057 753 2127; x_wconf 83' lang='grc' dir='ltr'>μὴ</span> <span class='ocrx_word' id='word_1_155' title='bbox 803 2059 1102 2129; x_wconf 79' lang='grc' dir='ltr'>ἐναντιωθῇ</span> <span class='ocrx_word' id='word_1_156' title='bbox 1160 2077 1266 2114; x_wconf 91' lang='grc' dir='ltr'>σοι.</span> <span class='ocrx_word' id='word_1_157' title='bbox 1347 2063 1556 2128; x_wconf 85' lang='grc' dir='ltr'>Ἀλλως</span> <span class='ocrx_word' id='word_1_158' title='bbox 1604 2067 1715 2138; x_wconf 82' lang='grc' dir='ltr'><strong>γάρ</strong></span> <span class='ocrx_word' id='word_1_159' title='bbox 1765 2069 1928 2124; x_wconf 85' lang='grc' dir='ltr'>κολά-</span> 
     </span>
    </p>
   </div>
   <div class='ocr_carea' id='block_1_23' title="bbox 356 2148 1927 2232">
    <p class='ocr_par' dir='ltr' id='par_1_23' title="bbox 356 2148 1927 2232">
     <span class='ocr_line' id='line_1_23' title="bbox 356 2148 1927 2232; baseline 0.012 -32"><span class='ocrx_word' id='word_1_160' title='bbox 356 2148 508 2213; x_wconf 77' lang='grc' dir='ltr'>ζεται</span> <span class='ocrx_word' id='word_1_161' title='bbox 554 2152 582 2202; x_wconf 85' lang='grc' dir='ltr'>ὁ</span> <span class='ocrx_word' id='word_1_162' title='bbox 624 2151 880 2219; x_wconf 84' lang='grc' dir='ltr'>ἀρπάσας</span> <span class='ocrx_word' id='word_1_163' title='bbox 936 2152 1129 2224; x_wconf 85' lang='grc' dir='ltr'>κόρην,</span> <span class='ocrx_word' id='word_1_164' title='bbox 1163 2155 1257 2208; x_wconf 74' lang='grc' dir='ltr'>καὶ</span> <span class='ocrx_word' id='word_1_165' title='bbox 1303 2155 1485 2220; x_wconf 86' lang='grc' dir='ltr'>ἄλλως</span> <span class='ocrx_word' id='word_1_166' title='bbox 1533 2160 1559 2211; x_wconf 82' lang='grc' dir='ltr'><strong><em>ὁ</em></strong></span> <span class='ocrx_word' id='word_1_167' title='bbox 1609 2162 1752 2215; x_wconf 75' lang='grc' dir='ltr'>κατὰ</span> <span class='ocrx_word' id='word_1_168' title='bbox 1803 2163 1927 2232; x_wconf 83' lang='grc' dir='ltr'>βίαν</span> 
     </span>
    </p>
   </div>
   <div class='ocr_carea' id='block_1_24' title="bbox 353 2240 1929 2322">
    <p class='ocr_par' dir='ltr' id='par_1_24' title="bbox 353 2240 1929 2322">
     <span class='ocr_line' id='line_1_24' title="bbox 353 2240 1929 2322; baseline 0.011 -30"><span class='ocrx_word' id='word_1_169' title='bbox 353 2240 578 2310; x_wconf 83' lang='grc' dir='ltr'>φθείρας</span> <span class='ocrx_word' id='word_1_170' title='bbox 606 2242 899 2312; x_wconf 81' lang='grc' dir='ltr'>παρθένον.</span> <span class='ocrx_word' id='word_1_171' title='bbox 929 2247 1037 2298; x_wconf 72' lang='grc' dir='ltr'><strong>Καὶ</strong></span> <span class='ocrx_word' id='word_1_172' title='bbox 1070 2247 1101 2316; x_wconf 82' lang='grc' dir='ltr'>ὴ</span> <span class='ocrx_word' id='word_1_173' title='bbox 1139 2248 1236 2317; x_wconf 84' lang='grc' dir='ltr'><strong>μὲν</strong></span> <span class='ocrx_word' id='word_1_174' title='bbox 1273 2248 1502 2319; x_wconf 79' lang='grc' dir='ltr'>ἁρπαγὴ</span> <span class='ocrx_word' id='word_1_175' title='bbox 1533 2251 1620 2304; x_wconf 78' lang='grc' dir='ltr'>διὰ</span> <span class='ocrx_word' id='word_1_176' title='bbox 1645 2253 1746 2322; x_wconf 72' lang='grc' dir='ltr'>τὴν</span> <span class='ocrx_word' id='word_1_177' title='bbox 1778 2255 1929 2309; x_wconf 89' lang='grc' dir='ltr'>ἀναί-</span> 
     </span>
    </p>
   </div>
   <div class='ocr_carea' id='block_1_25' title="bbox 352 2330 1931 2413">
    <p class='ocr_par' dir='ltr' id='par_1_25' title="bbox 352 2330 1931 2413">
     <span class='ocr_line' id='line_1_25' title="bbox 352 2330 1931 2413; baseline 0.011 -30"><span class='ocrx_word' id='word_1_178' title='bbox 352 2332 490 2384; x_wconf 83' lang='grc' dir='ltr'>δειαν</span> <span class='ocrx_word' id='word_1_179' title='bbox 517 2330 613 2384; x_wconf 74' lang='grc' dir='ltr'>τοῦ</span> <span class='ocrx_word' id='word_1_180' title='bbox 651 2333 1000 2403; x_wconf 79' lang='grc' dir='ltr'>ἁρπάσαντος</span> <span class='ocrx_word' id='word_1_181' title='bbox 1023 2335 1082 2387; x_wconf 85' lang='grc' dir='ltr'><strong>οὐ</strong></span> <span class='ocrx_word' id='word_1_182' title='bbox 1131 2338 1588 2406; x_wconf 80' lang='grc' dir='ltr'>συγγινώσκεται·</span> <span class='ocrx_word' id='word_1_183' title='bbox 1631 2343 1663 2413; x_wconf 82' lang='grc' dir='ltr'>ἡ</span> <span class='ocrx_word' id='word_1_184' title='bbox 1703 2343 1931 2400; x_wconf 83' lang='grc' dir='ltr'>δὲκατά</span> 
     </span>
    </p>
   </div>
   <div class='ocr_carea' id='block_1_26' title="bbox 354 2419 1933 2505">
    <p class='ocr_par' dir='ltr' id='par_1_26' title="bbox 354 2419 1933 2505">
     <span class='ocr_line' id='line_1_26' title="bbox 354 2419 1933 2505; baseline 0.012 -34"><span class='ocrx_word' id='word_1_185' title='bbox 354 2419 468 2490; x_wconf 83' lang='grc' dir='ltr'>βίαν</span> <span class='ocrx_word' id='word_1_186' title='bbox 501 2424 777 2493; x_wconf 78' lang='grc' dir='ltr'>γενομένη</span> <span class='ocrx_word' id='word_1_187' title='bbox 825 2423 1024 2492; x_wconf 83' lang='grc' dir='ltr'>φθορὰ,</span> <span class='ocrx_word' id='word_1_188' title='bbox 1057 2426 1150 2480; x_wconf 83' lang='grc' dir='ltr'><strong>ἐὰν</strong></span> <span class='ocrx_word' id='word_1_189' title='bbox 1183 2427 1292 2481; x_wconf 84' lang='grc' dir='ltr'>ὑπὸ</span> <span class='ocrx_word' id='word_1_190' title='bbox 1335 2430 1435 2500; x_wconf 87' lang='grc' dir='ltr'>τῆς</span> <span class='ocrx_word' id='word_1_191' title='bbox 1470 2430 1788 2505; x_wconf 81' lang='grc' dir='ltr'>βιασθείσης</span> <span class='ocrx_word' id='word_1_192' title='bbox 1828 2454 1933 2490; x_wconf 82' lang='grc' dir='ltr'>κα·</span> 
     </span>
    </p>
   </div>
   <div class='ocr_carea' id='block_1_27' title="bbox 352 2512 1930 2601">
    <p class='ocr_par' dir='ltr' id='par_1_27' title="bbox 352 2512 1930 2601">
     <span class='ocr_line' id='line_1_27' title="bbox 352 2512 1930 2601; baseline 0.011 -37"><span class='ocrx_word' id='word_1_193' title='bbox 352 2512 689 2583; x_wconf 84' lang='grc' dir='ltr'>ταδέχηται,</span> <span class='ocrx_word' id='word_1_194' title='bbox 770 2517 1228 2583; x_wconf 81' lang='grc' dir='ltr'>συγγινώσκεται.</span> <span class='ocrx_word' id='word_1_195' title='bbox 1311 2520 1371 2576; x_wconf 83' lang='grc' dir='ltr'>Ὀ</span> <span class='ocrx_word' id='word_1_196' title='bbox 1420 2524 1603 2594; x_wconf 85' lang='grc' dir='ltr'>μέντοι</span> <span class='ocrx_word' id='word_1_197' title='bbox 1675 2529 1930 2601; x_wconf 80' lang='grc' dir='ltr'>παρθένῳ</span> 
     </span>
    </p>
   </div>
   <div class='ocr_carea' id='block_1_28' title="bbox 354 2607 1934 2693">
    <p class='ocr_par' dir='ltr' id='par_1_28' title="bbox 354 2607 1934 2693">
     <span class='ocr_line' id='line_1_28' title="bbox 354 2607 1934 2693; baseline 0.013 -36"><span class='ocrx_word' id='word_1_198' title='bbox 354 2607 647 2676; x_wconf 67' lang='grc' dir='ltr'>συναφθεὶς</span> <span class='ocrx_word' id='word_1_199' title='bbox 699 2609 840 2662; x_wconf 85' lang='grc' dir='ltr'><strong>κατά</strong></span> <span class='ocrx_word' id='word_1_200' title='bbox 916 2611 1142 2683; x_wconf 86' lang='grc' dir='ltr'>γνώμην</span> <span class='ocrx_word' id='word_1_201' title='bbox 1212 2615 1425 2686; x_wconf 77' lang='grc' dir='ltr'>ἐκείνης</span> <span class='ocrx_word' id='word_1_202' title='bbox 1468 2619 1724 2690; x_wconf 83' lang='grc' dir='ltr'>έτεροίως</span> <span class='ocrx_word' id='word_1_203' title='bbox 1760 2639 1934 2693; x_wconf 85' lang='grc' dir='ltr'>τιμω-</span> 
     </span>
    </p>
   </div>
   <div class='ocr_carea' id='block_1_29' title="bbox 353 2700 1930 2783">
    <p class='ocr_par' dir='ltr' id='par_1_29' title="bbox 353 2700 1930 2783">
     <span class='ocr_line' id='line_1_29' title="bbox 353 2700 1930 2783; baseline 0.013 -34"><span class='ocrx_word' id='word_1_204' title='bbox 353 2701 547 2766; x_wconf 86' lang='grc' dir='ltr'>ρεῖται.</span> <span class='ocrx_word' id='word_1_205' title='bbox 586 2700 727 2770; x_wconf 78' lang='grc' dir='ltr'>Φησὶ</span> <span class='ocrx_word' id='word_1_206' title='bbox 756 2701 865 2772; x_wconf 76' lang='grc' dir='ltr'><strong>γὰρ</strong></span> <span class='ocrx_word' id='word_1_207' title='bbox 916 2704 945 2755; x_wconf 89' lang='grc' dir='ltr'>ὁ</span> <span class='ocrx_word' id='word_1_208' title='bbox 992 2704 1159 2773; x_wconf 81' lang='grc' dir='ltr'>νόμος</span> <span class='ocrx_word' id='word_1_209' title='bbox 1204 2708 1262 2759; x_wconf 85' lang='grc' dir='ltr'>ὲν</span> <span class='ocrx_word' id='word_1_210' title='bbox 1316 2707 1505 2780; x_wconf 82' lang='grc' dir='ltr'>βιϐλίῳ</span> <span class='ocrx_word' id='word_1_211' title='bbox 1554 2710 1803 2783; x_wconf 79' lang='grc' dir='ltr'>ξ’,τίτλῳ</span> <span class='ocrx_word' id='word_1_212' title='bbox 1829 2716 1930 2782; x_wconf 77' lang='grc' dir='ltr'>λζ’,</span> 
     </span>
    </p>
   </div>
   <div class='ocr_carea' id='block_1_30' title="bbox 352 2788 1933 2879">
    <p class='ocr_par' dir='ltr' id='par_1_30' title="bbox 352 2788 1933 2879">
     <span class='ocr_line' id='line_1_30' title="bbox 352 2788 1933 2879; baseline 0.014 -38"><span class='ocrx_word' id='word_1_213' title='bbox 352 2806 471 2859; x_wconf 87' lang='grc' dir='ltr'>κεφ.</span> <span class='ocrx_word' id='word_1_214' title='bbox 519 2788 581 2845; x_wconf 80' lang='grc' dir='ltr'>π’</span> <span class='ocrx_word' id='word_1_215' title='bbox 604 2809 616 2821; x_wconf 90' lang='grc'><strong>·</strong></span> <span class='ocrx_word' id='word_1_216' title='bbox 664 2792 725 2845; x_wconf 90' lang='lat'><strong>&#39;0</strong></span> <span class='ocrx_word' id='word_1_217' title='bbox 752 2794 1009 2866; x_wconf 82' lang='grc' dir='ltr'>παρθένῳ</span> <span class='ocrx_word' id='word_1_218' title='bbox 1035 2798 1173 2869; x_wconf 80' lang='grc' dir='ltr'>κόρῃ</span> <span class='ocrx_word' id='word_1_219' title='bbox 1203 2799 1535 2871; x_wconf 80' lang='grc' dir='ltr'>μιγνύμενος</span> <span class='ocrx_word' id='word_1_220' title='bbox 1563 2805 1776 2876; x_wconf 79' lang='grc' dir='ltr'>ἐκείνης</span> <span class='ocrx_word' id='word_1_221' title='bbox 1832 2808 1933 2879; x_wconf 85' lang='grc' dir='ltr'>μὲν</span> 
     </span>
    </p>
   </div>
   <div class='ocr_carea' id='block_1_31' title="bbox 360 2884 1936 2971">
    <p class='ocr_par' dir='ltr' id='par_1_31' title="bbox 360 2884 1936 2971">
     <span class='ocr_line' id='line_1_31' title="bbox 360 2884 1936 2971; baseline 0.015 -38"><span class='ocrx_word' id='word_1_222' title='bbox 360 2884 710 2953; x_wconf 79' lang='grc' dir='ltr'>προαιρέσει,</span> <span class='ocrx_word' id='word_1_223' title='bbox 756 2885 1099 2952; x_wconf 83' lang='grc' dir='ltr'>ἀγνοούντων</span> <span class='ocrx_word' id='word_1_224' title='bbox 1139 2890 1195 2943; x_wconf 84' lang='grc' dir='ltr'><strong>δὲ</strong></span> <span class='ocrx_word' id='word_1_225' title='bbox 1224 2891 1332 2944; x_wconf 85' lang='grc' dir='ltr'><strong>τῶν</strong></span> <span class='ocrx_word' id='word_1_226' title='bbox 1381 2896 1606 2962; x_wconf 84' lang='grc' dir='ltr'>γονέων,</span> <span class='ocrx_word' id='word_1_227' title='bbox 1641 2900 1742 2968; x_wconf 83' lang='grc' dir='ltr'><strong>τῆς</strong></span> <span class='ocrx_word' id='word_1_228' title='bbox 1795 2902 1936 2971; x_wconf 86' lang='grc' dir='ltr'>πρά-</span> 
     </span>
    </p>
   </div>
   <div class='ocr_carea' id='block_1_32' title="bbox 356 2974 1936 3063">
    <p class='ocr_par' dir='ltr' id='par_1_32' title="bbox 356 2974 1936 3063">
     <span class='ocr_line' id='line_1_32' title="bbox 356 2974 1936 3063; baseline 0.016 -37"><span class='ocrx_word' id='word_1_229' title='bbox 356 2974 485 3040; x_wconf 83' lang='grc' dir='ltr'>ξεως</span> <span class='ocrx_word' id='word_1_230' title='bbox 517 2976 1055 3051; x_wconf 84' lang='grc' dir='ltr'>διαγινωσκομένης,</span> <span class='ocrx_word' id='word_1_231' title='bbox 1102 2984 1151 3035; x_wconf 89' lang='grc' dir='ltr'><strong>εί</strong></span> <span class='ocrx_word' id='word_1_232' title='bbox 1202 2984 1301 3054; x_wconf 84' lang='grc' dir='ltr'>μὲν</span> <span class='ocrx_word' id='word_1_233' title='bbox 1352 2985 1496 3040; x_wconf 84' lang='grc' dir='ltr'>θέλει</span> <span class='ocrx_word' id='word_1_234' title='bbox 1550 2992 1721 3063; x_wconf 77' lang='grc' dir='ltr'>αὐτὴν</span> <span class='ocrx_word' id='word_1_235' title='bbox 1748 2994 1936 3051; x_wconf 82' lang='grc' dir='ltr'>λαϐεῖν</span> 
     </span>
    </p>
   </div>
   <div class='ocr_carea' id='block_1_33' title="bbox 351 3065 1935 3151">
    <p class='ocr_par' dir='ltr' id='par_1_33' title="bbox 351 3065 1935 3151">
     <span class='ocr_line' id='line_1_33' title="bbox 351 3065 1935 3151; baseline 0.017 -37"><span class='ocrx_word' id='word_1_236' title='bbox 351 3065 423 3127; x_wconf 83' lang='grc' dir='ltr'><strong>είς</strong></span> <span class='ocrx_word' id='word_1_237' title='bbox 450 3069 718 3133; x_wconf 83' lang='grc' dir='ltr'>γυναῖκα,</span> <span class='ocrx_word' id='word_1_238' title='bbox 764 3071 862 3122; x_wconf 76' lang='grc' dir='ltr'><strong>καὶ</strong></span> <span class='ocrx_word' id='word_1_239' title='bbox 913 3072 1229 3128; x_wconf 82' lang='grc' dir='ltr'>συναινοῦσι</span> <span class='ocrx_word' id='word_1_240' title='bbox 1255 3077 1350 3129; x_wconf 74' lang='grc' dir='ltr'><strong>καὶ</strong></span> <span class='ocrx_word' id='word_1_241' title='bbox 1381 3080 1429 3130; x_wconf 79' lang='grc' dir='ltr'>οἱ</span> <span class='ocrx_word' id='word_1_242' title='bbox 1461 3082 1662 3148; x_wconf 85' lang='grc' dir='ltr'>γονεῖς,</span> <span class='ocrx_word' id='word_1_243' title='bbox 1696 3087 1935 3151; x_wconf 86' lang='grc' dir='ltr'>γινέσθω</span> 
     </span>
    </p>
   </div>
   <div class='ocr_carea' id='block_1_34' title="bbox 2036 591 3615 670">
    <p class='ocr_par' dir='ltr' id='par_1_34' title="bbox 2036 591 3615 670">
     <span class='ocr_line' id='line_1_34' title="bbox 2036 591 3615 670; baseline 0.011 -25"><span class='ocrx_word' id='word_1_244' title='bbox 2036 591 2135 658; x_wconf 89' lang='lat' dir='ltr'><strong>Qui</strong></span> <span class='ocrx_word' id='word_1_245' title='bbox 2164 593 2355 664; x_wconf 69' lang='lat' dir='ltr'><strong>puella:</strong></span> <span class='ocrx_word' id='word_1_246' title='bbox 2388 596 2493 651; x_wconf 90' lang='lat' dir='ltr'><strong>vim</strong></span> <span class='ocrx_word' id='word_1_247' title='bbox 2526 597 2704 663; x_wconf 70' lang='lat' dir='ltr'><strong>atiert,</strong></span> <span class='ocrx_word' id='word_1_248' title='bbox 2731 608 2785 655; x_wconf 92' lang='lat' dir='ltr'><strong>et</strong></span> <span class='ocrx_word' id='word_1_249' title='bbox 2826 615 2943 655; x_wconf 89' lang='lat' dir='ltr'><strong>eam</strong></span> <span class='ocrx_word' id='word_1_250' title='bbox 2994 603 3312 670; x_wconf 73' lang='lat' dir='ltr'><strong>corrumpit,</strong></span> <span class='ocrx_word' id='word_1_251' title='bbox 3359 604 3408 659; x_wconf 87' lang='lat' dir='ltr'><strong>ei</strong></span> <span class='ocrx_word' id='word_1_252' title='bbox 3455 621 3615 662; x_wconf 84' lang='lat' dir='ltr'><strong>nares</strong></span> 
     </span>
    </p>
   </div>
   <div class='ocr_carea' id='block_1_35' title="bbox 2036 682 3612 761">
    <p class='ocr_par' dir='ltr' id='par_1_35' title="bbox 2036 682 3612 761">
     <span class='ocr_line' id='line_1_35' title="bbox 2036 682 3612 761; baseline 0.009 -22"><span class='ocrx_word' id='word_1_253' title='bbox 2036 686 2442 752; x_wconf 81' lang='lat' dir='ltr'><strong>abscinduntur,</strong></span> <span class='ocrx_word' id='word_1_254' title='bbox 2460 698 2514 744; x_wconf 92' lang='lat' dir='ltr'><strong>et</strong></span> <span class='ocrx_word' id='word_1_255' title='bbox 2539 691 2625 744; x_wconf 83' lang='lat' dir='ltr'><strong>det</strong></span> <span class='ocrx_word' id='word_1_256' title='bbox 2646 690 2693 745; x_wconf 89' lang='lat' dir='ltr'><strong>ei</strong></span> <span class='ocrx_word' id='word_1_257' title='bbox 2718 692 2878 746; x_wconf 83' lang='lat' dir='ltr'><strong>etiam</strong></span> <span class='ocrx_word' id='word_1_258' title='bbox 2907 682 3119 748; x_wconf 86' lang='lat' dir='ltr'><strong>tertiam</strong></span> <span class='ocrx_word' id='word_1_259' title='bbox 3146 704 3350 761; x_wconf 87' lang='lat' dir='ltr'><strong>partem</strong></span> <span class='ocrx_word' id='word_1_260' title='bbox 3387 711 3612 753; x_wconf 87' lang='lat' dir='ltr'><strong>suarum</strong></span> 
     </span>
    </p>
   </div>
   <div class='ocr_carea' id='block_1_36' title="bbox 2038 775 3611 857">
    <p class='ocr_par' dir='ltr' id='par_1_36' title="bbox 2038 775 3611 857">
     <span class='ocr_line' id='line_1_36' title="bbox 2038 775 3611 857; baseline 0.01 -30"><span class='ocrx_word' id='word_1_261' title='bbox 2038 775 2377 831; x_wconf 79' lang='lat' dir='ltr'><strong>facultatum.</strong></span> <span class='ocrx_word' id='word_1_262' title='bbox 2422 779 2641 834; x_wconf 74' lang='lat' dir='ltr'><strong>Videtur</strong></span> <span class='ocrx_word' id='word_1_263' title='bbox 2674 796 2800 851; x_wconf 88' lang='lat' dir='ltr'><strong>ergo</strong></span> <span class='ocrx_word' id='word_1_264' title='bbox 2836 782 2923 836; x_wconf 85' lang='lat' dir='ltr'><strong>hic</strong></span> <span class='ocrx_word' id='word_1_265' title='bbox 2981 799 3195 854; x_wconf 89' lang='lat' dir='ltr'><strong>quoque</strong></span> <span class='ocrx_word' id='word_1_266' title='bbox 3235 801 3415 840; x_wconf 87' lang='lat' dir='ltr'><strong>canon</strong></span> <span class='ocrx_word' id='word_1_267' title='bbox 3453 788 3611 857; x_wconf 44' lang='lat' dir='ltr'><strong>inte]:</strong></span> 
     </span>
    </p>
   </div>
   <div class='ocr_carea' id='block_1_37' title="bbox 2034 867 3611 947">
    <p class='ocr_par' dir='ltr' id='par_1_37' title="bbox 2034 867 3611 947">
     <span class='ocr_line' id='line_1_37' title="bbox 2034 867 3611 947; baseline 0.008 -27"><span class='ocrx_word' id='word_1_268' title='bbox 2034 867 2121 938; x_wconf 88' lang='lat' dir='ltr'><strong>ligi</strong></span> <span class='ocrx_word' id='word_1_269' title='bbox 2154 872 2538 927; x_wconf 87' lang='lat' dir='ltr'><strong>convenienter</strong></span> <span class='ocrx_word' id='word_1_270' title='bbox 2557 872 2590 928; x_wconf 78' lang='grc'><strong>5</strong></span> <span class='ocrx_word' id='word_1_271' title='bbox 2616 874 2774 943; x_wconf 88' lang='lat' dir='ltr'><strong>cap‘iti</strong></span> <span class='ocrx_word' id='word_1_272' title='bbox 2807 875 2873 929; x_wconf 83' lang='lat'><strong>57</strong></span> <span class='ocrx_word' id='word_1_273' title='bbox 2900 875 2980 930; x_wconf 92' lang='lat' dir='ltr'><strong>tit.</strong></span> <span class='ocrx_word' id='word_1_274' title='bbox 3006 877 3073 931; x_wconf 77' lang='lat'><strong>(50</strong></span> <span class='ocrx_word' id='word_1_275' title='bbox 3107 878 3247 940; x_wconf 84' lang='lat' dir='ltr'><strong>libri,</strong></span> <span class='ocrx_word' id='word_1_276' title='bbox 3276 870 3611 947; x_wconf 72' lang='lat' dir='ltr'><strong>decernenti,</strong></span> 
     </span>
    </p>
   </div>
   <div class='ocr_carea' id='block_1_38' title="bbox 2034 964 3608 1038">
    <p class='ocr_par' dir='ltr' id='par_1_38' title="bbox 2034 964 3608 1038">
     <span class='ocr_line' id='line_1_38' title="bbox 2034 964 3608 1038; baseline 0.01 -25"><span class='ocrx_word' id='word_1_277' title='bbox 2034 975 2154 1014; x_wconf 88' lang='lat' dir='ltr'><strong>eum</strong></span> <span class='ocrx_word' id='word_1_278' title='bbox 2187 964 2278 1031; x_wconf 87' lang='lat' dir='ltr'><strong>qui</strong></span> <span class='ocrx_word' id='word_1_279' title='bbox 2316 980 2435 1016; x_wconf 85' lang='lat' dir='ltr'><strong>cum</strong></span> <span class='ocrx_word' id='word_1_280' title='bbox 2460 967 2770 1021; x_wconf 88' lang='lat' dir='ltr'><strong>continente</strong></span> <span class='ocrx_word' id='word_1_281' title='bbox 2797 968 3019 1024; x_wconf 83' lang='lat' dir='ltr'><strong>muliere</strong></span> <span class='ocrx_word' id='word_1_282' title='bbox 3076 986 3187 1025; x_wconf 83' lang='lat' dir='ltr'><strong>rem</strong></span> <span class='ocrx_word' id='word_1_283' title='bbox 3247 972 3410 1026; x_wconf 80' lang='lat' dir='ltr'><strong>habet</strong></span> <span class='ocrx_word' id='word_1_284' title='bbox 3439 1012 3454 1038; x_wconf 94' lang='lat'><strong>,</strong></span> <span class='ocrx_word' id='word_1_285' title='bbox 3489 987 3608 1028; x_wconf 83' lang='lat' dir='ltr'><strong>eam</strong></span> 
     </span>
    </p>
   </div>
   <div class='ocr_carea' id='block_1_39' title="bbox 2035 1053 3601 1135">
    <p class='ocr_par' dir='ltr' id='par_1_39' title="bbox 2035 1053 3601 1135">
     <span class='ocr_line' id='line_1_39' title="bbox 2035 1053 3601 1135; baseline 0.009 -29"><span class='ocrx_word' id='word_1_286' title='bbox 2035 1053 2085 1107; x_wconf 93' lang='lat' dir='ltr'><strong>in</strong></span> <span class='ocrx_word' id='word_1_287' title='bbox 2118 1055 2447 1110; x_wconf 88' lang='lat' dir='ltr'><strong>matrimonii</strong></span> <span class='ocrx_word' id='word_1_288' title='bbox 2487 1060 2797 1114; x_wconf 83' lang='lat' dir='ltr'><strong>societatem</strong></span> <span class='ocrx_word' id='word_1_289' title='bbox 2828 1062 3075 1132; x_wconf 88' lang='lat' dir='ltr'><strong>accipere</strong></span> <span class='ocrx_word' id='word_1_290' title='bbox 3105 1082 3118 1119; x_wconf 90' lang='lat'>:</span> <span class='ocrx_word' id='word_1_291' title='bbox 3156 1072 3209 1118; x_wconf 87' lang='lat' dir='ltr'><strong>et</strong></span> <span class='ocrx_word' id='word_1_292' title='bbox 3240 1075 3462 1135; x_wconf 82' lang='lat' dir='ltr'><strong>propter</strong></span> <span class='ocrx_word' id='word_1_293' title='bbox 3494 1068 3601 1121; x_wconf 93' lang='lat' dir='ltr'><strong>vim</strong></span> 
     </span>
    </p>
   </div>
   <div class='ocr_carea' id='block_1_40' title="bbox 2032 1146 3614 1231">
    <p class='ocr_par' dir='ltr' id='par_1_40' title="bbox 2032 1146 3614 1231">
     <span class='ocr_line' id='line_1_40' title="bbox 2032 1146 3614 1231; baseline 0.011 -32"><span class='ocrx_word' id='word_1_294' title='bbox 2032 1146 2273 1216; x_wconf 85' lang='lat' dir='ltr'><strong>quidem,</strong></span> <span class='ocrx_word' id='word_1_295' title='bbox 2301 1152 2570 1220; x_wconf 86' lang='lat' dir='ltr'><strong>segregari</strong></span> <span class='ocrx_word' id='word_1_296' title='bbox 2602 1166 2722 1231; x_wconf 78' lang='lat' dir='ltr'><strong>eum</strong></span> <span class='ocrx_word' id='word_1_297' title='bbox 2758 1153 2847 1223; x_wconf 90' lang='lat' dir='ltr'><strong>qui</strong></span> <span class='ocrx_word' id='word_1_298' title='bbox 2879 1154 2931 1208; x_wconf 93' lang='lat' dir='ltr'><strong>in</strong></span> <span class='ocrx_word' id='word_1_299' title='bbox 2955 1156 3113 1210; x_wconf 85' lang='lat' dir='ltr'><strong>istam</strong></span> <span class='ocrx_word' id='word_1_300' title='bbox 3170 1160 3450 1226; x_wconf 88' lang='lat' dir='ltr'><strong>peccavit,</strong></span> <span class='ocrx_word' id='word_1_301' title='bbox 3488 1174 3614 1228; x_wconf 89' lang='lat' dir='ltr'><strong>pro-</strong></span> 
     </span>
    </p>
   </div>
   <div class='ocr_carea' id='block_1_41' title="bbox 2032 1239 3612 1319">
    <p class='ocr_par' dir='ltr' id='par_1_41' title="bbox 2032 1239 3612 1319">
     <span class='ocr_line' id='line_1_41' title="bbox 2032 1239 3612 1319; baseline 0.009 -30"><span class='ocrx_word' id='word_1_302' title='bbox 2032 1246 2156 1305; x_wconf 85' lang='lat' dir='ltr'><strong>pter</strong></span> <span class='ocrx_word' id='word_1_303' title='bbox 2186 1239 2410 1308; x_wconf 76' lang='lat' dir='ltr'><strong>virginis</strong></span> <span class='ocrx_word' id='word_1_304' title='bbox 2441 1250 2618 1297; x_wconf 88' lang='lat' dir='ltr'><strong>autem</strong></span> <span class='ocrx_word' id='word_1_305' title='bbox 2650 1243 2874 1298; x_wconf 87' lang='lat' dir='ltr'><strong>salutem</strong></span> <span class='ocrx_word' id='word_1_306' title='bbox 2911 1245 3027 1315; x_wconf 89' lang='lat' dir='ltr'><strong>cogi</strong></span> <span class='ocrx_word' id='word_1_307' title='bbox 3066 1245 3239 1315; x_wconf 87' lang='lat' dir='ltr'><strong>ipsum</strong></span> <span class='ocrx_word' id='word_1_308' title='bbox 3274 1248 3320 1302; x_wconf 88' lang='lat' dir='ltr'><strong>ei</strong></span> <span class='ocrx_word' id='word_1_309' title='bbox 3370 1250 3612 1319; x_wconf 81' lang='lat' dir='ltr'><strong>legitime</strong></span> 
     </span>
    </p>
   </div>
   <div class='ocr_carea' id='block_1_42' title="bbox 2032 1329 3610 1412">
    <p class='ocr_par' dir='ltr' id='par_1_42' title="bbox 2032 1329 3610 1412">
     <span class='ocr_line' id='line_1_42' title="bbox 2032 1329 3610 1412; baseline 0.009 -30"><span class='ocrx_word' id='word_1_310' title='bbox 2032 1329 2293 1397; x_wconf 75' lang='lat' dir='ltr'><strong>capulari.</strong></span> <span class='ocrx_word' id='word_1_311' title='bbox 2328 1330 2469 1402; x_wconf 82' lang='lat' dir='ltr'><strong>Lege</strong></span> <span class='ocrx_word' id='word_1_312' title='bbox 2504 1344 2556 1388; x_wconf 89' lang='lat' dir='ltr'><strong>et</strong></span> <span class='ocrx_word' id='word_1_313' title='bbox 2588 1337 2873 1403; x_wconf 73' lang='lat' dir='ltr'><strong>praesentis</strong></span> <span class='ocrx_word' id='word_1_314' title='bbox 2901 1338 3079 1408; x_wconf 84' lang='lat' dir='ltr'><strong>Operis</strong></span> <span class='ocrx_word' id='word_1_315' title='bbox 3108 1340 3191 1396; x_wconf 88' lang='lat' dir='ltr'><strong>tit.</strong></span> <span class='ocrx_word' id='word_1_316' title='bbox 3224 1340 3256 1395; x_wconf 89' lang='lat'><strong>9</strong></span> <span class='ocrx_word' id='word_1_317' title='bbox 3283 1381 3297 1405; x_wconf 94' lang='lat'><strong>,</strong></span> <span class='ocrx_word' id='word_1_318' title='bbox 3346 1357 3467 1412; x_wconf 89' lang='lat' dir='ltr'><strong>cap.</strong></span> <span class='ocrx_word' id='word_1_319' title='bbox 3518 1341 3610 1406; x_wconf 79' lang='grc'><strong>50,</strong></span> 
     </span>
    </p>
   </div>
   <div class='ocr_carea' id='block_1_43' title="bbox 2031 1424 3611 1501">
    <p class='ocr_par' dir='ltr' id='par_1_43' title="bbox 2031 1424 3611 1501">
     <span class='ocr_line' id='line_1_43' title="bbox 2031 1424 3611 1501; baseline 0.01 -27"><span class='ocrx_word' id='word_1_320' title='bbox 2031 1430 2084 1475; x_wconf 89' lang='lat' dir='ltr'><strong>et</strong></span> <span class='ocrx_word' id='word_1_321' title='bbox 2108 1436 2227 1491; x_wconf 73' lang='lat' dir='ltr'><strong>qua:</strong></span> <span class='ocrx_word' id='word_1_322' title='bbox 2258 1424 2308 1477; x_wconf 92' lang='lat' dir='ltr'><strong>in</strong></span> <span class='ocrx_word' id='word_1_323' title='bbox 2337 1440 2401 1479; x_wconf 85' lang='lat' dir='ltr'><strong>eo</strong></span> <span class='ocrx_word' id='word_1_324' title='bbox 2432 1437 2577 1491; x_wconf 89' lang='lat' dir='ltr'><strong>sunt,</strong></span> <span class='ocrx_word' id='word_1_325' title='bbox 2611 1438 2660 1482; x_wconf 92' lang='lat' dir='ltr'><strong>et</strong></span> <span class='ocrx_word' id='word_1_326' title='bbox 2696 1429 2889 1484; x_wconf 87' lang='lat' dir='ltr'><strong>librum</strong></span> <span class='ocrx_word' id='word_1_327' title='bbox 2945 1430 3165 1487; x_wconf 84' lang='lat' dir='ltr'><strong>Basilio.</strong></span> <span class='ocrx_word' id='word_1_328' title='bbox 3215 1450 3282 1488; x_wconf 65' lang='grc' dir='ltr'>ιχ</span> <span class='ocrx_word' id='word_1_329' title='bbox 3318 1475 3333 1501; x_wconf 91' lang='grc'><strong>,</strong></span> <span class='ocrx_word' id='word_1_330' title='bbox 3369 1437 3449 1489; x_wconf 91' lang='lat' dir='ltr'><strong>tit.</strong></span> <span class='ocrx_word' id='word_1_331' title='bbox 3501 1436 3567 1490; x_wconf 84' lang='lat'><strong>58</strong></span> <span class='ocrx_word' id='word_1_332' title='bbox 3594 1476 3611 1500; x_wconf 92' lang='lat'><strong>,</strong></span> 
     </span>
    </p>
   </div>
   <div class='ocr_carea' id='block_1_44' title="bbox 2031 1519 3613 1595">
    <p class='ocr_par' dir='ltr' id='par_1_44' title="bbox 2031 1519 3613 1595">
     <span class='ocr_line' id='line_1_44' title="bbox 2031 1519 3613 1595; baseline 0.008 -25"><span class='ocrx_word' id='word_1_333' title='bbox 2031 1532 2151 1587; x_wconf 86' lang='lat' dir='ltr'><strong>cap.</strong></span> <span class='ocrx_word' id='word_1_334' title='bbox 2186 1519 2220 1573; x_wconf 80' lang='grc'><strong>5</strong></span> <span class='ocrx_word' id='word_1_335' title='bbox 2254 1520 2517 1575; x_wconf 88' lang='lat' dir='ltr'><strong>dicentem</strong></span> <span class='ocrx_word' id='word_1_336' title='bbox 2554 1538 2569 1575; x_wconf 89' lang='lat'><strong>:</strong></span> <span class='ocrx_word' id='word_1_337' title='bbox 2601 1520 2679 1577; x_wconf 86' lang='lat' dir='ltr'><strong>Ne</strong></span> <span class='ocrx_word' id='word_1_338' title='bbox 2707 1525 2870 1578; x_wconf 87' lang='lat' dir='ltr'><strong>nubat</strong></span> <span class='ocrx_word' id='word_1_339' title='bbox 2925 1532 3078 1595; x_wconf 81' lang='lat' dir='ltr'><strong>rapta</strong></span> <span class='ocrx_word' id='word_1_340' title='bbox 3110 1530 3158 1580; x_wconf 91' lang='lat' dir='ltr'><strong>ei</strong></span> <span class='ocrx_word' id='word_1_341' title='bbox 3201 1527 3290 1595; x_wconf 90' lang='lat' dir='ltr'><strong>qui</strong></span> <span class='ocrx_word' id='word_1_342' title='bbox 3348 1544 3467 1582; x_wconf 85' lang='lat' dir='ltr'><strong>eam</strong></span> <span class='ocrx_word' id='word_1_343' title='bbox 3522 1545 3613 1583; x_wconf 87' lang='lat' dir='ltr'><strong>ra-</strong></span> 
     </span>
    </p>
   </div>
   <div class='ocr_carea' id='block_1_45' title="bbox 2030 1610 3612 1685">
    <p class='ocr_par' dir='ltr' id='par_1_45' title="bbox 2030 1610 3612 1685">
     <span class='ocr_line' id='line_1_45' title="bbox 2030 1610 3612 1685; baseline 0.009 -24"><span class='ocrx_word' id='word_1_344' title='bbox 2030 1610 2145 1681; x_wconf 88' lang='lat' dir='ltr'><strong>puit</strong></span> <span class='ocrx_word' id='word_1_345' title='bbox 2184 1611 2322 1665; x_wconf 87' lang='lat' dir='ltr'><strong>:sed</strong></span> <span class='ocrx_word' id='word_1_346' title='bbox 2382 1612 2426 1665; x_wconf 88' lang='lat' dir='ltr'><strong>si</strong></span> <span class='ocrx_word' id='word_1_347' title='bbox 2475 1610 2566 1666; x_wconf 87' lang='lat' dir='ltr'><strong>tali</strong></span> <span class='ocrx_word' id='word_1_348' title='bbox 2624 1615 2949 1670; x_wconf 86' lang='lat' dir='ltr'><strong>matrimonii</strong></span> <span class='ocrx_word' id='word_1_349' title='bbox 2988 1617 3192 1685; x_wconf 75' lang='lat' dir='ltr'><strong>cepnlze</strong></span> <span class='ocrx_word' id='word_1_350' title='bbox 3237 1621 3612 1675; x_wconf 77' lang='lat' dir='ltr'><strong>consmserint</strong></span> 
     </span>
    </p>
   </div>
   <div class='ocr_carea' id='block_1_46' title="bbox 2029 1702 3608 1777">
    <p class='ocr_par' dir='ltr' id='par_1_46' title="bbox 2029 1702 3608 1777">
     <span class='ocr_line' id='line_1_46' title="bbox 2029 1702 3608 1777; baseline 0.008 -22"><span class='ocrx_word' id='word_1_351' title='bbox 2029 1702 2149 1772; x_wconf 87' lang='lat' dir='ltr'><strong>ejus</strong></span> <span class='ocrx_word' id='word_1_352' title='bbox 2180 1710 2453 1770; x_wconf 89' lang='lat' dir='ltr'><strong>parentes,</strong></span> <span class='ocrx_word' id='word_1_353' title='bbox 2496 1703 2606 1777; x_wconf 65' lang='grc'><strong>44</strong></span> <span class='ocrx_word' id='word_1_354' title='bbox 2637 1707 3086 1763; x_wconf 79' lang='lat' dir='ltr'><strong>exterminantur.</strong></span> <span class='ocrx_word' id='word_1_355' title='bbox 3121 1708 3188 1763; x_wconf 83' lang='lat' dir='ltr'><strong>Et</strong></span> <span class='ocrx_word' id='word_1_356' title='bbox 3240 1725 3305 1764; x_wconf 90' lang='lat' dir='ltr'><strong>ne</strong></span> <span class='ocrx_word' id='word_1_357' title='bbox 3335 1714 3608 1768; x_wconf 88' lang='lat' dir='ltr'><strong>contraria</strong></span> 
     </span>
    </p>
   </div>
   <div class='ocr_carea' id='block_1_47' title="bbox 2028 1794 3605 1872">
    <p class='ocr_par' dir='ltr' id='par_1_47' title="bbox 2028 1794 3605 1872">
     <span class='ocr_line' id='line_1_47' title="bbox 2028 1794 3605 1872; baseline 0.008 -25"><span class='ocrx_word' id='word_1_358' title='bbox 2028 1794 2447 1851; x_wconf 80' lang='lat' dir='ltr'><strong>existimaveris.</strong></span> <span class='ocrx_word' id='word_1_359' title='bbox 2482 1797 2654 1853; x_wconf 82' lang='lat' dir='ltr'><strong>Aliter</strong></span> <span class='ocrx_word' id='word_1_360' title='bbox 2676 1799 2817 1853; x_wconf 88' lang='lat' dir='ltr'><strong>enim</strong></span> <span class='ocrx_word' id='word_1_361' title='bbox 2855 1802 3075 1869; x_wconf 85' lang='lat' dir='ltr'><strong>punitur</strong></span> <span class='ocrx_word' id='word_1_362' title='bbox 3105 1802 3194 1872; x_wconf 86' lang='lat' dir='ltr'><strong>qui</strong></span> <span class='ocrx_word' id='word_1_363' title='bbox 3233 1805 3465 1871; x_wconf 88' lang='lat' dir='ltr'><strong>puellam</strong></span> <span class='ocrx_word' id='word_1_364' title='bbox 3515 1821 3605 1860; x_wconf 85' lang='lat' dir='ltr'><strong>ra—</strong></span> 
     </span>
    </p>
   </div>
   <div class='ocr_carea' id='block_1_48' title="bbox 2032 1888 3615 1967">
    <p class='ocr_par' dir='ltr' id='par_1_48' title="bbox 2032 1888 3615 1967">
     <span class='ocr_line' id='line_1_48' title="bbox 2032 1888 3615 1967; baseline 0.009 -29"><span class='ocrx_word' id='word_1_365' title='bbox 2032 1888 2164 1956; x_wconf 89' lang='lat' dir='ltr'><strong>puit.</strong></span> <span class='ocrx_word' id='word_1_366' title='bbox 2198 1888 2352 1942; x_wconf 87' lang='lat' dir='ltr'><strong>aliter</strong></span> <span class='ocrx_word' id='word_1_367' title='bbox 2378 1889 2467 1957; x_wconf 88' lang='lat' dir='ltr'><strong>qui</strong></span> <span class='ocrx_word' id='word_1_368' title='bbox 2503 1889 2551 1943; x_wconf 91' lang='lat' dir='ltr'><strong>vi</strong></span> <span class='ocrx_word' id='word_1_369' title='bbox 2582 1890 2773 1960; x_wconf 78' lang='lat' dir='ltr'><strong>virgini</strong></span> <span class='ocrx_word' id='word_1_370' title='bbox 2815 1893 3002 1947; x_wconf 80' lang='lat' dir='ltr'><strong>vitium</strong></span> <span class='ocrx_word' id='word_1_371' title='bbox 3057 1896 3256 1950; x_wconf 88' lang='lat' dir='ltr'><strong>attulit.</strong></span> <span class='ocrx_word' id='word_1_372' title='bbox 3311 1897 3375 1950; x_wconf 86' lang='lat' dir='ltr'><strong>Et</strong></span> <span class='ocrx_word' id='word_1_373' title='bbox 3430 1908 3615 1967; x_wconf 88' lang='lat' dir='ltr'><strong>raptus</strong></span> 
     </span>
    </p>
   </div>
   <div class='ocr_carea' id='block_1_49' title="bbox 2029 1983 3611 2057">
    <p class='ocr_par' dir='ltr' id='par_1_49' title="bbox 2029 1983 3611 2057">
     <span class='ocr_line' id='line_1_49' title="bbox 2029 1983 3611 2057; baseline 0.007 -24"><span class='ocrx_word' id='word_1_374' title='bbox 2029 1983 2247 2051; x_wconf 89' lang='lat' dir='ltr'><strong>quidem</strong></span> <span class='ocrx_word' id='word_1_375' title='bbox 2282 1994 2501 2052; x_wconf 86' lang='lat' dir='ltr'><strong>propter</strong></span> <span class='ocrx_word' id='word_1_376' title='bbox 2529 1983 2647 2051; x_wconf 83' lang='lat' dir='ltr'><strong>ejus</strong></span> <span class='ocrx_word' id='word_1_377' title='bbox 2675 1984 2764 2054; x_wconf 90' lang='lat' dir='ltr'><strong>qui</strong></span> <span class='ocrx_word' id='word_1_378' title='bbox 2800 1986 2977 2055; x_wconf 87' lang='lat' dir='ltr'><strong>rapuit</strong></span> <span class='ocrx_word' id='word_1_379' title='bbox 3016 1987 3402 2057; x_wconf 84' lang='lat' dir='ltr'><strong>impudentiam</strong></span> <span class='ocrx_word' id='word_1_380' title='bbox 3431 2030 3448 2057; x_wconf 95' lang='lat'><strong>,</strong></span> <span class='ocrx_word' id='word_1_381' title='bbox 3506 2006 3611 2045; x_wconf 93' lang='lat' dir='ltr'><strong>non</strong></span> 
     </span>
    </p>
   </div>
   <div class='ocr_carea' id='block_1_50' title="bbox 2030 2073 3615 2149">
    <p class='ocr_par' dir='ltr' id='par_1_50' title="bbox 2030 2073 3615 2149">
     <span class='ocr_line' id='line_1_50' title="bbox 2030 2073 3615 2149; baseline 0.006 -24"><span class='ocrx_word' id='word_1_382' title='bbox 2030 2074 2393 2131; x_wconf 73' lang='lat' dir='ltr'><strong>contionatur.</strong></span> <span class='ocrx_word' id='word_1_383' title='bbox 2424 2073 2528 2129; x_wconf 86' lang='lat' dir='ltr'><strong>Per</strong></span> <span class='ocrx_word' id='word_1_384' title='bbox 2550 2075 2655 2129; x_wconf 90' lang='lat' dir='ltr'><strong>vim</strong></span> <span class='ocrx_word' id='word_1_385' title='bbox 2683 2085 2861 2132; x_wconf 88' lang='lat' dir='ltr'><strong>autem</strong></span> <span class='ocrx_word' id='word_1_386' title='bbox 2893 2081 3157 2149; x_wconf 89' lang='lat' dir='ltr'><strong>stupratio</strong></span> <span class='ocrx_word' id='word_1_387' title='bbox 3181 2120 3196 2146; x_wconf 92' lang='lat'><strong>,</strong></span> <span class='ocrx_word' id='word_1_388' title='bbox 3235 2081 3281 2134; x_wconf 89' lang='lat' dir='ltr'><strong>si</strong></span> <span class='ocrx_word' id='word_1_389' title='bbox 3328 2082 3393 2136; x_wconf 88' lang='lat' dir='ltr'><strong>ab</strong></span> <span class='ocrx_word' id='word_1_390' title='bbox 3424 2096 3487 2137; x_wconf 89' lang='lat' dir='ltr'><strong>ea</strong></span> <span class='ocrx_word' id='word_1_391' title='bbox 3523 2089 3615 2146; x_wconf 70' lang='lat' dir='ltr'><strong>cui</strong></span> 
     </span>
    </p>
   </div>
   <div class='ocr_carea' id='block_1_51' title="bbox 2030 2165 3612 2243">
    <p class='ocr_par' dir='ltr' id='par_1_51' title="bbox 2030 2165 3612 2243">
     <span class='ocr_line' id='line_1_51' title="bbox 2030 2165 3612 2243; baseline 0.004 -25"><span class='ocrx_word' id='word_1_392' title='bbox 2030 2165 2109 2219; x_wconf 89' lang='lat' dir='ltr'><strong>vis</strong></span> <span class='ocrx_word' id='word_1_393' title='bbox 2139 2166 2298 2220; x_wconf 80' lang='lat' dir='ltr'><strong>allata</strong></span> <span class='ocrx_word' id='word_1_394' title='bbox 2331 2175 2437 2233; x_wconf 90' lang='lat' dir='ltr'><strong>est,</strong></span> <span class='ocrx_word' id='word_1_395' title='bbox 2467 2166 2817 2238; x_wconf 80' lang='lat' dir='ltr'><strong>suscipiatur,</strong></span> <span class='ocrx_word' id='word_1_396' title='bbox 2848 2170 3157 2226; x_wconf 90' lang='lat' dir='ltr'><strong>remittitur.</strong></span> <span class='ocrx_word' id='word_1_397' title='bbox 3204 2172 3310 2228; x_wconf 86' lang='lat' dir='ltr'><strong>Sed</strong></span> <span class='ocrx_word' id='word_1_398' title='bbox 3338 2174 3429 2243; x_wconf 89' lang='lat' dir='ltr'><strong>qui</strong></span> <span class='ocrx_word' id='word_1_399' title='bbox 3464 2173 3612 2227; x_wconf 88' lang='lat' dir='ltr'><strong>illius</strong></span> 
     </span>
    </p>
   </div>
   <div class='ocr_carea' id='block_1_52' title="bbox 2030 2258 3614 2332">
    <p class='ocr_par' dir='ltr' id='par_1_52' title="bbox 2030 2258 3614 2332">
     <span class='ocr_line' id='line_1_52' title="bbox 2030 2258 3614 2332; baseline 0.007 -22"><span class='ocrx_word' id='word_1_400' title='bbox 2030 2258 2308 2312; x_wconf 79' lang='lat' dir='ltr'><strong>voluntate</strong></span> <span class='ocrx_word' id='word_1_401' title='bbox 2339 2274 2458 2313; x_wconf 91' lang='lat' dir='ltr'><strong>cum</strong></span> <span class='ocrx_word' id='word_1_402' title='bbox 2497 2259 2701 2329; x_wconf 78' lang='lat' dir='ltr'><strong>virgine</strong></span> <span class='ocrx_word' id='word_1_403' title='bbox 2754 2275 3077 2332; x_wconf 82' lang='lat' dir='ltr'><strong>congressus</strong></span> <span class='ocrx_word' id='word_1_404' title='bbox 3120 2270 3241 2329; x_wconf 91' lang='lat' dir='ltr'><strong>est,</strong></span> <span class='ocrx_word' id='word_1_405' title='bbox 3297 2266 3403 2319; x_wconf 89' lang='lat' dir='ltr'><strong>alio</strong></span> <span class='ocrx_word' id='word_1_406' title='bbox 3453 2264 3614 2321; x_wconf 88' lang='lat' dir='ltr'><strong>modo</strong></span> 
     </span>
    </p>
   </div>
   <div class='ocr_carea' id='block_1_53' title="bbox 2033 2348 3609 2425">
    <p class='ocr_par' dir='ltr' id='par_1_53' title="bbox 2033 2348 3609 2425">
     <span class='ocr_line' id='line_1_53' title="bbox 2033 2348 3609 2425; baseline 0.005 -24"><span class='ocrx_word' id='word_1_407' title='bbox 2033 2348 2273 2417; x_wconf 91' lang='lat' dir='ltr'><strong>punitur.</strong></span> <span class='ocrx_word' id='word_1_408' title='bbox 2303 2348 2391 2403; x_wconf 77' lang='lat' dir='ltr'><strong>Ait</strong></span> <span class='ocrx_word' id='word_1_409' title='bbox 2417 2349 2558 2404; x_wconf 92' lang='lat' dir='ltr'><strong>enim</strong></span> <span class='ocrx_word' id='word_1_410' title='bbox 2585 2349 2667 2406; x_wconf 82' lang='lat' dir='ltr'><strong>lex</strong></span> <span class='ocrx_word' id='word_1_411' title='bbox 2693 2350 2743 2405; x_wconf 92' lang='lat' dir='ltr'><strong>in</strong></span> <span class='ocrx_word' id='word_1_412' title='bbox 2776 2349 2912 2407; x_wconf 90' lang='lat' dir='ltr'><strong>libro</strong></span> <span class='ocrx_word' id='word_1_413' title='bbox 2940 2368 3007 2406; x_wconf 81' lang='lat' dir='ltr'><strong>Lx</strong></span> <span class='ocrx_word' id='word_1_414' title='bbox 3031 2392 3047 2417; x_wconf 95' lang='lat'><strong>,</strong></span> <span class='ocrx_word' id='word_1_415' title='bbox 3080 2354 3164 2409; x_wconf 90' lang='lat' dir='ltr'><strong>tit.</strong></span> <span class='ocrx_word' id='word_1_416' title='bbox 3203 2355 3294 2420; x_wconf 79' lang='lat'><strong>&#39;57,</strong></span> <span class='ocrx_word' id='word_1_417' title='bbox 3346 2370 3462 2425; x_wconf 87' lang='lat' dir='ltr'><strong>cap.</strong></span> <span class='ocrx_word' id='word_1_418' title='bbox 3496 2354 3564 2411; x_wconf 91' lang='lat'><strong>80</strong></span> <span class='ocrx_word' id='word_1_419' title='bbox 3595 2374 3609 2409; x_wconf 91' lang='lat'><strong>:</strong></span> 
     </span>
    </p>
   </div>
   <div class='ocr_carea' id='block_1_54' title="bbox 2033 2442 3615 2517">
    <p class='ocr_par' dir='ltr' id='par_1_54' title="bbox 2033 2442 3615 2517">
     <span class='ocr_line' id='line_1_54' title="bbox 2033 2442 3615 2517; baseline 0.004 -22"><span class='ocrx_word' id='word_1_420' title='bbox 2033 2442 2134 2509; x_wconf 86' lang='lat' dir='ltr'><strong>Qui</strong></span> <span class='ocrx_word' id='word_1_421' title='bbox 2166 2457 2287 2497; x_wconf 92' lang='lat' dir='ltr'><strong>cum</strong></span> <span class='ocrx_word' id='word_1_422' title='bbox 2321 2443 2529 2512; x_wconf 84' lang='lat' dir='ltr'><strong>virgine</strong></span> <span class='ocrx_word' id='word_1_423' title='bbox 2567 2444 2740 2512; x_wconf 86' lang='lat' dir='ltr'><strong>puella</strong></span> <span class='ocrx_word' id='word_1_424' title='bbox 2768 2444 2918 2511; x_wconf 88' lang='lat' dir='ltr'><strong>coiit,</strong></span> <span class='ocrx_word' id='word_1_425' title='bbox 2970 2446 3115 2502; x_wconf 89' lang='lat' dir='ltr'><strong>illius</strong></span> <span class='ocrx_word' id='word_1_426' title='bbox 3156 2448 3371 2517; x_wconf 77' lang='lat' dir='ltr'><strong>quidem</strong></span> <span class='ocrx_word' id='word_1_427' title='bbox 3426 2449 3615 2503; x_wconf 90' lang='lat' dir='ltr'><strong>volun-</strong></span> 
     </span>
    </p>
   </div>
   <div class='ocr_carea' id='block_1_55' title="bbox 2037 2534 3611 2608">
    <p class='ocr_par' dir='ltr' id='par_1_55' title="bbox 2037 2534 3611 2608">
     <span class='ocr_line' id='line_1_55' title="bbox 2037 2534 3611 2608; baseline 0.004 -20"><span class='ocrx_word' id='word_1_428' title='bbox 2037 2544 2164 2598; x_wconf 86' lang='lat' dir='ltr'><strong>tate,</strong></span> <span class='ocrx_word' id='word_1_429' title='bbox 2194 2534 2506 2602; x_wconf 86' lang='lat' dir='ltr'><strong>parentibus</strong></span> <span class='ocrx_word' id='word_1_430' title='bbox 2532 2544 2709 2589; x_wconf 83' lang='lat' dir='ltr'><strong>autem</strong></span> <span class='ocrx_word' id='word_1_431' title='bbox 2749 2534 3144 2606; x_wconf 81' lang='lat' dir='ltr'><strong>ignorantibus,</strong></span> <span class='ocrx_word' id='word_1_432' title='bbox 3176 2552 3235 2592; x_wconf 88' lang='lat' dir='ltr'><strong>re</strong></span> <span class='ocrx_word' id='word_1_433' title='bbox 3289 2538 3527 2608; x_wconf 86' lang='lat' dir='ltr'><strong>cognita,</strong></span> <span class='ocrx_word' id='word_1_434' title='bbox 3564 2539 3611 2594; x_wconf 79' lang='lat' dir='ltr'><strong>si</strong></span> 
     </span>
    </p>
   </div>
   <div class='ocr_carea' id='block_1_56' title="bbox 2032 2625 3613 2697">
    <p class='ocr_par' dir='ltr' id='par_1_56' title="bbox 2032 2625 3613 2697">
     <span class='ocr_line' id='line_1_56' title="bbox 2032 2625 3613 2697; baseline 0.004 -18"><span class='ocrx_word' id='word_1_435' title='bbox 2032 2640 2149 2679; x_wconf 86' lang='lat' dir='ltr'><strong>eam</strong></span> <span class='ocrx_word' id='word_1_436' title='bbox 2174 2625 2387 2693; x_wconf 89' lang='lat' dir='ltr'><strong>quidem</strong></span> <span class='ocrx_word' id='word_1_437' title='bbox 2422 2628 2473 2678; x_wconf 92' lang='lat' dir='ltr'><strong>in</strong></span> <span class='ocrx_word' id='word_1_438' title='bbox 2504 2640 2726 2680; x_wconf 83' lang='lat' dir='ltr'><strong>uxorem</strong></span> <span class='ocrx_word' id='word_1_439' title='bbox 2765 2625 2964 2681; x_wconf 88' lang='lat' dir='ltr'><strong>habere</strong></span> <span class='ocrx_word' id='word_1_440' title='bbox 2989 2628 3240 2695; x_wconf 86' lang='lat' dir='ltr'><strong>voluerit,</strong></span> <span class='ocrx_word' id='word_1_441' title='bbox 3265 2638 3319 2684; x_wconf 93' lang='lat' dir='ltr'><strong>et</strong></span> <span class='ocrx_word' id='word_1_442' title='bbox 3353 2639 3613 2697; x_wconf 83' lang='lat' dir='ltr'><strong>parentes</strong></span> 
     </span>
    </p>
   </div>
   <div class='ocr_carea' id='block_1_57' title="bbox 2034 2717 3613 2791">
    <p class='ocr_par' dir='ltr' id='par_1_57' title="bbox 2034 2717 3613 2791">
     <span class='ocr_line' id='line_1_57' title="bbox 2034 2717 3613 2791; baseline 0.001 -17"><span class='ocrx_word' id='word_1_443' title='bbox 2034 2718 2416 2783; x_wconf 87' lang='lat' dir='ltr'><strong>consentiant,</strong></span> <span class='ocrx_word' id='word_1_444' title='bbox 2470 2717 2561 2771; x_wconf 87' lang='lat' dir='ltr'><strong>tiat</strong></span> <span class='ocrx_word' id='word_1_445' title='bbox 2625 2727 2958 2775; x_wconf 88' lang='lat' dir='ltr'><strong>contractus.</strong></span> <span class='ocrx_word' id='word_1_446' title='bbox 3022 2717 3078 2773; x_wconf 88' lang='lat' dir='ltr'><strong>Si</strong></span> <span class='ocrx_word' id='word_1_447' title='bbox 3125 2729 3302 2774; x_wconf 86' lang='lat' dir='ltr'><strong>autem</strong></span> <span class='ocrx_word' id='word_1_448' title='bbox 3337 2736 3443 2775; x_wconf 92' lang='lat' dir='ltr'><strong>una</strong></span> <span class='ocrx_word' id='word_1_449' title='bbox 3488 2737 3613 2791; x_wconf 85' lang='lat' dir='ltr'><strong>pars</strong></span> 
     </span>
    </p>
   </div>
   <div class='ocr_carea' id='block_1_58' title="bbox 2034 2809 3613 2882">
    <p class='ocr_par' dir='ltr' id='par_1_58' title="bbox 2034 2809 3613 2882">
     <span class='ocr_line' id='line_1_58' title="bbox 2034 2809 3613 2882; baseline 0.001 -16"><span class='ocrx_word' id='word_1_450' title='bbox 2034 2824 2342 2882; x_wconf 85' lang='lat' dir='ltr'><strong>parentum,</strong></span> <span class='ocrx_word' id='word_1_451' title='bbox 2372 2810 2424 2865; x_wconf 89' lang='lat' dir='ltr'><strong>id</strong></span> <span class='ocrx_word' id='word_1_452' title='bbox 2462 2819 2542 2865; x_wconf 91' lang='lat' dir='ltr'><strong>est</strong></span> <span class='ocrx_word' id='word_1_453' title='bbox 2576 2809 2836 2865; x_wconf 85' lang='lat' dir='ltr'><strong>utriusvis</strong></span> <span class='ocrx_word' id='word_1_454' title='bbox 2888 2825 3129 2878; x_wconf 68' lang='lat' dir='ltr'><strong>persona:</strong></span> <span class='ocrx_word' id='word_1_455' title='bbox 3156 2849 3171 2876; x_wconf 93' lang='lat'><strong>,</strong></span> <span class='ocrx_word' id='word_1_456' title='bbox 3215 2827 3319 2867; x_wconf 91' lang='lat' dir='ltr'><strong>non</strong></span> <span class='ocrx_word' id='word_1_457' title='bbox 3366 2812 3515 2879; x_wconf 72' lang='lat' dir='ltr'><strong>velit,</strong></span> <span class='ocrx_word' id='word_1_458' title='bbox 3564 2816 3613 2867; x_wconf 89' lang='lat' dir='ltr'><strong>si</strong></span> 
     </span>
    </p>
   </div>
   <div class='ocr_carea' id='block_1_59' title="bbox 2037 2900 3615 2975">
    <p class='ocr_par' dir='ltr' id='par_1_59' title="bbox 2037 2900 3615 2975">
     <span class='ocr_line' id='line_1_59' title="bbox 2037 2900 3615 2975; baseline -0.002 -13"><span class='ocrx_word' id='word_1_459' title='bbox 2037 2906 2186 2962; x_wconf 85' lang='lat' dir='ltr'><strong>dives</strong></span> <span class='ocrx_word' id='word_1_460' title='bbox 2214 2903 2427 2975; x_wconf 88' lang='lat' dir='ltr'><strong>quidem</strong></span> <span class='ocrx_word' id='word_1_461' title='bbox 2458 2911 2542 2957; x_wconf 85' lang='lat' dir='ltr'><strong>est</strong></span> <span class='ocrx_word' id='word_1_462' title='bbox 2572 2900 2664 2971; x_wconf 88' lang='lat' dir='ltr'><strong>qui</strong></span> <span class='ocrx_word' id='word_1_463' title='bbox 2694 2900 2885 2955; x_wconf 90' lang='lat' dir='ltr'><strong>vitium</strong></span> <span class='ocrx_word' id='word_1_464' title='bbox 2919 2904 3140 2967; x_wconf 90' lang='lat' dir='ltr'><strong>attulit,</strong></span> <span class='ocrx_word' id='word_1_465' title='bbox 3179 2902 3391 2958; x_wconf 78' lang='lat' dir='ltr'><strong>violata:</strong></span> <span class='ocrx_word' id='word_1_466' title='bbox 3422 2904 3615 2974; x_wconf 67' lang='lat' dir='ltr'><strong>puella:</strong></span> 
     </span>
    </p>
   </div>
   <div class='ocr_carea' id='block_1_60' title="bbox 2037 2991 3616 3065">
    <p class='ocr_par' dir='ltr' id='par_1_60' title="bbox 2037 2991 3616 3065">
     <span class='ocr_line' id='line_1_60' title="bbox 2037 2991 3616 3065; baseline -0.004 -11"><span class='ocrx_word' id='word_1_467' title='bbox 2037 2999 2128 3055; x_wconf 89' lang='lat' dir='ltr'><strong>det</strong></span> <span class='ocrx_word' id='word_1_468' title='bbox 2154 3012 2314 3052; x_wconf 90' lang='lat' dir='ltr'><strong>unam</strong></span> <span class='ocrx_word' id='word_1_469' title='bbox 2345 2995 2460 3050; x_wconf 91' lang='lat' dir='ltr'><strong>auri</strong></span> <span class='ocrx_word' id='word_1_470' title='bbox 2494 2995 2708 3049; x_wconf 87' lang='lat' dir='ltr'><strong>libram.</strong></span> <span class='ocrx_word' id='word_1_471' title='bbox 2747 2991 2842 3047; x_wconf 75' lang='lat' dir='ltr'><strong>Sin</strong></span> <span class='ocrx_word' id='word_1_472' title='bbox 2877 3002 3056 3048; x_wconf 89' lang='lat' dir='ltr'><strong>autem</strong></span> <span class='ocrx_word' id='word_1_473' title='bbox 3088 2995 3158 3049; x_wconf 87' lang='lat' dir='ltr'><strong>sit</strong></span> <span class='ocrx_word' id='word_1_474' title='bbox 3182 2996 3461 3065; x_wconf 83' lang='lat' dir='ltr'><strong>egentior,</strong></span> <span class='ocrx_word' id='word_1_475' title='bbox 3492 3011 3616 3051; x_wconf 77' lang='lat' dir='ltr'><strong>sua-</strong></span> 
     </span>
    </p>
   </div>
   <div class='ocr_carea' id='block_1_61' title="bbox 2039 3085 3613 3144">
    <p class='ocr_par' dir='ltr' id='par_1_61' title="bbox 2039 3085 3613 3144">
     <span class='ocr_line' id='line_1_61' title="bbox 2039 3085 3613 3144; baseline -0.001 0"><span class='ocrx_word' id='word_1_476' title='bbox 2039 3104 2156 3144; x_wconf 90' lang='lat' dir='ltr'><strong>rum</strong></span> <span class='ocrx_word' id='word_1_477' title='bbox 2188 3087 2501 3142; x_wconf 85' lang='lat' dir='ltr'><strong>facultatum</strong></span> <span class='ocrx_word' id='word_1_478' title='bbox 2533 3085 2815 3140; x_wconf 87' lang='lat' dir='ltr'><strong>dimidium</strong></span> <span class='ocrx_word' id='word_1_479' title='bbox 2853 3103 2866 3138; x_wconf 89' lang='lat'>:</span> <span class='ocrx_word' id='word_1_480' title='bbox 2897 3085 2990 3139; x_wconf 87' lang='lat' dir='ltr'><strong>sed</strong></span> <span class='ocrx_word' id='word_1_481' title='bbox 3021 3086 3065 3140; x_wconf 90' lang='lat' dir='ltr'><strong>si</strong></span> <span class='ocrx_word' id='word_1_482' title='bbox 3122 3087 3176 3140; x_wconf 92' lang='lat' dir='ltr'><strong>in</strong></span> <span class='ocrx_word' id='word_1_483' title='bbox 3230 3096 3475 3142; x_wconf 80' lang='lat' dir='ltr'><strong>extrema</strong></span> <span class='ocrx_word' id='word_1_484' title='bbox 3539 3089 3613 3143; x_wconf 86' lang='lat' dir='ltr'><strong>sit</strong></span> 
     </span>
    </p>
   </div>
   <div class='ocr_carea' id='block_1_62' title="bbox 346 3154 1929 3254">
    <p class='ocr_par' dir='ltr' id='par_1_62' title="bbox 346 3154 1929 3236">
     <span class='ocr_line' id='line_1_62' title="bbox 346 3154 1929 3236; baseline 0.018 -31"><span class='ocrx_word' id='word_1_485' title='bbox 346 3154 404 3207; x_wconf 82' lang='grc' dir='ltr'><strong>τδ</strong></span> <span class='ocrx_word' id='word_1_486' title='bbox 431 3157 820 3226; x_wconf 75' lang='grc' dir='ltr'>συνάλλαγμαο</span> <span class='ocrx_word' id='word_1_487' title='bbox 842 3160 968 3215; x_wconf 80' lang='grc' dir='ltr'>εἰδὲ</span> <span class='ocrx_word' id='word_1_488' title='bbox 1001 3162 1059 3215; x_wconf 78' lang='grc' dir='ltr'>ἓν</span> <span class='ocrx_word' id='word_1_489' title='bbox 1076 3163 1241 3234; x_wconf 83' lang='grc' dir='ltr'>μέρος</span> <span class='ocrx_word' id='word_1_490' title='bbox 1268 3165 1377 3218; x_wconf 84' lang='grc' dir='ltr'>τῶν</span> <span class='ocrx_word' id='word_1_491' title='bbox 1395 3170 1623 3236; x_wconf 86' lang='grc' dir='ltr'>γονέων,</span> <span class='ocrx_word' id='word_1_492' title='bbox 1652 3176 1929 3235; x_wconf 85' lang='grc' dir='ltr'>τουτέστιν</span> 
     </span>
    </p>
   </div>
   <div class='ocr_carea' id='block_1_63' title="bbox 2037 3154 3457 3254">
    <p class='ocr_par' dir='ltr' id='par_1_63' title="bbox 2039 3176 3457 3254">
     <span class='ocr_line' id='line_1_63' title="bbox 2039 3176 3457 3254; baseline -0.002 -18"><span class='ocrx_word' id='word_1_493' title='bbox 2039 3188 2376 3254; x_wconf 86' lang='lat' dir='ltr'><strong>paupertate,</strong></span> <span class='ocrx_word' id='word_1_494' title='bbox 2406 3176 2723 3232; x_wconf 89' lang='lat' dir='ltr'><strong>verberatus</strong></span> <span class='ocrx_word' id='word_1_495' title='bbox 2748 3183 2803 3229; x_wconf 91' lang='lat' dir='ltr'><strong>et</strong></span> <span class='ocrx_word' id='word_1_496' title='bbox 2827 3183 3012 3231; x_wconf 86' lang='lat' dir='ltr'><strong>tonsus</strong></span> <span class='ocrx_word' id='word_1_497' title='bbox 3044 3177 3457 3233; x_wconf 82' lang='lat' dir='ltr'><strong>exterminetur.</strong></span> 
     </span>
    </p>
   </div>
   <div class='ocr_carea' id='block_1_64' title="bbox 347 3253 3616 3351">
    <p class='ocr_par' dir='ltr' id='par_1_64' title="bbox 347 3253 3616 3351">
     <span class='ocr_line' id='line_1_64' title="bbox 347 3253 3616 3351; baseline 0.007 -43"><span class='ocrx_word' id='word_1_498' title='bbox 347 3253 612 3327; x_wconf 66' lang='grc' dir='ltr'>ἑκατέρου</span> <span class='ocrx_word' id='word_1_499' title='bbox 672 3258 985 3326; x_wconf 82' lang='grc' dir='ltr'>προσώπου,</span> <span class='ocrx_word' id='word_1_500' title='bbox 1044 3261 1105 3313; x_wconf 84' lang='grc' dir='ltr'><strong>οὐ</strong></span> <span class='ocrx_word' id='word_1_501' title='bbox 1168 3262 1408 3337; x_wconf 75' lang='grc' dir='ltr'>θελήσει,</span> <span class='ocrx_word' id='word_1_502' title='bbox 1440 3269 1490 3321; x_wconf 78' lang='grc' dir='ltr'><strong>εί</strong></span> <span class='ocrx_word' id='word_1_503' title='bbox 1531 3271 1633 3342; x_wconf 84' lang='grc' dir='ltr'><strong>μὲν</strong></span> <span class='ocrx_word' id='word_1_504' title='bbox 1681 3273 1916 3350; x_wconf 78' lang='grc' dir='ltr'>εὔπορός</span> <span class='ocrx_word' id='word_1_505' title='bbox 1967 3253 2117 3340; x_wconf 54' lang='grc' dir='ltr'>ἐσιςιν</span> <span class='ocrx_word' id='word_1_506' title='bbox 2174 3277 2481 3351; x_wconf 78' lang='grc' dir='ltr'>ὁφθορεὺς,</span> <span class='ocrx_word' id='word_1_507' title='bbox 2523 3277 2590 3346; x_wconf 86' lang='grc' dir='ltr'>τῇ</span> <span class='ocrx_word' id='word_1_508' title='bbox 2648 3272 2919 3345; x_wconf 79' lang='grc' dir='ltr'>φθαρείσῃ</span> <span class='ocrx_word' id='word_1_509' title='bbox 2986 3274 3174 3328; x_wconf 80' lang='grc' dir='ltr'>διδότω</span> <span class='ocrx_word' id='word_1_510' title='bbox 3255 3278 3479 3347; x_wconf 88' lang='grc' dir='ltr'>χρυσίου</span> <span class='ocrx_word' id='word_1_511' title='bbox 3530 3278 3616 3332; x_wconf 89' lang='grc' dir='ltr'>λί-</span> 
     </span>
    </p>
   </div>
   <div class='ocr_carea' id='block_1_65' title="bbox 346 3354 3612 3449">
    <p class='ocr_par' dir='ltr' id='par_1_65' title="bbox 346 3354 3612 3449">
     <span class='ocr_line' id='line_1_65' title="bbox 346 3354 3612 3449; baseline 0.007 -47"><span class='ocrx_word' id='word_1_512' title='bbox 346 3366 475 3420; x_wconf 84' lang='grc' dir='ltr'>τραν</span> <span class='ocrx_word' id='word_1_513' title='bbox 551 3354 701 3422; x_wconf 75' lang='grc' dir='ltr'>μίανο</span> <span class='ocrx_word' id='word_1_514' title='bbox 767 3357 816 3407; x_wconf 78' lang='grc' dir='ltr'>εἰ</span> <span class='ocrx_word' id='word_1_515' title='bbox 862 3355 919 3409; x_wconf 78' lang='grc' dir='ltr'>δὲ</span> <span class='ocrx_word' id='word_1_516' title='bbox 972 3357 1310 3431; x_wconf 81' lang='grc' dir='ltr'>ἐνδεέστερος</span> <span class='ocrx_word' id='word_1_517' title='bbox 1341 3364 1452 3435; x_wconf 74' lang='grc' dir='ltr'>εἴη,</span> <span class='ocrx_word' id='word_1_518' title='bbox 1506 3368 1568 3422; x_wconf 84' lang='grc' dir='ltr'>τὸ</span> <span class='ocrx_word' id='word_1_519' title='bbox 1616 3371 1788 3440; x_wconf 81' lang='grc' dir='ltr'>ἥμισυ</span> <span class='ocrx_word' id='word_1_520' title='bbox 1839 3379 1940 3449; x_wconf 86' lang='grc' dir='ltr'>τῆς</span> <span class='ocrx_word' id='word_1_521' title='bbox 1966 3379 2317 3440; x_wconf 77' lang='grc' dir='ltr'>ὑποστάσεως</span> <span class='ocrx_word' id='word_1_522' title='bbox 2362 3373 2549 3429; x_wconf 79' lang='grc' dir='ltr'>αὐτοῦ.</span> <span class='ocrx_word' id='word_1_523' title='bbox 2607 3370 2670 3424; x_wconf 76' lang='grc' dir='ltr'><strong>ΕΞ</strong></span> <span class='ocrx_word' id='word_1_524' title='bbox 2711 3371 2770 3424; x_wconf 86' lang='grc' dir='ltr'>δὲ</span> <span class='ocrx_word' id='word_1_525' title='bbox 2824 3369 3105 3435; x_wconf 85' lang='grc' dir='ltr'>παντελῶς</span> <span class='ocrx_word' id='word_1_526' title='bbox 3156 3370 3241 3443; x_wconf 76' lang='grc' dir='ltr'>εἴη</span> <span class='ocrx_word' id='word_1_527' title='bbox 3286 3370 3612 3445; x_wconf 75' lang='grc' dir='ltr'><strong>όινεύττορος⁹</strong></span> 
     </span>
    </p>
   </div>
   <div class='ocr_carea' id='block_1_66' title="bbox 346 3448 1656 3534">
    <p class='ocr_par' dir='ltr' id='par_1_66' title="bbox 346 3448 1656 3534">
     <span class='ocr_line' id='line_1_66' title="bbox 346 3448 1656 3534; baseline 0.018 -36"><span class='ocrx_word' id='word_1_528' title='bbox 346 3448 681 3517; x_wconf 80' lang='grc' dir='ltr'>τυπτόμενος</span> <span class='ocrx_word' id='word_1_529' title='bbox 730 3453 825 3505; x_wconf 75' lang='grc' dir='ltr'>καὶ</span> <span class='ocrx_word' id='word_1_530' title='bbox 851 3457 1263 3527; x_wconf 85' lang='grc' dir='ltr'>κουρευόμενος,</span> <span class='ocrx_word' id='word_1_531' title='bbox 1310 3462 1656 3534; x_wconf 78' lang='grc' dir='ltr'>έξοριζέσθω.</span> 
     </span>
    </p>
   </div>
   <div class='ocr_carea' id='block_1_67' title="bbox 412 3546 1930 3643">
    <p class='ocr_par' dir='ltr' id='par_1_67' title="bbox 412 3546 1930 3643">
     <span class='ocr_line' id='line_1_67' title="bbox 412 3546 1930 3643; baseline 0.012 -46"><span class='ocrx_word' id='word_1_532' title='bbox 412 3546 659 3600; x_wconf 79' lang='grc' dir='ltr'><strong>ΖΩΝΑΡ.</strong></span> <span class='ocrx_word' id='word_1_533' title='bbox 702 3546 760 3600; x_wconf 90' lang='lat'><strong>&#39;0</strong></span> <span class='ocrx_word' id='word_1_534' title='bbox 791 3551 1058 3620; x_wconf 87' lang='grc' dir='ltr'>παρθένον</span> <span class='ocrx_word' id='word_1_535' title='bbox 1090 3553 1322 3626; x_wconf 85' lang='grc' dir='ltr'>φθείρας</span> <span class='ocrx_word' id='word_1_536' title='bbox 1357 3557 1472 3630; x_wconf 69' lang='grc' dir='ltr'>βίᾳ,</span> <span class='ocrx_word' id='word_1_537' title='bbox 1509 3564 1557 3615; x_wconf 85' lang='grc' dir='ltr'><strong>εί</strong></span> <span class='ocrx_word' id='word_1_538' title='bbox 1586 3566 1686 3635; x_wconf 82' lang='grc' dir='ltr'>μὲν</span> <span class='ocrx_word' id='word_1_539' title='bbox 1719 3586 1930 3643; x_wconf 84' lang='grc' dir='ltr'>μεμνη-</span> 
     </span>
    </p>
   </div>
   <div class='ocr_carea' id='block_1_68' title="bbox 347 3641 1930 3734">
    <p class='ocr_par' dir='ltr' id='par_1_68' title="bbox 347 3641 1930 3734">
     <span class='ocr_line' id='line_1_68' title="bbox 347 3641 1930 3734; baseline 0.016 -44"><span class='ocrx_word' id='word_1_540' title='bbox 347 3641 655 3728; x_wconf 82' lang='grc' dir='ltr'>στευμένην</span> <span class='ocrx_word' id='word_1_541' title='bbox 703 3642 835 3707; x_wconf 70' lang='grc' dir='ltr'>τινὶ,</span> <span class='ocrx_word' id='word_1_542' title='bbox 881 3643 956 3705; x_wconf 86' lang='grc' dir='ltr'>ὼς</span> <span class='ocrx_word' id='word_1_543' title='bbox 987 3647 1175 3716; x_wconf 74' lang='grc' dir='ltr'>μοιχὸς</span> <span class='ocrx_word' id='word_1_544' title='bbox 1216 3656 1561 3722; x_wconf 83' lang='grc' dir='ltr'>τιμωρεῖται·</span> <span class='ocrx_word' id='word_1_545' title='bbox 1589 3658 1638 3710; x_wconf 87' lang='grc' dir='ltr'><strong>εί</strong></span> <span class='ocrx_word' id='word_1_546' title='bbox 1665 3659 1720 3711; x_wconf 84' lang='grc' dir='ltr'>δὲ</span> <span class='ocrx_word' id='word_1_547' title='bbox 1753 3641 1930 3734; x_wconf 70' lang='grc' dir='ltr'>ἀμνη-</span> 
     </span>
    </p>
   </div>
   <div class='ocr_carea' id='block_1_69' title="bbox 348 3724 1963 3823">
    <p class='ocr_par' dir='ltr' id='par_1_69' title="bbox 348 3724 1963 3823">
     <span class='ocr_line' id='line_1_69' title="bbox 348 3724 1963 3823; baseline 0.018 -41"><span class='ocrx_word' id='word_1_548' title='bbox 348 3724 597 3795; x_wconf 79' lang='grc' dir='ltr'>στευτον,</span> <span class='ocrx_word' id='word_1_549' title='bbox 665 3733 817 3802; x_wconf 82' lang='grc' dir='ltr'><strong>παρά</strong></span> <span class='ocrx_word' id='word_1_550' title='bbox 852 3734 949 3804; x_wconf 80' lang='grc' dir='ltr'>μὲν</span> <span class='ocrx_word' id='word_1_551' title='bbox 974 3737 1068 3790; x_wconf 77' lang='grc' dir='ltr'>τοῦ</span> <span class='ocrx_word' id='word_1_552' title='bbox 1121 3741 1347 3807; x_wconf 87' lang='grc' dir='ltr'>κανόνος</span> <span class='ocrx_word' id='word_1_553' title='bbox 1399 3746 1545 3816; x_wconf 82' lang='grc' dir='ltr'>ἔχειν</span> <span class='ocrx_word' id='word_1_554' title='bbox 1602 3724 1805 3823; x_wconf 63' lang='grc' dir='ltr'>αὐτὴν,</span> <span class='ocrx_word' id='word_1_555' title='bbox 1835 3724 1963 3809; x_wconf 38' lang='lat' dir='ltr'><strong>xcith</strong></span> 
     </span>
    </p>
   </div>
   <div class='ocr_carea' id='block_1_70' title="bbox 352 3822 1931 3917">
    <p class='ocr_par' dir='ltr' id='par_1_70' title="bbox 352 3822 1931 3917">
     <span class='ocr_line' id='line_1_70' title="bbox 352 3822 1931 3917; baseline 0.019 -45"><span class='ocrx_word' id='word_1_556' title='bbox 352 3822 421 3893; x_wconf 74' lang='grc' dir='ltr'>μὴ</span> <span class='ocrx_word' id='word_1_557' title='bbox 484 3823 844 3893; x_wconf 81' lang='grc' dir='ltr'>ἀποπέμπειν</span> <span class='ocrx_word' id='word_1_558' title='bbox 902 3828 1168 3898; x_wconf 76' lang='grc' dir='ltr'>ὁρίζεται,</span> <span class='ocrx_word' id='word_1_559' title='bbox 1224 3834 1329 3888; x_wconf 69' lang='grc' dir='ltr'>κᾶν</span> <span class='ocrx_word' id='word_1_560' title='bbox 1367 3841 1602 3911; x_wconf 74' lang='grc' dir='ltr'>πενιχρὰ</span> <span class='ocrx_word' id='word_1_561' title='bbox 1652 3822 1777 3917; x_wconf 77' lang='grc' dir='ltr'>εἴη,</span> <span class='ocrx_word' id='word_1_562' title='bbox 1835 3850 1931 3902; x_wconf 75' lang='grc' dir='ltr'><strong>καὶ</strong></span> 
     </span>
    </p>
   </div>
   <div class='ocr_carea' id='block_1_71' title="bbox 349 3916 1929 4011">
    <p class='ocr_par' dir='ltr' id='par_1_71' title="bbox 349 3916 1929 4011">
     <span class='ocr_line' id='line_1_71' title="bbox 349 3916 1929 4011; baseline 0.019 -46"><span class='ocrx_word' id='word_1_563' title='bbox 349 3916 545 3980; x_wconf 78' lang='grc' dir='ltr'>ἀναξία</span> <span class='ocrx_word' id='word_1_564' title='bbox 580 3916 711 3980; x_wconf 78' lang='grc' dir='ltr'>ἴσως</span> <span class='ocrx_word' id='word_1_565' title='bbox 744 3919 977 3974; x_wconf 80' lang='grc' dir='ltr'>ἐκείνου.</span> <span class='ocrx_word' id='word_1_566' title='bbox 1024 3925 1183 3997; x_wconf 83' lang='grc' dir='ltr'>Παρὰ</span> <span class='ocrx_word' id='word_1_567' title='bbox 1211 3927 1265 3979; x_wconf 70' lang='grc' dir='ltr'>δὲ</span> <span class='ocrx_word' id='word_1_568' title='bbox 1297 3928 1394 3983; x_wconf 82' lang='grc' dir='ltr'>τοῦ</span> <span class='ocrx_word' id='word_1_569' title='bbox 1451 3933 1733 3991; x_wconf 83' lang='grc' dir='ltr'>πολιτικοῦ</span> <span class='ocrx_word' id='word_1_570' title='bbox 1760 3939 1929 4011; x_wconf 84' lang='grc' dir='ltr'>νόμου</span> 
     </span>
    </p>
   </div>
   <div class='ocr_carea' id='block_1_72' title="bbox 347 4006 909 4080">
    <p class='ocr_par' dir='ltr' id='par_1_72' title="bbox 347 4006 909 4080">
     <span class='ocr_line' id='line_1_72' title="bbox 347 4006 909 4080; baseline 0.007 -20"><span class='ocrx_word' id='word_1_571' title='bbox 347 4006 522 4065; x_wconf 81' lang='grc' dir='ltr'>ἄλλως</span> <span class='ocrx_word' id='word_1_572' title='bbox 557 4026 606 4061; x_wconf 83' lang='grc' dir='ltr'><strong>τι</strong></span> <span class='ocrx_word' id='word_1_573' title='bbox 618 4013 909 4080; x_wconf 87' lang='grc' dir='ltr'>μωρεῖται.</span> 
     </span>
    </p>
   </div>
   <div class='ocr_carea' id='block_1_73' title="bbox 346 4100 1928 4189">
    <p class='ocr_par' dir='ltr' id='par_1_73' title="bbox 346 4100 1928 4189">
     <span class='ocr_line' id='line_1_73' title="bbox 346 4100 1928 4189; baseline 0.018 -39"><span class='ocrx_word' id='word_1_574' title='bbox 346 4100 569 4155; x_wconf 80' lang='grc' dir='ltr'><strong>ΑΡΙΣΤ.</strong></span> <span class='ocrx_word' id='word_1_575' title='bbox 623 4102 676 4153; x_wconf 87' lang='lat'><strong>&#39;0</strong></span> <span class='ocrx_word' id='word_1_576' title='bbox 716 4103 1094 4176; x_wconf 78' lang='grc' dir='ltr'>βιασάμενος</span> <span class='ocrx_word' id='word_1_577' title='bbox 1126 4110 1315 4179; x_wconf 85' lang='grc' dir='ltr'>κόρην</span> <span class='ocrx_word' id='word_1_578' title='bbox 1336 4113 1758 4189; x_wconf 70' lang='grc' dir='ltr'>ἀφοριζόμενος</span> <span class='ocrx_word' id='word_1_579' title='bbox 1788 4138 1928 4178; x_wconf 82' lang='grc' dir='ltr'>κατ-</span> 
     </span>
    </p>
   </div>
   <div class='ocr_carea' id='block_1_74' title="bbox 462 4192 1797 4277">
    <p class='ocr_par' dir='ltr' id='par_1_74' title="bbox 462 4192 1797 4277">
     <span class='ocr_line' id='line_1_74' title="bbox 462 4192 1797 4277; baseline 0.018 -33"><span class='ocrx_word' id='word_1_580' title='bbox 462 4192 669 4263; x_wconf 80' lang='grc' dir='ltr'>εχέτω,</span> <span class='ocrx_word' id='word_1_581' title='bbox 727 4196 824 4249; x_wconf 77' lang='grc' dir='ltr'>καὶ</span> <span class='ocrx_word' id='word_1_582' title='bbox 873 4198 1102 4267; x_wconf 75' lang='grc' dir='ltr'>ἄπορον</span> <span class='ocrx_word' id='word_1_583' title='bbox 1132 4203 1328 4272; x_wconf 83' lang='grc' dir='ltr'>αὐτὴν</span> <span class='ocrx_word' id='word_1_584' title='bbox 1372 4208 1797 4277; x_wconf 82' lang='grc' dir='ltr'>ὑπάρχουσαν.</span> 
     </span>
    </p>
   </div>
   <div class='ocr_carea' id='block_1_75' title="bbox 426 4283 1927 4375">
    <p class='ocr_par' dir='ltr' id='par_1_75' title="bbox 426 4283 1927 4375">
     <span class='ocr_line' id='line_1_75' title="bbox 426 4283 1927 4375; baseline 0.016 -41"><span class='ocrx_word' id='word_1_585' title='bbox 426 4283 484 4335; x_wconf 86' lang='lat'><strong>&#39;0</strong></span> <span class='ocrx_word' id='word_1_586' title='bbox 509 4284 842 4354; x_wconf 74' lang='grc' dir='ltr'>βιασάμενος</span> <span class='ocrx_word' id='word_1_587' title='bbox 895 4290 1165 4359; x_wconf 84' lang='grc' dir='ltr'>παρθένον</span> <span class='ocrx_word' id='word_1_588' title='bbox 1221 4294 1617 4367; x_wconf 81' lang='grc' dir='ltr'>ἀμνήστευτον,</span> <span class='ocrx_word' id='word_1_589' title='bbox 1657 4305 1754 4355; x_wconf 77' lang='grc' dir='ltr'><strong>καὶ</strong></span> <span class='ocrx_word' id='word_1_590' title='bbox 1789 4321 1927 4375; x_wconf 85' lang='grc' dir='ltr'>συμ-</span> 
     </span>
    </p>
   </div>
   <div class='ocr_carea' id='block_1_76' title="bbox 348 4372 1928 4465">
    <p class='ocr_par' dir='ltr' id='par_1_76' title="bbox 348 4372 1928 4465">
     <span class='ocr_line' id='line_1_76' title="bbox 348 4372 1928 4465; baseline 0.012 -40"><span class='ocrx_word' id='word_1_591' title='bbox 348 4372 583 4443; x_wconf 72' lang='grc' dir='ltr'>φθαρεὶς</span> <span class='ocrx_word' id='word_1_592' title='bbox 630 4376 791 4447; x_wconf 76' lang='grc' dir='ltr'>αὐτῇ,</span> <span class='ocrx_word' id='word_1_593' title='bbox 856 4377 1224 4449; x_wconf 78' lang='grc' dir='ltr'>ἀφοριξέσθω,</span> <span class='ocrx_word' id='word_1_594' title='bbox 1293 4385 1369 4456; x_wconf 85' lang='grc' dir='ltr'>μὴ</span> <span class='ocrx_word' id='word_1_595' title='bbox 1420 4386 1627 4452; x_wconf 82' lang='grc' dir='ltr'>ἐξέστω</span> <span class='ocrx_word' id='word_1_596' title='bbox 1686 4391 1743 4444; x_wconf 81' lang='grc' dir='ltr'><strong>δὲ</strong></span> <span class='ocrx_word' id='word_1_597' title='bbox 1778 4372 1928 4465; x_wconf 78' lang='grc' dir='ltr'>αὐτῷ</span> 
     </span>
    </p>
   </div>
   <div class='ocr_carea' id='block_1_77' title="bbox 348 4466 1927 4554">
    <p class='ocr_par' dir='ltr' id='par_1_77' title="bbox 348 4466 1927 4554">
     <span class='ocr_line' id='line_1_77' title="bbox 348 4466 1927 4554; baseline 0.015 -38"><span class='ocrx_word' id='word_1_598' title='bbox 348 4466 541 4536; x_wconf 77' lang='grc' dir='ltr'>ἑτέραν</span> <span class='ocrx_word' id='word_1_599' title='bbox 572 4467 783 4535; x_wconf 78' lang='grc' dir='ltr'>λαϐεῖν,</span> <span class='ocrx_word' id='word_1_600' title='bbox 817 4470 933 4523; x_wconf 78' lang='grc' dir='ltr'>ἀλλ’</span> <span class='ocrx_word' id='word_1_601' title='bbox 970 4475 1185 4543; x_wconf 79' lang='grc' dir='ltr'>ἐκείνην</span> <span class='ocrx_word' id='word_1_602' title='bbox 1222 4479 1478 4549; x_wconf 84' lang='grc' dir='ltr'>κατέχειν</span> <span class='ocrx_word' id='word_1_603' title='bbox 1511 4482 1577 4552; x_wconf 78' lang='grc' dir='ltr'>ἣν</span> <span class='ocrx_word' id='word_1_604' title='bbox 1612 4484 1927 4554; x_wconf 79' lang='grc' dir='ltr'>ᾑρετίσατο,</span> 
     </span>
    </p>
   </div>
   <div class='ocr_carea' id='block_1_78' title="bbox 348 4557 1930 4649">
    <p class='ocr_par' dir='ltr' id='par_1_78' title="bbox 348 4557 1930 4649">
     <span class='ocr_line' id='line_1_78' title="bbox 348 4557 1930 4649; baseline 0.016 -42"><span class='ocrx_word' id='word_1_605' title='bbox 348 4557 447 4608; x_wconf 69' lang='grc' dir='ltr'>κᾶν</span> <span class='ocrx_word' id='word_1_606' title='bbox 500 4560 738 4629; x_wconf 73' lang='grc' dir='ltr'>πενιχρὰ</span> <span class='ocrx_word' id='word_1_607' title='bbox 778 4564 1043 4634; x_wconf 83' lang='grc' dir='ltr'>τυγχάνῃ.</span> <span class='ocrx_word' id='word_1_608' title='bbox 1101 4566 1165 4618; x_wconf 86' lang='grc' dir='ltr'><strong>Ἡ</strong></span> <span class='ocrx_word' id='word_1_609' title='bbox 1204 4567 1261 4620; x_wconf 78' lang='grc' dir='ltr'>δὲ</span> <span class='ocrx_word' id='word_1_610' title='bbox 1308 4569 1471 4642; x_wconf 85' lang='grc' dir='ltr'>ὀγδόη</span> <span class='ocrx_word' id='word_1_611' title='bbox 1532 4574 1779 4640; x_wconf 80' lang='grc' dir='ltr'>διάταξις</span> <span class='ocrx_word' id='word_1_612' title='bbox 1815 4580 1930 4649; x_wconf 85' lang='grc' dir='ltr'>ήέν</span> 
     </span>
    </p>
   </div>
   <div class='ocr_carea' id='block_1_79' title="bbox 2109 3559 3612 3633">
    <p class='ocr_par' dir='ltr' id='par_1_79' title="bbox 2109 3559 3612 3633">
     <span class='ocr_line' id='line_1_79' title="bbox 2109 3559 3612 3633; baseline -0.001 -11"><span class='ocrx_word' id='word_1_613' title='bbox 2109 3566 2365 3626; x_wconf 78' lang='lat' dir='ltr'><strong>ZONAR.</strong></span> <span class='ocrx_word' id='word_1_614' title='bbox 2400 3563 2499 3630; x_wconf 85' lang='lat' dir='ltr'><strong>Qui</strong></span> <span class='ocrx_word' id='word_1_615' title='bbox 2528 3560 2786 3631; x_wconf 71' lang='lat' dir='ltr'><strong>virginem</strong></span> <span class='ocrx_word' id='word_1_616' title='bbox 2812 3559 2864 3614; x_wconf 89' lang='lat' dir='ltr'><strong>vi</strong></span> <span class='ocrx_word' id='word_1_617' title='bbox 2894 3561 3153 3630; x_wconf 89' lang='lat' dir='ltr'><strong>corrupit,</strong></span> <span class='ocrx_word' id='word_1_618' title='bbox 3182 3561 3227 3615; x_wconf 89' lang='lat' dir='ltr'><strong>si</strong></span> <span class='ocrx_word' id='word_1_619' title='bbox 3257 3561 3471 3630; x_wconf 85' lang='lat' dir='ltr'><strong>quidem</strong></span> <span class='ocrx_word' id='word_1_620' title='bbox 3498 3562 3612 3633; x_wconf 87' lang='lat' dir='ltr'><strong>jam</strong></span> 
     </span>
    </p>
   </div>
   <div class='ocr_carea' id='block_1_80' title="bbox 2035 3654 3613 3730">
    <p class='ocr_par' dir='ltr' id='par_1_80' title="bbox 2035 3654 3613 3730">
     <span class='ocr_line' id='line_1_80' title="bbox 2035 3654 3613 3730; baseline -0.007 -9"><span class='ocrx_word' id='word_1_621' title='bbox 2035 3664 2194 3722; x_wconf 90' lang='lat' dir='ltr'><strong>alicui</strong></span> <span class='ocrx_word' id='word_1_622' title='bbox 2231 3663 2575 3730; x_wconf 78' lang='lat' dir='ltr'><strong>deSponsam,</strong></span> <span class='ocrx_word' id='word_1_623' title='bbox 2612 3654 2779 3709; x_wconf 87' lang='lat' dir='ltr'><strong>veluti</strong></span> <span class='ocrx_word' id='word_1_624' title='bbox 2820 3656 3064 3709; x_wconf 78' lang='lat' dir='ltr'><strong>mmchus</strong></span> <span class='ocrx_word' id='word_1_625' title='bbox 3099 3656 3317 3724; x_wconf 90' lang='lat' dir='ltr'><strong>punitur</strong></span> <span class='ocrx_word' id='word_1_626' title='bbox 3350 3675 3363 3711; x_wconf 91' lang='lat'><strong>:</strong></span> <span class='ocrx_word' id='word_1_627' title='bbox 3396 3659 3476 3714; x_wconf 89' lang='lat' dir='ltr'><strong>sin</strong></span> <span class='ocrx_word' id='word_1_628' title='bbox 3504 3676 3613 3716; x_wconf 86' lang='lat' dir='ltr'><strong>non</strong></span> 
     </span>
    </p>
   </div>
   <div class='ocr_carea' id='block_1_81' title="bbox 2037 3746 3616 3828">
    <p class='ocr_par' dir='ltr' id='par_1_81' title="bbox 2037 3746 3616 3828">
     <span class='ocr_line' id='line_1_81' title="bbox 2037 3746 3616 3828; baseline -0.006 -14"><span class='ocrx_word' id='word_1_629' title='bbox 2037 3759 2382 3828; x_wconf 70' lang='lat' dir='ltr'><strong>desponsam,</strong></span> <span class='ocrx_word' id='word_1_630' title='bbox 2422 3763 2593 3805; x_wconf 88' lang='lat' dir='ltr'><strong>canon</strong></span> <span class='ocrx_word' id='word_1_631' title='bbox 2625 3746 2811 3801; x_wconf 81' lang='lat' dir='ltr'><strong>deﬁnit</strong></span> <span class='ocrx_word' id='word_1_632' title='bbox 2859 3746 3003 3801; x_wconf 84' lang='lat' dir='ltr'><strong>hunc</strong></span> <span class='ocrx_word' id='word_1_633' title='bbox 3083 3747 3281 3801; x_wconf 87' lang='lat' dir='ltr'><strong>habere</strong></span> <span class='ocrx_word' id='word_1_634' title='bbox 3318 3748 3460 3804; x_wconf 87' lang='lat' dir='ltr'><strong>illam</strong></span> <span class='ocrx_word' id='word_1_635' title='bbox 3519 3752 3616 3805; x_wconf 81' lang='lat' dir='ltr'><strong>de-</strong></span> 
     </span>
    </p>
   </div>
   <div class='ocr_carea' id='block_1_82' title="bbox 2035 3840 3614 3915">
    <p class='ocr_par' dir='ltr' id='par_1_82' title="bbox 2035 3840 3614 3915">
     <span class='ocr_line' id='line_1_82' title="bbox 2035 3840 3614 3915; baseline -0.001 -11"><span class='ocrx_word' id='word_1_636' title='bbox 2035 3851 2182 3915; x_wconf 78' lang='lat' dir='ltr'><strong>bere,</strong></span> <span class='ocrx_word' id='word_1_637' title='bbox 2220 3861 2321 3902; x_wconf 84' lang='lat' dir='ltr'><strong>nec</strong></span> <span class='ocrx_word' id='word_1_638' title='bbox 2350 3858 2471 3900; x_wconf 90' lang='lat' dir='ltr'><strong>eam</strong></span> <span class='ocrx_word' id='word_1_639' title='bbox 2535 3841 2760 3910; x_wconf 85' lang='lat' dir='ltr'><strong>rejicere</strong></span> <span class='ocrx_word' id='word_1_640' title='bbox 2804 3855 2987 3910; x_wconf 87' lang='lat' dir='ltr'><strong>posse,</strong></span> <span class='ocrx_word' id='word_1_641' title='bbox 3028 3840 3239 3895; x_wconf 76' lang='lat' dir='ltr'><strong>tametsi</strong></span> <span class='ocrx_word' id='word_1_642' title='bbox 3287 3848 3614 3914; x_wconf 74' lang='lat' dir='ltr'><strong>paupercula</strong></span> 
     </span>
    </p>
   </div>
   <div class='ocr_carea' id='block_1_83' title="bbox 2032 3931 3615 4008">
    <p class='ocr_par' dir='ltr' id='par_1_83' title="bbox 2032 3931 3615 4008">
     <span class='ocr_line' id='line_1_83' title="bbox 2032 3931 3615 4008; baseline -0.003 -16"><span class='ocrx_word' id='word_1_643' title='bbox 2032 3939 2193 4002; x_wconf 78' lang='lat' dir='ltr'><strong>foret,</strong></span> <span class='ocrx_word' id='word_1_644' title='bbox 2245 3937 2445 4005; x_wconf 89' lang='lat' dir='ltr'><strong>illoque</strong></span> <span class='ocrx_word' id='word_1_645' title='bbox 2504 3931 2751 3988; x_wconf 79' lang='lat' dir='ltr'><strong>fortassis</strong></span> <span class='ocrx_word' id='word_1_646' title='bbox 2805 3932 3044 4002; x_wconf 87' lang='lat' dir='ltr'><strong>indigna.</strong></span> <span class='ocrx_word' id='word_1_647' title='bbox 3076 3932 3231 3987; x_wconf 87' lang='lat' dir='ltr'><strong>Civili</strong></span> <span class='ocrx_word' id='word_1_648' title='bbox 3289 3943 3465 3990; x_wconf 87' lang='lat' dir='ltr'><strong>autem</strong></span> <span class='ocrx_word' id='word_1_649' title='bbox 3497 3936 3615 4008; x_wconf 73' lang='lat' dir='ltr'><strong>lego</strong></span> 
     </span>
    </p>
   </div>
   <div class='ocr_carea' id='block_1_84' title="bbox 2030 4029 2457 4098">
    <p class='ocr_par' dir='ltr' id='par_1_84' title="bbox 2030 4029 2457 4098">
     <span class='ocr_line' id='line_1_84' title="bbox 2030 4029 2457 4098; baseline -0.007 -14"><span class='ocrx_word' id='word_1_650' title='bbox 2030 4031 2189 4085; x_wconf 85' lang='lat' dir='ltr'><strong>aliter</strong></span> <span class='ocrx_word' id='word_1_651' title='bbox 2218 4029 2457 4098; x_wconf 88' lang='lat' dir='ltr'><strong>punitur.</strong></span> 
     </span>
    </p>
   </div>
   <div class='ocr_carea' id='block_1_85' title="bbox 2028 4119 3611 4188">
    <p class='ocr_par' dir='ltr' id='par_1_85' title="bbox 2028 4119 3611 4188">
     <span class='ocr_line' id='line_1_85' title="bbox 2028 4119 3611 4188; baseline -0.001 -10"><span class='ocrx_word' id='word_1_652' title='bbox 2028 4120 2252 4178; x_wconf 77' lang='lat' dir='ltr'><strong>ARIST.</strong></span> <span class='ocrx_word' id='word_1_653' title='bbox 2280 4120 2385 4187; x_wconf 85' lang='lat' dir='ltr'><strong>Qui</strong></span> <span class='ocrx_word' id='word_1_654' title='bbox 2424 4119 2610 4185; x_wconf 72' lang='lat' dir='ltr'><strong>puella:</strong></span> <span class='ocrx_word' id='word_1_655' title='bbox 2658 4121 2759 4174; x_wconf 85' lang='lat' dir='ltr'><strong>vim</strong></span> <span class='ocrx_word' id='word_1_656' title='bbox 2803 4120 3061 4186; x_wconf 80' lang='lat' dir='ltr'><strong>attulerit,</strong></span> <span class='ocrx_word' id='word_1_657' title='bbox 3091 4122 3611 4188; x_wconf 73' lang='lat' dir='ltr'><strong>excommunicatus,</strong></span> 
     </span>
    </p>
   </div>
   <div class='ocr_carea' id='block_1_86' title="bbox 2378 4210 3249 4282">
    <p class='ocr_par' dir='ltr' id='par_1_86' title="bbox 2378 4210 3249 4282">
     <span class='ocr_line' id='line_1_86' title="bbox 2378 4210 3249 4282; baseline 0.002 -17"><span class='ocrx_word' id='word_1_658' title='bbox 2378 4211 2564 4265; x_wconf 81' lang='lat' dir='ltr'><strong>habeat</strong></span> <span class='ocrx_word' id='word_1_659' title='bbox 2591 4222 2637 4265; x_wconf 89' lang='lat' dir='ltr'><strong>et</strong></span> <span class='ocrx_word' id='word_1_660' title='bbox 2662 4226 2776 4264; x_wconf 85' lang='lat' dir='ltr'><strong>eam</strong></span> <span class='ocrx_word' id='word_1_661' title='bbox 2806 4210 2920 4265; x_wconf 81' lang='lat' dir='ltr'><strong>licet</strong></span> <span class='ocrx_word' id='word_1_662' title='bbox 2948 4227 3249 4282; x_wconf 85' lang='lat' dir='ltr'><strong>pauperem.</strong></span> 
     </span>
    </p>
   </div>
   <div class='ocr_carea' id='block_1_87' title="bbox 2094 4303 3615 4379">
    <p class='ocr_par' dir='ltr' id='par_1_87' title="bbox 2094 4303 3615 4379">
     <span class='ocr_line' id='line_1_87' title="bbox 2094 4303 3615 4379; baseline 0.002 -19"><span class='ocrx_word' id='word_1_663' title='bbox 2094 4305 2197 4374; x_wconf 88' lang='lat' dir='ltr'><strong>Qui</strong></span> <span class='ocrx_word' id='word_1_664' title='bbox 2231 4304 2427 4375; x_wconf 84' lang='lat' dir='ltr'><strong>virgini</strong></span> <span class='ocrx_word' id='word_1_665' title='bbox 2467 4317 2572 4356; x_wconf 90' lang='lat' dir='ltr'><strong>non</strong></span> <span class='ocrx_word' id='word_1_666' title='bbox 2626 4303 2905 4371; x_wconf 73' lang='lat' dir='ltr'><strong>desponsa:</strong></span> <span class='ocrx_word' id='word_1_667' title='bbox 2946 4304 3051 4358; x_wconf 89' lang='lat' dir='ltr'><strong>vim</strong></span> <span class='ocrx_word' id='word_1_668' title='bbox 3086 4305 3348 4373; x_wconf 89' lang='lat' dir='ltr'><strong>attulerit,</strong></span> <span class='ocrx_word' id='word_1_669' title='bbox 3384 4321 3615 4379; x_wconf 87' lang='lat' dir='ltr'><strong>eamque</strong></span> 
     </span>
    </p>
   </div>
   <div class='ocr_carea' id='block_1_88' title="bbox 2029 4394 3609 4462">
    <p class='ocr_par' dir='ltr' id='par_1_88' title="bbox 2029 4394 3609 4462">
     <span class='ocr_line' id='line_1_88' title="bbox 2029 4394 3609 4462; baseline 0.005 -13"><span class='ocrx_word' id='word_1_670' title='bbox 2029 4394 2918 4462; x_wconf 80' lang='lat' dir='ltr'><strong>violaverit,excommunicetur,</strong></span> <span class='ocrx_word' id='word_1_671' title='bbox 2977 4411 3047 4450; x_wconf 93' lang='lat' dir='ltr'><strong>ne</strong></span> <span class='ocrx_word' id='word_1_672' title='bbox 3108 4396 3266 4451; x_wconf 85' lang='lat' dir='ltr'><strong>liceat</strong></span> <span class='ocrx_word' id='word_1_673' title='bbox 3316 4408 3495 4454; x_wconf 82' lang='lat' dir='ltr'><strong>autem</strong></span> <span class='ocrx_word' id='word_1_674' title='bbox 3556 4403 3609 4457; x_wconf 88' lang='lat' dir='ltr'><strong>ei</strong></span> 
     </span>
    </p>
   </div>
   <div class='ocr_carea' id='block_1_89' title="bbox 2026 4484 3608 4559">
    <p class='ocr_par' dir='ltr' id='par_1_89' title="bbox 2026 4484 3608 4559">
     <span class='ocr_line' id='line_1_89' title="bbox 2026 4484 3608 4559; baseline 0.003 -18"><span class='ocrx_word' id='word_1_675' title='bbox 2026 4488 2186 4542; x_wconf 83' lang='lat' dir='ltr'><strong>aliam</strong></span> <span class='ocrx_word' id='word_1_676' title='bbox 2219 4486 2486 4554; x_wconf 89' lang='lat' dir='ltr'><strong>accipere,</strong></span> <span class='ocrx_word' id='word_1_677' title='bbox 2524 4486 2617 4540; x_wconf 84' lang='lat' dir='ltr'><strong>sed</strong></span> <span class='ocrx_word' id='word_1_678' title='bbox 2642 4498 2759 4539; x_wconf 86' lang='lat' dir='ltr'><strong>eam</strong></span> <span class='ocrx_word' id='word_1_679' title='bbox 2782 4484 2982 4540; x_wconf 80' lang='lat' dir='ltr'><strong>habere</strong></span> <span class='ocrx_word' id='word_1_680' title='bbox 3015 4501 3174 4554; x_wconf 85' lang='lat' dir='ltr'><strong>quam</strong></span> <span class='ocrx_word' id='word_1_681' title='bbox 3198 4487 3379 4557; x_wconf 87' lang='lat' dir='ltr'><strong>elegit,</strong></span> <span class='ocrx_word' id='word_1_682' title='bbox 3412 4505 3608 4559; x_wconf 88' lang='lat' dir='ltr'><strong>quam-</strong></span> 
     </span>
    </p>
   </div>
   <div class='ocr_carea' id='block_1_90' title="bbox 2032 4576 3613 4647">
    <p class='ocr_par' dir='ltr' id='par_1_90' title="bbox 2032 4576 3613 4647">
     <span class='ocr_line' id='line_1_90' title="bbox 2032 4576 3613 4647; baseline 0.004 -16"><span class='ocrx_word' id='word_1_683' title='bbox 2032 4581 2112 4632; x_wconf 88' lang='lat' dir='ltr'><strong>vis</strong></span> <span class='ocrx_word' id='word_1_684' title='bbox 2141 4577 2463 4647; x_wconf 87' lang='lat' dir='ltr'><strong>paupercula</strong></span> <span class='ocrx_word' id='word_1_685' title='bbox 2506 4577 2596 4631; x_wconf 90' lang='lat' dir='ltr'><strong>sit.</strong></span> <span class='ocrx_word' id='word_1_686' title='bbox 2627 4576 2827 4631; x_wconf 87' lang='lat' dir='ltr'><strong>Octava</strong></span> <span class='ocrx_word' id='word_1_687' title='bbox 2857 4587 3033 4630; x_wconf 85' lang='lat' dir='ltr'><strong>autem</strong></span> <span class='ocrx_word' id='word_1_688' title='bbox 3086 4578 3404 4634; x_wconf 83' lang='lat' dir='ltr'><strong>constitutio</strong></span> <span class='ocrx_word' id='word_1_689' title='bbox 3447 4581 3503 4635; x_wconf 87' lang='lat' dir='ltr'><strong>in</strong></span> <span class='ocrx_word' id='word_1_690' title='bbox 3543 4581 3613 4638; x_wconf 89' lang='lat'><strong>78</strong></span> 
     </span>
    </p>
   </div>
   <div class='ocr_carea' id='block_1_91' title="bbox 346 4650 1929 4740">
    <p class='ocr_par' dir='ltr' id='par_1_91' title="bbox 346 4650 1924 4738">
     <span class='ocr_line' id='line_1_91' title="bbox 346 4650 1924 4738; baseline 0.013 -35"><span class='ocrx_word' id='word_1_691' title='bbox 346 4650 425 4719; x_wconf 84' lang='grc' dir='ltr'>τῷ</span> <span class='ocrx_word' id='word_1_692' title='bbox 481 4650 565 4722; x_wconf 79' lang='grc' dir='ltr'>οη¹</span> <span class='ocrx_word' id='word_1_693' title='bbox 628 4654 911 4724; x_wconf 81' lang='grc' dir='ltr'>κεφαλαίῳ</span> <span class='ocrx_word' id='word_1_694' title='bbox 967 4656 1061 4709; x_wconf 82' lang='grc' dir='ltr'>τοῦ</span> <span class='ocrx_word' id='word_1_695' title='bbox 1116 4657 1194 4723; x_wconf 79' lang='grc' dir='ltr'><strong>λζ’</strong></span> <span class='ocrx_word' id='word_1_696' title='bbox 1245 4661 1426 4715; x_wconf 89' lang='grc' dir='ltr'>τίτλου</span> <span class='ocrx_word' id='word_1_697' title='bbox 1481 4664 1576 4718; x_wconf 82' lang='grc' dir='ltr'>τοῦ</span> <span class='ocrx_word' id='word_1_698' title='bbox 1638 4671 1682 4734; x_wconf 85' lang='grc' dir='ltr'><strong>ξ’</strong></span> <span class='ocrx_word' id='word_1_699' title='bbox 1720 4667 1924 4738; x_wconf 83' lang='grc' dir='ltr'>βιϐλίου</span> 
     </span>
    </p>
   </div>
   <div class='ocr_carea' id='block_1_92' title="bbox 2037 4650 3604 4740">
    <p class='ocr_par' dir='ltr' id='par_1_92' title="bbox 2037 4668 3604 4740">
     <span class='ocr_line' id='line_1_92' title="bbox 2037 4668 3604 4740; baseline 0.002 -15"><span class='ocrx_word' id='word_1_700' title='bbox 2037 4671 2230 4740; x_wconf 84' lang='lat' dir='ltr'><strong>capite,</strong></span> <span class='ocrx_word' id='word_1_701' title='bbox 2255 4671 2320 4724; x_wconf 77' lang='lat'><strong>37</strong></span> <span class='ocrx_word' id='word_1_702' title='bbox 2342 4671 2426 4724; x_wconf 86' lang='lat' dir='ltr'><strong>tit.</strong></span> <span class='ocrx_word' id='word_1_703' title='bbox 2455 4684 2519 4723; x_wconf 70' lang='grc' dir='ltr'>ιχ</span> <span class='ocrx_word' id='word_1_704' title='bbox 2551 4668 2643 4723; x_wconf 88' lang='lat' dir='ltr'><strong>lib.</strong></span> <span class='ocrx_word' id='word_1_705' title='bbox 2674 4668 3025 4723; x_wconf 86' lang='lat' dir='ltr'><strong>Basilicorum</strong></span> <span class='ocrx_word' id='word_1_706' title='bbox 3057 4669 3253 4738; x_wconf 88' lang='lat' dir='ltr'><strong>posita,</strong></span> <span class='ocrx_word' id='word_1_707' title='bbox 3280 4672 3472 4727; x_wconf 87' lang='lat' dir='ltr'><strong>statuit</strong></span> <span class='ocrx_word' id='word_1_708' title='bbox 3503 4676 3604 4729; x_wconf 89' lang='lat' dir='ltr'><strong>tali</strong></span> 
     </span>
    </p>
   </div>
   <div class='ocr_carea' id='block_1_93' title="bbox 346 4742 1925 4822">
    <p class='ocr_par' dir='ltr' id='par_1_93' title="bbox 346 4742 1925 4822">
     <span class='ocr_line' id='line_1_93' title="bbox 346 4742 1925 4822; baseline 0.014 -29"><span class='ocrx_word' id='word_1_709' title='bbox 346 4742 452 4795; x_wconf 84' lang='grc' dir='ltr'><strong>τῶν</strong></span> <span class='ocrx_word' id='word_1_710' title='bbox 486 4742 796 4799; x_wconf 81' lang='grc' dir='ltr'>Βασιλικῶν</span> <span class='ocrx_word' id='word_1_711' title='bbox 854 4749 1079 4818; x_wconf 85' lang='grc' dir='ltr'>κειμένη</span> <span class='ocrx_word' id='word_1_712' title='bbox 1142 4753 1475 4822; x_wconf 83' lang='grc' dir='ltr'>προστάττει</span> <span class='ocrx_word' id='word_1_713' title='bbox 1548 4758 1639 4809; x_wconf 75' lang='grc' dir='ltr'><strong>τὸν</strong></span> <span class='ocrx_word' id='word_1_714' title='bbox 1680 4760 1925 4815; x_wconf 81' lang='grc' dir='ltr'>τοιοῦτον</span> 
     </span>
    </p>
   </div>
   <div class='ocr_carea' id='block_1_94' title="bbox 350 4835 1925 4915">
    <p class='ocr_par' dir='ltr' id='par_1_94' title="bbox 350 4835 1925 4915">
     <span class='ocr_line' id='line_1_94' title="bbox 350 4835 1925 4915; baseline 0.015 -33"><span class='ocrx_word' id='word_1_715' title='bbox 350 4835 796 4902; x_wconf 79' lang='grc' dir='ltr'>ρινοκοπεῖσθαι,</span> <span class='ocrx_word' id='word_1_716' title='bbox 848 4841 942 4893; x_wconf 69' lang='grc' dir='ltr'>καὶ</span> <span class='ocrx_word' id='word_1_717' title='bbox 1000 4843 1061 4893; x_wconf 84' lang='grc' dir='ltr'><strong>τὸ</strong></span> <span class='ocrx_word' id='word_1_718' title='bbox 1117 4843 1303 4911; x_wconf 82' lang='grc' dir='ltr'>τρίτον</span> <span class='ocrx_word' id='word_1_719' title='bbox 1354 4845 1456 4915; x_wconf 81' lang='grc' dir='ltr'>τῆς</span> <span class='ocrx_word' id='word_1_720' title='bbox 1511 4849 1702 4914; x_wconf 80' lang='grc' dir='ltr'>οὐσίας</span> <span class='ocrx_word' id='word_1_721' title='bbox 1743 4853 1925 4906; x_wconf 78' lang='grc' dir='ltr'>αὐτοῦ</span> 
     </span>
    </p>
   </div>
   <div class='ocr_carea' id='block_1_95' title="bbox 347 4925 1926 5015">
    <p class='ocr_par' dir='ltr' id='par_1_95' title="bbox 347 4925 1926 5015">
     <span class='ocr_line' id='line_1_95' title="bbox 347 4925 1926 5015; baseline 0.015 -39"><span class='ocrx_word' id='word_1_722' title='bbox 347 4925 545 4981; x_wconf 63' lang='grc' dir='ltr'>διδόναι</span> <span class='ocrx_word' id='word_1_723' title='bbox 577 4931 642 5000; x_wconf 86' lang='grc' dir='ltr'>τῇ</span> <span class='ocrx_word' id='word_1_724' title='bbox 672 4932 803 5000; x_wconf 84' lang='grc' dir='ltr'>παρ’</span> <span class='ocrx_word' id='word_1_725' title='bbox 833 4933 997 4985; x_wconf 83' lang='grc' dir='ltr'>αὐτοῦ</span> <span class='ocrx_word' id='word_1_726' title='bbox 1029 4936 1316 5009; x_wconf 81' lang='grc' dir='ltr'>βιασθείσῃ</span> <span class='ocrx_word' id='word_1_727' title='bbox 1337 4938 1434 4991; x_wconf 82' lang='grc' dir='ltr'>καὶ</span> <span class='ocrx_word' id='word_1_728' title='bbox 1464 4940 1737 5015; x_wconf 73' lang='grc' dir='ltr'>φθαρείσῃ</span> <span class='ocrx_word' id='word_1_729' title='bbox 1768 4945 1926 5014; x_wconf 83' lang='grc' dir='ltr'>κόρῃ.</span> 
     </span>
    </p>
   </div>
   <div class='ocr_carea' id='block_1_96' title="bbox 948 5025 1346 5082">
    <p class='ocr_par' dir='ltr' id='par_1_96' title="bbox 948 5025 1346 5082">
     <span class='ocr_line' id='line_1_96' title="bbox 948 5025 1346 5082; baseline 0.013 -6"><span class='ocrx_word' id='word_1_730' title='bbox 948 5025 1186 5079; x_wconf 84' lang='grc' dir='ltr'><strong>ΚΑΝΩΝ</strong></span> <span class='ocrx_word' id='word_1_731' title='bbox 1220 5028 1346 5082; x_wconf 82' lang='grc' dir='ltr'><strong>ΞΗ’.</strong></span> 
     </span>
    </p>
   </div>
   <div class='ocr_carea' id='block_1_97' title="bbox 348 5108 1932 5193">
    <p class='ocr_par' dir='ltr' id='par_1_97' title="bbox 348 5108 1932 5193">
     <span class='ocr_line' id='line_1_97' title="bbox 348 5108 1932 5193; baseline 0.013 -33"><span class='ocrx_word' id='word_1_732' title='bbox 348 5108 419 5160; x_wconf 82' lang='lat' dir='ltr'><strong>El</strong></span> <span class='ocrx_word' id='word_1_733' title='bbox 474 5127 561 5176; x_wconf 83' lang='grc' dir='ltr'><strong>τις</strong></span> <span class='ocrx_word' id='word_1_734' title='bbox 616 5111 954 5180; x_wconf 71' lang='grc' dir='ltr'>ἐπίσκοπος</span> <span class='ocrx_word' id='word_1_735' title='bbox 1008 5116 1044 5184; x_wconf 83' lang='grc' dir='ltr'>ἢ</span> <span class='ocrx_word' id='word_1_736' title='bbox 1107 5121 1517 5188; x_wconf 79' lang='grc' dir='ltr'>πρεσϐύτερος</span> <span class='ocrx_word' id='word_1_737' title='bbox 1555 5123 1593 5191; x_wconf 78' lang='grc' dir='ltr'>ἢ</span> <span class='ocrx_word' id='word_1_738' title='bbox 1642 5122 1932 5193; x_wconf 80' lang='grc' dir='ltr'>διάκονος</span> 
     </span>
    </p>
   </div>
   <div class='ocr_carea' id='block_1_98' title="bbox 418 5200 1926 5285">
    <p class='ocr_par' dir='ltr' id='par_1_98' title="bbox 418 5200 1926 5285">
     <span class='ocr_line' id='line_1_98' title="bbox 418 5200 1926 5285; baseline 0.012 -31"><span class='ocrx_word' id='word_1_739' title='bbox 418 5200 705 5274; x_wconf 74' lang='grc' dir='ltr'>δευτέραν</span> <span class='ocrx_word' id='word_1_740' title='bbox 737 5208 1113 5277; x_wconf 82' lang='grc' dir='ltr'>χειροτονίαν</span> <span class='ocrx_word' id='word_1_741' title='bbox 1153 5210 1389 5276; x_wconf 84' lang='grc' dir='ltr'>δέξεται</span> <span class='ocrx_word' id='word_1_742' title='bbox 1429 5215 1506 5285; x_wconf 83' lang='grc'><strong>(5)</strong></span> <span class='ocrx_word' id='word_1_743' title='bbox 1537 5216 1697 5285; x_wconf 81' lang='grc' dir='ltr'>παρά</span> <span class='ocrx_word' id='word_1_744' title='bbox 1743 5234 1926 5285; x_wconf 82' lang='grc' dir='ltr'>τινος,</span> 
     </span>
    </p>
   </div>
   <div class='ocr_carea' id='block_1_99' title="bbox 2034 4760 3614 4832">
    <p class='ocr_par' dir='ltr' id='par_1_99' title="bbox 2034 4760 3614 4832">
     <span class='ocr_line' id='line_1_99' title="bbox 2034 4760 3614 4832; baseline -0.004 -15"><span class='ocrx_word' id='word_1_745' title='bbox 2034 4778 2224 4817; x_wconf 88' lang='lat' dir='ltr'><strong>nasum</strong></span> <span class='ocrx_word' id='word_1_746' title='bbox 2248 4776 2367 4817; x_wconf 87' lang='lat' dir='ltr'><strong>esse</strong></span> <span class='ocrx_word' id='word_1_747' title='bbox 2404 4760 2815 4830; x_wconf 84' lang='lat' dir='ltr'><strong>amputandtnu,</strong></span> <span class='ocrx_word' id='word_1_748' title='bbox 2859 4768 2913 4813; x_wconf 89' lang='lat' dir='ltr'><strong>et</strong></span> <span class='ocrx_word' id='word_1_749' title='bbox 2967 4761 3183 4816; x_wconf 81' lang='lat' dir='ltr'><strong>tertiam</strong></span> <span class='ocrx_word' id='word_1_750' title='bbox 3235 4772 3442 4832; x_wconf 89' lang='lat' dir='ltr'><strong>partem</strong></span> <span class='ocrx_word' id='word_1_751' title='bbox 3493 4768 3614 4821; x_wconf 90' lang='lat' dir='ltr'><strong>sub.</strong></span> 
     </span>
    </p>
   </div>
   <div class='ocr_carea' id='block_1_100' title="bbox 2033 4848 3642 4953">
    <p class='ocr_par' dir='ltr' id='par_1_100' title="bbox 2033 4848 3642 4953">
     <span class='ocr_line' id='line_1_100' title="bbox 2033 4848 3642 4953; baseline 0.004 -45"><span class='ocrx_word' id='word_1_752' title='bbox 2033 4854 2246 4909; x_wconf 74' lang='lat' dir='ltr'><strong>stantia:</strong></span> <span class='ocrx_word' id='word_1_753' title='bbox 2300 4851 2416 4919; x_wconf 80' lang='lat' dir='ltr'><strong>eius</strong></span> <span class='ocrx_word' id='word_1_754' title='bbox 2464 4850 2692 4903; x_wconf 85' lang='lat' dir='ltr'><strong>dandam</strong></span> <span class='ocrx_word' id='word_1_755' title='bbox 2752 4848 2941 4919; x_wconf 82' lang='lat' dir='ltr'><strong>puellae</strong></span> <span class='ocrx_word' id='word_1_756' title='bbox 3011 4852 3078 4905; x_wconf 90' lang='lat' dir='ltr'><strong>ab</strong></span> <span class='ocrx_word' id='word_1_757' title='bbox 3129 4853 3244 4923; x_wconf 92' lang='lat' dir='ltr'><strong>ipso</strong></span> <span class='ocrx_word' id='word_1_758' title='bbox 3305 4855 3514 4911; x_wconf 67' lang='lat' dir='ltr'><strong>violatae</strong></span> <span class='ocrx_word' id='word_1_759' title='bbox 3558 4869 3642 4953; x_wconf 40' lang='lat' dir='ltr'><strong>et.</strong></span> 
     </span>
    </p>
   </div>
   <div class='ocr_carea' id='block_1_101' title="bbox 2032 4953 2318 5011">
    <p class='ocr_par' dir='ltr' id='par_1_101' title="bbox 2032 4953 2318 5011">
     <span class='ocr_line' id='line_1_101' title="bbox 2032 4953 2318 5011; baseline -0.007 -12"><span class='ocrx_word' id='word_1_760' title='bbox 2032 4953 2318 5011; x_wconf 67' lang='lat' dir='ltr'><strong>corruptm.</strong></span> 
     </span>
    </p>
   </div>
   <div class='ocr_carea' id='block_1_102' title="bbox 2561 5032 3074 5091">
    <p class='ocr_par' dir='ltr' id='par_1_102' title="bbox 2561 5032 3074 5091">
     <span class='ocr_line' id='line_1_102' title="bbox 2561 5032 3074 5091; baseline 0.006 -4"><span class='ocrx_word' id='word_1_761' title='bbox 2561 5032 2791 5088; x_wconf 74' lang='lat' dir='ltr'><strong>CANON</strong></span> <span class='ocrx_word' id='word_1_762' title='bbox 2842 5032 3074 5091; x_wconf 76' lang='lat' dir='ltr'><strong>LXVIII.</strong></span> 
     </span>
    </p>
   </div>
   <div class='ocr_carea' id='block_1_103' title="bbox 2036 5127 3609 5199">
    <p class='ocr_par' dir='ltr' id='par_1_103' title="bbox 2036 5127 3609 5199">
     <span class='ocr_line' id='line_1_103' title="bbox 2036 5127 3609 5199; baseline 0.005 -17"><span class='ocrx_word' id='word_1_763' title='bbox 2036 5128 2097 5183; x_wconf 90' lang='lat' dir='ltr'><strong>Si</strong></span> <span class='ocrx_word' id='word_1_764' title='bbox 2126 5128 2241 5199; x_wconf 78' lang='lat' dir='ltr'><strong>quis</strong></span> <span class='ocrx_word' id='word_1_765' title='bbox 2274 5129 2560 5196; x_wconf 72' lang='lat' dir='ltr'><strong>episcopus,</strong></span> <span class='ocrx_word' id='word_1_766' title='bbox 2589 5128 2665 5180; x_wconf 86' lang='lat' dir='ltr'><strong>vel</strong></span> <span class='ocrx_word' id='word_1_767' title='bbox 2692 5136 2977 5197; x_wconf 74' lang='lat' dir='ltr'><strong>presbyter,</strong></span> <span class='ocrx_word' id='word_1_768' title='bbox 3023 5127 3101 5183; x_wconf 80' lang='lat' dir='ltr'><strong>vel</strong></span> <span class='ocrx_word' id='word_1_769' title='bbox 3131 5131 3383 5186; x_wconf 81' lang='lat' dir='ltr'><strong>diaconus</strong></span> <span class='ocrx_word' id='word_1_770' title='bbox 3420 5151 3609 5190; x_wconf 82' lang='lat' dir='ltr'><strong>secun-</strong></span> 
     </span>
    </p>
   </div>
   <div class='ocr_carea' id='block_1_104' title="bbox 2111 5221 3608 5295">
    <p class='ocr_par' dir='ltr' id='par_1_104' title="bbox 2111 5221 3608 5295">
     <span class='ocr_line' id='line_1_104' title="bbox 2111 5221 3608 5295; baseline 0.005 -20"><span class='ocrx_word' id='word_1_771' title='bbox 2111 5222 2238 5275; x_wconf 84' lang='lat' dir='ltr'><strong>dam</strong></span> <span class='ocrx_word' id='word_1_772' title='bbox 2265 5221 2647 5276; x_wconf 78' lang='lat' dir='ltr'><strong>ordinationem</strong></span> <span class='ocrx_word' id='word_1_773' title='bbox 2678 5221 2742 5273; x_wconf 88' lang='lat' dir='ltr'><strong>ab</strong></span> <span class='ocrx_word' id='word_1_774' title='bbox 2770 5221 2947 5291; x_wconf 85' lang='lat' dir='ltr'><strong>aliqua</strong></span> <span class='ocrx_word' id='word_1_775' title='bbox 2970 5225 3271 5293; x_wconf 71' lang='lat' dir='ltr'><strong>susceperit,</strong></span> <span class='ocrx_word' id='word_1_776' title='bbox 3298 5226 3608 5295; x_wconf 82' lang='lat' dir='ltr'><strong>deponatur,</strong></span> 
     </span>
    </p>
   </div>
   <div class='ocr_carea' id='block_1_105' title="bbox 1569 5358 2362 5440">
    <p class='ocr_par' dir='ltr' id='par_1_105' title="bbox 1569 5358 2362 5440">
     <span class='ocr_line' id='line_1_105' title="bbox 1569 5358 2362 5440; baseline 0 -21"><span class='ocrx_word' id='word_1_777' title='bbox 1569 5358 1735 5420; x_wconf 88' lang='lat' dir='ltr'><strong>Guill</strong></span> <span class='ocrx_word' id='word_1_778' title='bbox 1752 5403 1770 5421; x_wconf 94' lang='lat'><strong>.</strong></span> <span class='ocrx_word' id='word_1_779' title='bbox 1817 5362 2141 5440; x_wconf 84' lang='lat' dir='ltr'><strong>Beveregu</strong></span> <span class='ocrx_word' id='word_1_780' title='bbox 2174 5366 2362 5423; x_wconf 61' lang='lat' dir='ltr'><strong>notas.</strong></span> 
     </span>
    </p>
   </div>
   <div class='ocr_carea' id='block_1_106' title="bbox 420 5469 1919 5550">
    <p class='ocr_par' dir='ltr' id='par_1_106' title="bbox 420 5469 1919 5550">
     <span class='ocr_line' id='line_1_106' title="bbox 420 5469 1919 5550; baseline 0.009 -28"><span class='ocrx_word' id='word_1_781' title='bbox 420 5471 493 5538; x_wconf 75' lang='lat'><strong>(3)</strong></span> <span class='ocrx_word' id='word_1_782' title='bbox 531 5469 829 5550; x_wconf 55' lang='lat' dir='ltr'><strong>dsvrépar</strong></span> <span class='ocrx_word' id='word_1_783' title='bbox 862 5476 1261 5550; x_wconf 65' lang='grc' dir='ltr'><strong>χειροτονίανΔ</strong></span> <span class='ocrx_word' id='word_1_784' title='bbox 1286 5475 1541 5541; x_wconf 79' lang='grc' dir='ltr'>δέξεται.</span> <span class='ocrx_word' id='word_1_785' title='bbox 1581 5479 1919 5550; x_wconf 82' lang='lat' dir='ltr'><strong>Cyprianus,</strong></span> 
     </span>
    </p>
   </div>
   <div class='ocr_carea' id='block_1_107' title="bbox 354 5538 1919 5614">
    <p class='ocr_par' dir='ltr' id='par_1_107' title="bbox 354 5538 1919 5614">
     <span class='ocr_line' id='line_1_107' title="bbox 354 5538 1919 5614; baseline 0.01 -22"><span class='ocrx_word' id='word_1_786' title='bbox 354 5538 496 5614; x_wconf 72' lang='lat' dir='ltr'><strong>Nam</strong></span> <span class='ocrx_word' id='word_1_787' title='bbox 525 5538 1036 5611; x_wconf 44' lang='lat' dir='ltr'><strong>baptismum&#39;repeti</strong></span> <span class='ocrx_word' id='word_1_788' title='bbox 1081 5538 1447 5601; x_wconf 70' lang='lat' dir='ltr'><strong>ecclesiastica:</strong></span> <span class='ocrx_word' id='word_1_789' title='bbox 1503 5538 1779 5614; x_wconf 57' lang='lat' dir='ltr'><strong>proliibent</strong></span> <span class='ocrx_word' id='word_1_790' title='bbox 1833 5538 1919 5607; x_wconf 51' lang='lat' dir='ltr'><strong>re;</strong></span> 
     </span>
    </p>
   </div>
   <div class='ocr_carea' id='block_1_108' title="bbox 352 5610 1925 5689">
    <p class='ocr_par' dir='ltr' id='par_1_108' title="bbox 352 5610 1925 5689">
     <span class='ocr_line' id='line_1_108' title="bbox 352 5610 1925 5689; baseline 0.01 -30"><span class='ocrx_word' id='word_1_791' title='bbox 352 5610 507 5677; x_wconf 69' lang='lat' dir='ltr'><strong>galle,</strong></span> <span class='ocrx_word' id='word_1_792' title='bbox 534 5624 578 5663; x_wconf 88' lang='lat' dir='ltr'><strong>et</strong></span> <span class='ocrx_word' id='word_1_793' title='bbox 638 5614 794 5664; x_wconf 78' lang='lat' dir='ltr'><strong>semel</strong></span> <span class='ocrx_word' id='word_1_794' title='bbox 852 5610 1197 5689; x_wconf 68' lang='lat' dir='ltr'><strong>sancti/lculi:</strong></span> <span class='ocrx_word' id='word_1_795' title='bbox 1235 5617 1381 5671; x_wconf 86' lang='lat' dir='ltr'><strong>nulla</strong></span> <span class='ocrx_word' id='word_1_796' title='bbox 1436 5610 1677 5689; x_wconf 67' lang='lat' dir='ltr'><strong>deinceps</strong></span> <span class='ocrx_word' id='word_1_797' title='bbox 1733 5639 1925 5675; x_wconf 82' lang='lat' dir='ltr'><strong>manus</strong></span> 
     </span>
    </p>
   </div>
   <div class='ocr_carea' id='block_1_109' title="bbox 355 5685 1924 5753">
    <p class='ocr_par' dir='ltr' id='par_1_109' title="bbox 355 5685 1924 5753">
     <span class='ocr_line' id='line_1_109' title="bbox 355 5685 1924 5753; baseline 0.01 -22"><span class='ocrx_word' id='word_1_798' title='bbox 355 5685 537 5753; x_wconf 70' lang='lat' dir='ltr'><strong>iterum</strong></span> <span class='ocrx_word' id='word_1_799' title='bbox 563 5698 874 5735; x_wconf 77' lang='lat' dir='ltr'><strong>consecratis</strong></span> <span class='ocrx_word' id='word_1_800' title='bbox 927 5688 1197 5753; x_wconf 65' lang='lat' dir='ltr'><strong>praesumit</strong></span> <span class='ocrx_word' id='word_1_801' title='bbox 1230 5688 1494 5741; x_wconf 76' lang='lat' dir='ltr'><strong>accedere.</strong></span> <span class='ocrx_word' id='word_1_802' title='bbox 1540 5685 1707 5745; x_wconf 79' lang='lat' dir='ltr'><strong>Nemo</strong></span> <span class='ocrx_word' id='word_1_803' title='bbox 1743 5710 1924 5746; x_wconf 77' lang='lat' dir='ltr'><strong>sacros</strong></span> 
     </span>
    </p>
   </div>
   <div class='ocr_carea' id='block_1_110' title="bbox 357 5752 1927 5830">
    <p class='ocr_par' dir='ltr' id='par_1_110' title="bbox 357 5752 1927 5830">
     <span class='ocr_line' id='line_1_110' title="bbox 357 5752 1927 5830; baseline 0.01 -29"><span class='ocrx_word' id='word_1_804' title='bbox 357 5752 562 5830; x_wconf 63' lang='lat' dir='ltr'><strong>ordines</strong></span> <span class='ocrx_word' id='word_1_805' title='bbox 620 5752 976 5830; x_wconf 62' lang='grc' dir='ltr'>δοιηρί-ςίριοε</span> <span class='ocrx_word' id='word_1_806' title='bbox 1032 5756 1218 5808; x_wconf 80' lang='lat' dir='ltr'><strong>iterum</strong></span> <span class='ocrx_word' id='word_1_807' title='bbox 1266 5769 1502 5830; x_wconf 64' lang='lat' dir='ltr'><strong>renovat.</strong></span> <span class='ocrx_word' id='word_1_808' title='bbox 1540 5761 1793 5830; x_wconf 80' lang='lat' dir='ltr'><strong>Cyprian.</strong></span> <span class='ocrx_word' id='word_1_809' title='bbox 1851 5762 1927 5817; x_wconf 90' lang='lat' dir='ltr'><strong>l)e</strong></span> 
     </span>
    </p>
   </div>
   <div class='ocr_carea' id='block_1_111' title="bbox 353 5820 1927 5894">
    <p class='ocr_par' dir='ltr' id='par_1_111' title="bbox 353 5820 1927 5894">
     <span class='ocr_line' id='line_1_111' title="bbox 353 5820 1927 5894; baseline 0.011 -23"><span class='ocrx_word' id='word_1_810' title='bbox 353 5820 515 5873; x_wconf 51' lang='lat' dir='ltr'><strong>ablui.</strong></span> <span class='ocrx_word' id='word_1_811' title='bbox 543 5825 681 5887; x_wconf 62' lang='grc' dir='ltr'>βαίη</span> <span class='ocrx_word' id='word_1_812' title='bbox 706 5837 733 5891; x_wconf 81' lang='lat' dir='ltr'><strong>[t</strong></span> <span class='ocrx_word' id='word_1_813' title='bbox 785 5823 915 5890; x_wconf 68' lang='lat'><strong>250,</strong></span> <span class='ocrx_word' id='word_1_814' title='bbox 942 5824 978 5876; x_wconf 94' lang='lat' dir='ltr'><strong>l.</strong></span> <span class='ocrx_word' id='word_1_815' title='bbox 1015 5841 1189 5894; x_wconf 70' lang='lat' dir='ltr'><strong>xxv”,</strong></span> <span class='ocrx_word' id='word_1_816' title='bbox 1218 5827 1344 5883; x_wconf 77' lang='lat' dir='ltr'><strong>edit.</strong></span> <span class='ocrx_word' id='word_1_817' title='bbox 1368 5820 1664 5887; x_wconf 32' lang='lat' dir='ltr'><strong>Manuthi</strong></span> <span class='ocrx_word' id='word_1_818' title='bbox 1688 5844 1738 5886; x_wconf 85' lang='lat' dir='ltr'><strong>ut</strong></span> <span class='ocrx_word' id='word_1_819' title='bbox 1770 5835 1927 5888; x_wconf 80' lang='lat' dir='ltr'><strong>semel</strong></span> 
     </span>
    </p>
   </div>
   <div class='ocr_carea' id='block_1_112' title="bbox 2035 5480 3608 5548">
    <p class='ocr_par' dir='ltr' id='par_1_112' title="bbox 2035 5480 3608 5548">
     <span class='ocr_line' id='line_1_112' title="bbox 2035 5480 3608 5548; baseline 0.002 -13"><span class='ocrx_word' id='word_1_820' title='bbox 2035 5482 2333 5548; x_wconf 78' lang='lat' dir='ltr'><strong>baptizatus</strong></span> <span class='ocrx_word' id='word_1_821' title='bbox 2362 5480 2553 5535; x_wconf 83' lang='lat' dir='ltr'><strong>iterum</strong></span> <span class='ocrx_word' id='word_1_822' title='bbox 2581 5481 2841 5548; x_wconf 77' lang='lat' dir='ltr'><strong>baptizari</strong></span> <span class='ocrx_word' id='word_1_823' title='bbox 2879 5500 2981 5536; x_wconf 83' lang='lat' dir='ltr'><strong>non</strong></span> <span class='ocrx_word' id='word_1_824' title='bbox 3030 5484 3195 5545; x_wconf 83' lang='lat' dir='ltr'><strong>debet.</strong></span> <span class='ocrx_word' id='word_1_825' title='bbox 3242 5484 3319 5536; x_wconf 82' lang='lat' dir='ltr'><strong>sic</strong></span> <span class='ocrx_word' id='word_1_826' title='bbox 3356 5494 3405 5538; x_wconf 82' lang='lat' dir='ltr'><strong>et</strong></span> <span class='ocrx_word' id='word_1_827' title='bbox 3450 5487 3608 5541; x_wconf 78' lang='lat' dir='ltr'><strong>semel</strong></span> 
     </span>
    </p>
   </div>
   <div class='ocr_carea' id='block_1_113' title="bbox 2037 5552 3607 5624">
    <p class='ocr_par' dir='ltr' id='par_1_113' title="bbox 2037 5552 3607 5624">
     <span class='ocr_line' id='line_1_113' title="bbox 2037 5552 3607 5624; baseline 0.004 -19"><span class='ocrx_word' id='word_1_828' title='bbox 2037 5563 2371 5624; x_wconf 74' lang='lat' dir='ltr'><strong>consecratus</strong></span> <span class='ocrx_word' id='word_1_829' title='bbox 2402 5552 2923 5624; x_wconf 32' lang='lat' dir='ltr'><strong>iterum‘eonsecrari</strong></span> <span class='ocrx_word' id='word_1_830' title='bbox 2948 5571 3057 5624; x_wconf 54' lang='lat' dir='ltr'><strong>gon</strong></span> <span class='ocrx_word' id='word_1_831' title='bbox 3078 5564 3264 5620; x_wconf 71' lang='lat' dir='ltr'><strong>potest.</strong></span> <span class='ocrx_word' id='word_1_832' title='bbox 3288 5553 3447 5624; x_wconf 82' lang='lat' dir='ltr'><strong>Greg.</strong></span> <span class='ocrx_word' id='word_1_833' title='bbox 3464 5559 3607 5623; x_wconf 81' lang='lat' dir='ltr'><strong>apud</strong></span> 
     </span>
    </p>
   </div>
   <div class='ocr_carea' id='block_1_114' title="bbox 2036 5620 3605 5692">
    <p class='ocr_par' dir='ltr' id='par_1_114' title="bbox 2036 5620 3605 5692">
     <span class='ocr_line' id='line_1_114' title="bbox 2036 5620 3605 5692; baseline 0.001 -15"><span class='ocrx_word' id='word_1_834' title='bbox 2036 5622 2285 5677; x_wconf 86' lang='lat' dir='ltr'><strong>Gratian.</strong></span> <span class='ocrx_word' id='word_1_835' title='bbox 2323 5622 2563 5677; x_wconf 86' lang='lat' dir='ltr'><strong>distinct.</strong></span> <span class='ocrx_word' id='word_1_836' title='bbox 2596 5620 2686 5685; x_wconf 87' lang='grc'><strong>68,</strong></span> <span class='ocrx_word' id='word_1_837' title='bbox 2726 5638 2847 5692; x_wconf 83' lang='lat' dir='ltr'><strong>cap.</strong></span> <span class='ocrx_word' id='word_1_838' title='bbox 2883 5638 2921 5677; x_wconf 86' lang='grc' dir='ltr'><strong>ι.</strong></span> <span class='ocrx_word' id='word_1_839' title='bbox 2946 5621 3069 5677; x_wconf 60' lang='lat' dir='ltr'><strong>Ilaec</strong></span> <span class='ocrx_word' id='word_1_840' title='bbox 3118 5634 3295 5677; x_wconf 87' lang='lat' dir='ltr'><strong>autem</strong></span> <span class='ocrx_word' id='word_1_841' title='bbox 3334 5620 3605 5679; x_wconf 43' lang='lat' dir='ltr'><strong>ita&#39;iniel-</strong></span> 
     </span>
    </p>
   </div>
   <div class='ocr_carea' id='block_1_115' title="bbox 2040 5692 3607 5761">
    <p class='ocr_par' dir='ltr' id='par_1_115' title="bbox 2040 5692 3607 5761">
     <span class='ocr_line' id='line_1_115' title="bbox 2040 5692 3607 5761; baseline 0.004 -17"><span class='ocrx_word' id='word_1_842' title='bbox 2040 5692 2256 5761; x_wconf 88' lang='lat' dir='ltr'><strong>ligenda</strong></span> <span class='ocrx_word' id='word_1_843' title='bbox 2320 5701 2466 5753; x_wconf 86' lang='lat' dir='ltr'><strong>sunt,</strong></span> <span class='ocrx_word' id='word_1_844' title='bbox 2521 5701 2576 5744; x_wconf 89' lang='lat' dir='ltr'><strong>ut</strong></span> <span class='ocrx_word' id='word_1_845' title='bbox 2634 5694 2676 5745; x_wconf 90' lang='lat' dir='ltr'><strong>is</strong></span> <span class='ocrx_word' id='word_1_846' title='bbox 2728 5694 2903 5747; x_wconf 88' lang='lat' dir='ltr'><strong>denuo</strong></span> <span class='ocrx_word' id='word_1_847' title='bbox 2953 5695 3018 5746; x_wconf 87' lang='lat' dir='ltr'><strong>ad</strong></span> <span class='ocrx_word' id='word_1_848' title='bbox 3069 5700 3312 5747; x_wconf 80' lang='lat' dir='ltr'><strong>eumdem</strong></span> <span class='ocrx_word' id='word_1_849' title='bbox 3362 5695 3607 5750; x_wconf 85' lang='lat' dir='ltr'><strong>ordinem</strong></span> 
     </span>
    </p>
   </div>
   <div class='ocr_carea' id='block_1_116' title="bbox 2036 5761 3604 5831">
    <p class='ocr_par' dir='ltr' id='par_1_116' title="bbox 2036 5761 3604 5831">
     <span class='ocr_line' id='line_1_116' title="bbox 2036 5761 3604 5831; baseline 0.003 -16"><span class='ocrx_word' id='word_1_850' title='bbox 2036 5763 2351 5816; x_wconf 87' lang='lat' dir='ltr'><strong>consecrari</strong></span> <span class='ocrx_word' id='word_1_851' title='bbox 2372 5761 2706 5829; x_wconf 74' lang='lat' dir='ltr'><strong>non;debeat,</strong></span> <span class='ocrx_word' id='word_1_852' title='bbox 2727 5763 2817 5829; x_wconf 89' lang='lat' dir='ltr'><strong>qui</strong></span> <span class='ocrx_word' id='word_1_853' title='bbox 2844 5764 2909 5817; x_wconf 89' lang='lat' dir='ltr'><strong>ab</strong></span> <span class='ocrx_word' id='word_1_854' title='bbox 2931 5764 3108 5830; x_wconf 89' lang='lat' dir='ltr'><strong>aliquo</strong></span> <span class='ocrx_word' id='word_1_855' title='bbox 3134 5774 3485 5819; x_wconf 87' lang='lat' dir='ltr'><strong>consecratus</strong></span> <span class='ocrx_word' id='word_1_856' title='bbox 3500 5776 3604 5831; x_wconf 83' lang='lat' dir='ltr'><strong>est,</strong></span> 
     </span>
    </p>
   </div>
   <div class='ocr_carea' id='block_1_117' title="bbox 2037 5832 3605 5903">
    <p class='ocr_par' dir='ltr' id='par_1_117' title="bbox 2037 5832 3605 5903">
     <span class='ocr_line' id='line_1_117' title="bbox 2037 5832 3605 5903; baseline 0.007 -22"><span class='ocrx_word' id='word_1_857' title='bbox 2037 5847 2196 5901; x_wconf 83' lang='lat' dir='ltr'><strong>quem</strong></span> <span class='ocrx_word' id='word_1_858' title='bbox 2246 5832 2333 5901; x_wconf 79' lang='lat' dir='ltr'><strong>jus</strong></span> <span class='ocrx_word' id='word_1_859' title='bbox 2390 5834 2743 5887; x_wconf 85' lang='lat' dir='ltr'><strong>consecrandi</strong></span> <span class='ocrx_word' id='word_1_860' title='bbox 2792 5833 3044 5888; x_wconf 83' lang='lat' dir='ltr'><strong>habuisse</strong></span> <span class='ocrx_word' id='word_1_861' title='bbox 3085 5842 3293 5888; x_wconf 85' lang='lat' dir='ltr'><strong>certum</strong></span> <span class='ocrx_word' id='word_1_862' title='bbox 3339 5845 3455 5901; x_wconf 88' lang='lat' dir='ltr'><strong>est;</strong></span> <span class='ocrx_word' id='word_1_863' title='bbox 3514 5838 3605 5903; x_wconf 85' lang='lat' dir='ltr'><strong>qui</strong></span> 
     </span>
    </p>
   </div>
  </div>
