3992 6480
367 382 472 446 ’175

1604 383 1884 447 THEOD.
1928 387 2334 453 BALSAMON

3512 401 3613 466 liti

324 506 337 565 ξ
432 502 479 545 et
510 492 638 561 ipse,
693 502 741 546 et
789 492 878 563 qui
927 492 1211 555 ordinavit,
1261 492 1364 547 nisi
1420 494 1598 563 utique
1641 495 1923 549 constiterit

2107 500 2505 569 καθαιρείσθω
2558 502 2657 557 καί
2708 505 2894 571 αὐτὸς
2950 506 3050 562 καὶ
3086 511 3119 563 ό
3156 510 3615 579 χειροτονήσας-ο

330 581 340 623 δ
428 586 566 653 quod
598 584 662 639 ab
701 585 955 639 htrreticis
981 586 1363 640 ordinationem
1394 591 1599 642 habeat.
1648 586 1754 652 Qui
1793 590 1931 641 enim

427 680 491 731 ab
519 679 593 732 eis
630 678 921 747 baptizati,
972 677 1045 732 uel
1069 678 1301 733 ordinati
1330 690 1485 744 sunt,
1534 688 1589 732 ut
1632 680 1809 748 ﬁdeles
1858 680 1935 735 vel

430 768 609 825 clerici
632 770 757 834 sint,
782 770 899 837 ﬁeri
933 785 1035 823 non
1063 779 1252 838 potest.

428 1031 625 1089 BALS.
655 1031 704 1087 Is
732 1033 818 1103 qui
858 1033 939 1089 bis
971 1033 1163 1103 quavis
1219 1035 1379 1093 modo
1428 1035 1713 1092 ordinatus
1765 1053 1929 1092 unum

356 1135 411 1181 et
440 1126 684 1180 eumdem
719 1126 943 1194 gradum
978 1126 1369 1180 sacerdoralem
1406 1128 1644 1197 suscepit
1666 1168 1681 1192 ,
1711 1129 1931 1195 tleponi-

358 1228 465 1279 tur,
504 1231 602 1270 nec
636 1216 747 1287 ipse
781 1225 1013 1282 tantum,
1052 1217 1144 1271 sed
1174 1224 1228 1270 et
1254 1219 1344 1287 qui
1387 1219 1565 1273 sciens
1624 1220 1795 1288 ipsum
1850 1235 1932 1274 or-

354 1308 582 1363 tlinavit.
607 1306 867 1362 Videntur
905 1308 1045 1362 enim
1099 1320 1194 1364 aut
1243 1310 1476 1377 priorem
1529 1311 1927 1365 ordinatiOuetn

356 1400 635 1461 damnare,
675 1404 766 1452 aut
798 1407 921 1468 post
950 1398 1301 1455 defectionem
1331 1416 1359 1456 a
1385 1402 1580 1471 priore,
1610 1402 1725 1457 ﬁeri
1760 1414 1933 1472 poste-

355 1490 576 1555 riorem,
607 1491 748 1559 quod
781 1491 960 1560 perfici
992 1494 1199 1561 nequit.
1258 1493 1358 1560 Qui
1399 1494 1540 1548 enim
1588 1496 1753 1550 semel
1795 1498 1930 1552 datae

357 1579 460 1635 sibi
490 1581 848 1635 ordinationis
876 1582 1062 1650 gratia:
1121 1583 1473 1649 renuntiavit,
1535 1600 1641 1638 non
1697 1586 1929 1654 amplius

355 1678 532 1739 potest
559 1671 775 1740 aliquod
823 1673 1155 1727 sacerdotale
1210 1690 1405 1729 manus
1442 1675 1613 1730 obire.
1664 1676 1927 1743 Quoniam

356 1772 533 1815 autem
566 1763 832 1817 ordinatio
887 1774 939 1817 et
993 1764 1259 1835 baptisma
1315 1765 1690 1823 haereticorum
1752 1785 1928 1840 neque

355 1851 605 1916 clericos,
634 1866 807 1923 neque
840 1852 1021 1908 ﬁdeles
1060 1855 1208 1922 facit,
1241 1855 1512 1912 decretum
1544 1870 1629 1915 est
1673 1861 1788 1915 sine
1835 1878 1926 1931 pe-
1965 1851 2002 1904 Β

355 1944 529 1999 riculo
557 1943 795 1999 ordinari
831 1955 885 1999 et
940 1947 1200 2015 baptizari
1251 1962 1365 2014 eos,
1411 1951 1500 2017 qui
1549 1952 1615 2005 ab
1661 1952 1929 2011 haereticis

356 2036 586 2090 ordinati
619 2046 762 2103 sunt,
794 2047 886 2090 aut
922 2038 1195 2109 bapticnti,
1225 2042 1367 2109 quod
1403 2056 1521 2110 quas
1547 2042 1683 2099 facta
1722 2046 1832 2099 sint
1858 2049 1925 2103 ab

355 2126 435 2182 eis
470 2128 691 2199 perinde
719 2128 1042 2196 habeantur,
1084 2146 1145 2185 ac
1175 2132 1215 2185 si
1243 2131 1382 2187 facta
1418 2150 1520 2187 non
1555 2148 1753 2191 essent.

427 2432 678 2491 ZONAR.
706 2435 1019 2509 Quempiam
1054 2442 1135 2497 bis
1156 2442 1393 2501 ordinari
1433 2450 1577 2504 varie
1617 2452 1738 2521 quis
1775 2454 1929 2511 intel«

355 2523 520 2595 ligare
557 2529 773 2595 poterit.
805 2530 911 2585 Aut
936 2532 1080 2588 enim
1130 2543 1383 2606 tanquam
1424 2542 1726 2611 despiciens
1756 2562 1879 2602 eum
1909 2589 1924 2613 ,

353 2618 443 2687 qui
486 2618 633 2686 prius
659 2622 947 2688 ordinavit,
993 2626 1381 2683 ordinationem
1433 2636 1722 2690 secundam
1778 2654 1927 2708 quie-

357 2708 427 2762 rit
459 2724 473 2762 :
502 2720 596 2763 aut
636 2713 799 2765 etiam
832 2722 1085 2783 tanquam
1119 2731 1177 2773 se
1209 2728 1404 2790 putans
1450 2725 1706 2795 majorem
1749 2728 1924 2800 Spiri-

356 2808 442 2853 tus
474 2801 699 2869 gratiam
724 2816 1094 2872 suscepturum
1123 2850 1138 2875 ,
1197 2814 1474 2885 magisque
1531 2819 1924 2877 sanctificatum

350 2889 421 2944 iri
448 2904 542 2960 per
567 2907 712 2960 eum,
746 2895 835 2963 qni
876 2899 1114 2956 secundo
1141 2903 1507 2973 ordinaverit,
1550 2920 1609 2965 ut
1662 2913 1819 2967 fidem
1872 2916 1923 2969 in

354 2995 476 3036 eum
506 2984 704 3039 habens
738 3003 751 3041 :
788 2988 867 3042 vel
901 2991 1024 3058 quia
1064 2990 1314 3051 fortassis
1366 3012 1393 3050 a
1433 3004 1742 3059 sacerdotio
1776 3006 1923 3061 defe-

346 3068 511 3133 cerit,
544 3068 734 3127 iterum
770 3074 912 3127 velut
944 3075 1011 3131 de
1041 3077 1249 3151 integro
1280 3084 1561 3142 ordinatur
1593 3106 1608 3144 :
1636 3092 1718 3147 vel
1761 3095 1922 3149 etiam

2114 593 2167 645 ει
2219 592 2306 663 μή
2360 611 2425 663 γε
2473 594 2589 664 ἄρα
2642 598 2908 665 συσταίη
2945 596 3038 652 ὅτι
3096 605 3258 668 παρὰ
3309 603 3620 669 αἰρετικῶν

2107 684 2235 752 ἔχει
2284 684 2400 752 τὴν
2454 688 2853 754 χειροτονίαν.
2912 689 3066 756 Τοὺς
3120 691 3235 760 γὰρ
3277 694 3438 760 παρὰ
3499 694 3619 747 τῶν

2108 775 2396 829 τοιούτων
2460 777 2917 845 ,βαπτισθέντιις
2993 782 3106 850 (4)
3177 782 3215 849 ἢ
3274 800 3615 852 χειροτονη-

2107 869 2324 935 θέντας
2369 870 2510 924 abte
2569 871 2829 938 πιστοὺς
2882 874 3023 927 οὒτε
3074 876 3404 943 κ.2ηρικοὺς
3459 873 3613 931 εἶναι

2105 960 2388 1014 δυνατόν.

2105 1053 2304 1111 ΒᾹΛΣ.
2340 1055 2397 1107 Ὀ
2431 1054 2553 1108 καθ’
2582 1056 2891 1127 οἱονδήτινα
2921 1060 3121 1128 τρῦπον
3158 1061 3241 1123 δὶς
3294 1078 3611 1132 χειροτονη-

2037 1145 2150 1207 θεὶς
2175 1144 2270 1197 ἐπὶ
2304 1145 2380 1214 τῷ
2407 1145 2557 1217 αὐτῷ
2587 1149 2678 1200 καὶ
2723 1150 2805 1200 ἑνὶ
2838 1150 3096 1219 ἱερατικῴ
3155 1150 3424 1221 ἀξιώματι
3472 1153 3609 1207 καθ-

2033 1239 2310 1306 αιρεῖται,
2374 1238 2468 1289 καὶ
2528 1238 2587 1290 οὐ
2653 1239 2813 1308 μόνον
2870 1242 3064 1304 αὐτὸς,
3128 1242 3265 1295 ἀλλὰ
3326 1245 3420 1296 καὶ
3483 1247 3509 1297 ὁ
3553 1247 3612 1297 ἐν

2033 1326 2237 1397 εἰδήσει
2278 1327 2467 1380 τοῦτον
2516 1332 2925 1401 χειροτονήσας.
2981 1333 3224 1386 Ἕοίκασι
3272 1334 3379 1404 γὰρ
3434 1335 3610 1405 ἢτῆς

2034 1420 2311 1489 προτέρας
2346 1422 2686 1489 χειροτονίας
2740 1425 3202 1492 καταγινώσκειν,
3231 1425 3263 1495 ῆ
3292 1427 3435 1478 κατὰ
3475 1426 3612 1479 ἁπό-

2035 1528 2231 1564 στασιν
2266 1513 2365 1581 τῆς
2393 1517 2673 1583 προτέρας
2701 1515 2955 1583 γίνεσθαι
3003 1517 3104 1588 τὴν
3145 1518 3427 1591 δευτέραν,
3475 1523 3611 1590 ὅπερ

2031 1606 2360 1675 τελεσθῆναι
2392 1607 2680 1662 ἀδύνατον.
2735 1610 2795 1661 ὀ
2842 1609 2951 1680 γὰρ
2986 1609 3137 1675 ἅπαξ
3188 1613 3612 1683 παραιτησάμε-

2034 1714 2125 1759 νος
2171 1697 2272 1767 τὴν
2332 1696 2583 1750 δοθεῖσαν
2629 1699 2778 1769 αὐτῷ
2836 1701 3172 1771 χειροτονίας
3215 1702 3376 1773 χάριν
3426 1704 3610 1758 οὐκέτι

2034 1788 2260 1841 δύναται
2296 1790 2573 1854 ἱερατικὸν
2603 1808 2657 1843 τι
2706 1792 3029 1862 ἐνεργῆσαι.
3063 1793 3188 1848 Ὀτι
3224 1794 3283 1848 δὲ
3312 1796 3341 1864 ἡ
3369 1812 3611 1865 χειροτο-

2033 1882 2121 1932 νία
2156 1881 2252 1933 καὶ
2288 1882 2349 1933 τὸ
2405 1883 2690 1952 βάπτισμα
2716 1885 2825 1939 τῶν
2872 1886 3189 1956 αίρετικῶν,
3244 1885 3372 1941 οὔτε
3417 1888 3612 1958 κληρι-

2033 1976 2167 2037 κοῦς
2198 1975 2323 2031 οὔτε
2364 1977 2587 2040 πιστοὺς
2619 1980 2784 2043 ποιεῖ,
2826 1978 3036 2050 ὡρίσθη
3085 1978 3386 2043 ἀκινδύνως
3432 1997 3613 2050 χειρο-

2030 2068 2307 2120 τονεῖσθαι
2327 2068 2421 2121 καὶ
2450 2066 2813 2138 βαπτίζεσθαι
2854 2072 2981 2133 τοὺς
3005 2073 3159 2142 παρὰ
3186 2073 3297 2125 τῶν
3318 2074 3611 2142 αἱρετικεῖν

2030 2160 2513 2229 χειροτονηθέντας
2557 2161 2590 2231 ἢ
2636 2162 3035 2231 βαπτισθέντας
3068 2204 3083 2230 ,
3141 2164 3219 2228 ὠς
3282 2164 3391 2218 τῶν
3465 2181 3612 2234 γινι-

2035 2252 2214 2321 μένων
2269 2253 2418 2323 παρὰ
2463 2253 2670 2308 τούτων
2725 2255 2850 2308 ἀντὶ
2896 2255 3035 2325 μηδὲ
3075 2256 3391 2327 γενομένων
3454 2256 3609 2325 λογι-

2032 2343 2300 2411 ζομένων.

2101 2436 2348 2491 ΖΩΝᾹΡ.
2386 2437 2459 2489 Τὸ
2500 2436 2583 2502 δίς
2645 2455 2769 2490 τινα
2817 2438 3274 2509 χειροτονηθῆναι
3328 2439 3605 2511 διαφόρως

2028 2527 2095 2585 ἄν
2133 2545 2215 2590 τις
2244 2530 2435 2601 νοήσῃ.
2464 2529 2533 2583 Ἦ
2573 2529 2680 2600 γὰρ
2724 2532 2800 2592 ὡς
2835 2530 2930 2582 τοῦ
2972 2531 3241 2601 πρότερον
3279 2534 3444 2585 αὐτὸν
3502 2551 3608 2601 χει-

2034 2625 2426 2691 ροτονήσαντος
2474 2622 2932 2690 καταγινώσκων,
2969 2624 3227 2691 δευτέραν
3270 2628 3607 2697 χειροτονίαν

2028 2716 2298 2785 ἐπιζητεῖ.
2334 2718 2402 2769 'n
2431 2717 2505 2778 ὼς
2535 2716 2685 2787 παρὰ
2712 2716 2805 2768 τοῦ
2841 2716 3270 2787 δεύτεροναὺτδν
3294 2719 3606 2788 χειροτονίν

2031 2822 2227 2868 σαντος
2258 2806 2484 2859 πλείονὰ
2515 2824 2642 2859 τινα
2690 2808 2852 2877 χάριν
2873 2806 2969 2859 τοῦ
3014 2808 3331 2878 Πνεύματος
3356 2810 3604 2875 δέξεσθαι

2028 2897 2297 2965 οἰόμενος,
2342 2898 2434 2949 καὶ
2468 2898 2930 2969 ἁγιασθήσεσθαι,
2965 2899 3041 2961 ὡς
3069 2901 3251 2953 πίστιν
3280 2903 3360 2964 εἰς
3395 2903 3603 2954 ἐκεῖνον

2030 2987 2189 3057 ἔχωνο
2218 2990 2251 3057 ἢ
2280 2988 2525 3052 ἀποστὰς
2554 2990 2651 3059 τῆς
2697 2989 3001 3059 ἱερωσύνης
3020 2992 3205 3061 τυχὸν,
3252 2992 3404 3055 αὖθις
3445 2993 3517 3054 ὡς
3545 2991 3603 3059 ἐξ

2028 3078 2197 3149 ἄλλης
2230 3080 2405 3152 ἀρχῆς
2441 3084 2862 3151 χειροτονεῖται·
2901 3081 3069 3152 η’καὶ
3108 3083 3176 3135 δι’
3219 3085 3411 3155 ἑτέρας
3472 3085 3602 3148 ἴσως

352 3168 574 3226 promer
623 3163 757 3218 alias
809 3165 1031 3222 forsitan
1082 3186 1297 3228 causas.
1349 3176 1684 3251 Quoeunque
1737 3195 1917 3241 autem

2042 3170 2234 3233 ιίτίας.
2274 3174 2370 3233 Ὃς
2403 3172 2469 3225 ἂν
2496 3172 2555 3225 δὲ
2583 3172 2740 3226 τοῦτο
2780 3174 3004 3244 ποιήσῃ,
3029 3174 3122 3225 καὶ
3161 3179 3188 3226 ὁ
3228 3174 3307 3235 δὶς
3361 3190 3606 3246 χειροτε-

355 3254 515 3309 modo
544 3255 645 3309 hoc
675 3257 885 3325 fecerit,
924 3270 977 3316 et
1007 3262 1097 3332 qui
1127 3264 1209 3318 bis
1242 3264 1342 3320 fuit
1369 3269 1672 3337 ordinatus,
1701 3285 1755 3329 et
1778 3279 1925 3346 quis-

355 3343 478 3412 quis
507 3345 777 3401 ordinavit
829 3364 976 3414 enm,
1041 3354 1389 3422 depositionis
1437 3374 1611 3427 pinnae
1657 3343 1923 3437 subditur,

354 3435 459 3487 nisi
507 3436 645 3491 forte
688 3440 833 3507 prior
854 3442 1119 3498 ordinatio
1144 3444 1280 3500 facta
1312 3447 1500 3505 fuisset
1534 3452 1602 3508 ab
1634 3435 1922 3514 haereticis.

356 3524 466 3580 Nec
515 3528 656 3583 enim
703 3529 967 3600 baptisma
1003 3535 1379 3594 haereticorum
1410 3552 1589 3611 potest
1615 3550 1921 3617 quempiam

357 3619 536 3673 facere
567 3619 975 3679 Christianum:
1024 3643 1123 3682 nec
1162 3631 1429 3687 ordinatio
1471 3651 1657 3692 eorum
1713 3640 1927 3697 cliiccre

355 3709 613 3766 clericum
648 3723 845 3782 poteSI.
876 3716 956 3771 Ab
988 3717 1256 3777 btereticis
1287 3723 1449 3790 igitur
1495 3730 1776 3788 ordinatos
1805 3749 1924 3788 rur—

353 3815 445 3853 sus
478 3802 738 3867 ordinari,
772 3808 888 3860 sine
917 3810 1154 3876 periculo
1181 3822 1279 3873 est.

348 3889 456 3964 45
490 3893 713 3949 Αιιιδτ.
747 3897 849 3963 Qui
881 3899 955 3953 bis
984 3900 1276 3969 ordinatur,
1305 3905 1460 3960 simul
1480 3924 1599 3963 cum
1619 3912 1922 3971 ordinators

471 3985 771 4054 deponitur,
806 3988 909 4041 nisi
946 4004 1133 4043 manus
1161 3994 1308 4058 prior
1331 3995 1485 4064 fuerit
1513 3998 1781 4058 Ittrretica.

422 4161 721 4232 Episcopus
766 4169 857 4217 aut
888 4165 1170 4236 presbyter
1217 4169 1308 4237 qui
1362 4176 1653 4231 secundam
1703 4180 1922 4236 ordina-

350 4254 553 4308 tionem
587 4256 906 4325 susceperit,
938 4267 995 4309 ut
1024 4260 1167 4314 visus
1185 4262 1412 4330 primam
1437 4266 1721 4335 detestari.
1756 4274 1917 4331 simul

350 4360 472 4400 cum
516 4344 830 4400 ordinatore
881 4346 1208 4417 deponitur;
1261 4352 1363 4407 nisi
1413 4358 1581 4425 prima
1636 4361 1776 4421 facta
1817 4364 1919 4424 fuit

349 4436 419 4491 ab
454 4434 731 4491 hmretico.

909 4530 1143 4588 CANON
1186 4532 1370 4591 LXIX.

346 4622 549 4692 Siquis
583 4624 877 4695 episcOpus,
928 4625 1004 4680 vel
1031 4630 1323 4698 presbyter,
1373 4631 1451 4686 vel
1501 4636 1791 4708 diaconus,
1840 4646 1918 4701 ιοει

415 4717 599 4785 lector,
628 4716 705 4771 uel
741 4728 956 4785 cantor,
992 4728 1232 4775 sanctam
1278 4720 1498 4779 Pascha:
1550 4727 1912 4805 Quadragesi-

416 4824 559 4867 mam
585 4825 686 4864 non
705 4810 938 4880 jejunat,
975 4810 1056 4867 vel
1081 4824 1329 4882 quartum
1362 4818 1518 4885 diem,
1549 4822 1627 4876 vel
1656 4823 1915 4884 Parasce-

416 4920 533 4967 ven,
565 4914 919 4974 praeterquam
970 4906 1018 4959 si
1046 4915 1257 4975 propter
1286 4908 1690 4970 imbecillitatem
1728 4936 1912 4991 carpo—

416 4996 580 5050 ralem
611 4996 951 5067 impediatur,
984 4997 1315 5066 deponatur:
1347 5002 1476 5056 sisit
1512 5016 1687 5060 autem
1719 5009 1911 5079 laicus,

412 5098 730 5161 segregetur.

2030 3262 2214 3333 νηθεὶς
2242 3262 2335 3315 καὶ
2380 3264 2824 3333 ὁχειροτονήσας
2884 3265 3048 3317 αὐτὸν
3089 3266 3414 3337 καθαιρέσει
3469 3269 3605 3321 ὑπό-

2028 3370 2242 3409 κεινται
2313 3356 2361 3409 εί
2411 3357 2485 3426 μή
2528 3374 2634 3409 που
2696 3357 2728 3425 ἠ
2779 3360 3023 3428 προτέρα
3081 3361 3390 3430 χειροτονία
3447 3364 3601 3434 παρὰ

2028 3445 2323 3516 αἱρετικῶν
2370 3447 2610 3515 ἐγένετο.
2644 3446 2782 3501 Οὔτε
2828 3449 2937 3518 γὰρ
2968 3450 3251 3521 βάπτισμα
3304 3455 3599 3522 αίρετικῶν

2027 3537 2256 3592 δύναταί
2284 3555 2404 3592 τινα
2455 3540 2679 3609 ποιῆσαι
2724 3541 3086 3610 Χριστιανὸν,
3116 3542 3244 3594 οὔτε
3290 3546 3595 3614 χειροτονία

2025 3628 2234 3681 τούτων
2255 3628 2514 3700 κληρικδν
2564 3631 2857 3701 ἐργάσαιτο
2890 3634 2976 3687 ἄν.
3005 3631 3143 3698 Τοὺς
3173 3631 3266 3689 οὗν
3305 3639 3457 3706 παρὰ
3490 3638 3599 3691 τῶν

2026 3717 2324 3784 αἱρετικῶν
2385 3722 2867 3793 χειροτονηθέντας
2940 3722 3100 3786 αὖθις
3165 3730 3599 3797 χειροτονεῖσθαι

2025 3809 2329 3865 ἀκίνδυνον.

2024 3900 2245 3956 ΔΡΙΣΤ.
2293 3904 2354 3958 '0
2399 3904 2920 3975 δισχειροτόνητος
2966 3909 3116 3977 μετὰ
3174 3909 3282 3963 τοῦ
3330 3927 3597 3979 χειροτο-

2094 3994 2345 4062 νοῦντος
2393 3998 2775 4067 καθαιρεῖται,
2818 4002 2867 4053 sl
2925 4000 3010 4068 μὴ
3069 4000 3333 4071 αἰρετικὴ
3382 4003 3512 4071 χεὶρ
3555 4004 3595 4071 ἠ

2095 4089 2370 4155 προτέρα.

2106 4178 2164 4229 Ὀ
2207 4177 2468 4250 δευτέραν
2498 4181 2839 4252 χειροτονίαν
2884 4182 3180 4254 δεξάμενος
3230 4183 3589 4257 ἐπίσκοποςῆ

2022 4270 2421 4342 πρεσόύτερος,
2452 4272 2527 4337 ὡς
2560 4272 2734 4326 δοκῶν
2766 4275 2868 4343 τὴν
2912 4275 3139 4347 πρώτην
3181 4277 3591 4346 βδελύσσεσθαι,

2025 4363 2166 4432 μετὰ
2218 4363 2313 4415 τοῦ
2357 4363 2795 4435 χειροτονοῦντος
2828 4366 3196 4438 καθαιρεῖταί,
3236 4370 3286 4421 εξ
3335 4369 3410 4440 μὴ
3459 4369 3593 4440 παρ’

2021 4453 2302 4525 αἱρετικοῦ
2333 4456 2365 4524 ὴ
2397 4454 2641 4526 προτέρα
2672 4454 2886 4523 γέγονε.

2612 4548 2851 4601 ΚΛΝΩΝ
2879 4547 2998 4605 ΞΘ¹.

2025 4640 2099 4695 ΕΖ
2136 4656 2226 4707 τις
2259 4639 2618 4706 ἐπίσκοπος,
2648 4639 2687 4708 ἢ
2729 4643 3155 4710 πρεσϐύτερος,
3202 4643 3242 4713 ἢ
3285 4643 3590 4712 διάκονος,

2091 4732 2131 4801 ἢ
2164 4730 2578 4800 ἀναγνώστης,
2611 4732 2649 4800 ἢ
2679 4732 2918 4803 ψάλτης
2949 4735 3063 4802 τὴν
3091 4736 3268 4805 ἁγίαν
3294 4753 3593 4807 τεσσαρα-

2091 4824 2325 4892 κοστὴν
2357 4824 2463 4878 τοῦ
2497 4824 2713 4893 Πάσχα
2747 4827 2820 4880 οὑ
2841 4829 3145 4894 νηστεύει,
3171 4828 3209 4897 ἢ
3246 4828 3524 4897 Τετράδα,
3550 4831 3589 4898 ἧ
3664 4836 3675 4845 ’

2090 4915 2513 4983 Παρασκευὴν,
2566 4918 2993 4985 καθαιρείσθω·
3042 4920 3218 4987 ἐκτὸς
3265 4922 3318 4975 ει
3377 4922 3461 4991 μὴ
3512 4920 3590 4976 δι’

2087 5008 2411 5063 ἀσθένειαν
2444 5009 2794 5079 σωματικὴν
2820 5010 3188 5080 ἐμποδίζοιτο
3217 5029 3229 5042 ο
3267 5016 3320 5067 εὶ
3358 5014 3427 5067 δὲ
3458 5019 3589 5069 λαΐ-

2092 5100 2198 5168 κὸς
2229 5101 2346 5168 εἴη,
2373 5098 2752 5170 ἀφοριζέσθω.

1566 5232 1766 5293 Guill.
1795 5235 2128 5314 Beveregii
2178 5244 2370 5296 notae.

343 5354 523 5402 autem
560 5346 627 5400 ab
657 5346 748 5427 illo
780 5358 1153 5427 consecratur,
1204 5364 1367 5418 quem
1402 5369 1504 5427 non
1556 5367 1771 5414 constat
1812 5360 1903 5427 jus

345 5416 1016 5497 ronsee‘randihaboisse,
1070 5416 1267 5497 iterum
1328 5422 1729 5497 consecrandus
1778 5416 1898 5497 est,

339 5489 488 5563 jtntta
514 5485 691 5563 Gloss.
724 5488 1065 5563 ad_Gratian.
1094 5489 1334 5545 distinct.
1360 5493 1448 5563 68,
1477 5509 1596 5563 cap.
1633 5496 1687 5549 2.

409 5559 485 5629 (4)
515 5557 985 5625 Βίιπτισθέντας.
1024 5559 1149 5613 llaec
1172 5576 1273 5613 vox
1310 5563 1358 5612 in
1394 5557 1556 5615 Joan:
1584 5568 1898 5623 Antiocheni

340 5630 553 5708 collem.
592 5629 763 5708 ti_t._2_5
807 5631 1096 5708 omittitur.
1122 5631 1202 5708 _At.
1266 5631 1654 5708 Balsamonenr
1686 5639 1897 5708 legisse,

340 5700 509 5775 ipsius
545 5700 764 5775 scholia
805 5700 984 5775 palam
1030 5700 1265 5775 faciunt.
1311 5700 1464 5773 Legit
1529 5715 1582 5758 et
1627 5700 1897 5775 JosEphns

340 5768 628 5839 AEgyptius
662 5770 716 5845 in
752 5768 1069 5845 paraphrasi
1099 5768 1590 5845 Arahica,i'utpote
1620 5778 1710 5845 qui
1761 5768 1901 5832 hunc

337 5853 595 5895 canoncm
630 5842 707 5896 sic
751 5842 907 5893 vertit
942 5857 957 5893 :
999 5842 1104 5905 Qui
1149 5842 1535 5899 ordinationem
1576 5842 1653 5900 bis
1681 5850 1901 5913 accivit,

2008 5360 2179 5435 gradu
2212 5375 2305 5413 suo
2332 5357 2641 5435 deficiatur,
2676 5360 2779 5435 nisi
2803 5360 3140 5429 manifestum
3190 5365 3374 5431 fuerit,
3418 5368 3578 5435 quod,

2008 5432 2098 5499 qui
2121 5446 2241 5482 eum
2265 5430 2435 5497 printo
2460 5432 2730 5484 constituit
2767 5434 3110 5495 sacerdotem,
3144 5430 3585 5491 Ita'reticus'erat.

2012 5500 2118 5564 Qui
2170 5500 2309 5573 enim
2361 5501 2713 5573 sacerdotium
2779 5511 2875 5554 aut
2913 5501 3227 5568 baptismum
3265 5509 3458 5573 accipit
3508 5511 3573 5559 ab

2008 5571 2286 5629 licerelicis,
2324 5586 2413 5621 nec
2444 5571 2689 5623 sacerdos
2707 5580 2804 5633 est,
2841 5587 2933 5625 nec
2979 5573 3179 5637 ﬁdelis.
3231 5571 3579 5629 Natu/itere-

2012 5642 2235 5692 ticorum
2301 5638 2444 5692 nobis
2492 5642 2845 5712 sacerdotium
2910 5658 3012 5695 non
3069 5655 3368 5711 reputatur.
3437 5647 3576 5712 Quin

2008 5712 2169 5763 etiam
2211 5712 2489 5778 sequentia
2525 5714 2711 5775 verba,
2742 5711 2864 5763 οὔτε
2923 5716 3167 5776 πιστοὺς,
3205 5718 3341 5769 hanc
3390 5711 3575 5769 vorent

2013 5779 2408 5857 βαπτισθέντας
2445 5782 2747 5837 necessario
2777 5784 3077 5851 requirunt,
3113 5785 3178 5840 ad
3212 5802 3370 5857 quam
3404 5787 3573 5842 solam

2012 5850 2201 5906 referri
2239 5860 2484 5914 possunt.
