  <div class='ocr_page' id='page_1' title='image "/cluster/home/n/w/nwhite01/storage/ocr_20150623/137/hvd.32044020166120/107.png"; bbox 0 0 3992 6480; ppageno 0'>
   <div class='ocr_carea' id='block_1_1' title="bbox 356 421 457 486">
    <p class='ocr_par' dir='ltr' id='par_1_1' title="bbox 356 421 457 486">
     <span class='ocr_line' id='line_1_1' title="bbox 356 421 457 486; baseline 0 0"><span class='ocrx_word' id='word_1_1' title='bbox 356 421 457 486; x_wconf 70' lang='grc'><strong>170</strong></span> 
     </span>
    </p>
   </div>
   <div class='ocr_carea' id='block_1_2' title="bbox 1600 422 2326 483">
    <p class='ocr_par' dir='ltr' id='par_1_2' title="bbox 1600 422 2326 483">
     <span class='ocr_line' id='line_1_2' title="bbox 1600 422 2326 483; baseline 0.001 -1"><span class='ocrx_word' id='word_1_2' title='bbox 1600 422 1878 483; x_wconf 85' lang='lat' dir='ltr'><strong>TIIEOD.</strong></span> <span class='ocrx_word' id='word_1_3' title='bbox 1926 422 2326 483; x_wconf 72' lang='lat' dir='ltr'><strong>BALSAMON</strong></span> 
     </span>
    </p>
   </div>
   <div class='ocr_carea' id='block_1_3' title="bbox 3493 414 3597 479">
    <p class='ocr_par' dir='ltr' id='par_1_3' title="bbox 3493 414 3597 479">
     <span class='ocr_line' id='line_1_3' title="bbox 3493 414 3597 479; baseline -0.048 0"><span class='ocrx_word' id='word_1_4' title='bbox 3493 414 3597 479; x_wconf 78' lang='lat'><strong>180</strong></span> 
     </span>
    </p>
   </div>
   <div class='ocr_carea' id='block_1_4' title="bbox 352 531 1912 609">
    <p class='ocr_par' dir='ltr' id='par_1_4' title="bbox 352 535 1912 608">
     <span class='ocr_line' id='line_1_4' title="bbox 352 535 1912 608; baseline 0.001 -19"><span class='ocrx_word' id='word_1_5' title='bbox 352 536 523 605; x_wconf 88' lang='lat' dir='ltr'><strong>ceptis</strong></span> <span class='ocrx_word' id='word_1_6' title='bbox 559 535 625 591; x_wconf 88' lang='lat' dir='ltr'><strong>iis</strong></span> <span class='ocrx_word' id='word_1_7' title='bbox 659 537 725 591; x_wconf 82' lang='lat' dir='ltr'><strong>de</strong></span> <span class='ocrx_word' id='word_1_8' title='bbox 755 537 952 606; x_wconf 79' lang='lat' dir='ltr'><strong>quibus</strong></span> <span class='ocrx_word' id='word_1_9' title='bbox 1009 538 1169 592; x_wconf 80' lang='lat' dir='ltr'><strong>verba</strong></span> <span class='ocrx_word' id='word_1_10' title='bbox 1223 550 1349 592; x_wconf 99' lang='lat' dir='ltr'><strong>ante</strong></span> <span class='ocrx_word' id='word_1_11' title='bbox 1410 539 1656 608; x_wconf 80' lang='lat' dir='ltr'><strong>fetimus)</strong></span> <span class='ocrx_word' id='word_1_12' title='bbox 1712 538 1912 592; x_wconf 75' lang='lat' dir='ltr'><strong>etiams]</strong></span> 
     </span>
    </p>
   </div>
   <div class='ocr_carea' id='block_1_5' title="bbox 2030 531 3597 609">
    <p class='ocr_par' dir='ltr' id='par_1_5' title="bbox 2033 531 3597 609">
     <span class='ocr_line' id='line_1_5' title="bbox 2033 531 3597 609; baseline -0.005 -18"><span class='ocrx_word' id='word_1_13' title='bbox 2033 538 2257 609; x_wconf 80' lang='grc' dir='ltr'>σκευὴν,</span> <span class='ocrx_word' id='word_1_14' title='bbox 2283 538 2414 592; x_wconf 77' lang='grc' dir='ltr'>ἄνευ</span> <span class='ocrx_word' id='word_1_15' title='bbox 2446 531 2521 591; x_wconf 83' lang='grc' dir='ltr'><strong>ὧν</strong></span> <span class='ocrx_word' id='word_1_16' title='bbox 2544 535 2847 607; x_wconf 81' lang='grc' dir='ltr'>είρήκαμεν</span> <span class='ocrx_word' id='word_1_17' title='bbox 2881 532 3213 605; x_wconf 73' lang='grc' dir='ltr'>ἔμπροσθεν,</span> <span class='ocrx_word' id='word_1_18' title='bbox 3249 532 3351 586; x_wconf 79' lang='grc' dir='ltr'>κᾶν</span> <span class='ocrx_word' id='word_1_19' title='bbox 3381 532 3448 585; x_wconf 71' lang='grc' dir='ltr'><strong>τὰ</strong></span> <span class='ocrx_word' id='word_1_20' title='bbox 3485 532 3597 584; x_wconf 64' lang='lat' dir='ltr'><strong>lol-</strong></span> 
     </span>
    </p>
   </div>
   <div class='ocr_carea' id='block_1_6' title="bbox 352 630 1920 701">
    <p class='ocr_par' dir='ltr' id='par_1_6' title="bbox 352 630 1920 701">
     <span class='ocr_line' id='line_1_6' title="bbox 352 630 1920 701; baseline 0.001 -18"><span class='ocrx_word' id='word_1_21' title='bbox 352 643 656 683; x_wconf 74' lang='lat' dir='ltr'><strong>enremum</strong></span> <span class='ocrx_word' id='word_1_22' title='bbox 690 630 937 699; x_wconf 72' lang='lat' dir='ltr'><strong>spiritum</strong></span> <span class='ocrx_word' id='word_1_23' title='bbox 973 640 1117 699; x_wconf 85' lang='lat' dir='ltr'><strong>agat.</strong></span> <span class='ocrx_word' id='word_1_24' title='bbox 1162 630 1427 686; x_wconf 72' lang='lat' dir='ltr'><strong>Similiter</strong></span> <span class='ocrx_word' id='word_1_25' title='bbox 1471 631 1661 701; x_wconf 80' lang='lat' dir='ltr'><strong>excipe</strong></span> <span class='ocrx_word' id='word_1_26' title='bbox 1694 630 1826 685; x_wconf 92' lang='lat' dir='ltr'><strong>mihi</strong></span> <span class='ocrx_word' id='word_1_27' title='bbox 1866 640 1920 685; x_wconf 88' lang='lat' dir='ltr'><strong>et</strong></span> 
     </span>
    </p>
   </div>
   <div class='ocr_carea' id='block_1_7' title="bbox 353 720 1919 790">
    <p class='ocr_par' dir='ltr' id='par_1_7' title="bbox 353 720 1919 790">
     <span class='ocr_line' id='line_1_7' title="bbox 353 720 1919 790; baseline 0.003 -17"><span class='ocrx_word' id='word_1_28' title='bbox 353 735 421 774; x_wconf 78' lang='lat' dir='ltr'><strong>ex</strong></span> <span class='ocrx_word' id='word_1_29' title='bbox 494 720 948 790; x_wconf 77' lang='lat' dir='ltr'><strong>Quadragesitna,</strong></span> <span class='ocrx_word' id='word_1_30' title='bbox 1009 722 1268 790; x_wconf 89' lang='lat' dir='ltr'><strong>Sabbata,</strong></span> <span class='ocrx_word' id='word_1_31' title='bbox 1324 731 1380 779; x_wconf 88' lang='lat' dir='ltr'><strong>et</strong></span> <span class='ocrx_word' id='word_1_32' title='bbox 1423 723 1539 779; x_wconf 85' lang='lat' dir='ltr'><strong>dies</strong></span> <span class='ocrx_word' id='word_1_33' title='bbox 1588 724 1919 779; x_wconf 88' lang='lat' dir='ltr'><strong>Dominicos.</strong></span> 
     </span>
    </p>
   </div>
   <div class='ocr_carea' id='block_1_8' title="bbox 350 806 1927 887">
    <p class='ocr_par' dir='ltr' id='par_1_8' title="bbox 350 806 1927 887">
     <span class='ocr_line' id='line_1_8' title="bbox 350 806 1927 887; baseline 0.001 -20"><span class='ocrx_word' id='word_1_34' title='bbox 350 811 485 867; x_wconf 84' lang='lat' dir='ltr'><strong>Nam</strong></span> <span class='ocrx_word' id='word_1_35' title='bbox 518 806 572 867; x_wconf 79' lang='lat' dir='ltr'><strong>et</strong></span> <span class='ocrx_word' id='word_1_36' title='bbox 607 814 659 867; x_wconf 92' lang='lat' dir='ltr'><strong>in</strong></span> <span class='ocrx_word' id='word_1_37' title='bbox 709 813 792 869; x_wconf 88' lang='lat' dir='ltr'><strong>bis</strong></span> <span class='ocrx_word' id='word_1_38' title='bbox 838 814 1003 868; x_wconf 91' lang='lat' dir='ltr'><strong>etiam</strong></span> <span class='ocrx_word' id='word_1_39' title='bbox 1058 814 1329 887; x_wconf 88' lang='lat' dir='ltr'><strong>jujunium</strong></span> <span class='ocrx_word' id='word_1_40' title='bbox 1375 815 1658 880; x_wconf 85' lang='lat' dir='ltr'><strong>solvimus,</strong></span> <span class='ocrx_word' id='word_1_41' title='bbox 1699 825 1755 871; x_wconf 92' lang='lat' dir='ltr'><strong>ut</strong></span> <span class='ocrx_word' id='word_1_42' title='bbox 1812 814 1927 869; x_wconf 78' lang='lat' dir='ltr'><strong>vult</strong></span> 
     </span>
    </p>
   </div>
   <div class='ocr_carea' id='block_1_9' title="bbox 354 906 1925 979">
    <p class='ocr_par' dir='ltr' id='par_1_9' title="bbox 354 906 1925 979">
     <span class='ocr_line' id='line_1_9' title="bbox 354 906 1925 979; baseline 0.004 -22"><span class='ocrx_word' id='word_1_43' title='bbox 354 906 681 974; x_wconf 76' lang='lat' dir='ltr'><strong>apostolicus</strong></span> <span class='ocrx_word' id='word_1_44' title='bbox 712 921 886 960; x_wconf 86' lang='lat' dir='ltr'><strong>canon</strong></span> <span class='ocrx_word' id='word_1_45' title='bbox 920 907 1009 962; x_wconf 84' lang='lat'><strong>66.</strong></span> <span class='ocrx_word' id='word_1_46' title='bbox 1042 907 1177 963; x_wconf 83' lang='lat' dir='ltr'><strong>Nota</strong></span> <span class='ocrx_word' id='word_1_47' title='bbox 1209 919 1263 965; x_wconf 92' lang='lat' dir='ltr'><strong>et</strong></span> <span class='ocrx_word' id='word_1_48' title='bbox 1294 926 1357 965; x_wconf 81' lang='lat' dir='ltr'><strong>ex</strong></span> <span class='ocrx_word' id='word_1_49' title='bbox 1411 910 1514 966; x_wconf 91' lang='lat' dir='ltr'><strong>hoc</strong></span> <span class='ocrx_word' id='word_1_50' title='bbox 1544 911 1796 979; x_wconf 67' lang='lat' dir='ltr'><strong>praesenti</strong></span> <span class='ocrx_word' id='word_1_51' title='bbox 1831 926 1925 964; x_wconf 90' lang='lat' dir='ltr'><strong>ca-</strong></span> 
     </span>
    </p>
   </div>
   <div class='ocr_carea' id='block_1_10' title="bbox 353 998 1925 1073">
    <p class='ocr_par' dir='ltr' id='par_1_10' title="bbox 353 998 1925 1073">
     <span class='ocr_line' id='line_1_10' title="bbox 353 998 1925 1073; baseline 0.007 -26"><span class='ocrx_word' id='word_1_52' title='bbox 353 1011 496 1051; x_wconf 85' lang='lat' dir='ltr'><strong>none</strong></span> <span class='ocrx_word' id='word_1_53' title='bbox 536 998 752 1065; x_wconf 85' lang='lat' dir='ltr'><strong>proprie</strong></span> <span class='ocrx_word' id='word_1_54' title='bbox 794 1014 960 1052; x_wconf 91' lang='lat' dir='ltr'><strong>unum</strong></span> <span class='ocrx_word' id='word_1_55' title='bbox 991 1016 1111 1056; x_wconf 90' lang='lat' dir='ltr'><strong>esse</strong></span> <span class='ocrx_word' id='word_1_56' title='bbox 1139 1002 1403 1071; x_wconf 87' lang='lat' dir='ltr'><strong>jejunium</strong></span> <span class='ocrx_word' id='word_1_57' title='bbox 1460 1002 1925 1073; x_wconf 81' lang='lat' dir='ltr'><strong>quadragesimale</strong></span> 
     </span>
    </p>
   </div>
   <div class='ocr_carea' id='block_1_11' title="bbox 350 1086 1919 1166">
    <p class='ocr_par' dir='ltr' id='par_1_11' title="bbox 350 1086 1919 1166">
     <span class='ocr_line' id='line_1_11' title="bbox 350 1086 1919 1166; baseline 0.006 -25"><span class='ocrx_word' id='word_1_58' title='bbox 350 1086 592 1142; x_wconf 63' lang='lat' dir='ltr'><strong>Pascha).</strong></span> <span class='ocrx_word' id='word_1_59' title='bbox 630 1089 686 1143; x_wconf 90' lang='lat' dir='ltr'><strong>Si</strong></span> <span class='ocrx_word' id='word_1_60' title='bbox 712 1090 857 1144; x_wconf 90' lang='lat' dir='ltr'><strong>enim</strong></span> <span class='ocrx_word' id='word_1_61' title='bbox 889 1102 1075 1146; x_wconf 83' lang='lat' dir='ltr'><strong>essent</strong></span> <span class='ocrx_word' id='word_1_62' title='bbox 1102 1103 1155 1147; x_wconf 92' lang='lat' dir='ltr'><strong>et</strong></span> <span class='ocrx_word' id='word_1_63' title='bbox 1182 1093 1308 1159; x_wconf 87' lang='lat' dir='ltr'><strong>alia,</strong></span> <span class='ocrx_word' id='word_1_64' title='bbox 1341 1108 1530 1150; x_wconf 91' lang='lat' dir='ltr'><strong>eorum</strong></span> <span class='ocrx_word' id='word_1_65' title='bbox 1563 1111 1735 1152; x_wconf 89' lang='lat' dir='ltr'><strong>canon</strong></span> <span class='ocrx_word' id='word_1_66' title='bbox 1772 1110 1919 1166; x_wconf 91' lang='lat' dir='ltr'><strong>quo-</strong></span> 
     </span>
    </p>
   </div>
   <div class='ocr_carea' id='block_1_12' title="bbox 354 1182 1921 1258">
    <p class='ocr_par' dir='ltr' id='par_1_12' title="bbox 354 1182 1921 1258">
     <span class='ocr_line' id='line_1_12' title="bbox 354 1182 1921 1258; baseline 0.006 -25"><span class='ocrx_word' id='word_1_67' title='bbox 354 1193 459 1248; x_wconf 91' lang='lat' dir='ltr'><strong>que</strong></span> <span class='ocrx_word' id='word_1_68' title='bbox 492 1182 852 1237; x_wconf 88' lang='lat' dir='ltr'><strong>meminisset.</strong></span> <span class='ocrx_word' id='word_1_69' title='bbox 889 1182 994 1238; x_wconf 93' lang='lat' dir='ltr'><strong>Sed</strong></span> <span class='ocrx_word' id='word_1_70' title='bbox 1026 1196 1080 1239; x_wconf 91' lang='lat' dir='ltr'><strong>et</strong></span> <span class='ocrx_word' id='word_1_71' title='bbox 1117 1186 1241 1241; x_wconf 88' lang='lat' dir='ltr'><strong>siin</strong></span> <span class='ocrx_word' id='word_1_72' title='bbox 1282 1187 1405 1242; x_wconf 89' lang='lat' dir='ltr'><strong>aliis</strong></span> <span class='ocrx_word' id='word_1_73' title='bbox 1463 1188 1657 1258; x_wconf 90' lang='lat' dir='ltr'><strong>jejunii</strong></span> <span class='ocrx_word' id='word_1_74' title='bbox 1707 1192 1921 1257; x_wconf 88' lang='lat' dir='ltr'><strong>diebus,</strong></span> 
     </span>
    </p>
   </div>
   <div class='ocr_carea' id='block_1_13' title="bbox 352 1274 1924 1348">
    <p class='ocr_par' dir='ltr' id='par_1_13' title="bbox 352 1274 1924 1348">
     <span class='ocr_line' id='line_1_13' title="bbox 352 1274 1924 1348; baseline 0.01 -21"><span class='ocrx_word' id='word_1_75' title='bbox 352 1274 564 1330; x_wconf 80' lang='lat' dir='ltr'><strong>scilicet</strong></span> <span class='ocrx_word' id='word_1_76' title='bbox 602 1286 917 1333; x_wconf 89' lang='lat' dir='ltr'><strong>sanctorum</strong></span> <span class='ocrx_word' id='word_1_77' title='bbox 947 1282 1339 1348; x_wconf 85' lang='lat' dir='ltr'><strong>apostolorum,</strong></span> <span class='ocrx_word' id='word_1_78' title='bbox 1390 1282 1747 1340; x_wconf 89' lang='lat' dir='ltr'><strong>Dormitionis</strong></span> <span class='ocrx_word' id='word_1_79' title='bbox 1794 1302 1924 1342; x_wconf 79' lang='lat' dir='ltr'><strong>san-</strong></span> 
     </span>
    </p>
   </div>
   <div class='ocr_carea' id='block_1_14' title="bbox 350 1364 1921 1446">
    <p class='ocr_par' dir='ltr' id='par_1_14' title="bbox 350 1364 1921 1446">
     <span class='ocr_line' id='line_1_14' title="bbox 350 1364 1921 1446; baseline 0.009 -27"><span class='ocrx_word' id='word_1_80' title='bbox 350 1364 613 1421; x_wconf 61' lang='lat' dir='ltr'><strong>ctissimae</strong></span> <span class='ocrx_word' id='word_1_81' title='bbox 634 1366 900 1437; x_wconf 62' lang='lat' dir='ltr'><strong>Deiparaa,</strong></span> <span class='ocrx_word' id='word_1_82' title='bbox 932 1381 985 1425; x_wconf 87' lang='lat' dir='ltr'><strong>et</strong></span> <span class='ocrx_word' id='word_1_83' title='bbox 1010 1369 1219 1427; x_wconf 85' lang='lat' dir='ltr'><strong>Natalis</strong></span> <span class='ocrx_word' id='word_1_84' title='bbox 1239 1372 1921 1446; x_wconf 87' lang='lat' dir='ltr'><strong>Christi,jejunaverimus,</strong></span> 
     </span>
    </p>
   </div>
   <div class='ocr_carea' id='block_1_15' title="bbox 351 1456 1922 1539">
    <p class='ocr_par' dir='ltr' id='par_1_15' title="bbox 351 1456 1922 1539">
     <span class='ocr_line' id='line_1_15' title="bbox 351 1456 1922 1539; baseline 0.01 -31"><span class='ocrx_word' id='word_1_85' title='bbox 351 1456 560 1524; x_wconf 85' lang='lat' dir='ltr'><strong>pudore</strong></span> <span class='ocrx_word' id='word_1_86' title='bbox 590 1472 694 1513; x_wconf 91' lang='lat' dir='ltr'><strong>non</strong></span> <span class='ocrx_word' id='word_1_87' title='bbox 729 1460 1047 1517; x_wconf 83' lang='lat' dir='ltr'><strong>alliciemur.</strong></span> <span class='ocrx_word' id='word_1_88' title='bbox 1079 1462 1218 1533; x_wconf 81' lang='lat' dir='ltr'><strong>Lege</strong></span> <span class='ocrx_word' id='word_1_89' title='bbox 1238 1473 1292 1518; x_wconf 90' lang='lat' dir='ltr'><strong>et</strong></span> <span class='ocrx_word' id='word_1_90' title='bbox 1318 1479 1436 1534; x_wconf 72' lang='lat' dir='ltr'><strong>quae</strong></span> <span class='ocrx_word' id='word_1_91' title='bbox 1465 1482 1493 1520; x_wconf 95' lang='lat' dir='ltr'><strong>a</strong></span> <span class='ocrx_word' id='word_1_92' title='bbox 1520 1468 1678 1524; x_wconf 91' lang='lat' dir='ltr'><strong>nobis</strong></span> <span class='ocrx_word' id='word_1_93' title='bbox 1721 1471 1922 1539; x_wconf 89' lang='lat' dir='ltr'><strong>scripta</strong></span> 
     </span>
    </p>
   </div>
   <div class='ocr_carea' id='block_1_16' title="bbox 352 1550 1920 1628">
    <p class='ocr_par' dir='ltr' id='par_1_16' title="bbox 352 1550 1920 1628">
     <span class='ocr_line' id='line_1_16' title="bbox 352 1550 1920 1628; baseline 0.01 -27"><span class='ocrx_word' id='word_1_94' title='bbox 352 1557 480 1603; x_wconf 86' lang='lat' dir='ltr'><strong>sunt</strong></span> <span class='ocrx_word' id='word_1_95' title='bbox 559 1550 614 1603; x_wconf 89' lang='lat' dir='ltr'><strong>in</strong></span> <span class='ocrx_word' id='word_1_96' title='bbox 688 1553 900 1606; x_wconf 84' lang='lat' dir='ltr'><strong>tertiam</strong></span> <span class='ocrx_word' id='word_1_97' title='bbox 962 1554 1439 1624; x_wconf 70' lang='lat' dir='ltr'><strong>interrogationem</strong></span> <span class='ocrx_word' id='word_1_98' title='bbox 1509 1560 1920 1628; x_wconf 76' lang='lat' dir='ltr'><strong>responsionum</strong></span> 
     </span>
    </p>
   </div>
   <div class='ocr_carea' id='block_1_17' title="bbox 351 1638 1921 1717">
    <p class='ocr_par' dir='ltr' id='par_1_17' title="bbox 351 1638 1921 1717">
     <span class='ocr_line' id='line_1_17' title="bbox 351 1638 1921 1717; baseline 0.011 -29"><span class='ocrx_word' id='word_1_99' title='bbox 351 1638 691 1705; x_wconf 87' lang='lat' dir='ltr'><strong>synodalium</strong></span> <span class='ocrx_word' id='word_1_100' title='bbox 725 1641 990 1697; x_wconf 84' lang='lat' dir='ltr'><strong>factarum</strong></span> <span class='ocrx_word' id='word_1_101' title='bbox 1025 1645 1076 1697; x_wconf 94' lang='lat' dir='ltr'><strong>in</strong></span> <span class='ocrx_word' id='word_1_102' title='bbox 1126 1644 1317 1701; x_wconf 89' lang='lat' dir='ltr'><strong>diebus</strong></span> <span class='ocrx_word' id='word_1_103' title='bbox 1366 1648 1691 1717; x_wconf 66' lang='lat' dir='ltr'><strong>patriarcha:</strong></span> <span class='ocrx_word' id='word_1_104' title='bbox 1718 1650 1921 1706; x_wconf 82' lang='lat' dir='ltr'><strong>domini</strong></span> 
     </span>
    </p>
   </div>
   <div class='ocr_carea' id='block_1_18' title="bbox 347 1725 577 1786">
    <p class='ocr_par' dir='ltr' id='par_1_18' title="bbox 347 1725 577 1786">
     <span class='ocr_line' id='line_1_18' title="bbox 347 1725 577 1786; baseline 0.017 -4"><span class='ocrx_word' id='word_1_105' title='bbox 347 1725 577 1786; x_wconf 87' lang='lat' dir='ltr'><strong>Nicolai.</strong></span> 
     </span>
    </p>
   </div>
   <div class='ocr_carea' id='block_1_19' title="bbox 423 1912 1919 1995">
    <p class='ocr_par' dir='ltr' id='par_1_19' title="bbox 423 1912 1919 1995">
     <span class='ocr_line' id='line_1_19' title="bbox 423 1912 1919 1995; baseline 0.007 -28"><span class='ocrx_word' id='word_1_106' title='bbox 423 1912 677 1971; x_wconf 80' lang='lat' dir='ltr'><strong>ZONAR.</strong></span> <span class='ocrx_word' id='word_1_107' title='bbox 717 1916 876 1975; x_wconf 86' lang='lat' dir='ltr'><strong>Omni</strong></span> <span class='ocrx_word' id='word_1_108' title='bbox 912 1922 1071 1977; x_wconf 90' lang='lat' dir='ltr'><strong>modo</strong></span> <span class='ocrx_word' id='word_1_109' title='bbox 1104 1938 1277 1978; x_wconf 83' lang='lat' dir='ltr'><strong>canon</strong></span> <span class='ocrx_word' id='word_1_110' title='bbox 1321 1926 1573 1995; x_wconf 89' lang='lat' dir='ltr'><strong>requirit,</strong></span> <span class='ocrx_word' id='word_1_111' title='bbox 1626 1934 1687 1981; x_wconf 87' lang='lat' dir='ltr'><strong>ut</strong></span> <span class='ocrx_word' id='word_1_112' title='bbox 1732 1924 1919 1981; x_wconf 83' lang='lat' dir='ltr'><strong>ﬁdeles</strong></span> 
     </span>
    </p>
   </div>
   <div class='ocr_carea' id='block_1_20' title="bbox 351 2006 1917 2085">
    <p class='ocr_par' dir='ltr' id='par_1_20' title="bbox 351 2006 1917 2085">
     <span class='ocr_line' id='line_1_20' title="bbox 351 2006 1917 2085; baseline 0.009 -29"><span class='ocrx_word' id='word_1_113' title='bbox 351 2015 513 2073; x_wconf 81' lang='lat' dir='ltr'><strong>agant</strong></span> <span class='ocrx_word' id='word_1_114' title='bbox 544 2006 597 2061; x_wconf 92' lang='lat' dir='ltr'><strong>in</strong></span> <span class='ocrx_word' id='word_1_115' title='bbox 623 2007 831 2076; x_wconf 80' lang='lat' dir='ltr'><strong>jejunio</strong></span> <span class='ocrx_word' id='word_1_116' title='bbox 866 2022 1108 2067; x_wconf 89' lang='lat' dir='ltr'><strong>sanctam</strong></span> <span class='ocrx_word' id='word_1_117' title='bbox 1155 2011 1377 2070; x_wconf 63' lang='lat' dir='ltr'><strong>Pascha;</strong></span> <span class='ocrx_word' id='word_1_118' title='bbox 1414 2014 1917 2085; x_wconf 82' lang='lat' dir='ltr'><strong>Quadragesimam,</strong></span> 
     </span>
    </p>
   </div>
   <div class='ocr_carea' id='block_1_21' title="bbox 350 2098 1916 2170">
    <p class='ocr_par' dir='ltr' id='par_1_21' title="bbox 350 2098 1916 2170">
     <span class='ocr_line' id='line_1_21' title="bbox 350 2098 1916 2170; baseline 0.01 -22"><span class='ocrx_word' id='word_1_119' title='bbox 350 2104 405 2148; x_wconf 90' lang='lat' dir='ltr'><strong>et</strong></span> <span class='ocrx_word' id='word_1_120' title='bbox 440 2098 866 2170; x_wconf 85' lang='lat' dir='ltr'><strong>uniuscujusque</strong></span> <span class='ocrx_word' id='word_1_121' title='bbox 895 2114 1215 2159; x_wconf 79' lang='lat' dir='ltr'><strong>ca-terarum</strong></span> <span class='ocrx_word' id='word_1_122' title='bbox 1260 2106 1723 2162; x_wconf 87' lang='lat' dir='ltr'><strong>hebdomadarum</strong></span> <span class='ocrx_word' id='word_1_123' title='bbox 1773 2108 1916 2164; x_wconf 89' lang='lat' dir='ltr'><strong>diem</strong></span> 
     </span>
    </p>
   </div>
   <div class='ocr_carea' id='block_1_22' title="bbox 349 2196 1914 2271">
    <p class='ocr_par' dir='ltr' id='par_1_22' title="bbox 349 2196 1914 2271">
     <span class='ocr_line' id='line_1_22' title="bbox 349 2196 1914 2271; baseline 0.01 -31"><span class='ocrx_word' id='word_1_124' title='bbox 349 2198 627 2255; x_wconf 86' lang='lat' dir='ltr'><strong>quartum,</strong></span> <span class='ocrx_word' id='word_1_125' title='bbox 664 2203 823 2262; x_wconf 89' lang='lat' dir='ltr'><strong>atque</strong></span> <span class='ocrx_word' id='word_1_126' title='bbox 858 2196 1190 2253; x_wconf 82' lang='lat' dir='ltr'><strong>Parasceven</strong></span> <span class='ocrx_word' id='word_1_127' title='bbox 1230 2217 1244 2253; x_wconf 91' lang='lat'><strong>:</strong></span> <span class='ocrx_word' id='word_1_128' title='bbox 1282 2200 1383 2254; x_wconf 92' lang='lat' dir='ltr'><strong>nisi</strong></span> <span class='ocrx_word' id='word_1_129' title='bbox 1412 2202 1533 2271; x_wconf 83' lang='lat' dir='ltr'><strong>quis</strong></span> <span class='ocrx_word' id='word_1_130' title='bbox 1565 2201 1634 2256; x_wconf 90' lang='lat' dir='ltr'><strong>ob</strong></span> <span class='ocrx_word' id='word_1_131' title='bbox 1662 2202 1914 2258; x_wconf 84' lang='lat' dir='ltr'><strong>imbecil-</strong></span> 
     </span>
    </p>
   </div>
   <div class='ocr_carea' id='block_1_23' title="bbox 348 2276 1915 2362">
    <p class='ocr_par' dir='ltr' id='par_1_23' title="bbox 348 2276 1915 2362">
     <span class='ocr_line' id='line_1_23' title="bbox 348 2276 1915 2362; baseline 0.012 -31"><span class='ocrx_word' id='word_1_132' title='bbox 348 2276 556 2333; x_wconf 81' lang='lat' dir='ltr'><strong>litatem</strong></span> <span class='ocrx_word' id='word_1_133' title='bbox 586 2284 831 2353; x_wconf 88' lang='lat' dir='ltr'><strong>corporis</strong></span> <span class='ocrx_word' id='word_1_134' title='bbox 856 2284 1102 2355; x_wconf 88' lang='lat' dir='ltr'><strong>jejuuare</strong></span> <span class='ocrx_word' id='word_1_135' title='bbox 1132 2304 1235 2343; x_wconf 90' lang='lat' dir='ltr'><strong>non</strong></span> <span class='ocrx_word' id='word_1_136' title='bbox 1274 2291 1461 2358; x_wconf 86' lang='lat' dir='ltr'><strong>possit.</strong></span> <span class='ocrx_word' id='word_1_137' title='bbox 1491 2291 1623 2345; x_wconf 91' lang='lat' dir='ltr'><strong>Nam</strong></span> <span class='ocrx_word' id='word_1_138' title='bbox 1652 2293 1915 2362; x_wconf 87' lang='lat' dir='ltr'><strong>jejunium</strong></span> 
     </span>
    </p>
   </div>
   <div class='ocr_carea' id='block_1_24' title="bbox 348 2367 1918 2453">
    <p class='ocr_par' dir='ltr' id='par_1_24' title="bbox 348 2367 1918 2453">
     <span class='ocr_line' id='line_1_24' title="bbox 348 2367 1918 2453; baseline 0.014 -32"><span class='ocrx_word' id='word_1_139' title='bbox 348 2367 451 2424; x_wconf 82' lang='lat' dir='ltr'><strong>fuit</strong></span> <span class='ocrx_word' id='word_1_140' title='bbox 478 2370 868 2440; x_wconf 90' lang='lat' dir='ltr'><strong>introductum,</strong></span> <span class='ocrx_word' id='word_1_141' title='bbox 928 2378 991 2433; x_wconf 94' lang='lat' dir='ltr'><strong>ad</strong></span> <span class='ocrx_word' id='word_1_142' title='bbox 1036 2380 1464 2437; x_wconf 87' lang='lat' dir='ltr'><strong>humiliationem</strong></span> <span class='ocrx_word' id='word_1_143' title='bbox 1520 2385 1723 2439; x_wconf 90' lang='lat' dir='ltr'><strong>carnis.</strong></span> <span class='ocrx_word' id='word_1_144' title='bbox 1769 2385 1918 2453; x_wconf 86' lang='lat' dir='ltr'><strong>Quod</strong></span> 
     </span>
    </p>
   </div>
   <div class='ocr_carea' id='block_1_25' title="bbox 345 2462 1916 2546">
    <p class='ocr_par' dir='ltr' id='par_1_25' title="bbox 345 2462 1916 2546">
     <span class='ocr_line' id='line_1_25' title="bbox 345 2462 1916 2546; baseline 0.014 -32"><span class='ocrx_word' id='word_1_145' title='bbox 345 2462 391 2514; x_wconf 88' lang='lat' dir='ltr'><strong>si</strong></span> <span class='ocrx_word' id='word_1_146' title='bbox 425 2477 552 2518; x_wconf 89' lang='lat' dir='ltr'><strong>caro</strong></span> <span class='ocrx_word' id='word_1_147' title='bbox 581 2468 792 2533; x_wconf 89' lang='lat' dir='ltr'><strong>morbo,</strong></span> <span class='ocrx_word' id='word_1_148' title='bbox 828 2470 910 2525; x_wconf 90' lang='lat' dir='ltr'><strong>vel</strong></span> <span class='ocrx_word' id='word_1_149' title='bbox 951 2472 1130 2542; x_wconf 88' lang='lat' dir='ltr'><strong>aliqua</strong></span> <span class='ocrx_word' id='word_1_150' title='bbox 1168 2473 1271 2527; x_wconf 85' lang='lat' dir='ltr'><strong>alia</strong></span> <span class='ocrx_word' id='word_1_151' title='bbox 1323 2474 1640 2532; x_wconf 70' lang='lat' dir='ltr'><strong>infirmitate</strong></span> <span class='ocrx_word' id='word_1_152' title='bbox 1688 2479 1916 2546; x_wconf 80' lang='lat' dir='ltr'><strong>laboret,</strong></span> 
     </span>
    </p>
   </div>
   <div class='ocr_carea' id='block_1_26' title="bbox 345 2551 1914 2628">
    <p class='ocr_par' dir='ltr' id='par_1_26' title="bbox 345 2551 1914 2628">
     <span class='ocr_line' id='line_1_26' title="bbox 345 2551 1914 2628; baseline 0.015 -23"><span class='ocrx_word' id='word_1_153' title='bbox 345 2551 435 2607; x_wconf 90' lang='lat' dir='ltr'><strong>illa</strong></span> <span class='ocrx_word' id='word_1_154' title='bbox 466 2568 531 2610; x_wconf 76' lang='lat' dir='ltr'><strong>ex</strong></span> <span class='ocrx_word' id='word_1_155' title='bbox 559 2555 764 2626; x_wconf 87' lang='lat' dir='ltr'><strong>jejunio</strong></span> <span class='ocrx_word' id='word_1_156' title='bbox 798 2560 1103 2618; x_wconf 87' lang='lat' dir='ltr'><strong>humiliatio</strong></span> <span class='ocrx_word' id='word_1_157' title='bbox 1136 2579 1239 2619; x_wconf 92' lang='lat' dir='ltr'><strong>non</strong></span> <span class='ocrx_word' id='word_1_158' title='bbox 1263 2576 1347 2621; x_wconf 82' lang='lat' dir='ltr'><strong>est</strong></span> <span class='ocrx_word' id='word_1_159' title='bbox 1382 2570 1711 2625; x_wconf 82' lang='lat' dir='ltr'><strong>necessaria.</strong></span> <span class='ocrx_word' id='word_1_160' title='bbox 1756 2570 1914 2628; x_wconf 85' lang='lat' dir='ltr'><strong>Hunc</strong></span> 
     </span>
    </p>
   </div>
   <div class='ocr_carea' id='block_1_27' title="bbox 347 2655 1917 2734">
    <p class='ocr_par' dir='ltr' id='par_1_27' title="bbox 347 2655 1917 2734">
     <span class='ocr_line' id='line_1_27' title="bbox 347 2655 1917 2734; baseline 0.016 -37"><span class='ocrx_word' id='word_1_161' title='bbox 347 2655 527 2701; x_wconf 80' lang='lat' dir='ltr'><strong>autem</strong></span> <span class='ocrx_word' id='word_1_162' title='bbox 559 2664 821 2707; x_wconf 83' lang='lat' dir='ltr'><strong>cauonem</strong></span> <span class='ocrx_word' id='word_1_163' title='bbox 854 2669 961 2709; x_wconf 89' lang='lat' dir='ltr'><strong>non</strong></span> <span class='ocrx_word' id='word_1_164' title='bbox 991 2655 1365 2725; x_wconf 83' lang='lat' dir='ltr'><strong>observantes,</strong></span> <span class='ocrx_word' id='word_1_165' title='bbox 1402 2673 1751 2719; x_wconf 88' lang='lat' dir='ltr'><strong>consecratos</strong></span> <span class='ocrx_word' id='word_1_166' title='bbox 1794 2667 1917 2734; x_wconf 86' lang='lat' dir='ltr'><strong>qui-</strong></span> 
     </span>
    </p>
   </div>
   <div class='ocr_carea' id='block_1_28' title="bbox 345 2736 1918 2819">
    <p class='ocr_par' dir='ltr' id='par_1_28' title="bbox 345 2736 1918 2819">
     <span class='ocr_line' id='line_1_28' title="bbox 345 2736 1918 2819; baseline 0.013 -28"><span class='ocrx_word' id='word_1_167' title='bbox 345 2736 465 2792; x_wconf 89' lang='lat' dir='ltr'><strong>dem</strong></span> <span class='ocrx_word' id='word_1_168' title='bbox 504 2741 699 2811; x_wconf 81' lang='lat' dir='ltr'><strong>deponi</strong></span> <span class='ocrx_word' id='word_1_169' title='bbox 732 2762 903 2801; x_wconf 90' lang='lat' dir='ltr'><strong>canon</strong></span> <span class='ocrx_word' id='word_1_170' title='bbox 953 2749 1126 2819; x_wconf 90' lang='lat' dir='ltr'><strong>jubet,</strong></span> <span class='ocrx_word' id='word_1_171' title='bbox 1180 2751 1346 2809; x_wconf 90' lang='lat' dir='ltr'><strong>Iaicos</strong></span> <span class='ocrx_word' id='word_1_172' title='bbox 1377 2764 1556 2808; x_wconf 89' lang='lat' dir='ltr'><strong>autem</strong></span> <span class='ocrx_word' id='word_1_173' title='bbox 1605 2771 1918 2812; x_wconf 79' lang='lat' dir='ltr'><strong>excommu-</strong></span> 
     </span>
    </p>
   </div>
   <div class='ocr_carea' id='block_1_29' title="bbox 345 2827 1919 2911">
    <p class='ocr_par' dir='ltr' id='par_1_29' title="bbox 345 2827 1919 2911">
     <span class='ocr_line' id='line_1_29' title="bbox 345 2827 1919 2911; baseline 0.014 -29"><span class='ocrx_word' id='word_1_174' title='bbox 345 2827 542 2884; x_wconf 89' lang='lat' dir='ltr'><strong>nicari.</strong></span> <span class='ocrx_word' id='word_1_175' title='bbox 598 2832 900 2890; x_wconf 90' lang='lat' dir='ltr'><strong>Notandum</strong></span> <span class='ocrx_word' id='word_1_176' title='bbox 965 2840 1125 2908; x_wconf 80' lang='lat' dir='ltr'><strong>igitur</strong></span> <span class='ocrx_word' id='word_1_177' title='bbox 1183 2841 1323 2911; x_wconf 89' lang='lat' dir='ltr'><strong>quod</strong></span> <span class='ocrx_word' id='word_1_178' title='bbox 1379 2845 1565 2899; x_wconf 83' lang='lat' dir='ltr'><strong>eodem</strong></span> <span class='ocrx_word' id='word_1_179' title='bbox 1620 2847 1675 2901; x_wconf 92' lang='lat' dir='ltr'><strong>in</strong></span> <span class='ocrx_word' id='word_1_180' title='bbox 1730 2848 1919 2904; x_wconf 88' lang='lat' dir='ltr'><strong>ordine</strong></span> 
     </span>
    </p>
   </div>
   <div class='ocr_carea' id='block_1_30' title="bbox 347 2924 1919 3008">
    <p class='ocr_par' dir='ltr' id='par_1_30' title="bbox 347 2924 1919 3008">
     <span class='ocr_line' id='line_1_30' title="bbox 347 2924 1919 3008; baseline 0.017 -40"><span class='ocrx_word' id='word_1_181' title='bbox 347 2932 522 2973; x_wconf 78' lang='lat' dir='ltr'><strong>canon</strong></span> <span class='ocrx_word' id='word_1_182' title='bbox 559 2924 730 2992; x_wconf 87' lang='lat' dir='ltr'><strong>ponit,</strong></span> <span class='ocrx_word' id='word_1_183' title='bbox 760 2938 1001 2983; x_wconf 89' lang='lat' dir='ltr'><strong>sanctam</strong></span> <span class='ocrx_word' id='word_1_184' title='bbox 1050 2928 1273 2988; x_wconf 72' lang='lat' dir='ltr'><strong>Paschte</strong></span> <span class='ocrx_word' id='word_1_185' title='bbox 1318 2933 1812 3008; x_wconf 81' lang='lat' dir='ltr'><strong>Quadragesimam,</strong></span> <span class='ocrx_word' id='word_1_186' title='bbox 1864 2950 1919 2995; x_wconf 87' lang='lat' dir='ltr'><strong>et</strong></span> 
     </span>
    </p>
   </div>
   <div class='ocr_carea' id='block_1_31' title="bbox 343 3016 1326 3085">
    <p class='ocr_par' dir='ltr' id='par_1_31' title="bbox 343 3016 1326 3085">
     <span class='ocr_line' id='line_1_31' title="bbox 343 3016 1326 3085; baseline 0.019 -21"><span class='ocrx_word' id='word_1_187' title='bbox 343 3023 589 3082; x_wconf 80' lang='lat' dir='ltr'><strong>quartam</strong></span> <span class='ocrx_word' id='word_1_188' title='bbox 629 3016 837 3085; x_wconf 78' lang='lat' dir='ltr'><strong>feriant,</strong></span> <span class='ocrx_word' id='word_1_189' title='bbox 884 3033 939 3078; x_wconf 93' lang='lat' dir='ltr'><strong>et</strong></span> <span class='ocrx_word' id='word_1_190' title='bbox 968 3021 1326 3083; x_wconf 82' lang='lat' dir='ltr'><strong>Parasceven.</strong></span> 
     </span>
    </p>
   </div>
   <div class='ocr_carea' id='block_1_32' title="bbox 2030 625 3601 703">
    <p class='ocr_par' dir='ltr' id='par_1_32' title="bbox 2030 625 3601 703">
     <span class='ocr_line' id='line_1_32' title="bbox 2030 625 3601 703; baseline -0.007 -16"><span class='ocrx_word' id='word_1_191' title='bbox 2030 632 2154 687; x_wconf 89' lang='grc' dir='ltr'>σθια</span> <span class='ocrx_word' id='word_1_192' title='bbox 2185 631 2344 703; x_wconf 75' lang='grc' dir='ltr'>πνέῃ.</span> <span class='ocrx_word' id='word_1_193' title='bbox 2389 631 2665 694; x_wconf 78' lang='grc' dir='ltr'>Ὡσαύτως</span> <span class='ocrx_word' id='word_1_194' title='bbox 2692 629 2921 695; x_wconf 77' lang='grc' dir='ltr'><strong>ὑπέξελέ</strong></span> <span class='ocrx_word' id='word_1_195' title='bbox 2954 646 3044 699; x_wconf 89' lang='grc' dir='ltr'><strong>μοι</strong></span> <span class='ocrx_word' id='word_1_196' title='bbox 3077 628 3170 680; x_wconf 78' lang='grc' dir='ltr'>καὶ</span> <span class='ocrx_word' id='word_1_197' title='bbox 3213 626 3320 679; x_wconf 79' lang='grc' dir='ltr'>ἀπὸ</span> <span class='ocrx_word' id='word_1_198' title='bbox 3346 625 3443 692; x_wconf 81' lang='grc' dir='ltr'><strong>τῆς</strong></span> <span class='ocrx_word' id='word_1_199' title='bbox 3465 626 3601 677; x_wconf 84' lang='grc' dir='ltr'><strong>Τεσ-</strong></span> 
     </span>
    </p>
   </div>
   <div class='ocr_carea' id='block_1_33' title="bbox 2029 717 3595 795">
    <p class='ocr_par' dir='ltr' id='par_1_33' title="bbox 2029 717 3595 795">
     <span class='ocr_line' id='line_1_33' title="bbox 2029 717 3595 795; baseline -0.006 -17"><span class='ocrx_word' id='word_1_200' title='bbox 2029 723 2521 795; x_wconf 87' lang='grc' dir='ltr'>σαρακονθημέρου</span> <span class='ocrx_word' id='word_1_201' title='bbox 2573 722 2640 776; x_wconf 70' lang='grc' dir='ltr'><strong>τὰ</strong></span> <span class='ocrx_word' id='word_1_202' title='bbox 2701 721 2958 776; x_wconf 77' lang='grc' dir='ltr'>Σάϐϐατα</span> <span class='ocrx_word' id='word_1_203' title='bbox 3012 719 3108 773; x_wconf 77' lang='grc' dir='ltr'>καὶ</span> <span class='ocrx_word' id='word_1_204' title='bbox 3150 718 3249 781; x_wconf 83' lang='grc' dir='ltr'><strong>τὰς</strong></span> <span class='ocrx_word' id='word_1_205' title='bbox 3294 717 3595 788; x_wconf 79' lang='grc' dir='ltr'>Κυριακάς.</span> 
     </span>
    </p>
   </div>
   <div class='ocr_carea' id='block_1_34' title="bbox 2029 810 3599 887">
    <p class='ocr_par' dir='ltr' id='par_1_34' title="bbox 2029 810 3599 887">
     <span class='ocr_line' id='line_1_34' title="bbox 2029 810 3599 887; baseline -0.004 -17"><span class='ocrx_word' id='word_1_206' title='bbox 2029 816 2387 887; x_wconf 83' lang='grc' dir='ltr'>Καταλύομεν</span> <span class='ocrx_word' id='word_1_207' title='bbox 2432 816 2543 887; x_wconf 79' lang='grc' dir='ltr'><strong>γάρ</strong></span> <span class='ocrx_word' id='word_1_208' title='bbox 2598 815 2799 886; x_wconf 78' lang='grc' dir='ltr'>ὁμοίως</span> <span class='ocrx_word' id='word_1_209' title='bbox 2835 814 2926 867; x_wconf 71' lang='grc' dir='ltr'>καὶ</span> <span class='ocrx_word' id='word_1_210' title='bbox 2977 814 3059 875; x_wconf 85' lang='grc' dir='ltr'><strong>είς</strong></span> <span class='ocrx_word' id='word_1_211' title='bbox 3091 812 3294 873; x_wconf 84' lang='grc' dir='ltr'>ταύτας</span> <span class='ocrx_word' id='word_1_212' title='bbox 3336 811 3480 863; x_wconf 82' lang='grc' dir='ltr'><strong>κατά</strong></span> <span class='ocrx_word' id='word_1_213' title='bbox 3508 810 3599 863; x_wconf 75' lang='grc' dir='ltr'><strong>τὸν</strong></span> 
     </span>
    </p>
   </div>
   <div class='ocr_carea' id='block_1_35' title="bbox 2030 899 3597 976">
    <p class='ocr_par' dir='ltr' id='par_1_35' title="bbox 2030 899 3597 976">
     <span class='ocr_line' id='line_1_35' title="bbox 2030 899 3597 976; baseline -0.007 -14"><span class='ocrx_word' id='word_1_214' title='bbox 2030 908 2114 976; x_wconf 74' lang='grc' dir='ltr'><strong>ξς¹</strong></span> <span class='ocrx_word' id='word_1_215' title='bbox 2172 908 2528 962; x_wconf 76' lang='grc' dir='ltr'>ἀποστολικδν</span> <span class='ocrx_word' id='word_1_216' title='bbox 2598 907 2818 962; x_wconf 86' lang='grc' dir='ltr'>κανόνα.</span> <span class='ocrx_word' id='word_1_217' title='bbox 2874 904 3187 975; x_wconf 82' lang='grc' dir='ltr'>Σημείωσαι</span> <span class='ocrx_word' id='word_1_218' title='bbox 3248 900 3440 954; x_wconf 75' lang='grc' dir='ltr'>δὲκαὶ</span> <span class='ocrx_word' id='word_1_219' title='bbox 3489 899 3597 953; x_wconf 73' lang='grc' dir='ltr'><strong>άπὸ</strong></span> 
     </span>
    </p>
   </div>
   <div class='ocr_carea' id='block_1_36' title="bbox 2026 992 3597 1072">
    <p class='ocr_par' dir='ltr' id='par_1_36' title="bbox 2026 992 3597 1072">
     <span class='ocr_line' id='line_1_36' title="bbox 2026 992 3597 1072; baseline -0.006 -17"><span class='ocrx_word' id='word_1_220' title='bbox 2026 1004 2121 1056; x_wconf 82' lang='grc' dir='ltr'>τοῦ</span> <span class='ocrx_word' id='word_1_221' title='bbox 2151 1002 2414 1072; x_wconf 80' lang='grc' dir='ltr'><strong>παρόντος</strong></span> <span class='ocrx_word' id='word_1_222' title='bbox 2455 1000 2681 1062; x_wconf 78' lang='grc' dir='ltr'><strong>κανόνος</strong></span> <span class='ocrx_word' id='word_1_223' title='bbox 2706 1000 2788 1053; x_wconf 83' lang='grc' dir='ltr'>ὅτι</span> <span class='ocrx_word' id='word_1_224' title='bbox 2830 997 3037 1067; x_wconf 78' lang='grc' dir='ltr'><strong>κυρίως</strong></span> <span class='ocrx_word' id='word_1_225' title='bbox 3064 996 3161 1066; x_wconf 87' lang='grc' dir='ltr'><strong>μία</strong></span> <span class='ocrx_word' id='word_1_226' title='bbox 3190 996 3338 1048; x_wconf 70' lang='grc' dir='ltr'>ἐστὶν</span> <span class='ocrx_word' id='word_1_227' title='bbox 3372 992 3597 1063; x_wconf 87' lang='grc' dir='ltr'>νηστεία</span> 
     </span>
    </p>
   </div>
   <div class='ocr_carea' id='block_1_37' title="bbox 2027 1082 3597 1166">
    <p class='ocr_par' dir='ltr' id='par_1_37' title="bbox 2027 1082 3597 1166">
     <span class='ocr_line' id='line_1_37' title="bbox 2027 1082 3597 1166; baseline -0.008 -17"><span class='ocrx_word' id='word_1_228' title='bbox 2027 1098 2060 1166; x_wconf 80' lang='grc' dir='ltr'>ἡ</span> <span class='ocrx_word' id='word_1_229' title='bbox 2096 1094 2692 1165; x_wconf 86' lang='grc' dir='ltr'>Τεσσαρακονθήμερος</span> <span class='ocrx_word' id='word_1_230' title='bbox 2738 1092 2771 1159; x_wconf 85' lang='grc' dir='ltr'>ἠ</span> <span class='ocrx_word' id='word_1_231' title='bbox 2820 1090 2914 1143; x_wconf 86' lang='grc' dir='ltr'>τοῦ</span> <span class='ocrx_word' id='word_1_232' title='bbox 2966 1090 3193 1160; x_wconf 79' lang='grc' dir='ltr'>Πάσχαο</span> <span class='ocrx_word' id='word_1_233' title='bbox 3229 1089 3276 1141; x_wconf 78' lang='grc' dir='ltr'>εἰ</span> <span class='ocrx_word' id='word_1_234' title='bbox 3315 1087 3424 1155; x_wconf 84' lang='grc' dir='ltr'><strong>γὰρ</strong></span> <span class='ocrx_word' id='word_1_235' title='bbox 3455 1082 3597 1155; x_wconf 79' lang='grc' dir='ltr'>ἦσαν</span> 
     </span>
    </p>
   </div>
   <div class='ocr_carea' id='block_1_38' title="bbox 2027 1177 3595 1255">
    <p class='ocr_par' dir='ltr' id='par_1_38' title="bbox 2027 1177 3595 1255">
     <span class='ocr_line' id='line_1_38' title="bbox 2027 1177 3595 1255; baseline -0.006 -15"><span class='ocrx_word' id='word_1_236' title='bbox 2027 1189 2120 1241; x_wconf 72' lang='grc' dir='ltr'>καὶ</span> <span class='ocrx_word' id='word_1_237' title='bbox 2137 1186 2316 1252; x_wconf 79' lang='grc' dir='ltr'>ἄλλαι,</span> <span class='ocrx_word' id='word_1_238' title='bbox 2345 1184 2590 1255; x_wconf 78' lang='grc' dir='ltr'><strong>ἐμνήσθη</strong></span> <span class='ocrx_word' id='word_1_239' title='bbox 2618 1184 2685 1238; x_wconf 85' lang='grc' dir='ltr'>ἂν</span> <span class='ocrx_word' id='word_1_240' title='bbox 2717 1186 2810 1236; x_wconf 78' lang='grc' dir='ltr'>καὶ</span> <span class='ocrx_word' id='word_1_241' title='bbox 2836 1180 3044 1235; x_wconf 87' lang='grc' dir='ltr'>τούτων</span> <span class='ocrx_word' id='word_1_242' title='bbox 3064 1183 3092 1233; x_wconf 86' lang='grc' dir='ltr'><strong>ὁ</strong></span> <span class='ocrx_word' id='word_1_243' title='bbox 3116 1179 3314 1241; x_wconf 86' lang='grc' dir='ltr'>κανὼν,</span> <span class='ocrx_word' id='word_1_244' title='bbox 3339 1177 3475 1245; x_wconf 83' lang='grc' dir='ltr'>πλὴν</span> <span class='ocrx_word' id='word_1_245' title='bbox 3502 1177 3595 1231; x_wconf 72' lang='grc' dir='ltr'>καὶ</span> 
     </span>
    </p>
   </div>
   <div class='ocr_carea' id='block_1_39' title="bbox 2026 1270 3593 1345">
    <p class='ocr_par' dir='ltr' id='par_1_39' title="bbox 2026 1270 3593 1345">
     <span class='ocr_line' id='line_1_39' title="bbox 2026 1270 3593 1345; baseline -0.009 -12"><span class='ocrx_word' id='word_1_246' title='bbox 2026 1281 2163 1333; x_wconf 79' lang='grc' dir='ltr'>κατὰ</span> <span class='ocrx_word' id='word_1_247' title='bbox 2196 1280 2294 1343; x_wconf 82' lang='grc' dir='ltr'>τὰς</span> <span class='ocrx_word' id='word_1_248' title='bbox 2321 1278 2487 1341; x_wconf 79' lang='grc' dir='ltr'>ἄλλας</span> <span class='ocrx_word' id='word_1_249' title='bbox 2520 1276 2838 1345; x_wconf 77' lang='grc' dir='ltr'>νηστίμους.</span> <span class='ocrx_word' id='word_1_250' title='bbox 2872 1275 3039 1345; x_wconf 73' lang='grc' dir='ltr'>ἤγουν</span> <span class='ocrx_word' id='word_1_251' title='bbox 3071 1271 3179 1323; x_wconf 87' lang='grc' dir='ltr'><strong>τῶν</strong></span> <span class='ocrx_word' id='word_1_252' title='bbox 3218 1270 3390 1337; x_wconf 88' lang='grc' dir='ltr'>ἁγίων</span> <span class='ocrx_word' id='word_1_253' title='bbox 3420 1270 3593 1322; x_wconf 75' lang='grc' dir='ltr'>Ἀπο-</span> 
     </span>
    </p>
   </div>
   <div class='ocr_carea' id='block_1_40' title="bbox 2028 1362 3595 1439">
    <p class='ocr_par' dir='ltr' id='par_1_40' title="bbox 2028 1362 3595 1439">
     <span class='ocr_line' id='line_1_40' title="bbox 2028 1362 3595 1439; baseline -0.01 -12"><span class='ocrx_word' id='word_1_254' title='bbox 2028 1374 2250 1435; x_wconf 70' lang='grc' dir='ltr'>στόλων,</span> <span class='ocrx_word' id='word_1_255' title='bbox 2282 1373 2379 1426; x_wconf 64' lang='grc' dir='ltr'><strong>καὶ</strong></span> <span class='ocrx_word' id='word_1_256' title='bbox 2406 1371 2503 1439; x_wconf 76' lang='grc' dir='ltr'>τῆς</span> <span class='ocrx_word' id='word_1_257' title='bbox 2524 1370 2852 1439; x_wconf 85' lang='grc' dir='ltr'>Κοιμήσεως</span> <span class='ocrx_word' id='word_1_258' title='bbox 2876 1368 2973 1436; x_wconf 82' lang='grc' dir='ltr'>τῆς</span> <span class='ocrx_word' id='word_1_259' title='bbox 3004 1364 3163 1432; x_wconf 88' lang='grc' dir='ltr'>ἁγίας</span> <span class='ocrx_word' id='word_1_260' title='bbox 3183 1362 3467 1424; x_wconf 85' lang='grc' dir='ltr'>Θεοτόκου,</span> <span class='ocrx_word' id='word_1_261' title='bbox 3500 1362 3595 1413; x_wconf 71' lang='grc' dir='ltr'><strong>καὶ</strong></span> 
     </span>
    </p>
   </div>
   <div class='ocr_carea' id='block_1_41' title="bbox 2024 1453 3593 1533">
    <p class='ocr_par' dir='ltr' id='par_1_41' title="bbox 2024 1453 3593 1533">
     <span class='ocr_line' id='line_1_41' title="bbox 2024 1453 3593 1533; baseline -0.01 -14"><span class='ocrx_word' id='word_1_262' title='bbox 2024 1465 2123 1533; x_wconf 76' lang='grc' dir='ltr'><strong>τῆς</strong></span> <span class='ocrx_word' id='word_1_263' title='bbox 2152 1465 2456 1531; x_wconf 76' lang='grc' dir='ltr'><strong>γεννήσεως</strong></span> <span class='ocrx_word' id='word_1_264' title='bbox 2490 1460 2583 1514; x_wconf 81' lang='grc' dir='ltr'>τοῦ</span> <span class='ocrx_word' id='word_1_265' title='bbox 2634 1456 2894 1528; x_wconf 78' lang='grc' dir='ltr'><strong>Χριστοῦ,</strong></span> <span class='ocrx_word' id='word_1_266' title='bbox 2933 1453 3308 1523; x_wconf 74' lang='grc' dir='ltr'><strong>νηστεύοντες,</strong></span> <span class='ocrx_word' id='word_1_267' title='bbox 3357 1454 3455 1507; x_wconf 75' lang='grc' dir='ltr'>οὐκ</span> <span class='ocrx_word' id='word_1_268' title='bbox 3505 1454 3593 1505; x_wconf 80' lang='lat' dir='ltr'><strong>al-</strong></span> 
     </span>
    </p>
   </div>
   <div class='ocr_carea' id='block_1_42' title="bbox 2029 1546 3592 1626">
    <p class='ocr_par' dir='ltr' id='par_1_42' title="bbox 2029 1546 3592 1626">
     <span class='ocr_line' id='line_1_42' title="bbox 2029 1546 3592 1626; baseline -0.008 -17"><span class='ocrx_word' id='word_1_269' title='bbox 2029 1554 2360 1626; x_wconf 84' lang='grc' dir='ltr'>σχυνόμεθα.</span> <span class='ocrx_word' id='word_1_270' title='bbox 2409 1553 2748 1620; x_wconf 83' lang='grc' dir='ltr'>Ἀνάγνωσον</span> <span class='ocrx_word' id='word_1_271' title='bbox 2776 1551 2871 1603; x_wconf 73' lang='grc' dir='ltr'>καὶ</span> <span class='ocrx_word' id='word_1_272' title='bbox 2901 1550 2967 1603; x_wconf 76' lang='grc' dir='ltr'><strong>τὰ</strong></span> <span class='ocrx_word' id='word_1_273' title='bbox 3000 1550 3077 1619; x_wconf 87' lang='grc'><strong>(6)</strong></span> <span class='ocrx_word' id='word_1_274' title='bbox 3110 1547 3243 1617; x_wconf 75' lang='grc' dir='ltr'>παρ’</span> <span class='ocrx_word' id='word_1_275' title='bbox 3266 1546 3422 1615; x_wconf 82' lang='grc' dir='ltr'><strong>ἡμῶν</strong></span> <span class='ocrx_word' id='word_1_276' title='bbox 3451 1562 3592 1615; x_wconf 81' lang='grc' dir='ltr'>γρα-</span> 
     </span>
    </p>
   </div>
   <div class='ocr_carea' id='block_1_43' title="bbox 2026 1640 3593 1717">
    <p class='ocr_par' dir='ltr' id='par_1_43' title="bbox 2026 1640 3593 1717">
     <span class='ocr_line' id='line_1_43' title="bbox 2026 1640 3593 1717; baseline -0.006 -16"><span class='ocrx_word' id='word_1_277' title='bbox 2026 1649 2194 1717; x_wconf 80' lang='grc' dir='ltr'>φέντα</span> <span class='ocrx_word' id='word_1_278' title='bbox 2242 1648 2324 1711; x_wconf 88' lang='grc' dir='ltr'><strong>είς</strong></span> <span class='ocrx_word' id='word_1_279' title='bbox 2369 1647 2468 1712; x_wconf 79' lang='grc' dir='ltr'>τὴν</span> <span class='ocrx_word' id='word_1_280' title='bbox 2518 1651 2567 1713; x_wconf 89' lang='grc' dir='ltr'>γ’</span> <span class='ocrx_word' id='word_1_281' title='bbox 2620 1644 2887 1715; x_wconf 77' lang='grc' dir='ltr'><strong>ἐρώτησιν</strong></span> <span class='ocrx_word' id='word_1_282' title='bbox 2949 1642 3058 1695; x_wconf 85' lang='grc' dir='ltr'><strong>τῶν</strong></span> <span class='ocrx_word' id='word_1_283' title='bbox 3095 1640 3404 1711; x_wconf 78' lang='grc' dir='ltr'>γενομένων</span> <span class='ocrx_word' id='word_1_284' title='bbox 3436 1655 3593 1692; x_wconf 74' lang='grc' dir='ltr'>συνοο</span> 
     </span>
    </p>
   </div>
   <div class='ocr_carea' id='block_1_44' title="bbox 2025 1731 3590 1806">
    <p class='ocr_par' dir='ltr' id='par_1_44' title="bbox 2025 1731 3590 1806">
     <span class='ocr_line' id='line_1_44' title="bbox 2025 1731 3590 1806; baseline -0.005 -15"><span class='ocrx_word' id='word_1_285' title='bbox 2025 1738 2190 1792; x_wconf 81' lang='grc' dir='ltr'>δικῶν</span> <span class='ocrx_word' id='word_1_286' title='bbox 2218 1737 2566 1806; x_wconf 84' lang='grc' dir='ltr'>ἀποκρίσεων</span> <span class='ocrx_word' id='word_1_287' title='bbox 2594 1734 2812 1788; x_wconf 72' lang='grc' dir='ltr'>ἐπὶτῶν</span> <span class='ocrx_word' id='word_1_288' title='bbox 2842 1733 3068 1805; x_wconf 80' lang='grc' dir='ltr'>ἡμερῶν</span> <span class='ocrx_word' id='word_1_289' title='bbox 3100 1732 3192 1786; x_wconf 77' lang='grc' dir='ltr'><strong>τοῦ</strong></span> <span class='ocrx_word' id='word_1_290' title='bbox 3242 1731 3590 1803; x_wconf 81' lang='grc' dir='ltr'><strong>πατριάρχου</strong></span> 
     </span>
    </p>
   </div>
   <div class='ocr_carea' id='block_1_45' title="bbox 2027 1830 2515 1900">
    <p class='ocr_par' dir='ltr' id='par_1_45' title="bbox 2027 1830 2515 1900">
     <span class='ocr_line' id='line_1_45' title="bbox 2027 1830 2515 1900; baseline -0.004 -16"><span class='ocrx_word' id='word_1_291' title='bbox 2027 1830 2195 1900; x_wconf 80' lang='grc' dir='ltr'>κυροῦ</span> <span class='ocrx_word' id='word_1_292' title='bbox 2224 1830 2515 1884; x_wconf 81' lang='grc' dir='ltr'>Νικολάου.</span> 
     </span>
    </p>
   </div>
   <div class='ocr_carea' id='block_1_46' title="bbox 2095 1916 3595 1990">
    <p class='ocr_par' dir='ltr' id='par_1_46' title="bbox 2095 1916 3595 1990">
     <span class='ocr_line' id='line_1_46' title="bbox 2095 1916 3595 1990; baseline -0.003 -17"><span class='ocrx_word' id='word_1_293' title='bbox 2095 1919 2344 1973; x_wconf 77' lang='grc' dir='ltr'><strong>ΖΩΝΑΡ.</strong></span> <span class='ocrx_word' id='word_1_294' title='bbox 2416 1920 2511 1972; x_wconf 85' lang='grc' dir='ltr'>Ἐκ</span> <span class='ocrx_word' id='word_1_295' title='bbox 2556 1918 2756 1980; x_wconf 78' lang='grc' dir='ltr'>παντὸς</span> <span class='ocrx_word' id='word_1_296' title='bbox 2809 1919 3010 1990; x_wconf 87' lang='grc' dir='ltr'>τρόπου</span> <span class='ocrx_word' id='word_1_297' title='bbox 3055 1919 3083 1971; x_wconf 86' lang='grc' dir='ltr'><strong>δ</strong></span> <span class='ocrx_word' id='word_1_298' title='bbox 3134 1918 3313 1971; x_wconf 88' lang='grc' dir='ltr'>κανὼν</span> <span class='ocrx_word' id='word_1_299' title='bbox 3365 1916 3595 1969; x_wconf 83' lang='grc' dir='ltr'>ἀπαιτεῖ</span> 
     </span>
    </p>
   </div>
   <div class='ocr_carea' id='block_1_47' title="bbox 2018 2007 3591 2081">
    <p class='ocr_par' dir='ltr' id='par_1_47' title="bbox 2018 2007 3591 2081">
     <span class='ocr_line' id='line_1_47' title="bbox 2018 2007 3591 2081; baseline -0.003 -17"><span class='ocrx_word' id='word_1_300' title='bbox 2018 2012 2147 2074; x_wconf 81' lang='grc' dir='ltr'>τοὺς</span> <span class='ocrx_word' id='word_1_301' title='bbox 2178 2012 2403 2073; x_wconf 80' lang='grc' dir='ltr'>πιστοὺς</span> <span class='ocrx_word' id='word_1_302' title='bbox 2429 2009 2526 2081; x_wconf 80' lang='grc' dir='ltr'><strong>τὴν</strong></span> <span class='ocrx_word' id='word_1_303' title='bbox 2559 2010 2723 2078; x_wconf 90' lang='grc' dir='ltr'>ἁγίαν</span> <span class='ocrx_word' id='word_1_304' title='bbox 2763 2008 3226 2081; x_wconf 84' lang='grc' dir='ltr'>Τεσσαρακοστὴν</span> <span class='ocrx_word' id='word_1_305' title='bbox 3251 2008 3345 2061; x_wconf 79' lang='grc' dir='ltr'><strong>τοῦ</strong></span> <span class='ocrx_word' id='word_1_306' title='bbox 3380 2007 3591 2079; x_wconf 85' lang='grc' dir='ltr'>Πάσχα,</span> 
     </span>
    </p>
   </div>
   <div class='ocr_carea' id='block_1_48' title="bbox 2024 2098 3595 2172">
    <p class='ocr_par' dir='ltr' id='par_1_48' title="bbox 2024 2098 3595 2172">
     <span class='ocr_line' id='line_1_48' title="bbox 2024 2098 3595 2172; baseline -0.001 -19"><span class='ocrx_word' id='word_1_307' title='bbox 2024 2101 2119 2153; x_wconf 74' lang='grc' dir='ltr'>καὶ</span> <span class='ocrx_word' id='word_1_308' title='bbox 2153 2100 2402 2170; x_wconf 87' lang='grc' dir='ltr'>Τετράδα</span> <span class='ocrx_word' id='word_1_309' title='bbox 2465 2100 2558 2153; x_wconf 80' lang='grc' dir='ltr'>καὶ</span> <span class='ocrx_word' id='word_1_310' title='bbox 2592 2100 2957 2172; x_wconf 82' lang='grc' dir='ltr'>Παρασκευὴν</span> <span class='ocrx_word' id='word_1_311' title='bbox 3004 2100 3245 2168; x_wconf 80' lang='grc' dir='ltr'><strong>ἑκάστης</strong></span> <span class='ocrx_word' id='word_1_312' title='bbox 3282 2098 3391 2151; x_wconf 83' lang='grc' dir='ltr'>τῶν</span> <span class='ocrx_word' id='word_1_313' title='bbox 3417 2098 3595 2153; x_wconf 77' lang='grc' dir='ltr'>ἄλλων</span> 
     </span>
    </p>
   </div>
   <div class='ocr_carea' id='block_1_49' title="bbox 2021 2191 3595 2265">
    <p class='ocr_par' dir='ltr' id='par_1_49' title="bbox 2021 2191 3595 2265">
     <span class='ocr_line' id='line_1_49' title="bbox 2021 2191 3595 2265; baseline -0.003 -18"><span class='ocrx_word' id='word_1_314' title='bbox 2021 2193 2334 2263; x_wconf 76' lang='grc' dir='ltr'>ἑϐδομάδων</span> <span class='ocrx_word' id='word_1_315' title='bbox 2373 2195 2429 2246; x_wconf 83' lang='grc' dir='ltr'><strong>ὲν</strong></span> <span class='ocrx_word' id='word_1_316' title='bbox 2456 2193 2683 2265; x_wconf 79' lang='grc' dir='ltr'><strong>νηστείᾳ</strong></span> <span class='ocrx_word' id='word_1_317' title='bbox 2715 2194 2943 2261; x_wconf 86' lang='grc' dir='ltr'>διάγειν,</span> <span class='ocrx_word' id='word_1_318' title='bbox 2976 2194 3023 2245; x_wconf 89' lang='grc' dir='ltr'><strong>εί</strong></span> <span class='ocrx_word' id='word_1_319' title='bbox 3060 2193 3132 2263; x_wconf 87' lang='grc' dir='ltr'>μή</span> <span class='ocrx_word' id='word_1_320' title='bbox 3167 2210 3250 2255; x_wconf 87' lang='grc' dir='ltr'><strong>τις</strong></span> <span class='ocrx_word' id='word_1_321' title='bbox 3280 2191 3370 2245; x_wconf 78' lang='grc' dir='ltr'><strong>διὰ</strong></span> <span class='ocrx_word' id='word_1_322' title='bbox 3408 2207 3595 2260; x_wconf 80' lang='grc' dir='ltr'>σωμα-</span> 
     </span>
    </p>
   </div>
   <div class='ocr_carea' id='block_1_50' title="bbox 2019 2280 3593 2355">
    <p class='ocr_par' dir='ltr' id='par_1_50' title="bbox 2019 2280 3593 2355">
     <span class='ocr_line' id='line_1_50' title="bbox 2019 2280 3593 2355; baseline -0.003 -17"><span class='ocrx_word' id='word_1_323' title='bbox 2019 2284 2181 2355; x_wconf 87' lang='grc' dir='ltr'>τικὴν</span> <span class='ocrx_word' id='word_1_324' title='bbox 2214 2283 2501 2338; x_wconf 80' lang='grc' dir='ltr'>ἀσθένειαν</span> <span class='ocrx_word' id='word_1_325' title='bbox 2538 2284 2822 2355; x_wconf 79' lang='grc' dir='ltr'>νηστύειν</span> <span class='ocrx_word' id='word_1_326' title='bbox 2859 2284 2921 2337; x_wconf 83' lang='grc' dir='ltr'>οὐ</span> <span class='ocrx_word' id='word_1_327' title='bbox 2980 2284 3242 2336; x_wconf 77' lang='grc' dir='ltr'>δύναται·</span> <span class='ocrx_word' id='word_1_328' title='bbox 3278 2283 3310 2351; x_wconf 83' lang='grc' dir='ltr'><strong>ὴ</strong></span> <span class='ocrx_word' id='word_1_329' title='bbox 3353 2280 3462 2351; x_wconf 80' lang='grc' dir='ltr'><strong>γὰρ</strong></span> <span class='ocrx_word' id='word_1_330' title='bbox 3496 2298 3593 2350; x_wconf 78' lang='grc' dir='ltr'><strong>νηο</strong></span> 
     </span>
    </p>
   </div>
   <div class='ocr_carea' id='block_1_51' title="bbox 2024 2370 3590 2446">
    <p class='ocr_par' dir='ltr' id='par_1_51' title="bbox 2024 2370 3590 2446">
     <span class='ocr_line' id='line_1_51' title="bbox 2024 2370 3590 2446; baseline -0.005 -16"><span class='ocrx_word' id='word_1_331' title='bbox 2024 2377 2175 2430; x_wconf 88' lang='grc' dir='ltr'>στεία</span> <span class='ocrx_word' id='word_1_332' title='bbox 2202 2376 2289 2429; x_wconf 80' lang='grc' dir='ltr'><strong>διὰ</strong></span> <span class='ocrx_word' id='word_1_333' title='bbox 2320 2374 2651 2428; x_wconf 82' lang='grc' dir='ltr'>ταπείνωσιν</span> <span class='ocrx_word' id='word_1_334' title='bbox 2673 2375 3021 2446; x_wconf 73' lang='grc' dir='ltr'><strong>ἐπινενόηται</strong></span> <span class='ocrx_word' id='word_1_335' title='bbox 3052 2375 3150 2442; x_wconf 79' lang='grc' dir='ltr'><strong>τῆς</strong></span> <span class='ocrx_word' id='word_1_336' title='bbox 3184 2372 3412 2443; x_wconf 81' lang='grc' dir='ltr'>σαρκός.</span> <span class='ocrx_word' id='word_1_337' title='bbox 3444 2372 3505 2423; x_wconf 86' lang='grc' dir='ltr'><strong>Εἰ</strong></span> <span class='ocrx_word' id='word_1_338' title='bbox 3542 2370 3590 2423; x_wconf 84' lang='grc' dir='ltr'>δ’</span> 
     </span>
    </p>
   </div>
   <div class='ocr_carea' id='block_1_52' title="bbox 2020 2465 3591 2539">
    <p class='ocr_par' dir='ltr' id='par_1_52' title="bbox 2020 2465 3591 2539">
     <span class='ocr_line' id='line_1_52' title="bbox 2020 2465 3591 2539; baseline -0.003 -18"><span class='ocrx_word' id='word_1_339' title='bbox 2020 2470 2083 2523; x_wconf 84' lang='grc' dir='ltr'>ὲκ</span> <span class='ocrx_word' id='word_1_340' title='bbox 2141 2469 2297 2523; x_wconf 90' lang='grc' dir='ltr'>νόσου</span> <span class='ocrx_word' id='word_1_341' title='bbox 2351 2468 2384 2539; x_wconf 80' lang='grc' dir='ltr'>ἢ</span> <span class='ocrx_word' id='word_1_342' title='bbox 2436 2468 2725 2531; x_wconf 81' lang='grc' dir='ltr'>ἀσθενείας</span> <span class='ocrx_word' id='word_1_343' title='bbox 2756 2467 2922 2537; x_wconf 79' lang='grc' dir='ltr'>ἄλλης</span> <span class='ocrx_word' id='word_1_344' title='bbox 2976 2466 3121 2530; x_wconf 76' lang='grc' dir='ltr'>τινδς</span> <span class='ocrx_word' id='word_1_345' title='bbox 3173 2467 3530 2520; x_wconf 85' lang='grc' dir='ltr'>καταπονοῖτο</span> <span class='ocrx_word' id='word_1_346' title='bbox 3558 2465 3591 2533; x_wconf 84' lang='grc' dir='ltr'>ή</span> 
     </span>
    </p>
   </div>
   <div class='ocr_carea' id='block_1_53' title="bbox 2023 2555 3590 2632">
    <p class='ocr_par' dir='ltr' id='par_1_53' title="bbox 2023 2555 3590 2632">
     <span class='ocr_line' id='line_1_53' title="bbox 2023 2555 3590 2632; baseline -0.005 -17"><span class='ocrx_word' id='word_1_347' title='bbox 2023 2561 2250 2632; x_wconf 80' lang='grc' dir='ltr'>σάρε,ή</span> <span class='ocrx_word' id='word_1_348' title='bbox 2299 2562 2362 2613; x_wconf 85' lang='grc' dir='ltr'>ὲκ</span> <span class='ocrx_word' id='word_1_349' title='bbox 2403 2561 2501 2631; x_wconf 79' lang='grc' dir='ltr'><strong>τῆς</strong></span> <span class='ocrx_word' id='word_1_350' title='bbox 2560 2559 2821 2631; x_wconf 79' lang='grc' dir='ltr'>νηστείας</span> <span class='ocrx_word' id='word_1_351' title='bbox 2872 2558 3203 2621; x_wconf 80' lang='grc' dir='ltr'>ταπείνωσις</span> <span class='ocrx_word' id='word_1_352' title='bbox 3256 2556 3441 2625; x_wconf 75' lang='grc' dir='ltr'>ἐκείνη</span> <span class='ocrx_word' id='word_1_353' title='bbox 3487 2555 3590 2608; x_wconf 83' lang='grc' dir='ltr'>οὐκ</span> 
     </span>
    </p>
   </div>
   <div class='ocr_carea' id='block_1_54' title="bbox 2018 2646 3587 2721">
    <p class='ocr_par' dir='ltr' id='par_1_54' title="bbox 2018 2646 3587 2721">
     <span class='ocr_line' id='line_1_54' title="bbox 2018 2646 3587 2721; baseline -0.004 -16"><span class='ocrx_word' id='word_1_354' title='bbox 2018 2651 2316 2720; x_wconf 82' lang='grc' dir='ltr'>ἀναγκαία.</span> <span class='ocrx_word' id='word_1_355' title='bbox 2350 2651 2489 2713; x_wconf 77' lang='grc' dir='ltr'><strong>Τοὺς</strong></span> <span class='ocrx_word' id='word_1_356' title='bbox 2521 2651 2577 2704; x_wconf 78' lang='grc' dir='ltr'>δὲ</span> <span class='ocrx_word' id='word_1_357' title='bbox 2638 2650 2713 2721; x_wconf 78' lang='grc' dir='ltr'>μὴ</span> <span class='ocrx_word' id='word_1_358' title='bbox 2743 2652 2834 2703; x_wconf 84' lang='grc' dir='ltr'><strong>τὸν</strong></span> <span class='ocrx_word' id='word_1_359' title='bbox 2890 2650 3093 2703; x_wconf 80' lang='grc' dir='ltr'>κανόνα</span> <span class='ocrx_word' id='word_1_360' title='bbox 3130 2646 3323 2702; x_wconf 77' lang='grc' dir='ltr'>τοῦτον</span> <span class='ocrx_word' id='word_1_361' title='bbox 3384 2647 3587 2715; x_wconf 81' lang='grc' dir='ltr'>φυλάτ-</span> 
     </span>
    </p>
   </div>
   <div class='ocr_carea' id='block_1_55' title="bbox 2019 2739 3592 2813">
    <p class='ocr_par' dir='ltr' id='par_1_55' title="bbox 2019 2739 3592 2813">
     <span class='ocr_line' id='line_1_55' title="bbox 2019 2739 3592 2813; baseline -0.004 -17"><span class='ocrx_word' id='word_1_362' title='bbox 2019 2759 2210 2804; x_wconf 83' lang='grc' dir='ltr'>τοντας</span> <span class='ocrx_word' id='word_1_363' title='bbox 2262 2740 2591 2813; x_wconf 82' lang='grc' dir='ltr'>ίερωμένους</span> <span class='ocrx_word' id='word_1_364' title='bbox 2646 2741 2743 2810; x_wconf 79' lang='grc' dir='ltr'><strong>μὲν</strong></span> <span class='ocrx_word' id='word_1_365' title='bbox 2770 2740 3157 2809; x_wconf 78' lang='grc' dir='ltr'>καθαιρεῖσθαι</span> <span class='ocrx_word' id='word_1_366' title='bbox 3204 2739 3532 2810; x_wconf 83' lang='grc' dir='ltr'>προστάττει</span> <span class='ocrx_word' id='word_1_367' title='bbox 3563 2739 3592 2790; x_wconf 85' lang='grc' dir='ltr'><strong>ό</strong></span> 
     </span>
    </p>
   </div>
   <div class='ocr_carea' id='block_1_56' title="bbox 2021 2825 3588 2903">
    <p class='ocr_par' dir='ltr' id='par_1_56' title="bbox 2021 2825 3588 2903">
     <span class='ocr_line' id='line_1_56' title="bbox 2021 2825 3588 2903; baseline -0.003 -16"><span class='ocrx_word' id='word_1_368' title='bbox 2021 2834 2220 2899; x_wconf 88' lang='grc' dir='ltr'>κανὼν,</span> <span class='ocrx_word' id='word_1_369' title='bbox 2278 2835 2501 2897; x_wconf 79' lang='grc' dir='ltr'>λαῖκοὺς</span> <span class='ocrx_word' id='word_1_370' title='bbox 2556 2834 2616 2887; x_wconf 83' lang='grc' dir='ltr'>δὲ</span> <span class='ocrx_word' id='word_1_371' title='bbox 2672 2831 3053 2903; x_wconf 77' lang='grc' dir='ltr'>ἀφορίζεσθαι.</span> <span class='ocrx_word' id='word_1_372' title='bbox 3109 2830 3451 2902; x_wconf 83' lang='grc' dir='ltr'>Σημειωτέον</span> <span class='ocrx_word' id='word_1_373' title='bbox 3495 2825 3588 2884; x_wconf 81' lang='grc' dir='ltr'><strong>οὖν</strong></span> 
     </span>
    </p>
   </div>
   <div class='ocr_carea' id='block_1_57' title="bbox 2017 2922 3581 2997">
    <p class='ocr_par' dir='ltr' id='par_1_57' title="bbox 2017 2922 3581 2997">
     <span class='ocr_line' id='line_1_57' title="bbox 2017 2922 3581 2997; baseline -0.004 -18"><span class='ocrx_word' id='word_1_374' title='bbox 2017 2928 2098 2980; x_wconf 85' lang='grc' dir='ltr'>ὅτι</span> <span class='ocrx_word' id='word_1_375' title='bbox 2135 2927 2191 2979; x_wconf 79' lang='grc' dir='ltr'>ἐν</span> <span class='ocrx_word' id='word_1_376' title='bbox 2242 2926 2333 2997; x_wconf 84' lang='grc' dir='ltr'><strong>ῐσῃ</strong></span> <span class='ocrx_word' id='word_1_377' title='bbox 2365 2925 2518 2991; x_wconf 79' lang='grc' dir='ltr'>τάξει</span> <span class='ocrx_word' id='word_1_378' title='bbox 2566 2924 2781 2996; x_wconf 88' lang='grc' dir='ltr'>τίθησιν</span> <span class='ocrx_word' id='word_1_379' title='bbox 2813 2925 2841 2976; x_wconf 85' lang='grc' dir='ltr'><strong>ὁ</strong></span> <span class='ocrx_word' id='word_1_380' title='bbox 2890 2922 3072 2977; x_wconf 88' lang='grc' dir='ltr'>κανὼν</span> <span class='ocrx_word' id='word_1_381' title='bbox 3102 2922 3203 2995; x_wconf 73' lang='grc' dir='ltr'><strong>τὴν</strong></span> <span class='ocrx_word' id='word_1_382' title='bbox 3251 2923 3411 2991; x_wconf 88' lang='grc' dir='ltr'>ἁγίαν</span> <span class='ocrx_word' id='word_1_383' title='bbox 3443 2924 3581 2974; x_wconf 76' lang='lat' dir='ltr'><strong>Tea—</strong></span> 
     </span>
    </p>
   </div>
   <div class='ocr_carea' id='block_1_58' title="bbox 2023 3014 3591 3088">
    <p class='ocr_par' dir='ltr' id='par_1_58' title="bbox 2023 3014 3591 3088">
     <span class='ocr_line' id='line_1_58' title="bbox 2023 3014 3591 3088; baseline -0.003 -18"><span class='ocrx_word' id='word_1_384' title='bbox 2023 3018 2370 3088; x_wconf 80' lang='grc' dir='ltr'>σαρακοστὴν</span> <span class='ocrx_word' id='word_1_385' title='bbox 2419 3018 2512 3071; x_wconf 82' lang='grc' dir='ltr'><strong>τοῦ</strong></span> <span class='ocrx_word' id='word_1_386' title='bbox 2553 3017 2765 3087; x_wconf 83' lang='grc' dir='ltr'>Πάσχα,</span> <span class='ocrx_word' id='word_1_387' title='bbox 2814 3016 2909 3069; x_wconf 70' lang='grc' dir='ltr'>καὶ</span> <span class='ocrx_word' id='word_1_388' title='bbox 2941 3015 3189 3086; x_wconf 85' lang='grc' dir='ltr'>Τετράδα</span> <span class='ocrx_word' id='word_1_389' title='bbox 3249 3014 3346 3067; x_wconf 79' lang='grc' dir='ltr'>καὶ</span> <span class='ocrx_word' id='word_1_390' title='bbox 3402 3014 3591 3084; x_wconf 87' lang='grc' dir='ltr'>Παρα-</span> 
     </span>
    </p>
   </div>
   <div class='ocr_carea' id='block_1_59' title="bbox 2020 3110 2245 3179">
    <p class='ocr_par' dir='ltr' id='par_1_59' title="bbox 2020 3110 2245 3179">
     <span class='ocr_line' id='line_1_59' title="bbox 2020 3110 2245 3179; baseline -0.004 -16"><span class='ocrx_word' id='word_1_391' title='bbox 2020 3110 2245 3179; x_wconf 81' lang='grc' dir='ltr'>σκευήν.</span> 
     </span>
    </p>
   </div>
   <div class='ocr_carea' id='block_1_60' title="bbox 345 3191 1912 3282">
    <p class='ocr_par' dir='ltr' id='par_1_60' title="bbox 345 3191 1912 3282">
     <span class='ocr_line' id='line_1_60' title="bbox 345 3191 1912 3282; baseline 0.014 -37"><span class='ocrx_word' id='word_1_392' title='bbox 345 3191 575 3249; x_wconf 72' lang='grc' dir='ltr'><strong>ΛΒΙδΤ.</strong></span> <span class='ocrx_word' id='word_1_393' title='bbox 606 3196 868 3253; x_wconf 81' lang='lat' dir='ltr'><strong>Clericum</strong></span> <span class='ocrx_word' id='word_1_394' title='bbox 901 3220 1003 3257; x_wconf 88' lang='lat' dir='ltr'><strong>non</strong></span> <span class='ocrx_word' id='word_1_395' title='bbox 1036 3206 1368 3273; x_wconf 80' lang='lat' dir='ltr'><strong>jejunantem</strong></span> <span class='ocrx_word' id='word_1_396' title='bbox 1416 3209 1912 3282; x_wconf 83' lang='lat' dir='ltr'><strong>Quadragcsimam,</strong></span> 
     </span>
    </p>
   </div>
   <div class='ocr_carea' id='block_1_61' title="bbox 2030 3191 3590 3282">
    <p class='ocr_par' dir='ltr' id='par_1_61' title="bbox 2030 3196 3590 3269">
     <span class='ocr_line' id='line_1_61' title="bbox 2030 3196 3590 3269; baseline -0.003 -15"><span class='ocrx_word' id='word_1_397' title='bbox 2030 3203 2241 3256; x_wconf 75' lang='grc' dir='ltr'><strong>ΑΡΙΣΤ.</strong></span> <span class='ocrx_word' id='word_1_398' title='bbox 2290 3202 2401 3255; x_wconf 76' lang='grc' dir='ltr'><em>Τὸν</em></span> <span class='ocrx_word' id='word_1_399' title='bbox 2426 3200 2511 3269; x_wconf 82' lang='grc' dir='ltr'>μὴ</span> <span class='ocrx_word' id='word_1_400' title='bbox 2532 3200 2908 3266; x_wconf 80' lang='grc' dir='ltr'>νηστεύοντα</span> <span class='ocrx_word' id='word_1_401' title='bbox 2937 3198 3052 3267; x_wconf 70' lang='grc' dir='ltr'><strong>τὴν</strong></span> <span class='ocrx_word' id='word_1_402' title='bbox 3079 3196 3590 3267; x_wconf 76' lang='grc' dir='ltr'>Τεσσσρακοστήν</span> 
     </span>
    </p>
   </div>
   <div class='ocr_carea' id='block_1_62' title="bbox 417 3284 1912 3369">
    <p class='ocr_par' dir='ltr' id='par_1_62' title="bbox 417 3284 1912 3369">
     <span class='ocr_line' id='line_1_62' title="bbox 417 3284 1912 3369; baseline 0.015 -33"><span class='ocrx_word' id='word_1_403' title='bbox 417 3284 493 3337; x_wconf 82' lang='lat' dir='ltr'><strong>vel</strong></span> <span class='ocrx_word' id='word_1_404' title='bbox 526 3299 770 3355; x_wconf 81' lang='lat' dir='ltr'><strong>quartum</strong></span> <span class='ocrx_word' id='word_1_405' title='bbox 798 3291 953 3352; x_wconf 82' lang='lat' dir='ltr'><strong>diem.</strong></span> <span class='ocrx_word' id='word_1_406' title='bbox 978 3294 1054 3347; x_wconf 79' lang='lat' dir='ltr'><strong>rel</strong></span> <span class='ocrx_word' id='word_1_407' title='bbox 1098 3294 1420 3351; x_wconf 76' lang='lat' dir='ltr'><strong>Parascevcn</strong></span> <span class='ocrx_word' id='word_1_408' title='bbox 1446 3302 1694 3369; x_wconf 82' lang='lat' dir='ltr'><strong>depones,</strong></span> <span class='ocrx_word' id='word_1_409' title='bbox 1719 3302 1912 3358; x_wconf 85' lang='lat' dir='ltr'><strong>laicum</strong></span> 
     </span>
    </p>
   </div>
   <div class='ocr_carea' id='block_1_63' title="bbox 412 3382 1916 3457">
    <p class='ocr_par' dir='ltr' id='par_1_63' title="bbox 412 3382 1916 3457">
     <span class='ocr_line' id='line_1_63' title="bbox 412 3382 1916 3457; baseline 0.015 -30"><span class='ocrx_word' id='word_1_410' title='bbox 412 3384 587 3430; x_wconf 77' lang='lat' dir='ltr'><strong>autem</strong></span> <span class='ocrx_word' id='word_1_411' title='bbox 621 3382 1116 3451; x_wconf 70' lang='lat' dir='ltr'><strong>excommunicabis,</strong></span> <span class='ocrx_word' id='word_1_412' title='bbox 1154 3387 1257 3439; x_wconf 82' lang='lat' dir='ltr'><strong>nisi</strong></span> <span class='ocrx_word' id='word_1_413' title='bbox 1306 3404 1397 3454; x_wconf 87' lang='lat' dir='ltr'><strong>per</strong></span> <span class='ocrx_word' id='word_1_414' title='bbox 1428 3390 1786 3457; x_wconf 73' lang='lat' dir='ltr'><strong>inﬁrmitatem</strong></span> <span class='ocrx_word' id='word_1_415' title='bbox 1816 3395 1916 3448; x_wconf 82' lang='lat' dir='ltr'><strong>im-</strong></span> 
     </span>
    </p>
   </div>
   <div class='ocr_carea' id='block_1_64' title="bbox 414 3470 1031 3540">
    <p class='ocr_par' dir='ltr' id='par_1_64' title="bbox 414 3470 1031 3540">
     <span class='ocr_line' id='line_1_64' title="bbox 414 3470 1031 3540; baseline 0.015 -18"><span class='ocrx_word' id='word_1_416' title='bbox 414 3470 648 3523; x_wconf 58' lang='lat' dir='ltr'><strong>peditur.</strong></span> <span class='ocrx_word' id='word_1_417' title='bbox 683 3472 1031 3540; x_wconf 86' lang='lat' dir='ltr'><strong>I‘crspicuus.</strong></span> 
     </span>
    </p>
   </div>
   <div class='ocr_carea' id='block_1_65' title="bbox 863 3586 1430 3659">
    <p class='ocr_par' dir='ltr' id='par_1_65' title="bbox 863 3586 1430 3659">
     <span class='ocr_line' id='line_1_65' title="bbox 863 3586 1430 3659; baseline 0.014 -19"><span class='ocrx_word' id='word_1_418' title='bbox 863 3586 972 3659; x_wconf 69' lang='lat'><strong>46</strong></span> <span class='ocrx_word' id='word_1_419' title='bbox 1008 3588 1233 3644; x_wconf 79' lang='lat' dir='ltr'><strong>CANON</strong></span> <span class='ocrx_word' id='word_1_420' title='bbox 1271 3592 1430 3647; x_wconf 83' lang='lat' dir='ltr'><strong>Lxx.</strong></span> 
     </span>
    </p>
   </div>
   <div class='ocr_carea' id='block_1_66' title="bbox 344 3690 1914 3771">
    <p class='ocr_par' dir='ltr' id='par_1_66' title="bbox 344 3690 1914 3771">
     <span class='ocr_line' id='line_1_66' title="bbox 344 3690 1914 3771; baseline 0.008 -24"><span class='ocrx_word' id='word_1_421' title='bbox 344 3690 552 3763; x_wconf 81' lang='lat' dir='ltr'><strong>Siquis</strong></span> <span class='ocrx_word' id='word_1_422' title='bbox 588 3695 883 3764; x_wconf 82' lang='lat' dir='ltr'><strong>episcopus,</strong></span> <span class='ocrx_word' id='word_1_423' title='bbox 933 3698 1014 3752; x_wconf 79' lang='lat' dir='ltr'><strong>vel</strong></span> <span class='ocrx_word' id='word_1_424' title='bbox 1058 3701 1348 3771; x_wconf 72' lang='lat' dir='ltr'><strong>presbyter,</strong></span> <span class='ocrx_word' id='word_1_425' title='bbox 1399 3705 1471 3758; x_wconf 73' lang='lat' dir='ltr'><strong>vel</strong></span> <span class='ocrx_word' id='word_1_426' title='bbox 1514 3705 1788 3770; x_wconf 74' lang='lat' dir='ltr'><strong>diaconus,</strong></span> <span class='ocrx_word' id='word_1_427' title='bbox 1835 3706 1914 3761; x_wconf 80' lang='lat' dir='ltr'><strong>vel</strong></span> 
     </span>
    </p>
   </div>
   <div class='ocr_carea' id='block_1_67' title="bbox 413 3788 1909 3865">
    <p class='ocr_par' dir='ltr' id='par_1_67' title="bbox 413 3788 1909 3865">
     <span class='ocr_line' id='line_1_67' title="bbox 413 3788 1909 3865; baseline 0.01 -29"><span class='ocrx_word' id='word_1_428' title='bbox 413 3788 623 3840; x_wconf 87' lang='lat' dir='ltr'><strong>omnino</strong></span> <span class='ocrx_word' id='word_1_429' title='bbox 640 3804 703 3841; x_wconf 78' lang='lat' dir='ltr'><strong>ex</strong></span> <span class='ocrx_word' id='word_1_430' title='bbox 719 3791 1032 3845; x_wconf 83' lang='lat' dir='ltr'><strong>clericorum</strong></span> <span class='ocrx_word' id='word_1_431' title='bbox 1052 3796 1311 3864; x_wconf 83' lang='lat' dir='ltr'><strong>catalogo,</strong></span> <span class='ocrx_word' id='word_1_432' title='bbox 1324 3797 1534 3865; x_wconf 71' lang='lat' dir='ltr'><strong>jejuna:</strong></span> <span class='ocrx_word' id='word_1_433' title='bbox 1548 3816 1661 3851; x_wconf 85' lang='lat' dir='ltr'><strong>cum</strong></span> <span class='ocrx_word' id='word_1_434' title='bbox 1684 3797 1909 3865; x_wconf 78' lang='lat' dir='ltr'><strong>Juda&#39;is,</strong></span> 
     </span>
    </p>
   </div>
   <div class='ocr_carea' id='block_1_68' title="bbox 411 3877 1913 3960">
    <p class='ocr_par' dir='ltr' id='par_1_68' title="bbox 411 3877 1913 3960">
     <span class='ocr_line' id='line_1_68' title="bbox 411 3877 1913 3960; baseline 0.009 -31"><span class='ocrx_word' id='word_1_435' title='bbox 411 3877 489 3929; x_wconf 75' lang='lat' dir='ltr'><strong>vel</strong></span> <span class='ocrx_word' id='word_1_436' title='bbox 520 3895 637 3931; x_wconf 88' lang='lat' dir='ltr'><strong>cum</strong></span> <span class='ocrx_word' id='word_1_437' title='bbox 692 3881 818 3948; x_wconf 82' lang='lat' dir='ltr'><strong>ipsis</strong></span> <span class='ocrx_word' id='word_1_438' title='bbox 869 3882 1029 3951; x_wconf 75' lang='lat' dir='ltr'><strong>festos</strong></span> <span class='ocrx_word' id='word_1_439' title='bbox 1074 3885 1183 3939; x_wconf 86' lang='lat' dir='ltr'><strong>dies</strong></span> <span class='ocrx_word' id='word_1_440' title='bbox 1229 3889 1358 3956; x_wconf 82' lang='lat' dir='ltr'><strong>agit,</strong></span> <span class='ocrx_word' id='word_1_441' title='bbox 1409 3890 1486 3945; x_wconf 84' lang='lat' dir='ltr'><strong>vel</strong></span> <span class='ocrx_word' id='word_1_442' title='bbox 1542 3890 1605 3942; x_wconf 86' lang='lat' dir='ltr'><strong>ab</strong></span> <span class='ocrx_word' id='word_1_443' title='bbox 1638 3892 1761 3960; x_wconf 87' lang='lat' dir='ltr'><strong>ipsis</strong></span> <span class='ocrx_word' id='word_1_444' title='bbox 1791 3892 1913 3960; x_wconf 80' lang='lat' dir='ltr'><strong>festi</strong></span> 
     </span>
    </p>
   </div>
   <div class='ocr_carea' id='block_1_69' title="bbox 410 3970 1911 4049">
    <p class='ocr_par' dir='ltr' id='par_1_69' title="bbox 410 3970 1911 4049">
     <span class='ocr_line' id='line_1_69' title="bbox 410 3970 1911 4049; baseline 0.007 -27"><span class='ocrx_word' id='word_1_445' title='bbox 410 3970 569 4022; x_wconf 69' lang='lat' dir='ltr'><strong>xenia</strong></span> <span class='ocrx_word' id='word_1_446' title='bbox 613 3972 805 4040; x_wconf 82' lang='lat' dir='ltr'><strong>accipit</strong></span> <span class='ocrx_word' id='word_1_447' title='bbox 870 3974 949 4030; x_wconf 81' lang='lat' dir='ltr'><strong>(ut</strong></span> <span class='ocrx_word' id='word_1_448' title='bbox 987 3976 1127 4029; x_wconf 81' lang='lat' dir='ltr'><strong>verbi</strong></span> <span class='ocrx_word' id='word_1_449' title='bbox 1177 3979 1349 4046; x_wconf 81' lang='lat' dir='ltr'><strong>gratia</strong></span> <span class='ocrx_word' id='word_1_450' title='bbox 1391 3996 1599 4049; x_wconf 80' lang='lat' dir='ltr'><strong>azyma,</strong></span> <span class='ocrx_word' id='word_1_451' title='bbox 1649 3990 1741 4033; x_wconf 75' lang='lat' dir='ltr'><strong>aut</strong></span> <span class='ocrx_word' id='word_1_452' title='bbox 1785 3980 1911 4049; x_wconf 85' lang='lat' dir='ltr'><strong>quid</strong></span> 
     </span>
    </p>
   </div>
   <div class='ocr_carea' id='block_1_70' title="bbox 364 4060 1823 4143">
    <p class='ocr_par' dir='ltr' id='par_1_70' title="bbox 364 4060 1823 4143">
     <span class='ocr_line' id='line_1_70' title="bbox 364 4060 1823 4143; baseline 0.009 -31"><span class='ocrx_word' id='word_1_453' title='bbox 364 4136 375 4143; x_wconf 15' lang='grc' dir='ltr'><strong>ἢ</strong></span> <span class='ocrx_word' id='word_1_454' title='bbox 413 4060 537 4129; x_wconf 72' lang='lat' dir='ltr'><strong>tale)</strong></span> <span class='ocrx_word' id='word_1_455' title='bbox 563 4061 874 4131; x_wconf 71' lang='lat' dir='ltr'><strong>deponatur.</strong></span> <span class='ocrx_word' id='word_1_456' title='bbox 917 4063 979 4119; x_wconf 83' lang='lat' dir='ltr'><strong>Si</strong></span> <span class='ocrx_word' id='word_1_457' title='bbox 1011 4082 1128 4120; x_wconf 88' lang='lat' dir='ltr'><strong>vero</strong></span> <span class='ocrx_word' id='word_1_458' title='bbox 1158 4069 1224 4121; x_wconf 81' lang='lat' dir='ltr'><strong>sit</strong></span> <span class='ocrx_word' id='word_1_459' title='bbox 1267 4068 1461 4133; x_wconf 80' lang='lat' dir='ltr'><strong>laicus,</strong></span> <span class='ocrx_word' id='word_1_460' title='bbox 1501 4082 1823 4142; x_wconf 75' lang='lat' dir='ltr'><strong>segregetur.</strong></span> 
     </span>
    </p>
   </div>
   <div class='ocr_carea' id='block_1_71' title="bbox 407 4236 1912 4318">
    <p class='ocr_par' dir='ltr' id='par_1_71' title="bbox 407 4236 1912 4318">
     <span class='ocr_line' id='line_1_71' title="bbox 407 4236 1912 4318; baseline 0.011 -28"><span class='ocrx_word' id='word_1_461' title='bbox 407 4236 602 4293; x_wconf 85' lang='lat' dir='ltr'><strong>BALS.</strong></span> <span class='ocrx_word' id='word_1_462' title='bbox 670 4240 802 4294; x_wconf 88' lang='lat' dir='ltr'><strong>Cum</strong></span> <span class='ocrx_word' id='word_1_463' title='bbox 867 4245 1245 4313; x_wconf 73' lang='lat' dir='ltr'><strong>praecepissent</strong></span> <span class='ocrx_word' id='word_1_464' title='bbox 1299 4263 1396 4318; x_wconf 89' lang='lat' dir='ltr'><strong>per</strong></span> <span class='ocrx_word' id='word_1_465' title='bbox 1466 4252 1602 4305; x_wconf 87' lang='lat' dir='ltr'><strong>alios</strong></span> <span class='ocrx_word' id='word_1_466' title='bbox 1675 4266 1912 4306; x_wconf 81' lang='lat' dir='ltr'><strong>canones</strong></span> 
     </span>
    </p>
   </div>
   <div class='ocr_carea' id='block_1_72' title="bbox 337 4332 1910 4409">
    <p class='ocr_par' dir='ltr' id='par_1_72' title="bbox 337 4332 1910 4409">
     <span class='ocr_line' id='line_1_72' title="bbox 337 4332 1910 4409; baseline 0.009 -24"><span class='ocrx_word' id='word_1_467' title='bbox 337 4332 589 4397; x_wconf 87' lang='lat' dir='ltr'><strong>apostoli,</strong></span> <span class='ocrx_word' id='word_1_468' title='bbox 622 4333 751 4402; x_wconf 91' lang='lat' dir='ltr'><strong>quid</strong></span> <span class='ocrx_word' id='word_1_469' title='bbox 787 4334 901 4389; x_wconf 82' lang='lat' dir='ltr'><strong>ﬁeri</strong></span> <span class='ocrx_word' id='word_1_470' title='bbox 937 4337 1127 4391; x_wconf 87' lang='lat' dir='ltr'><strong>debeat</strong></span> <span class='ocrx_word' id='word_1_471' title='bbox 1156 4340 1207 4393; x_wconf 89' lang='lat' dir='ltr'><strong>in</strong></span> <span class='ocrx_word' id='word_1_472' title='bbox 1241 4353 1335 4395; x_wconf 86' lang='lat' dir='ltr'><strong>eos</strong></span> <span class='ocrx_word' id='word_1_473' title='bbox 1360 4341 1449 4409; x_wconf 92' lang='lat' dir='ltr'><strong>qui</strong></span> <span class='ocrx_word' id='word_1_474' title='bbox 1482 4356 1605 4397; x_wconf 90' lang='lat' dir='ltr'><strong>cum</strong></span> <span class='ocrx_word' id='word_1_475' title='bbox 1637 4343 1910 4399; x_wconf 71' lang='lat' dir='ltr'><strong>haereticis</strong></span> 
     </span>
    </p>
   </div>
   <div class='ocr_carea' id='block_1_73' title="bbox 338 4429 1907 4499">
    <p class='ocr_par' dir='ltr' id='par_1_73' title="bbox 338 4429 1907 4499">
     <span class='ocr_line' id='line_1_73' title="bbox 338 4429 1907 4499; baseline 0.008 -25"><span class='ocrx_word' id='word_1_476' title='bbox 338 4430 632 4491; x_wconf 89' lang='lat' dir='ltr'><strong>precantur</strong></span> <span class='ocrx_word' id='word_1_477' title='bbox 660 4432 751 4477; x_wconf 86' lang='lat' dir='ltr'><strong>aut</strong></span> <span class='ocrx_word' id='word_1_478' title='bbox 774 4439 893 4477; x_wconf 86' lang='lat' dir='ltr'><strong>cum</strong></span> <span class='ocrx_word' id='word_1_479' title='bbox 921 4429 1429 4493; x_wconf 83' lang='lat' dir='ltr'><strong>excommunicatis,</strong></span> <span class='ocrx_word' id='word_1_480' title='bbox 1455 4431 1567 4499; x_wconf 84' lang='lat' dir='ltr'><strong>jam</strong></span> <span class='ocrx_word' id='word_1_481' title='bbox 1592 4433 1907 4498; x_wconf 83' lang='lat' dir='ltr'><strong>decernunt,</strong></span> 
     </span>
    </p>
   </div>
   <div class='ocr_carea' id='block_1_74' title="bbox 338 4515 1904 4593">
    <p class='ocr_par' dir='ltr' id='par_1_74' title="bbox 338 4515 1904 4593">
     <span class='ocr_line' id='line_1_74' title="bbox 338 4515 1904 4593; baseline 0.008 -26"><span class='ocrx_word' id='word_1_482' title='bbox 338 4524 431 4567; x_wconf 88' lang='lat' dir='ltr'><strong>aut</strong></span> <span class='ocrx_word' id='word_1_483' title='bbox 466 4517 554 4583; x_wconf 90' lang='lat' dir='ltr'><strong>qui</strong></span> <span class='ocrx_word' id='word_1_484' title='bbox 596 4531 717 4587; x_wconf 82' lang='lat' dir='ltr'><strong>cum</strong></span> <span class='ocrx_word' id='word_1_485' title='bbox 756 4515 960 4574; x_wconf 64' lang='lat' dir='ltr'><strong>Iudaeis</strong></span> <span class='ocrx_word' id='word_1_486' title='bbox 1010 4517 1295 4586; x_wconf 87' lang='lat' dir='ltr'><strong>jejunant,</strong></span> <span class='ocrx_word' id='word_1_487' title='bbox 1334 4531 1429 4577; x_wconf 89' lang='lat' dir='ltr'><strong>aut</strong></span> <span class='ocrx_word' id='word_1_488' title='bbox 1459 4538 1646 4593; x_wconf 87' lang='lat' dir='ltr'><strong>azyma</strong></span> <span class='ocrx_word' id='word_1_489' title='bbox 1691 4524 1904 4581; x_wconf 80' lang='lat' dir='ltr'><strong>festivi-</strong></span> 
     </span>
    </p>
   </div>
   <div class='ocr_carea' id='block_1_75' title="bbox 337 4607 1907 4686">
    <p class='ocr_par' dir='ltr' id='par_1_75' title="bbox 337 4607 1907 4686">
     <span class='ocr_line' id='line_1_75' title="bbox 337 4607 1907 4686; baseline 0.009 -27"><span class='ocrx_word' id='word_1_490' title='bbox 337 4614 507 4660; x_wconf 87' lang='lat' dir='ltr'><strong>latum</strong></span> <span class='ocrx_word' id='word_1_491' title='bbox 552 4607 789 4675; x_wconf 87' lang='lat' dir='ltr'><strong>ipsorqu</strong></span> <span class='ocrx_word' id='word_1_492' title='bbox 841 4609 1126 4680; x_wconf 89' lang='lat' dir='ltr'><strong>recipiunt,</strong></span> <span class='ocrx_word' id='word_1_493' title='bbox 1167 4621 1260 4665; x_wconf 86' lang='lat' dir='ltr'><strong>aut</strong></span> <span class='ocrx_word' id='word_1_494' title='bbox 1310 4613 1455 4668; x_wconf 91' lang='lat' dir='ltr'><strong>aliud</strong></span> <span class='ocrx_word' id='word_1_495' title='bbox 1497 4617 1755 4686; x_wconf 86' lang='lat' dir='ltr'><strong>ejusmodi</strong></span> <span class='ocrx_word' id='word_1_496' title='bbox 1808 4620 1907 4673; x_wconf 90' lang='lat' dir='ltr'><strong>ali-</strong></span> 
     </span>
    </p>
   </div>
   <div class='ocr_carea' id='block_1_76' title="bbox 336 4698 1903 4775">
    <p class='ocr_par' dir='ltr' id='par_1_76' title="bbox 336 4698 1903 4775">
     <span class='ocr_line' id='line_1_76' title="bbox 336 4698 1903 4775; baseline 0.009 -24"><span class='ocrx_word' id='word_1_497' title='bbox 336 4698 480 4766; x_wconf 90' lang='lat' dir='ltr'><strong>quod</strong></span> <span class='ocrx_word' id='word_1_498' title='bbox 520 4714 734 4765; x_wconf 88' lang='lat' dir='ltr'><strong>munus,</strong></span> <span class='ocrx_word' id='word_1_499' title='bbox 788 4699 835 4754; x_wconf 92' lang='lat' dir='ltr'><strong>si</strong></span> <span class='ocrx_word' id='word_1_500' title='bbox 871 4700 1087 4768; x_wconf 87' lang='lat' dir='ltr'><strong>quidem</strong></span> <span class='ocrx_word' id='word_1_501' title='bbox 1141 4700 1323 4758; x_wconf 89' lang='lat' dir='ltr'><strong>clerici</strong></span> <span class='ocrx_word' id='word_1_502' title='bbox 1372 4705 1502 4772; x_wconf 90' lang='lat' dir='ltr'><strong>sint,</strong></span> <span class='ocrx_word' id='word_1_503' title='bbox 1555 4707 1770 4775; x_wconf 89' lang='lat' dir='ltr'><strong>deponi,</strong></span> <span class='ocrx_word' id='word_1_504' title='bbox 1820 4710 1903 4765; x_wconf 89' lang='lat' dir='ltr'><strong>sin</strong></span> 
     </span>
    </p>
   </div>
   <div class='ocr_carea' id='block_1_77' title="bbox 338 4790 1907 4871">
    <p class='ocr_par' dir='ltr' id='par_1_77' title="bbox 338 4790 1907 4871">
     <span class='ocr_line' id='line_1_77' title="bbox 338 4790 1907 4871; baseline 0.008 -27"><span class='ocrx_word' id='word_1_505' title='bbox 338 4790 489 4859; x_wconf 90' lang='lat' dir='ltr'><strong>laici,</strong></span> <span class='ocrx_word' id='word_1_506' title='bbox 527 4795 992 4848; x_wconf 80' lang='lat' dir='ltr'><strong>excommunicari</strong></span> <span class='ocrx_word' id='word_1_507' title='bbox 1034 4812 1047 4848; x_wconf 91' lang='lat'><strong>:</strong></span> <span class='ocrx_word' id='word_1_508' title='bbox 1080 4809 1148 4849; x_wconf 91' lang='lat' dir='ltr'><strong>ne</strong></span> <span class='ocrx_word' id='word_1_509' title='bbox 1182 4796 1383 4851; x_wconf 78' lang='lat' dir='ltr'><strong>dixeris</strong></span> <span class='ocrx_word' id='word_1_510' title='bbox 1413 4808 1590 4852; x_wconf 90' lang='lat' dir='ltr'><strong>autem</strong></span> <span class='ocrx_word' id='word_1_511' title='bbox 1614 4800 1907 4871; x_wconf 81' lang='lat' dir='ltr'><strong>eosjudai-</strong></span> 
     </span>
    </p>
   </div>
   <div class='ocr_carea' id='block_1_78' title="bbox 339 4886 1906 4953">
    <p class='ocr_par' dir='ltr' id='par_1_78' title="bbox 339 4886 1906 4953">
     <span class='ocr_line' id='line_1_78' title="bbox 339 4886 1906 4953; baseline 0.008 -16"><span class='ocrx_word' id='word_1_512' title='bbox 339 4898 490 4949; x_wconf 88' lang='lat' dir='ltr'><strong>zare,</strong></span> <span class='ocrx_word' id='word_1_513' title='bbox 535 4894 790 4953; x_wconf 90' lang='lat' dir='ltr'><strong>tanquam</strong></span> <span class='ocrx_word' id='word_1_514' title='bbox 825 4886 964 4940; x_wconf 91' lang='lat' dir='ltr'><strong>idem</strong></span> <span class='ocrx_word' id='word_1_515' title='bbox 995 4902 1115 4941; x_wconf 89' lang='lat' dir='ltr'><strong>cum</strong></span> <span class='ocrx_word' id='word_1_516' title='bbox 1142 4886 1340 4943; x_wconf 65' lang='lat' dir='ltr'><strong>Iudaeis</strong></span> <span class='ocrx_word' id='word_1_517' title='bbox 1370 4890 1641 4945; x_wconf 86' lang='lat' dir='ltr'><strong>sentiant:</strong></span> <span class='ocrx_word' id='word_1_518' title='bbox 1684 4894 1906 4950; x_wconf 91' lang='lat' dir='ltr'><strong>omnino</strong></span> 
     </span>
    </p>
   </div>
   <div class='ocr_carea' id='block_1_79' title="bbox 340 4974 1908 5051">
    <p class='ocr_par' dir='ltr' id='par_1_79' title="bbox 340 4974 1908 5051">
     <span class='ocr_line' id='line_1_79' title="bbox 340 4974 1908 5051; baseline 0.006 -23"><span class='ocrx_word' id='word_1_519' title='bbox 340 4974 485 5028; x_wconf 90' lang='lat' dir='ltr'><strong>enim</strong></span> <span class='ocrx_word' id='word_1_520' title='bbox 523 4990 629 5028; x_wconf 90' lang='lat' dir='ltr'><strong>non</strong></span> <span class='ocrx_word' id='word_1_521' title='bbox 661 4974 990 5045; x_wconf 91' lang='lat' dir='ltr'><strong>depositioni</strong></span> <span class='ocrx_word' id='word_1_522' title='bbox 1028 4976 1110 5032; x_wconf 89' lang='lat' dir='ltr'><strong>vel</strong></span> <span class='ocrx_word' id='word_1_523' title='bbox 1139 4979 1505 5048; x_wconf 77' lang='lat' dir='ltr'><strong>segregationi</strong></span> <span class='ocrx_word' id='word_1_524' title='bbox 1534 4982 1706 5037; x_wconf 90' lang='lat' dir='ltr'><strong>solum</strong></span> <span class='ocrx_word' id='word_1_525' title='bbox 1737 4983 1908 5051; x_wconf 79' lang='lat' dir='ltr'><strong>subji-</strong></span> 
     </span>
    </p>
   </div>
   <div class='ocr_carea' id='block_1_80' title="bbox 2085 3289 3589 3361">
    <p class='ocr_par' dir='ltr' id='par_1_80' title="bbox 2085 3289 3589 3361">
     <span class='ocr_line' id='line_1_80' title="bbox 2085 3289 3589 3361; baseline -0.005 -13"><span class='ocrx_word' id='word_1_526' title='bbox 2085 3293 2123 3360; x_wconf 77' lang='grc' dir='ltr'>ἡ</span> <span class='ocrx_word' id='word_1_527' title='bbox 2158 3292 2412 3361; x_wconf 86' lang='grc' dir='ltr'>Τετράδα</span> <span class='ocrx_word' id='word_1_528' title='bbox 2450 3294 2546 3345; x_wconf 81' lang='grc' dir='ltr'><strong>καί</strong></span> <span class='ocrx_word' id='word_1_529' title='bbox 2573 3289 2977 3359; x_wconf 79' lang='grc' dir='ltr'>Παρασκευὴν</span> <span class='ocrx_word' id='word_1_530' title='bbox 3002 3292 3293 3359; x_wconf 69' lang='grc' dir='ltr'>κληρικὸν</span> <span class='ocrx_word' id='word_1_531' title='bbox 3309 3290 3589 3357; x_wconf 78' lang='grc' dir='ltr'>καθαιρή-</span> 
     </span>
    </p>
   </div>
   <div class='ocr_carea' id='block_1_81' title="bbox 2084 3382 3583 3470">
    <p class='ocr_par' dir='ltr' id='par_1_81' title="bbox 2084 3382 3583 3470">
     <span class='ocr_line' id='line_1_81' title="bbox 2084 3382 3583 3470; baseline -0.001 -32"><span class='ocrx_word' id='word_1_532' title='bbox 2084 3401 2237 3448; x_wconf 83' lang='grc' dir='ltr'>σεις,</span> <span class='ocrx_word' id='word_1_533' title='bbox 2268 3385 2376 3437; x_wconf 84' lang='grc' dir='ltr'><strong>τὸν</strong></span> <span class='ocrx_word' id='word_1_534' title='bbox 2417 3382 2483 3436; x_wconf 82' lang='grc' dir='ltr'>δὲ</span> <span class='ocrx_word' id='word_1_535' title='bbox 2502 3385 2717 3437; x_wconf 69' lang='grc' dir='ltr'><strong>,λαϊκὸν</strong></span> <span class='ocrx_word' id='word_1_536' title='bbox 2755 3384 3087 3452; x_wconf 62' lang='grc' dir='ltr'>ἀφορίσας,</span> <span class='ocrx_word' id='word_1_537' title='bbox 3117 3384 3167 3437; x_wconf 81' lang='grc' dir='ltr'><strong>εί</strong></span> <span class='ocrx_word' id='word_1_538' title='bbox 3188 3382 3274 3470; x_wconf 72' lang='grc' dir='ltr'>μὴ</span> <span class='ocrx_word' id='word_1_539' title='bbox 3305 3383 3381 3437; x_wconf 82' lang='grc' dir='ltr'><strong>δι’</strong></span> <span class='ocrx_word' id='word_1_540' title='bbox 3402 3382 3583 3439; x_wconf 82' lang='grc' dir='ltr'>ἀσθέ-</span> 
     </span>
    </p>
   </div>
   <div class='ocr_carea' id='block_1_82' title="bbox 2088 3475 2909 3545">
    <p class='ocr_par' dir='ltr' id='par_1_82' title="bbox 2088 3475 2909 3545">
     <span class='ocr_line' id='line_1_82' title="bbox 2088 3475 2909 3545; baseline -0.002 -15"><span class='ocrx_word' id='word_1_541' title='bbox 2088 3494 2254 3531; x_wconf 77' lang='grc' dir='ltr'>νειαν</span> <span class='ocrx_word' id='word_1_542' title='bbox 2283 3475 2672 3535; x_wconf 71' lang='grc' dir='ltr'>ἐαποδίζεται.</span> <span class='ocrx_word' id='word_1_543' title='bbox 2699 3476 2909 3545; x_wconf 78' lang='grc' dir='ltr'>Σαφὴς.</span> 
     </span>
    </p>
   </div>
   <div class='ocr_carea' id='block_1_83' title="bbox 2628 3586 2949 3639">
    <p class='ocr_par' dir='ltr' id='par_1_83' title="bbox 2628 3586 2949 3639">
     <span class='ocr_line' id='line_1_83' title="bbox 2628 3586 2949 3639; baseline 0.006 -2"><span class='ocrx_word' id='word_1_544' title='bbox 2628 3586 2864 3639; x_wconf 82' lang='grc' dir='ltr'><strong>ΚΑΝΩΝ</strong></span> <span class='ocrx_word' id='word_1_545' title='bbox 2895 3588 2949 3639; x_wconf 84' lang='grc'><strong>0⁸</strong></span> 
     </span>
    </p>
   </div>
   <div class='ocr_carea' id='block_1_84' title="bbox 2014 3699 3583 3771">
    <p class='ocr_par' dir='ltr' id='par_1_84' title="bbox 2014 3699 3583 3771">
     <span class='ocr_line' id='line_1_84' title="bbox 2014 3699 3583 3771; baseline 0.003 -17"><span class='ocrx_word' id='word_1_546' title='bbox 2014 3700 2087 3754; x_wconf 82' lang='grc' dir='ltr'><strong>ΕΖ</strong></span> <span class='ocrx_word' id='word_1_547' title='bbox 2114 3716 2205 3765; x_wconf 85' lang='grc' dir='ltr'><strong>τις</strong></span> <span class='ocrx_word' id='word_1_548' title='bbox 2227 3699 2559 3766; x_wconf 80' lang='grc' dir='ltr'>ἐπίσκοπος</span> <span class='ocrx_word' id='word_1_549' title='bbox 2585 3700 2682 3770; x_wconf 87' lang='grc'>(7),</span> <span class='ocrx_word' id='word_1_550' title='bbox 2710 3701 2748 3767; x_wconf 80' lang='grc' dir='ltr'>ἢ</span> <span class='ocrx_word' id='word_1_551' title='bbox 2772 3701 3193 3769; x_wconf 78' lang='grc' dir='ltr'>πρεσϐύτερος,</span> <span class='ocrx_word' id='word_1_552' title='bbox 3225 3702 3583 3771; x_wconf 53' lang='grc' dir='ltr'>ἢξδιὰκονος,</span> 
     </span>
    </p>
   </div>
   <div class='ocr_carea' id='block_1_85' title="bbox 2084 3788 3586 3859">
    <p class='ocr_par' dir='ltr' id='par_1_85' title="bbox 2084 3788 3586 3859">
     <span class='ocr_line' id='line_1_85' title="bbox 2084 3788 3586 3859; baseline 0.003 -15"><span class='ocrx_word' id='word_1_553' title='bbox 2084 3790 2121 3859; x_wconf 79' lang='grc' dir='ltr'><em>ἢ</em></span> <span class='ocrx_word' id='word_1_554' title='bbox 2152 3791 2307 3857; x_wconf 72' lang='grc' dir='ltr'>ὅλως</span> <span class='ocrx_word' id='word_1_555' title='bbox 2328 3790 2432 3843; x_wconf 84' lang='grc' dir='ltr'>τοῦ</span> <span class='ocrx_word' id='word_1_556' title='bbox 2450 3792 2788 3859; x_wconf 74' lang='grc' dir='ltr'>καταλόγου</span> <span class='ocrx_word' id='word_1_557' title='bbox 2816 3788 2935 3843; x_wconf 85' lang='grc' dir='ltr'><strong>τῶν</strong></span> <span class='ocrx_word' id='word_1_558' title='bbox 2956 3792 3279 3858; x_wconf 78' lang='grc' dir='ltr'>κληρικῶν,</span> <span class='ocrx_word' id='word_1_559' title='bbox 3304 3797 3586 3859; x_wconf 78' lang='grc' dir='ltr'>νηστεύει</span> 
     </span>
    </p>
   </div>
   <div class='ocr_carea' id='block_1_86' title="bbox 2080 3880 3585 3952">
    <p class='ocr_par' dir='ltr' id='par_1_86' title="bbox 2080 3880 3585 3952">
     <span class='ocr_line' id='line_1_86' title="bbox 2080 3880 3585 3952; baseline 0.004 -19"><span class='ocrx_word' id='word_1_560' title='bbox 2080 3882 2231 3950; x_wconf 80' lang='grc' dir='ltr'>μετὰ</span> <span class='ocrx_word' id='word_1_561' title='bbox 2262 3881 2597 3945; x_wconf 73' lang='grc' dir='ltr'>Ἰουδαίων,</span> <span class='ocrx_word' id='word_1_562' title='bbox 2639 3881 2675 3949; x_wconf 82' lang='grc' dir='ltr'><strong><em>ἣ</em></strong></span> <span class='ocrx_word' id='word_1_563' title='bbox 2710 3880 2969 3949; x_wconf 76' lang='grc' dir='ltr'>ἑορτάζει</span> <span class='ocrx_word' id='word_1_564' title='bbox 3001 3881 3153 3951; x_wconf 80' lang='grc' dir='ltr'>μετὰ</span> <span class='ocrx_word' id='word_1_565' title='bbox 3184 3882 3385 3936; x_wconf 78' lang='grc' dir='ltr'>αὐτῶν</span> <span class='ocrx_word' id='word_1_566' title='bbox 3418 3884 3456 3952; x_wconf 81' lang='grc' dir='ltr'>ἢ</span> <span class='ocrx_word' id='word_1_567' title='bbox 3488 3884 3585 3939; x_wconf 77' lang='grc' dir='ltr'><strong>δέο</strong></span> 
     </span>
    </p>
   </div>
   <div class='ocr_carea' id='block_1_87' title="bbox 2083 3973 3583 4047">
    <p class='ocr_par' dir='ltr' id='par_1_87' title="bbox 2083 3973 3583 4047">
     <span class='ocr_line' id='line_1_87' title="bbox 2083 3973 3583 4047; baseline 0.004 -20"><span class='ocrx_word' id='word_1_568' title='bbox 2083 3992 2272 4043; x_wconf 81' lang='grc' dir='ltr'>χεται,</span> <span class='ocrx_word' id='word_1_569' title='bbox 2321 3975 2460 4042; x_wconf 82' lang='grc' dir='ltr'>παρ’</span> <span class='ocrx_word' id='word_1_570' title='bbox 2492 3973 2691 4029; x_wconf 83' lang='grc' dir='ltr'>αὐτῶν</span> <span class='ocrx_word' id='word_1_571' title='bbox 2735 3975 2806 4029; x_wconf 81' lang='grc' dir='ltr'>τὰ</span> <span class='ocrx_word' id='word_1_572' title='bbox 2850 3974 2960 4043; x_wconf 86' lang='grc' dir='ltr'>τῆς</span> <span class='ocrx_word' id='word_1_573' title='bbox 3009 3974 3221 4043; x_wconf 80' lang='grc' dir='ltr'>ἑορτῆς</span> <span class='ocrx_word' id='word_1_574' title='bbox 3284 3976 3453 4041; x_wconf 79' lang='grc' dir='ltr'>ξένια</span> <span class='ocrx_word' id='word_1_575' title='bbox 3506 3979 3583 4047; x_wconf 87' lang='lat'><strong>(8)</strong></span> 
     </span>
    </p>
   </div>
   <div class='ocr_carea' id='block_1_88' title="bbox 2086 4062 3585 4135">
    <p class='ocr_par' dir='ltr' id='par_1_88' title="bbox 2086 4062 3585 4135">
     <span class='ocr_line' id='line_1_88' title="bbox 2086 4062 3585 4135; baseline 0.003 -18"><span class='ocrx_word' id='word_1_576' title='bbox 2086 4062 2257 4135; x_wconf 78' lang='grc' dir='ltr'>(οἷον,</span> <span class='ocrx_word' id='word_1_577' title='bbox 2295 4064 2482 4133; x_wconf 76' lang='grc' dir='ltr'>ἄζυμα</span> <span class='ocrx_word' id='word_1_578' title='bbox 2532 4065 2569 4132; x_wconf 81' lang='grc' dir='ltr'><strong><em>ἥ</em></strong></span> <span class='ocrx_word' id='word_1_579' title='bbox 2615 4082 2670 4118; x_wconf 86' lang='grc' dir='ltr'><strong>τι</strong></span> <span class='ocrx_word' id='word_1_580' title='bbox 2710 4064 3029 4133; x_wconf 87' lang='grc' dir='ltr'>τοιοῦτον),</span> <span class='ocrx_word' id='word_1_581' title='bbox 3064 4066 3477 4133; x_wconf 79' lang='grc' dir='ltr'>καθαιρείσθω.</span> <span class='ocrx_word' id='word_1_582' title='bbox 3514 4067 3585 4121; x_wconf 76' lang='lat' dir='ltr'><strong>El</strong></span> 
     </span>
    </p>
   </div>
   <div class='ocr_carea' id='block_1_89' title="bbox 2081 4155 2931 4224">
    <p class='ocr_par' dir='ltr' id='par_1_89' title="bbox 2081 4155 2931 4224">
     <span class='ocr_line' id='line_1_89' title="bbox 2081 4155 2931 4224; baseline 0.004 -16"><span class='ocrx_word' id='word_1_583' title='bbox 2081 4156 2148 4208; x_wconf 82' lang='grc' dir='ltr'>δὲ</span> <span class='ocrx_word' id='word_1_584' title='bbox 2171 4157 2381 4221; x_wconf 66' lang='grc' dir='ltr'>λαῖκέις</span> <span class='ocrx_word' id='word_1_585' title='bbox 2405 4156 2460 4209; x_wconf 81' lang='grc' dir='ltr'>εἴ</span> <span class='ocrx_word' id='word_1_586' title='bbox 2466 4174 2519 4222; x_wconf 85' lang='grc' dir='ltr'>η,</span> <span class='ocrx_word' id='word_1_587' title='bbox 2544 4155 2931 4224; x_wconf 61' lang='grc' dir='ltr'>ἁφοριζέσθω.</span> 
     </span>
    </p>
   </div>
   <div class='ocr_carea' id='block_1_90' title="bbox 2083 4249 3584 4318">
    <p class='ocr_par' dir='ltr' id='par_1_90' title="bbox 2083 4249 3584 4318">
     <span class='ocr_line' id='line_1_90' title="bbox 2083 4249 3584 4318; baseline 0.001 -18"><span class='ocrx_word' id='word_1_588' title='bbox 2083 4249 2281 4302; x_wconf 79' lang='grc' dir='ltr'><strong>ΒΛΛΣ.</strong></span> <span class='ocrx_word' id='word_1_589' title='bbox 2323 4249 2786 4317; x_wconf 83' lang='grc' dir='ltr'>ὐροθετήσαντες</span> <span class='ocrx_word' id='word_1_590' title='bbox 2832 4250 2879 4301; x_wconf 77' lang='lat' dir='ltr'><strong>oi</strong></span> <span class='ocrx_word' id='word_1_591' title='bbox 2915 4249 3207 4302; x_wconf 74' lang='grc' dir='ltr'>ἀπόστολοι</span> <span class='ocrx_word' id='word_1_592' title='bbox 3233 4250 3322 4303; x_wconf 75' lang='grc' dir='ltr'><strong>διά</strong></span> <span class='ocrx_word' id='word_1_593' title='bbox 3379 4250 3584 4318; x_wconf 79' lang='grc' dir='ltr'>ἐτέρων</span> 
     </span>
    </p>
   </div>
   <div class='ocr_carea' id='block_1_91' title="bbox 2012 4341 3584 4411">
    <p class='ocr_par' dir='ltr' id='par_1_91' title="bbox 2012 4341 3584 4411">
     <span class='ocr_line' id='line_1_91' title="bbox 2012 4341 3584 4411; baseline -0.004 -13"><span class='ocrx_word' id='word_1_594' title='bbox 2012 4343 2253 4398; x_wconf 87' lang='grc' dir='ltr'>κανόνων</span> <span class='ocrx_word' id='word_1_595' title='bbox 2285 4342 2337 4396; x_wconf 91' lang='grc' dir='ltr'><strong>τί</strong></span> <span class='ocrx_word' id='word_1_596' title='bbox 2366 4343 2572 4411; x_wconf 77' lang='grc' dir='ltr'>ὀφείλει</span> <span class='ocrx_word' id='word_1_597' title='bbox 2603 4341 2858 4410; x_wconf 82' lang='grc' dir='ltr'>γίνεσθαι</span> <span class='ocrx_word' id='word_1_598' title='bbox 2893 4343 2971 4404; x_wconf 80' lang='grc' dir='ltr'><strong>είς</strong></span> <span class='ocrx_word' id='word_1_599' title='bbox 3000 4342 3126 4403; x_wconf 77' lang='grc' dir='ltr'>τοὺς</span> <span class='ocrx_word' id='word_1_600' title='bbox 3156 4341 3584 4411; x_wconf 78' lang='grc' dir='ltr'>συνευχομένους</span> 
     </span>
    </p>
   </div>
   <div class='ocr_carea' id='block_1_92' title="bbox 2015 4430 3585 4502">
    <p class='ocr_par' dir='ltr' id='par_1_92' title="bbox 2015 4430 3585 4502">
     <span class='ocr_line' id='line_1_92' title="bbox 2015 4430 3585 4502; baseline -0.001 -19"><span class='ocrx_word' id='word_1_601' title='bbox 2015 4433 2152 4500; x_wconf 85' lang='grc' dir='ltr'><strong>μετὰ</strong></span> <span class='ocrx_word' id='word_1_602' title='bbox 2177 4432 2526 4502; x_wconf 78' lang='grc' dir='ltr'>αἱρετικῶνῆ</span> <span class='ocrx_word' id='word_1_603' title='bbox 2558 4431 2977 4502; x_wconf 83' lang='grc' dir='ltr'>ἀφωρισμένων,</span> <span class='ocrx_word' id='word_1_604' title='bbox 3010 4432 3133 4500; x_wconf 82' lang='grc' dir='ltr'>ἄρτι</span> <span class='ocrx_word' id='word_1_605' title='bbox 3180 4430 3585 4499; x_wconf 82' lang='grc' dir='ltr'>παρακελεύον-</span> 
     </span>
    </p>
   </div>
   <div class='ocr_carea' id='block_1_93' title="bbox 2012 4520 3585 4593">
    <p class='ocr_par' dir='ltr' id='par_1_93' title="bbox 2012 4520 3585 4593">
     <span class='ocr_line' id='line_1_93' title="bbox 2012 4520 3585 4593; baseline -0.003 -18"><span class='ocrx_word' id='word_1_606' title='bbox 2012 4540 2102 4575; x_wconf 89' lang='grc' dir='ltr'><strong>ται</strong></span> <span class='ocrx_word' id='word_1_607' title='bbox 2144 4523 2271 4585; x_wconf 83' lang='grc' dir='ltr'>τοὺς</span> <span class='ocrx_word' id='word_1_608' title='bbox 2325 4522 2465 4593; x_wconf 88' lang='grc' dir='ltr'><strong>μετὰ</strong></span> <span class='ocrx_word' id='word_1_609' title='bbox 2493 4522 2768 4576; x_wconf 85' lang='grc' dir='ltr'>Ἰουδαίων</span> <span class='ocrx_word' id='word_1_610' title='bbox 2810 4521 3169 4591; x_wconf 79' lang='grc' dir='ltr'>νηστεύοντας</span> <span class='ocrx_word' id='word_1_611' title='bbox 3195 4520 3228 4591; x_wconf 79' lang='grc' dir='ltr'>ἦ</span> <span class='ocrx_word' id='word_1_612' title='bbox 3258 4521 3585 4589; x_wconf 81' lang='grc' dir='ltr'>δεχομένους</span> 
     </span>
    </p>
   </div>
   <div class='ocr_carea' id='block_1_94' title="bbox 2012 4608 3584 4683">
    <p class='ocr_par' dir='ltr' id='par_1_94' title="bbox 2012 4608 3584 4683">
     <span class='ocr_line' id='line_1_94' title="bbox 2012 4608 3584 4683; baseline -0.004 -16"><span class='ocrx_word' id='word_1_613' title='bbox 2012 4614 2082 4667; x_wconf 79' lang='grc' dir='ltr'>τὰ</span> <span class='ocrx_word' id='word_1_614' title='bbox 2111 4615 2217 4667; x_wconf 81' lang='grc' dir='ltr'>τῶν</span> <span class='ocrx_word' id='word_1_615' title='bbox 2246 4614 2449 4683; x_wconf 77' lang='grc' dir='ltr'>ἑορτῶν</span> <span class='ocrx_word' id='word_1_616' title='bbox 2489 4612 2667 4666; x_wconf 75' lang='grc' dir='ltr'>αὐτῶν</span> <span class='ocrx_word' id='word_1_617' title='bbox 2696 4612 2905 4681; x_wconf 76' lang='grc' dir='ltr'>ἄζυμα,</span> <span class='ocrx_word' id='word_1_618' title='bbox 2938 4611 2969 4682; x_wconf 83' lang='grc' dir='ltr'>ἢ</span> <span class='ocrx_word' id='word_1_619' title='bbox 2998 4612 3183 4679; x_wconf 79' lang='grc' dir='ltr'>ἕτερον</span> <span class='ocrx_word' id='word_1_620' title='bbox 3220 4610 3413 4674; x_wconf 81' lang='grc' dir='ltr'>ξένιον,</span> <span class='ocrx_word' id='word_1_621' title='bbox 3449 4608 3584 4678; x_wconf 80' lang='grc' dir='ltr'>κλη-</span> 
     </span>
    </p>
   </div>
   <div class='ocr_carea' id='block_1_95' title="bbox 2014 4700 3584 4776">
    <p class='ocr_par' dir='ltr' id='par_1_95' title="bbox 2014 4700 3584 4776">
     <span class='ocr_line' id='line_1_95' title="bbox 2014 4700 3584 4776; baseline -0.004 -17"><span class='ocrx_word' id='word_1_622' title='bbox 2014 4709 2199 4776; x_wconf 77' lang='grc' dir='ltr'>ρικοὺς</span> <span class='ocrx_word' id='word_1_623' title='bbox 2240 4706 2340 4776; x_wconf 81' lang='grc' dir='ltr'><strong>μὲν</strong></span> <span class='ocrx_word' id='word_1_624' title='bbox 2361 4705 2544 4769; x_wconf 74' lang='grc' dir='ltr'>ὄντας,</span> <span class='ocrx_word' id='word_1_625' title='bbox 2579 4703 2987 4773; x_wconf 77' lang='grc' dir='ltr'>καθαιρεῖσθαι,</span> <span class='ocrx_word' id='word_1_626' title='bbox 3025 4702 3247 4765; x_wconf 81' lang='grc' dir='ltr'>λαῑκοὺς</span> <span class='ocrx_word' id='word_1_627' title='bbox 3278 4701 3357 4765; x_wconf 81' lang='grc' dir='ltr'>δὲ,</span> <span class='ocrx_word' id='word_1_628' title='bbox 3389 4700 3584 4771; x_wconf 84' lang='grc' dir='ltr'>ἀφορί-</span> 
     </span>
    </p>
   </div>
   <div class='ocr_carea' id='block_1_96' title="bbox 2011 4793 3584 4869">
    <p class='ocr_par' dir='ltr' id='par_1_96' title="bbox 2011 4793 3584 4869">
     <span class='ocr_line' id='line_1_96' title="bbox 2011 4793 3584 4869; baseline -0.004 -17"><span class='ocrx_word' id='word_1_629' title='bbox 2011 4798 2224 4863; x_wconf 80' lang='grc' dir='ltr'>ζεσθαι.</span> <span class='ocrx_word' id='word_1_630' title='bbox 2257 4798 2347 4869; x_wconf 85' lang='grc' dir='ltr'><strong>Μὴ</strong></span> <span class='ocrx_word' id='word_1_631' title='bbox 2387 4798 2548 4869; x_wconf 74' lang='grc' dir='ltr'>εἴπης</span> <span class='ocrx_word' id='word_1_632' title='bbox 2576 4797 2631 4849; x_wconf 84' lang='grc' dir='ltr'>δὲ</span> <span class='ocrx_word' id='word_1_633' title='bbox 2653 4796 2878 4858; x_wconf 80' lang='grc' dir='ltr'>τούτους</span> <span class='ocrx_word' id='word_1_634' title='bbox 2909 4795 3213 4859; x_wconf 72' lang='grc' dir='ltr'>ἰουδαΐζειν,</span> <span class='ocrx_word' id='word_1_635' title='bbox 3244 4794 3318 4857; x_wconf 80' lang='grc' dir='ltr'><strong>ὡς</strong></span> <span class='ocrx_word' id='word_1_636' title='bbox 3346 4793 3441 4847; x_wconf 82' lang='grc' dir='ltr'>καὶ</span> <span class='ocrx_word' id='word_1_637' title='bbox 3468 4796 3584 4855; x_wconf 83' lang='grc' dir='ltr'>τοῖς</span> 
     </span>
    </p>
   </div>
   <div class='ocr_carea' id='block_1_97' title="bbox 2009 4886 3578 4961">
    <p class='ocr_par' dir='ltr' id='par_1_97' title="bbox 2009 4886 3578 4961">
     <span class='ocr_line' id='line_1_97' title="bbox 2009 4886 3578 4961; baseline -0.004 -15"><span class='ocrx_word' id='word_1_638' title='bbox 2009 4892 2288 4955; x_wconf 84' lang='grc' dir='ltr'>Ἰουδαίοις</span> <span class='ocrx_word' id='word_1_639' title='bbox 2321 4890 2629 4961; x_wconf 74' lang='grc' dir='ltr'>ὁμόφρονας</span> <span class='ocrx_word' id='word_1_640' title='bbox 2655 4888 2816 4952; x_wconf 75' lang='grc' dir='ltr'>ὄντας</span> <span class='ocrx_word' id='word_1_641' title='bbox 2838 4906 2850 4919; x_wconf 83' lang='grc'><em>’</em></span> <span class='ocrx_word' id='word_1_642' title='bbox 2886 4889 3104 4950; x_wconf 70' lang='grc' dir='ltr'>πάντως</span> <span class='ocrx_word' id='word_1_643' title='bbox 3131 4888 3239 4956; x_wconf 75' lang='grc' dir='ltr'><strong>γάρ</strong></span> <span class='ocrx_word' id='word_1_644' title='bbox 3271 4887 3331 4940; x_wconf 77' lang='grc' dir='ltr'>οὐ</span> <span class='ocrx_word' id='word_1_645' title='bbox 3380 4886 3578 4941; x_wconf 87' lang='grc' dir='ltr'>καθαι-</span> 
     </span>
    </p>
   </div>
   <div class='ocr_carea' id='block_1_98' title="bbox 2017 4979 3580 5055">
    <p class='ocr_par' dir='ltr' id='par_1_98' title="bbox 2017 4979 3580 5055">
     <span class='ocr_line' id='line_1_98' title="bbox 2017 4979 3580 5055; baseline -0.004 -17"><span class='ocrx_word' id='word_1_646' title='bbox 2017 4987 2164 5055; x_wconf 77' lang='grc' dir='ltr'>ρέσει</span> <span class='ocrx_word' id='word_1_647' title='bbox 2215 4984 2349 5055; x_wconf 80' lang='grc' dir='ltr'>μόνῃ</span> <span class='ocrx_word' id='word_1_648' title='bbox 2381 4982 2414 5054; x_wconf 80' lang='grc' dir='ltr'>ἢ</span> <span class='ocrx_word' id='word_1_649' title='bbox 2469 4980 2765 5055; x_wconf 79' lang='grc' dir='ltr'>ἀφορισμῷ</span> <span class='ocrx_word' id='word_1_650' title='bbox 2805 4979 3410 5050; x_wconf 79' lang='grc' dir='ltr'>καθυποὸληθήσονται,</span> <span class='ocrx_word' id='word_1_651' title='bbox 3443 4979 3580 5033; x_wconf 85' lang='grc' dir='ltr'>ἀλλά</span> 
     </span>
    </p>
   </div>
   <div class='ocr_carea' id='block_1_99' title="bbox 1556 5119 2341 5201">
    <p class='ocr_par' dir='ltr' id='par_1_99' title="bbox 1556 5119 2341 5201">
     <span class='ocr_line' id='line_1_99' title="bbox 1556 5119 2341 5201; baseline 0.003 -22"><span class='ocrx_word' id='word_1_652' title='bbox 1556 5119 1748 5183; x_wconf 88' lang='lat' dir='ltr'><strong>Guill.</strong></span> <span class='ocrx_word' id='word_1_653' title='bbox 1785 5121 2110 5201; x_wconf 79' lang='lat' dir='ltr'><strong>Beveregii</strong></span> <span class='ocrx_word' id='word_1_654' title='bbox 2153 5127 2341 5181; x_wconf 68' lang='lat' dir='ltr'><strong>noue.</strong></span> 
     </span>
    </p>
   </div>
   <div class='ocr_carea' id='block_1_100' title="bbox 411 5238 1899 5314">
    <p class='ocr_par' dir='ltr' id='par_1_100' title="bbox 411 5238 1899 5314">
     <span class='ocr_line' id='line_1_100' title="bbox 411 5238 1899 5314; baseline 0.004 -22"><span class='ocrx_word' id='word_1_655' title='bbox 411 5238 489 5308; x_wconf 85' lang='lat'><strong>(6)</strong></span> <span class='ocrx_word' id='word_1_656' title='bbox 537 5239 923 5314; x_wconf 69' lang='grc' dir='ltr'>Ἀνίίγνωσον</span> <span class='ocrx_word' id='word_1_657' title='bbox 949 5242 1045 5296; x_wconf 77' lang='grc' dir='ltr'><strong>καί</strong></span> <span class='ocrx_word' id='word_1_658' title='bbox 1092 5244 1183 5314; x_wconf 71' lang='lat' dir='ltr'><strong>rd.</strong></span> <span class='ocrx_word' id='word_1_659' title='bbox 1236 5243 1357 5297; x_wconf 73' lang='lat' dir='ltr'><strong>Haec</strong></span> <span class='ocrx_word' id='word_1_660' title='bbox 1396 5258 1566 5314; x_wconf 87' lang='lat' dir='ltr'><strong>usque</strong></span> <span class='ocrx_word' id='word_1_661' title='bbox 1618 5247 1684 5297; x_wconf 92' lang='lat' dir='ltr'><strong>ad</strong></span> <span class='ocrx_word' id='word_1_662' title='bbox 1742 5244 1899 5298; x_wconf 78' lang='lat' dir='ltr'><strong>linem</strong></span> 
     </span>
    </p>
   </div>
   <div class='ocr_carea' id='block_1_101' title="bbox 340 5309 1897 5382">
    <p class='ocr_par' dir='ltr' id='par_1_101' title="bbox 340 5309 1897 5382">
     <span class='ocr_line' id='line_1_101' title="bbox 340 5309 1897 5382; baseline 0.001 -19"><span class='ocrx_word' id='word_1_663' title='bbox 340 5309 807 5382; x_wconf 76' lang='lat' dir='ltr'><strong>interpretationis</strong></span> <span class='ocrx_word' id='word_1_664' title='bbox 860 5328 931 5377; x_wconf 60' lang='lat' dir='ltr'><strong>ex</strong></span> <span class='ocrx_word' id='word_1_665' title='bbox 980 5327 1080 5367; x_wconf 89' lang='lat' dir='ltr'><strong>ms.</strong></span> <span class='ocrx_word' id='word_1_666' title='bbox 1117 5312 1407 5368; x_wconf 87' lang='lat' dir='ltr'><strong>Bodleiano</strong></span> <span class='ocrx_word' id='word_1_667' title='bbox 1468 5309 1608 5368; x_wconf 80' lang='lat' dir='ltr'><strong>nunc</strong></span> <span class='ocrx_word' id='word_1_668' title='bbox 1666 5315 1897 5382; x_wconf 86' lang='lat' dir='ltr'><strong>primum</strong></span> 
     </span>
    </p>
   </div>
   <div class='ocr_carea' id='block_1_102' title="bbox 336 5379 1901 5452">
    <p class='ocr_par' dir='ltr' id='par_1_102' title="bbox 336 5379 1901 5452">
     <span class='ocr_line' id='line_1_102' title="bbox 336 5379 1901 5452; baseline 0.002 -20"><span class='ocrx_word' id='word_1_669' title='bbox 336 5379 570 5434; x_wconf 90' lang='lat' dir='ltr'><strong>edimus.</strong></span> <span class='ocrx_word' id='word_1_670' title='bbox 608 5381 831 5435; x_wconf 76' lang='lat' dir='ltr'><strong>Exsmnt</strong></span> <span class='ocrx_word' id='word_1_671' title='bbox 873 5392 1081 5445; x_wconf 91' lang='lat' dir='ltr'><strong>autem,</strong></span> <span class='ocrx_word' id='word_1_672' title='bbox 1118 5399 1237 5452; x_wconf 85' lang='lat' dir='ltr'><strong>quae</strong></span> <span class='ocrx_word' id='word_1_673' title='bbox 1270 5385 1357 5439; x_wconf 92' lang='lat' dir='ltr'><strong>hic</strong></span> <span class='ocrx_word' id='word_1_674' title='bbox 1386 5379 1708 5437; x_wconf 72' lang='lat' dir='ltr'><strong>Balsamnne</strong></span> <span class='ocrx_word' id='word_1_675' title='bbox 1754 5400 1901 5437; x_wconf 84' lang='lat' dir='ltr'><strong>com-</strong></span> 
     </span>
    </p>
   </div>
   <div class='ocr_carea' id='block_1_103' title="bbox 336 5452 1900 5521">
    <p class='ocr_par' dir='ltr' id='par_1_103' title="bbox 336 5452 1900 5521">
     <span class='ocr_line' id='line_1_103' title="bbox 336 5452 1900 5521; baseline 0.003 -19"><span class='ocrx_word' id='word_1_676' title='bbox 336 5459 732 5515; x_wconf 86' lang='lat' dir='ltr'><strong>memorantur,</strong></span> <span class='ocrx_word' id='word_1_677' title='bbox 765 5453 829 5505; x_wconf 90' lang='lat' dir='ltr'><strong>ad</strong></span> <span class='ocrx_word' id='word_1_678' title='bbox 891 5452 1092 5507; x_wconf 80' lang='lat' dir='ltr'><strong>calcem</strong></span> <span class='ocrx_word' id='word_1_679' title='bbox 1124 5454 1448 5508; x_wconf 88' lang='lat' dir='ltr'><strong>scholiorum</strong></span> <span class='ocrx_word' id='word_1_680' title='bbox 1489 5454 1656 5521; x_wconf 90' lang='lat' dir='ltr'><strong>ipsius</strong></span> <span class='ocrx_word' id='word_1_681' title='bbox 1705 5455 1755 5507; x_wconf 91' lang='lat' dir='ltr'><strong>in</strong></span> <span class='ocrx_word' id='word_1_682' title='bbox 1799 5453 1900 5507; x_wconf 61' lang='lat' dir='ltr'><strong>No.</strong></span> 
     </span>
    </p>
   </div>
   <div class='ocr_carea' id='block_1_104' title="bbox 340 5521 1790 5579">
    <p class='ocr_par' dir='ltr' id='par_1_104' title="bbox 340 5521 1790 5579">
     <span class='ocr_line' id='line_1_104' title="bbox 340 5521 1790 5579; baseline 0.004 -9"><span class='ocrx_word' id='word_1_683' title='bbox 340 5535 695 5574; x_wconf 85' lang='lat' dir='ltr'><strong>moeauonem</strong></span> <span class='ocrx_word' id='word_1_684' title='bbox 728 5521 898 5576; x_wconf 82' lang='lat' dir='ltr'><strong>Photii</strong></span> <span class='ocrx_word' id='word_1_685' title='bbox 934 5523 984 5573; x_wconf 92' lang='lat' dir='ltr'><strong>in</strong></span> <span class='ocrx_word' id='word_1_686' title='bbox 1014 5523 1251 5577; x_wconf 89' lang='lat' dir='ltr'><strong>editione</strong></span> <span class='ocrx_word' id='word_1_687' title='bbox 1278 5524 1526 5579; x_wconf 88' lang='lat' dir='ltr'><strong>Gentiani</strong></span> <span class='ocrx_word' id='word_1_688' title='bbox 1555 5522 1790 5578; x_wconf 84' lang='lat' dir='ltr'><strong>Herveti.</strong></span> 
     </span>
    </p>
   </div>
   <div class='ocr_carea' id='block_1_105' title="bbox 410 5588 1900 5658">
    <p class='ocr_par' dir='ltr' id='par_1_105' title="bbox 410 5588 1900 5658">
     <span class='ocr_line' id='line_1_105' title="bbox 410 5588 1900 5658; baseline 0.004 -17"><span class='ocrx_word' id='word_1_689' title='bbox 410 5588 487 5658; x_wconf 90' lang='lat'><strong>(7)</strong></span> <span class='ocrx_word' id='word_1_690' title='bbox 544 5590 613 5643; x_wconf 79' lang='lat' dir='ltr'><strong>Et</strong></span> <span class='ocrx_word' id='word_1_691' title='bbox 670 5608 761 5657; x_wconf 82' lang='grc' dir='ltr'><strong>τις</strong></span> <span class='ocrx_word' id='word_1_692' title='bbox 822 5592 1178 5656; x_wconf 75' lang='grc' dir='ltr'>ἐπίσκοπος.</span> <span class='ocrx_word' id='word_1_693' title='bbox 1236 5590 1469 5648; x_wconf 79' lang='lat' dir='ltr'><strong>Joannes</strong></span> <span class='ocrx_word' id='word_1_694' title='bbox 1525 5594 1900 5648; x_wconf 81' lang='lat' dir='ltr'><strong>Antiochenus</strong></span> 
     </span>
    </p>
   </div>
   <div class='ocr_carea' id='block_1_106' title="bbox 332 5658 1900 5735">
    <p class='ocr_par' dir='ltr' id='par_1_106' title="bbox 332 5658 1900 5735">
     <span class='ocr_line' id='line_1_106' title="bbox 332 5658 1900 5735; baseline 0.002 -23"><span class='ocrx_word' id='word_1_695' title='bbox 332 5658 482 5735; x_wconf 76' lang='lat' dir='ltr'><strong>hunc</strong></span> <span class='ocrx_word' id='word_1_696' title='bbox 512 5676 772 5735; x_wconf 82' lang='lat' dir='ltr'><strong>canonetn</strong></span> <span class='ocrx_word' id='word_1_697' title='bbox 801 5664 878 5716; x_wconf 90' lang='lat' dir='ltr'><strong>sic</strong></span> <span class='ocrx_word' id='word_1_698' title='bbox 910 5663 1057 5735; x_wconf 61' lang='lat' dir='ltr'><strong>legit.</strong></span> <span class='ocrx_word' id='word_1_699' title='bbox 1095 5664 1162 5735; x_wconf 62' lang='lat' dir='ltr'><strong>Ei</strong></span> <span class='ocrx_word' id='word_1_700' title='bbox 1198 5680 1280 5726; x_wconf 83' lang='grc' dir='ltr'><strong>τις</strong></span> <span class='ocrx_word' id='word_1_701' title='bbox 1298 5664 1619 5735; x_wconf 10' lang='grc' dir='ltr'>,ἐπίσκοπος</span> <span class='ocrx_word' id='word_1_702' title='bbox 1648 5664 1679 5734; x_wconf 78' lang='grc' dir='ltr'>ἢ</span> <span class='ocrx_word' id='word_1_703' title='bbox 1711 5664 1900 5735; x_wconf 56' lang='grc' dir='ltr'>κληριέ</span> 
     </span>
    </p>
   </div>
   <div class='ocr_carea' id='block_1_107' title="bbox 331 5730 1897 5803">
    <p class='ocr_par' dir='ltr' id='par_1_107' title="bbox 331 5730 1897 5803">
     <span class='ocr_line' id='line_1_107' title="bbox 331 5730 1897 5803; baseline 0.003 -23"><span class='ocrx_word' id='word_1_704' title='bbox 331 5730 712 5803; x_wconf 14' lang='grc' dir='ltr'>κᾷςῗνησῖειᾷει</span> <span class='ocrx_word' id='word_1_705' title='bbox 757 5735 899 5800; x_wconf 75' lang='grc' dir='ltr'>μετὰ</span> <span class='ocrx_word' id='word_1_706' title='bbox 940 5733 1235 5803; x_wconf 80' lang='grc' dir='ltr'>Ἰουδαίων,</span> <span class='ocrx_word' id='word_1_707' title='bbox 1280 5733 1313 5803; x_wconf 75' lang='grc' dir='ltr'>ἢ</span> <span class='ocrx_word' id='word_1_708' title='bbox 1370 5730 1718 5803; x_wconf 82' lang='grc' dir='ltr'>συνεορτάξει</span> <span class='ocrx_word' id='word_1_709' title='bbox 1780 5730 1897 5803; x_wconf 53' lang='grc' dir='ltr'>μετ’</span> 
     </span>
    </p>
   </div>
   <div class='ocr_carea' id='block_1_108' title="bbox 326 5798 1897 5873">
    <p class='ocr_par' dir='ltr' id='par_1_108' title="bbox 326 5798 1897 5873">
     <span class='ocr_line' id='line_1_108' title="bbox 326 5798 1897 5873; baseline 0.003 -22"><span class='ocrx_word' id='word_1_710' title='bbox 326 5798 592 5873; x_wconf 65' lang='grc' dir='ltr'><strong>αρτῶν,ἢ</strong></span> <span class='ocrx_word' id='word_1_711' title='bbox 635 5798 850 5873; x_wconf 81' lang='grc' dir='ltr'>δέχεται</span> <span class='ocrx_word' id='word_1_712' title='bbox 884 5802 1063 5855; x_wconf 77' lang='grc' dir='ltr'>αὐτῶν</span> <span class='ocrx_word' id='word_1_713' title='bbox 1102 5802 1180 5873; x_wconf 10' lang='grc' dir='ltr'><strong>τά,</strong></span> <span class='ocrx_word' id='word_1_714' title='bbox 1220 5798 1321 5869; x_wconf 75' lang='grc' dir='ltr'><strong>τῆς</strong></span> <span class='ocrx_word' id='word_1_715' title='bbox 1373 5798 1568 5873; x_wconf 69' lang='grc' dir='ltr'>ἑορτῆς</span> <span class='ocrx_word' id='word_1_716' title='bbox 1599 5798 1897 5867; x_wconf 44' lang='grc' dir='ltr'>ξένιαβοῖα</span> 
     </span>
    </p>
   </div>
   <div class='ocr_carea' id='block_1_109' title="bbox 325 5868 1899 5945">
    <p class='ocr_par' dir='ltr' id='par_1_109' title="bbox 325 5868 1899 5945">
     <span class='ocr_line' id='line_1_109' title="bbox 325 5868 1899 5945; baseline 0.003 -24"><span class='ocrx_word' id='word_1_717' title='bbox 325 5868 513 5941; x_wconf 69' lang='grc' dir='ltr'>ἄζυμα</span> <span class='ocrx_word' id='word_1_718' title='bbox 548 5868 591 5943; x_wconf 62' lang='grc' dir='ltr'>ἢ</span> <span class='ocrx_word' id='word_1_719' title='bbox 613 5868 872 5940; x_wconf 64' lang='grc' dir='ltr'>τοιοῦτον,</span> <span class='ocrx_word' id='word_1_720' title='bbox 931 5868 1298 5945; x_wconf 85' lang='grc' dir='ltr'>καθαιρείσθω</span> <span class='ocrx_word' id='word_1_721' title='bbox 1321 5888 1335 5903; x_wconf 90' lang='grc'><strong>·</strong></span> <span class='ocrx_word' id='word_1_722' title='bbox 1373 5868 1444 5926; x_wconf 73' lang='grc' dir='ltr'><strong>εἰ’</strong></span> <span class='ocrx_word' id='word_1_723' title='bbox 1466 5868 1674 5939; x_wconf 77' lang='grc' dir='ltr'>λαῖκὸς,</span> <span class='ocrx_word' id='word_1_724' title='bbox 1707 5876 1899 5943; x_wconf 75' lang='grc' dir='ltr'>ἀφορι-</span> 
     </span>
    </p>
   </div>
   <div class='ocr_carea' id='block_1_110' title="bbox 2011 5237 3298 5309">
    <p class='ocr_par' dir='ltr' id='par_1_110' title="bbox 2011 5237 3298 5309">
     <span class='ocr_line' id='line_1_110' title="bbox 2011 5237 3298 5309; baseline -0.003 -14"><span class='ocrx_word' id='word_1_725' title='bbox 2011 5244 2210 5309; x_wconf 78' lang='grc' dir='ltr'>ζέσθω.</span> <span class='ocrx_word' id='word_1_726' title='bbox 2244 5242 2405 5296; x_wconf 82' lang='lat' dir='ltr'><strong>Joan.</strong></span> <span class='ocrx_word' id='word_1_727' title='bbox 2431 5241 2678 5295; x_wconf 82' lang='lat' dir='ltr'><strong>Antioch.</strong></span> <span class='ocrx_word' id='word_1_728' title='bbox 2704 5240 2913 5295; x_wconf 85' lang='lat' dir='ltr'><strong>collect.</strong></span> <span class='ocrx_word' id='word_1_729' title='bbox 2948 5256 3067 5293; x_wconf 80' lang='lat' dir='ltr'><strong>can.</strong></span> <span class='ocrx_word' id='word_1_730' title='bbox 3101 5239 3177 5293; x_wconf 88' lang='lat' dir='ltr'><strong>tit.</strong></span> <span class='ocrx_word' id='word_1_731' title='bbox 3210 5237 3298 5309; x_wconf 81' lang='lat'><strong>5_7.</strong></span> 
     </span>
    </p>
   </div>
   <div class='ocr_carea' id='block_1_111' title="bbox 2080 5307 3581 5381">
    <p class='ocr_par' dir='ltr' id='par_1_111' title="bbox 2080 5307 3581 5381">
     <span class='ocr_line' id='line_1_111' title="bbox 2080 5307 3581 5381; baseline -0.002 -14"><span class='ocrx_word' id='word_1_732' title='bbox 2080 5314 2158 5381; x_wconf 90' lang='lat'><strong>(8)</strong></span> <span class='ocrx_word' id='word_1_733' title='bbox 2184 5313 2257 5367; x_wconf 85' lang='grc' dir='ltr'><em>Τὰ</em></span> <span class='ocrx_word' id='word_1_734' title='bbox 2272 5311 2379 5381; x_wconf 77' lang='grc' dir='ltr'>τῆς</span> <span class='ocrx_word' id='word_1_735' title='bbox 2396 5311 2608 5378; x_wconf 82' lang='grc' dir='ltr'>ἑορτῆς</span> <span class='ocrx_word' id='word_1_736' title='bbox 2625 5310 2813 5375; x_wconf 79' lang='grc' dir='ltr'>ξένια.</span> <span class='ocrx_word' id='word_1_737' title='bbox 2829 5312 2962 5365; x_wconf 80' lang='lat' dir='ltr'><strong>Cum</strong></span> <span class='ocrx_word' id='word_1_738' title='bbox 2979 5310 3218 5381; x_wconf 80' lang='lat' dir='ltr'><strong>solemne</strong></span> <span class='ocrx_word' id='word_1_739' title='bbox 3236 5307 3425 5381; x_wconf 75' lang='lat' dir='ltr'><strong>Purim</strong></span> <span class='ocrx_word' id='word_1_740' title='bbox 3439 5308 3581 5364; x_wconf 86' lang='lat' dir='ltr'><strong>cele-</strong></span> 
     </span>
    </p>
   </div>
   <div class='ocr_carea' id='block_1_112' title="bbox 2008 5378 3574 5449">
    <p class='ocr_par' dir='ltr' id='par_1_112' title="bbox 2008 5378 3574 5449">
     <span class='ocr_line' id='line_1_112' title="bbox 2008 5378 3574 5449; baseline -0.002 -12"><span class='ocrx_word' id='word_1_741' title='bbox 2008 5378 2227 5437; x_wconf 83' lang='lat' dir='ltr'><strong>brarent</strong></span> <span class='ocrx_word' id='word_1_742' title='bbox 2245 5378 2541 5441; x_wconf 55' lang='lat' dir='ltr'><strong>Judteisibi</strong></span> <span class='ocrx_word' id='word_1_743' title='bbox 2564 5382 2787 5434; x_wconf 78' lang='lat' dir='ltr'><strong>invicem</strong></span> <span class='ocrx_word' id='word_1_744' title='bbox 2811 5389 2992 5449; x_wconf 84' lang='lat' dir='ltr'><strong>partes</strong></span> <span class='ocrx_word' id='word_1_745' title='bbox 3012 5380 3075 5432; x_wconf 90' lang='lat' dir='ltr'><strong>de</strong></span> <span class='ocrx_word' id='word_1_746' title='bbox 3094 5378 3341 5432; x_wconf 85' lang='lat' dir='ltr'><strong>convivio</strong></span> <span class='ocrx_word' id='word_1_747' title='bbox 3359 5378 3574 5449; x_wconf 73' lang='lat' dir='ltr'><strong>mittere</strong></span> 
     </span>
    </p>
   </div>
   <div class='ocr_carea' id='block_1_113' title="bbox 2005 5447 3575 5517">
    <p class='ocr_par' dir='ltr' id='par_1_113' title="bbox 2005 5447 3575 5517">
     <span class='ocr_line' id='line_1_113' title="bbox 2005 5447 3575 5517; baseline -0.003 -10"><span class='ocrx_word' id='word_1_748' title='bbox 2005 5454 2250 5508; x_wconf 86' lang='lat' dir='ltr'><strong>solebant</strong></span> <span class='ocrx_word' id='word_1_749' title='bbox 2284 5450 2459 5513; x_wconf 81' lang='lat' dir='ltr'><strong>(Estlt.</strong></span> <span class='ocrx_word' id='word_1_750' title='bbox 2492 5467 2566 5513; x_wconf 73' lang='grc' dir='ltr'>ιι,</span> <span class='ocrx_word' id='word_1_751' title='bbox 2603 5451 2713 5517; x_wconf 77' lang='grc'>19.)</span> <span class='ocrx_word' id='word_1_752' title='bbox 2742 5447 2913 5504; x_wconf 39' lang='lat' dir='ltr'><strong>lit—sic</strong></span> <span class='ocrx_word' id='word_1_753' title='bbox 2948 5450 2998 5502; x_wconf 91' lang='lat' dir='ltr'><strong>in</strong></span> <span class='ocrx_word' id='word_1_754' title='bbox 3032 5450 3152 5502; x_wconf 86' lang='lat' dir='ltr'><strong>aliis</strong></span> <span class='ocrx_word' id='word_1_755' title='bbox 3190 5462 3400 5515; x_wconf 88' lang='lat' dir='ltr'><strong>quoque</strong></span> <span class='ocrx_word' id='word_1_756' title='bbox 3422 5447 3575 5502; x_wconf 78' lang='lat' dir='ltr'><strong>festi-</strong></span> 
     </span>
    </p>
   </div>
   <div class='ocr_carea' id='block_1_114' title="bbox 2003 5517 3569 5585">
    <p class='ocr_par' dir='ltr' id='par_1_114' title="bbox 2003 5517 3569 5585">
     <span class='ocr_line' id='line_1_114' title="bbox 2003 5517 3569 5585; baseline -0.002 -12"><span class='ocrx_word' id='word_1_757' title='bbox 2003 5524 2282 5585; x_wconf 88' lang='lat' dir='ltr'><strong>vitatibus,</strong></span> <span class='ocrx_word' id='word_1_758' title='bbox 2319 5521 2657 5575; x_wconf 88' lang='lat' dir='ltr'><strong>Christianos</strong></span> <span class='ocrx_word' id='word_1_759' title='bbox 2691 5521 2816 5573; x_wconf 85' lang='lat' dir='ltr'><strong>olim</strong></span> <span class='ocrx_word' id='word_1_760' title='bbox 2849 5522 2988 5574; x_wconf 91' lang='lat' dir='ltr'><strong>inter</strong></span> <span class='ocrx_word' id='word_1_761' title='bbox 3013 5517 3228 5572; x_wconf 77' lang='lat' dir='ltr'><strong>Judznos</strong></span> <span class='ocrx_word' id='word_1_762' title='bbox 3270 5529 3569 5583; x_wconf 85' lang='lat' dir='ltr'><strong>versantes,</strong></span> 
     </span>
    </p>
   </div>
   <div class='ocr_carea' id='block_1_115' title="bbox 2005 5588 3573 5658">
    <p class='ocr_par' dir='ltr' id='par_1_115' title="bbox 2005 5588 3573 5658">
     <span class='ocr_line' id='line_1_115' title="bbox 2005 5588 3573 5658; baseline -0.003 -11"><span class='ocrx_word' id='word_1_763' title='bbox 2005 5593 2311 5656; x_wconf 79' lang='lat' dir='ltr'><strong>huiusmodi</strong></span> <span class='ocrx_word' id='word_1_764' title='bbox 2348 5592 2504 5644; x_wconf 87' lang='lat' dir='ltr'><strong>abiis</strong></span> <span class='ocrx_word' id='word_1_765' title='bbox 2532 5591 2805 5658; x_wconf 81' lang='lat' dir='ltr'><strong>portiones</strong></span> <span class='ocrx_word' id='word_1_766' title='bbox 2832 5591 3078 5651; x_wconf 76' lang='lat' dir='ltr'><strong>accipere</strong></span> <span class='ocrx_word' id='word_1_767' title='bbox 3110 5604 3214 5641; x_wconf 90' lang='lat' dir='ltr'><strong>non</strong></span> <span class='ocrx_word' id='word_1_768' title='bbox 3250 5588 3459 5658; x_wconf 81' lang='lat' dir='ltr'><strong>puduit.</strong></span> <span class='ocrx_word' id='word_1_769' title='bbox 3502 5590 3573 5642; x_wconf 82' lang='lat' dir='ltr'><strong>De</strong></span> 
     </span>
    </p>
   </div>
   <div class='ocr_carea' id='block_1_116' title="bbox 2003 5656 3565 5727">
    <p class='ocr_par' dir='ltr' id='par_1_116' title="bbox 2003 5656 3565 5727">
     <span class='ocr_line' id='line_1_116' title="bbox 2003 5656 3565 5727; baseline -0.005 -11"><span class='ocrx_word' id='word_1_770' title='bbox 2003 5660 2106 5718; x_wconf 87' lang='lat' dir='ltr'><strong>hoc</strong></span> <span class='ocrx_word' id='word_1_771' title='bbox 2159 5661 2413 5717; x_wconf 73' lang='lat' dir='ltr'><strong>Ecclesia:</strong></span> <span class='ocrx_word' id='word_1_772' title='bbox 2459 5656 2740 5727; x_wconf 69' lang='lat' dir='ltr'><strong>primitiva:</strong></span> <span class='ocrx_word' id='word_1_773' title='bbox 2778 5661 3034 5725; x_wconf 75' lang='lat' dir='ltr'><strong>praesules</strong></span> <span class='ocrx_word' id='word_1_774' title='bbox 3089 5658 3349 5714; x_wconf 86' lang='lat' dir='ltr'><strong>certiores</strong></span> <span class='ocrx_word' id='word_1_775' title='bbox 3414 5656 3565 5722; x_wconf 71' lang='lat' dir='ltr'><strong>facti,</strong></span> 
     </span>
    </p>
   </div>
   <div class='ocr_carea' id='block_1_117' title="bbox 2003 5728 3574 5795">
    <p class='ocr_par' dir='ltr' id='par_1_117' title="bbox 2003 5728 3574 5795">
     <span class='ocr_line' id='line_1_117' title="bbox 2003 5728 3574 5795; baseline -0.006 -8"><span class='ocrx_word' id='word_1_776' title='bbox 2003 5733 2105 5787; x_wconf 86' lang='lat' dir='ltr'><strong>hoc</strong></span> <span class='ocrx_word' id='word_1_777' title='bbox 2126 5746 2337 5785; x_wconf 85' lang='lat' dir='ltr'><strong>canone</strong></span> <span class='ocrx_word' id='word_1_778' title='bbox 2363 5730 2413 5783; x_wconf 91' lang='lat' dir='ltr'><strong>id</strong></span> <span class='ocrx_word' id='word_1_779' title='bbox 2438 5731 2802 5784; x_wconf 88' lang='lat' dir='ltr'><strong>interdicunt:</strong></span> <span class='ocrx_word' id='word_1_780' title='bbox 2831 5742 2883 5783; x_wconf 88' lang='lat' dir='ltr'><strong>et</strong></span> <span class='ocrx_word' id='word_1_781' title='bbox 2939 5744 3127 5795; x_wconf 70' lang='lat' dir='ltr'><strong>pinnas</strong></span> <span class='ocrx_word' id='word_1_782' title='bbox 3157 5728 3225 5781; x_wconf 92' lang='lat' dir='ltr'><strong>ab</strong></span> <span class='ocrx_word' id='word_1_783' title='bbox 3258 5728 3574 5794; x_wconf 75' lang='lat' dir='ltr'><strong>accipienti-</strong></span> 
     </span>
    </p>
   </div>
   <div class='ocr_carea' id='block_1_118' title="bbox 2002 5796 3569 5870">
    <p class='ocr_par' dir='ltr' id='par_1_118' title="bbox 2002 5796 3569 5870">
     <span class='ocr_line' id='line_1_118' title="bbox 2002 5796 3569 5870; baseline -0.004 -14"><span class='ocrx_word' id='word_1_784' title='bbox 2002 5803 2103 5856; x_wconf 87' lang='lat' dir='ltr'><strong>bus</strong></span> <span class='ocrx_word' id='word_1_785' title='bbox 2129 5802 2370 5870; x_wconf 75' lang='lat' dir='ltr'><strong>exigunt,</strong></span> <span class='ocrx_word' id='word_1_786' title='bbox 2400 5800 2561 5868; x_wconf 90' lang='lat' dir='ltr'><strong>idque</strong></span> <span class='ocrx_word' id='word_1_787' title='bbox 2589 5799 2964 5870; x_wconf 87' lang='lat' dir='ltr'><strong>neChristiaui</strong></span> <span class='ocrx_word' id='word_1_788' title='bbox 2986 5815 3108 5856; x_wconf 86' lang='lat' dir='ltr'><strong>cum</strong></span> <span class='ocrx_word' id='word_1_789' title='bbox 3131 5796 3335 5855; x_wconf 63' lang='lat' dir='ltr'><strong>Judmis</strong></span> <span class='ocrx_word' id='word_1_790' title='bbox 3361 5797 3569 5868; x_wconf 89' lang='lat' dir='ltr'><strong>jejunia</strong></span> 
     </span>
    </p>
   </div>
   <div class='ocr_carea' id='block_1_119' title="bbox 2002 5869 2909 5942">
    <p class='ocr_par' dir='ltr' id='par_1_119' title="bbox 2002 5869 2909 5942">
     <span class='ocr_line' id='line_1_119' title="bbox 2002 5869 2909 5942; baseline -0.001 -15"><span class='ocrx_word' id='word_1_791' title='bbox 2002 5873 2085 5929; x_wconf 79' lang='lat' dir='ltr'><strong>vel</strong></span> <span class='ocrx_word' id='word_1_792' title='bbox 2114 5869 2247 5929; x_wconf 79' lang='lat' dir='ltr'><strong>festa</strong></span> <span class='ocrx_word' id='word_1_793' title='bbox 2286 5885 2545 5942; x_wconf 76' lang='lat' dir='ltr'><strong>peragere</strong></span> <span class='ocrx_word' id='word_1_794' title='bbox 2576 5869 2909 5926; x_wconf 87' lang='lat' dir='ltr'><strong>viderentur.</strong></span> 
     </span>
    </p>
   </div>
  </div>
