3992 6480
342 303 448 365 185

1486 308 1566 368 IN
1598 308 1743 369 CAN
1801 310 2039 373 LXXIV
2079 311 2338 375 APOST.

3486 311 3584 375 186

410 421 605 476 ΠᾹΛΣ.
641 421 723 476 Τὰ
763 423 901 477 αὖτὰ
943 424 1021 496 τῷ
1052 422 1128 495 οβ’
1158 423 1341 477 κανόνι
1372 424 1465 476 καὶ
1510 426 1536 476 ὁ
1564 423 1756 492 παρὼν
1802 442 1903 479 κα-

2081 426 2278 483 B.\l.S.
2314 428 2511 486 Eadem
2539 446 2659 501 qua:
2681 446 2809 486 can.
2834 430 2926 484 72.
2955 442 3194 499 praesens
3218 428 3377 482 etiam
3402 443 3579 483 canon

337 512 446 565 νὼν
473 512 772 582 διορίζεται
804 516 966 586 χάριν
998 516 1091 569 τοῦ
1127 515 1202 586 μὴ
1237 514 1550 568 κοινοῦσθαι
1575 515 1644 568 τὰ
1677 516 1753 584 τῷ
1789 515 1910 587 Θεῷ

339 606 733 675 προσαγόμενοι
804 609 899 660 καὶ
960 609 1109 669 ναοῖς
1166 605 1575 676 ἀφιερούμεγαο
1632 605 1912 677 οἱαδήτινα

340 695 508 765 σκεύη
537 696 632 749 καὶ
660 697 887 753 ἔπιπλα.
925 698 1015 766 Τῷ
1044 698 1153 767 γὰρ
1184 697 1409 764 ὀνόματι
1436 699 1533 767 τῆς
1560 697 1752 767 ὀθόνης
1798 698 1910 753 πᾶν

340 788 567 858 ὕφασμα
589 790 863 861 δηλοῦται.
913 792 971 844 Ὁ
1009 793 1187 862 Ἀχαρ
1220 792 1276 845 δὲ
1306 794 1515 855 ἐκεῖνος
1547 793 1904 861 [διωσάμενος

338 882 587 950 γλῶτταν
630 884 840 952 χρυσῆν
875 884 982 938 ἀπὸ
1024 885 1135 938 τῶν
1179 885 1626 952 ὲπαγγελθέντων
1666 885 1744 954 τῷ
1790 883 1911 954 Θεῷ

337 974 556 1043 χρυσῶν
588 976 870 1043 λαφύρων,
921 977 1013 1030 καὶ
1052 979 1216 1047 μήπω
1258 978 1695 1047 ἀφιερωθέντων,
1732 976 1912 1030 ἑλιθο-

339 1067 543 1138 ϐολήθη
593 1068 865 1137 παγγενῆ.
914 1069 1215 1136 Ἀνάγνωθι
1251 1069 1345 1123 καὶ
1375 1070 1465 1122 τὸν
1495 1075 1525 1121 ι’
1579 1070 1781 1122 κανόνα
1810 1070 1911 1139 τῆς

338 1161 395 1212 ἐν
427 1160 503 1229 τῷ
531 1161 647 1231 ναῷ
690 1161 799 1216 τῶν
847 1162 1046 1230 ’Δγίων
1103 1163 1443 1216 Ἀποστόλων
1478 1160 1523 1215 α’
1572 1165 1666 1215 καὶ
1694 1161 1740 1230 β’
1783 1179 1910 1214 συν-

334 1253 479 1308 ὁδου.

405 1342 650 1397 ΖΩΝΑΡ.
684 1344 765 1396 Τὰ
801 1345 879 1414 τῷ
913 1344 1033 1415 Θεῷ
1079 1343 1455 1414 ἀφορισθέντα
1488 1341 1805 1397 κοινοῦσθαι
1845 1344 1909 1397 οὐ

336 1435 466 1503 χρὴ.
527 1434 816 1502 Ἦγίασται
870 1438 998 1507 γὰρ,
1051 1438 1155 1490 κᾶν
1215 1437 1407 1498 σκεῦος
1456 1433 1773 1509 ᾗοξονδήτι,
1804 1435 1911 1488 κᾶν

338 1526 565 1595 ὕφασμα
590 1545 603 1557 ο
631 1527 719 1579 διὰ
753 1530 860 1597 γὰρ
898 1528 999 1596 τῆς
1044 1527 1233 1595 ὀθόνης
1267 1527 1539 1596 ἐδήλωσεν
1587 1525 1734 1580 ἅπαν
1770 1525 1908 1596 ὕφα-

338 1635 474 1690 σμα,
505 1620 607 1673 κᾶν
651 1619 827 1673 ἔλαιον
862 1622 969 1688 εἴη,
1022 1620 1126 1673 κᾶν
1166 1620 1353 1690 κηρός.
1390 1619 1453 1672 'll
1500 1619 1609 1689 γὰρ
1649 1620 1784 1689 πρδς
1816 1620 1908 1672 τὸν

338 1708 434 1762 τοῦ
463 1708 599 1763 θεοῦ
632 1708 761 1762 ναὸν
793 1709 1134 1781 προσαγωγὴ
1165 1711 1369 1763 τούτων
1396 1710 1612 1776 ἁγιάζει
1648 1711 1807 1765 αὐτά.
1828 1711 1903 1762 Οὐ

334 1801 445 1871 χρὴ
497 1801 588 1854 οὖν
635 1801 758 1854 οὔτε
806 1802 993 1871 κηρὸν,
1023 1800 1145 1855 οὔτε
1195 1802 1772 1871 ἑλαιονβφαιρεῖσθαι
1802 1802 1902 1871 τῆς

334 1892 653 1960 ἐκκλησίας,
701 1892 826 1946 οὔτε
859 1910 913 1945 τι
948 1893 1162 1955 σκεῦος.
1190 1893 1303 1944 ἀλλ’
1342 1893 1462 1945 οὐδὲ
1512 1892 1740 1962 ὕφασμα
1770 1894 1902 1944 ἀνα-

334 1984 487 2038 τεθὲν
521 1984 597 2052 τῷ
630 1984 767 2053 Θεῷ,
810 1986 906 2039 καὶ
946 1988 1028 2049 εἰς
1058 1985 1266 2038 οἰκείαν
1305 1986 1500 2056 χρῆσίν
1533 2003 1656 2038 τινα
1688 1985 1903 2051 λαμϐά-

335 2094 448 2129 νειν
476 2078 638 2130 αὐτὰ.
674 2077 993 2147 ’Δφορισμῴ
1044 2078 1152 2147 γὰρ
1194 2076 1353 2131 τοῦτο
1407 2077 1715 2132 ὑπόκειται.
1754 2079 1810 2131 Ὀ
1846 2079 1902 2133 δὲ

338 2170 517 2239 Ἀχαρ
545 2169 666 2222 οὐδὲ
708 2170 1110 2239 προσαχθέντα,
1148 2173 1241 2224 καὶ
1279 2171 1611 2238 ἁγιασθέντα
1643 2171 1898 2239 ὑφείλετο

333 2261 415 2330 τῷ
443 2261 580 2330 Θεῷ,
603 2261 738 2315 ἀλλὰ
768 2262 927 2331 μόνον
953 2250 1359 2331 ε’παγγελθέντα
1379 2280 1391 2292 ·
1423 2262 1517 2317 καὶ
1555 2264 1702 2333 ὅμως
1732 2263 1901 2318 ἔδωκε

333 2353 487 2423 δίκην
529 2355 776 2423 παγγενῆ
810 2353 1202 2423 λιθοδοληθείς.

329 2530 553 2585 ΔΡΙΣΤ.
603 2532 659 2586 '0
701 2533 828 2601 ἱερὰ
880 2534 1071 2601 σκεύη
1107 2534 1195 2599 είς
1233 2531 1457 2602 χρῆσιν
1492 2530 1901 2601 σφετεριζόμε-

847 2643 974 2693 νος,
1016 2623 1368 2694 ἀφορίζεται.

413 2716 473 2770 Ὀ
522 2717 601 2779 είς
660 2715 856 2786 χρῆσιν
923 2715 1129 2769 οἰκείαν
1178 2714 1248 2768 τὰ
1308 2715 1432 2786 ἱερὰ
1491 2713 1901 2783 οἰκειούμενοςν

331 2807 530 2871 σκεῦος
554 2808 587 2876 ἢ
616 2807 830 2878 ὀθόνην,
878 2807 1231 2877 ἁγιασθέντα,
1272 2806 1349 2871 ὡς
1390 2805 1724 2878 παρανομῶν
1767 2808 1904 2874 ἀφο-

330 2902 674 2974 ρισθήσεται.

929 2989 1163 3046 ΚΑΝΩΝ
1187 2991 1311 3045 ΟΔ’.

339 3087 715 3142 Ἐπίσκοπον
794 3084 1271 3153 κατηγορηθέντα
1350 3083 1453 3137 ἐπί
1537 3099 1655 3136 τινι
1746 3083 1904 3152 παρὰ

402 3183 775 3247 ἀξιοπίστων
803 3180 1125 3247 ἀνθρώπων
1166 3177 1475 3232 καλεῖσθαι
1501 3176 1688 3232 αὑτὸν
1715 3176 1901 3246 dra:-

404 3274 577 3328 καῖον
630 3274 746 3326 ὑπὸ
808 3273 924 3325 τῶν
975 3272 1348 3325 ἐπισκόπων·
1384 3269 1501 3324 κᾶν
1542 3269 1658 3339 μὲν
1715 3271 1904 3325 ἀπαν-

405 3367 593 3436 τήσῃ,
623 3366 722 3420 καὶ
768 3366 1136 3434 ὁμολογήσῃ,
1167 3363 1202 3431 ἢ
1235 3364 1572 3432 ἐλεγχθείη,
1607 3358 1903 3431 ὁρίζεσθαι

403 3461 469 3512 τὸ
520 3461 832 3529 ἐπιτίμιον.
894 3460 1033 3512 Ἐὰν
1087 3457 1153 3511 δὲ
1220 3458 1593 3525 καλούμενος
1644 3456 1728 3526 μὴ
1790 3460 1904 3511 ὐπ-

398 3553 662 3621 αέούση,
690 3551 986 3605 καλείσθω
1006 3550 1099 3602 καὶ
1117 3550 1416 3617 δεύτερον,
1452 3549 1902 3618 ἀποστελλομέ-

399 3666 526 3702 νων
551 3648 641 3701 ἐπ’
680 3643 866 3701 αῧτὸν
913 3643 1021 3695 δύο
1067 3642 1435 3696 ἐπισκόπων.
1488 3641 1630 3696 Ἐὰν
1680 3642 1748 3695 δὲ
1802 3641 1902 3697 καὶ

405 3741 561 3793 οὕτω
586 3738 669 3807 μὴ
703 3737 1049 3804 ὑπακούσῃ,
1082 3735 1382 3787 καλείσθω
1412 3733 1512 3786 καὶ
1540 3734 1743 3801 τρίτον
1794 3735 1904 3788 δύο

399 3832 589 3888 πάλιν
633 3832 979 3886 ἐπισκόπων
1019 3827 1564 3895 ἀποστελλομένων
1599 3827 1750 3893 πρὸς
1799 3830 1906 3883 αὑ·-

400 3923 532 3976 τόν.
571 3920 713 3974 Ἐὰν
768 3919 835 3973 δὲ
898 3920 997 3973 καὶ
1043 3920 1233 3982 οὕτως
1290 3917 1762 3987 καταφρονήσας
1814 3917 1900 3986 μὴ

401 4014 749 4083 ἀπαντήσῃ,
770 4015 806 4081 ἠ
832 4012 1093 4078 σύνοδος
1124 4012 1542 4079 ἀποφαινέσθω
1568 4011 1695 4065 κατ’
1717 4011 1905 4068 αὐτοῦ

402 4112 478 4163 τὰ
518 4107 834 4173 δοκοῦντα,
866 4105 1026 4172 ὅπως
1055 4105 1138 4173 μὴ
1170 4104 1319 4177 δόξῃ
1356 4104 1691 4173 κερδαίνειν
1723 4123 1908 4176 φυγο-

400 4198 604 4254 δικῶν.

403 4294 602 4348 ΒΑΛΣ.
635 4292 772 4363 Περὶ
799 4292 921 4356 τοῦ,
956 4291 1100 4356 τίνες
1127 4292 1381 4345 δύνανται
1405 4294 1735 4362 κατηγορεῖν
1782 4292 1905 4344 ἑπι-

322 4391 551 4443 σκὸπων
597 4385 631 4455 ἢ
692 4386 991 4455 κληρικῶν,
1040 4385 1135 4437 καὶ
1181 4384 1323 4447 τίνες
1377 4382 1908 4455 καταμαρτυροῦσιν

2009 521 2271 589 deccrnit,
2298 539 2630 593 quaecunque
2661 523 2768 579 Deo
2792 524 3009 579 fuerunt
3042 523 3312 584 dedicata,
3369 531 3421 574 et
3457 534 3582 575 tem-

2008 613 2107 683 plis
2141 624 2477 679 consecrata,
2528 630 2636 669 non
2690 615 2803 669 lteri
2851 615 3161 669 communia
3210 622 3262 667 et
3316 610 3579 683 profana;

2010 707 2187 775 qualia
2226 716 2352 762 sunt
2378 723 2503 762 vasa
2533 719 2588 763 et
2628 707 2895 777 supellex.
2968 706 3081 761 Veli
3145 706 3288 761 enim
3342 706 3576 768 nomine,

2010 800 2267 870 quidquid
2297 811 2379 855 est
2420 801 2625 865 textile,
2660 802 3013 868 signiﬁcatur.
3044 801 3226 855 Achaz
3262 807 3439 853 autem
3470 798 3579 863 ille,

2009 905 2130 943 cum
2162 890 2395 959 linguam
2440 905 2657 945 auream
2690 905 2754 944 ex
2799 890 2976 944 aureis
3007 888 3192 955 spoliis
3229 887 3336 940 Deo
3361 886 3576 956 quidem

2010 982 2149 1036 votis
2184 997 2247 1036 ac
2270 982 2571 1050 promissis,
2600 982 2691 1035 sed
2728 981 2964 1035 nondum
2990 978 3346 1044 consecratis,
3378 978 3485 1031 sibi
3522 985 3580 1031 ut

2010 1071 2282 1141 propriam
2315 1072 2670 1137 attribuisset,
2695 1070 2991 1141 generatim
3034 1069 3099 1123 ab
3142 1069 3409 1133 omnibus,
3449 1067 3580 1133 lapi-

2008 1162 2163 1215 dibus
2193 1163 2419 1216 obrutus
2449 1171 2551 1215 est.
2584 1159 2724 1229 Lege
2757 1169 2810 1213 et
2847 1174 2969 1214 can.
3005 1158 3029 1211 1
3067 1156 3175 1212 et2
3223 1157 3405 1228 synodi
3456 1172 3574 1225 qua:
3628 1222 3633 1225 η

2010 1254 2108 1308 fuit
2132 1254 2183 1308 in
2207 1255 2405 1321 templo
2445 1252 2546 1309 SS.
2583 1252 2980 1322 Apostolorum.

2081 1344 2331 1399 ZONAR.
2360 1345 2430 1399 Ea
2461 1360 2579 1414 quae
2604 1344 2710 1398 Deo
2743 1351 2989 1413 separata
3019 1349 3166 1403 sunt,
3189 1357 3286 1395 usu
3309 1340 3579 1395 communi

2010 1440 2172 1509 pollui
2205 1453 2311 1492 non
2338 1446 2573 1507 Oportet.
2604 1437 2743 1492 Sunt
2775 1437 2917 1489 enim
2967 1432 3327 1496 sanctiﬁcata,
3358 1446 3451 1487 seu
3484 1446 3581 1495 vas

2010 1530 2224 1599 aliquod
2264 1529 2366 1583 tale
2399 1532 2488 1592 sit,
2516 1544 2609 1584 seu
2633 1544 2864 1596 pannus.
2903 1526 3054 1597 (Nam
3090 1540 3185 1595 per
3211 1525 3384 1580 velum
3417 1524 3584 1593 signi-

2011 1623 2135 1677 llcat
2160 1637 2318 1677 omne
2343 1632 2573 1692 textum)
2601 1623 2715 1675 sive
2743 1620 2812 1675 sit
2834 1620 3038 1682 oleum,
3067 1621 3180 1673 sive
3210 1634 3354 1673 cera.
3386 1617 3444 1672 In
3484 1617 3576 1671 Dei

2008 1729 2203 1781 nempe
2248 1714 2449 1785 templo
2509 1712 2647 1767 facta
2706 1711 3080 1781 hujuscemodi
3137 1724 3319 1763 rerum
3378 1707 3579 1764 oblatio

2010 1808 2314 1866 sanctiﬁcat
2341 1822 2453 1862 eas.
2488 1805 2700 1861 Auferri
2735 1821 2840 1860 non
2869 1813 3080 1874 oportet
3119 1803 3282 1872 igitur
3309 1802 3376 1855 ab
3406 1801 3580 1855 eccle-

2011 1901 2111 1965 sia,
2144 1914 2245 1953 nec
2274 1913 2474 1960 ceram,
2523 1911 2625 1952 nec
2677 1895 2876 1957 oleum,
2919 1909 3016 1949 nec
3069 1909 3164 1949 vas
3217 1893 3431 1961 aliquod
3485 1891 3579 1947 sed

2011 2006 2184 2061 neque
2208 2005 2464 2060 pannum,
2501 1989 2589 2059 qui
2619 1988 2725 2065 Deo
2766 1985 2837 2040 sit
2867 1986 3103 2045 oblatus,
3132 1993 3185 2039 et
3224 1984 3322 2036 ista
3367 1995 3581 2037 sumere

2011 2084 2060 2137 in
2097 2084 2330 2151 aliquem
2359 2082 2624 2151 privatum
2656 2093 2834 2135 usum.
2863 2077 3089 2145 Propter
3110 2076 3214 2130 hoc
3257 2074 3397 2127 enim
3447 2073 3578 2129 sub-

2006 2178 2265 2246 jiciuntur
2292 2176 2861 2233 excommunicationi.
2886 2173 3043 2228 Certe
3066 2172 3247 2227 Achaz
3280 2185 3377 2224 nec
3398 2170 3576 2224 oblata

2011 2268 2138 2332 Dec,
2178 2283 2273 2322 nec
2303 2265 2634 2321 sanctificata
2662 2262 2953 2323 subtraxit,
2980 2263 3070 2316 sed
3099 2261 3266 2315 solum
3289 2259 3575 2329 promi~sa.

2007 2358 2367 2414 Nihilominus
2398 2371 2592 2426 poenas
2620 2355 2763 2409 dedit
2790 2353 2856 2408 ab
2904 2352 3158 2407 universo
3208 2349 3407 2421 populo
3442 2348 3580 2417 lapi-

2008 2449 2163 2503 dibus
2194 2447 2439 2503 obrutus.

2006 2540 2233 2596 ARIST.
2265 2540 2368 2606 Qui
2401 2556 2552 2594 sacra
2582 2554 2711 2593 vasa
2751 2537 2802 2590 in
2834 2551 2985 2589 usum
3015 2534 3287 2606 proprium
3309 2531 3577 2603 transfert,

2078 2634 2562 2690 excommunicatur

2079 2728 2181 2795 Qui
2241 2728 2294 2782 in
2348 2727 2623 2797 proprium
2672 2740 2828 2780 usum
2883 2737 3038 2779 sacra
3089 2728 3272 2787 vertit,
3351 2733 3446 2774 vas
3488 2727 3579 2770 aut

2010 2821 2255 2886 linteum,
2291 2818 2754 2883 sanctiﬁcata;ut
2780 2815 2951 2886 legem
3007 2809 3429 2881 transgrediens,
3486 2822 3579 2863 ex-

2010 2913 2514 2969 communicabitur.

2469 3004 2581 3076 ],3
2617 3000 2847 3058 CANON
2881 2997 3127 3054 Lxxw.

2016 3097 2329 3165 Episcopum
2361 3114 2392 3149 a
2416 3097 2537 3150 viris
2562 3096 2664 3163 [ide
2698 3095 2870 3163 dignis
2912 3094 2972 3144 ob
3000 3091 3203 3159 aliquid
3251 3094 3576 3149 accusatum,

2076 3192 2244 3259 ipsum
2274 3190 2337 3243 ab
2365 3190 2614 3258 episcopis
2637 3186 2809 3241 vocari
2842 3200 3043 3238 necesse
3070 3192 3143 3236 est
3178 3197 3197 3236 :
3223 3190 3270 3235 et
3295 3181 3340 3232 si
3375 3195 3427 3233 se
3457 3179 3576 3246 qui-

2075 3284 2422 3347 demstiterit,
2444 3292 2488 3336 et
2513 3281 2798 3350 confessus,
2830 3277 2906 3331 vel
2936 3278 3199 3330 convictus
3223 3276 3288 3329 sit
3309 3280 3579 3325 statuatur

2076 3393 2247 3445 poem.
2300 3375 2361 3429 Si
2412 3384 2585 3429 autent
2645 3381 2859 3427 vocatus
2910 3388 3009 3423 non
3055 3367 3309 3433 paruerit,
3353 3362 3577 3417 secundo

2077 3470 2233 3524 etiam
2261 3477 2492 3532 voretur,
2533 3466 2707 3519 missis
2744 3465 2811 3516 ad
2838 3464 3003 3531 ipsum
3056 3459 3306 3528 episcopis
3352 3456 3577 3508 duobus.

2077 3562 2136 3617 Si
2162 3571 2333 3614 autem
2357 3560 2516 3614 etiam
2547 3560 2620 3613 sic
2650 3574 2750 3610 non
2779 3553 3054 3614 obedierit,
3088 3559 3296 3605 vocetur
3326 3558 3372 3601 et
3400 3546 3576 3608 tertio,

2078 3655 2277 3708 duobus
2302 3653 2369 3705 ad
2404 3668 2517 3705 eam
2549 3666 2731 3704 rursus
2759 3649 2929 3701 missis
2977 3644 3255 3710 episcOpis.
3301 3641 3358 3697 Si
3403 3650 3578 3692 autem

2077 3746 2155 3802 vel
2178 3726 2554 3807 sic'aspernans
2586 3752 2631 3794 et
2656 3747 2940 3793 contumax
2960 3754 3011 3791 se
3031 3753 3133 3789 non
3172 3733 3387 3793 stiterit,
3420 3747 3580 3799 syno-

2077 3842 2175 3894 dus
2206 3856 2267 3893 ea
2300 3854 2416 3910 qua:
2455 3835 2692 3891 videntur
2720 3837 2969 3886 adversus
2997 3844 3114 3882 eum
3158 3824 3482 3894 pronuntiet,
3516 3837 3579 3875 ne

2077 3933 2386 4002 lucrifacere
2408 3930 2646 3985 videatur
2672 3925 2798 3980 dum
2820 3923 3084 3996 judicium
3125 3918 3468 3987 subterfugit.

2081 4294 2277 4350 BALS.
2338 4293 2566 4360 Quinam
2628 4289 2840 4360 possint
2900 4286 3183 4356 episcopos
3239 4288 3293 4338 et
3349 4279 3579 4335 clericos

2011 4404 2297 4455 accusare,
2358 4395 2413 4441 et
2470 4385 2689 4454 quinam
2743 4383 3002 4437 adversus
3061 4392 3154 4432 cos
3214 4375 3580 4430 testimonium

320 4481 532 4545 αὐτῶν,
553 4478 824 4546 ἀνάγνωθι
840 4476 933 4530 τοῦ
954 4477 1221 4546 παρόντος
1244 4476 1618 4545 συντάγματος
1639 4477 1818 4529 τίτλον
1862 4473 1903 4527 θ’

2023 4484 2209 4546 Γιετιιιιι,
2238 4481 2352 4549 lege
2385 4476 2667 4547 prtesentis
2694 4473 2873 4543 Operis
2909 4472 2991 4525 tit.
3021 4469 3074 4532 9,
3103 4483 3222 4535 cap.
3260 4467 3319 4530 l,
3349 4474 3405 4519 et
3462 4478 3582 4531 quae

320 4573 630 4644 κεφαλαίου
653 4570 721 4636 α’,
748 4571 841 4624 καὶ
867 4569 934 4622 τὰ
956 4573 1012 4622 ὲν
1047 4569 1215 4637 αὐτῷ,
1248 4570 1341 4621 καὶ
1368 4569 1668 4636 κεφάλαιον
1701 4567 1768 4636 β’,
1808 4569 1902 4621 καὶ

317 4670 398 4721 τὰ
427 4670 484 4720 ὲν
518 4665 687 4735 αὐτῷ.
731 4664 789 4717 Ὀ
820 4663 875 4716 δὲ
909 4661 1098 4733 παρὼν
1137 4660 1316 4713 κανὼν
1361 4661 1605 4724 θεσπίζει
1644 4660 1734 4712 τὸν
1772 4676 1904 4712 κατ-

316 4761 669 4831 ηγορηθέντα
714 4762 1013 4815 ἐπίσκοπον
1056 4760 1220 4829 χάριν
1263 4758 1681 4826 ἐγκληματικῆς
1719 4756 1897 4809 αἰτιά-

322 4872 470 4916 σεως
500 4853 923 4923 μετακαλεῖσθαι
954 4854 1094 4907 κατὰ
1141 4852 1341 4919 νόμους
1388 4849 1495 4901 ὑπὸ
1547 4849 1896 4901 ἐπισκόπων·

323 4946 539 4999 ἀπόντα
591 4945 701 5012 γὰρ
749 4945 939 4997 τοῦτον
978 4943 1441 5006 καταδικάζεσθαι
1487 4940 1673 4994 ἄδικον
1710 4938 1891 5002 ἔδοξε·

324 5039 429 5092 καὶ
492 5038 928 5107 παρουσιάζοντα
1001 5037 1138 5107 μὲν,
1189 5038 1281 5089 καὶ
1356 5035 1415 5101 ἐξ
1486 5034 1899 5103 ἀναντιρῤήτων

326 5128 628 5198 ἐλέγχωνῆ
662 5128 774 5182 ἀπὸ
804 5128 1012 5191 οἰκείας
1044 5126 1334 5197 ὁμολογίας
1366 5123 1897 5193 καταδικαζόμενον,

326 5220 637 5283 κανονικῶς
697 5220 1099 5289 ἐπιτιμᾶσθαιο
1167 5218 1242 5289 μὴ
1302 5217 1750 5287 παραγενόμενον
1803 5214 1900 5278 δι,

325 5310 617 5364 καλεῖσθαι
671 5304 764 5364 καὶ
816 5307 972 5373 αὖθις
1035 5309 1188 5380 παρὰ
1231 5308 1550 5363 ἐπισκόπων
1598 5306 1726 5358 δύο’
1764 5304 1901 5358 ἀλλὰ

328 5403 441 5472 μὴν
478 5401 573 5455 καὶ
615 5404 681 5454 ὲκ
710 5400 916 5470 τρίτου,
945 5400 1019 5463 ὡς
1062 5399 1147 5464 ἂν,
1183 5401 1231 5452 εἰ
1278 5398 1414 5468 μηδὲ
1442 5396 1615 5460 οὕτως
1651 5393 1899 5466 παραγέ-

329 5510 521 5566 νηται,
557 5494 906 5564 ἁποφήνηται
935 5492 1056 5546 κατ’
1084 5490 1248 5546 αὐτοῦ
1282 5493 1313 5561 ἡ
1357 5490 1570 5553 σύνοδος
1610 5490 1706 5543 καὶ
1739 5506 1901 5559 μονο-

328 5583 519 5653 μερῶς
544 5584 610 5637 τὰ
638 5584 896 5637 δοκοῦντα
926 5583 1063 5653 αὐτῇ
1090 5598 1106 5615 ⁶
1138 5583 1346 5645 Ὅπως,
1373 5583 1528 5652 φησι,
1561 5583 1634 5651 μὴ
1659 5583 1901 5652 κερδήσῃ

325 5676 357 5725 ὁ
382 5674 797 5743 καταφρονητὴς
826 5673 888 5726 ὲκ
917 5674 1015 5742 τῆς
1044 5671 1294 5735 ἀναιδοῦς
1319 5671 1687 5740 ὑπερθέσεως.
1713 5672 1901 5725 Ταῦτα

326 5766 425 5820 τοῦ
461 5766 680 5828 νανόνος
719 5766 1111 5837 διοριζομένου,
1142 5764 1378 5836 ὲξτιτήθη
1426 5762 1688 5818 πολλάκιι-
1738 5765 1899 5832 εἴπερ

1963 4555 1975 4572 Γ
2009 4578 2062 4629 in
2097 4590 2161 4629 eo
2190 4582 2356 4626 sunt:
2394 4580 2446 4624 et
2488 4582 2610 4637 cap.
2638 4566 2693 4632 2,
2732 4574 2784 4619 et
2811 4579 2930 4633 quae
2961 4570 3086 4616 sunt
3140 4560 3192 4613 in
3243 4559 3378 4627 ipso.
3430 4555 3581 4609 Prae-

2004 4682 2130 4723 sens
2166 4676 2343 4719 autem
2374 4677 2548 4719 canon
2603 4661 2818 4721 Statuit,
2867 4664 3176 4710 accusatum
3233 4652 3576 4720 episcopum,

2004 4770 2066 4816 ut
2098 4761 2145 4813 ei
2188 4758 2394 4813 crimen
2426 4753 2757 4812 intendatur,
2790 4746 3026 4817 legitime
3083 4744 3151 4799 ab
3192 4741 3457 4813 episcopis
3488 4755 3583 4792 v0-

2006 4850 2119 4905 cari
2154 4864 2168 4902 ;
2205 4863 2326 4902 eunt
2378 4845 2519 4900 enim
2571 4845 2852 4896 absentem
2902 4834 3276 4899 condemnari,
3335 4832 3580 4897 iniquum

2007 4942 2179 4995 visum
2214 4945 2297 4992 est
2329 4954 2343 4990 :
2377 4947 2430 4989 et
2476 4940 2794 5002 praesentem
2846 4928 3085 4999 quidem,
3133 4934 3187 4979 et
3236 4920 3313 4977 vel
3363 4938 3426 4975 ex
3475 4935 3580 4974 non

2010 5028 2318 5083 refellendis
2350 5021 2777 5095 probationibus,
2797 5018 2880 5074 vel
2899 5034 2963 5073 ex
2985 5015 3197 5087 propria
3217 5011 3579 5073 confessione,

2012 5122 2064 5176 in
2088 5120 2295 5191 judicio
2325 5117 2656 5177 convictum,
2692 5110 2952 5167 canonice
3002 5107 3243 5164 multari.
3294 5105 3349 5159 Si
3402 5112 3581 5158 autem

2011 5231 2115 5268 non
2144 5210 2455 5276 accesserit,
2486 5225 2514 5262 a
2560 5208 2769 5262 duobus
2814 5219 3005 5260 rursus
3056 5201 3324 5273 episcopis
3374 5196 3581 5253 vocari.

2013 5308 2174 5375 Atqui
2205 5315 2258 5358 et
2294 5304 2452 5357 tertio
2484 5314 2719 5371 quoque,
2756 5308 2812 5352 ut
2841 5299 2884 5353 si
2916 5311 2983 5352 ne
3017 5298 3096 5350 sic
3124 5293 3339 5364 quidem
3383 5307 3441 5345 se
3482 5289 3551 5345 sti

2010 5400 2157 5464 terit,
2206 5397 2441 5468 synodus
2499 5397 2756 5449 adversus
2811 5407 2930 5448 eum
2982 5388 3314 5461 pronuntiet,
3370 5381 3581 5440 etiamsi

2009 5505 2133 5557 pars
2162 5503 2266 5542 una
2297 5498 2498 5541 tantum
2528 5486 2690 5548 adsit,
2747 5500 2807 5540 ea
2860 5499 2981 5554 quae
3040 5482 3141 5538 sibi
3204 5478 3577 5535 videbuntur:

2006 5582 2084 5636 Ne
2111 5587 2491 5647 comtemptor,
2529 5577 2726 5647 inquit,
2785 5592 2879 5630 seu
2932 5582 3247 5638 contumax,
3296 5585 3364 5626 ex
3410 5570 3583 5634 impn-

2008 5674 2153 5730 denti
2185 5672 2442 5726 dilatione
2467 5671 2726 5726 lucretur.
2760 5669 2884 5724 Haec
2912 5682 3037 5722 cum
3084 5668 3337 5721 decernat
3379 5673 3578 5718 canon.

2006 5777 2149 5835 saepe
2199 5763 2482 5834 quaesitum
2542 5771 2625 5817 est
2677 5778 2745 5815 an
2795 5775 2890 5831 per
2947 5765 3263 5828 prazscntent
3315 5764 3581 5808 canonem
