3992 6480
400 314 497 374 lS‘l

1664 320 1767 379 ΤΗ
1780 318 1945 379 ΕΟΙ).
1990 315 2397 377 BALSAMON

3530 321 3630 384 188

399 420 599 490 synodo
637 423 960 489 permissum
993 423 1082 487 sit,
1135 424 1528 480 iuobedientem
1576 441 1641 481 ac
1684 434 1965 479 contuma-

2091 424 2283 497 ,νεδόθη
2341 426 2429 479 διά
2481 427 2575 479 τοῦ
2629 428 2871 481 τοιούτου
2913 428 3139 494 κανόνος
3190 433 3254 501 τῇ
3300 432 3508 505 συνόδῳ
3538 435 3633 488 καὶ

401 527 515 566 cem
541 514 847 581 episcopum
874 516 1191 583 depositioni
1245 518 1527 587 subjicere.
1565 516 1825 572 Dixerunt
1867 532 1964 571 an-

404 615 507 659 tem
533 604 716 673 aliqui,
748 621 775 658 a
812 606 1180 661 misericordia
1209 609 1370 663 nimis
1411 610 1642 663 alienum
1699 623 1844 671 esse,
1908 616 1966 661 ut

401 694 471 749 ob
530 695 945 752 inobedientiam
1000 700 1114 754 sive
1195 701 1587 755 contumaciam
1668 700 1968 769 deponatur

402 786 723 855 episcopus:
760 789 852 842 sed
886 789 1043 843 aliter
1073 790 1266 843 debere
1298 790 1442 845 illum
1488 792 1685 860 puniri.
1722 793 1776 844 Si
1823 792 1965 845 enim

404 890 465 928 ea
496 883 659 940 esset,
698 876 967 945 inquiunt,
999 881 1361 947 apostolorum
1390 883 1679 947 sententia,
1722 893 1782 937 ut
1807 884 1971 951 depo-

406 977 625 1022 neretur
693 970 1001 1038 episc0pus,
1074 973 1421 1040 depositionis
1491 974 1543 1027 in
1602 974 1703 1028 hoc
1765 989 1971 1029 canone

404 1060 794 1115 meminissent.
814 1060 916 1115 Alii
946 1072 1122 1118 autem
1158 1064 1426 1126 dixerunt,
1447 1065 1588 1134 quod
1620 1081 1685 1119 ex
1719 1067 1963 1135 proxime

406 1148 549 1202 edita
582 1164 609 1201 a
644 1150 750 1203 Deo
789 1153 1029 1205 coronati
1073 1162 1127 1206 et
1175 1156 1343 1207 sancti
1396 1155 1738 1223 imperatoris
1790 1156 1962 1211 nostri

405 1242 710 1295 veneranda
740 1240 981 1310 Novella,
1016 1245 1325 1314 quicunque
1355 1246 1399 1301 is
1421 1246 1492 1301 sit
1521 1246 1783 1301 adversus
1812 1262 1970 1314 quem

404 1333 548 1387 actio
573 1333 889 1401 intenditur,
916 1337 958 1388 si
992 1336 1042 1389 in
1070 1336 1330 1405 judicium
1362 1346 1605 1403 vocetur,
1636 1347 1689 1394 et
1716 1350 1835 1408 post
1859 1349 1969 1393 tres

407 1424 837 1480 denuntiationes
892 1442 988 1496 per
1028 1439 1134 1483 tres
1182 1432 1410 1499 scriptas
1458 1431 1742 1485 citationes
1793 1445 1977 1486 accer-

404 1515 561 1578 situs,
595 1525 647 1568 et
679 1532 784 1570 non
816 1519 1054 1584 veniens,
1079 1521 1467 1574 condemnatur
1495 1522 1579 1575 vel
1626 1537 1728 1575 una
1769 1532 1973 1576 tantum

406 1615 559 1675 parte
586 1620 872 1677 pnesente.
906 1611 960 1664 Si
992 1626 1119 1680 ergo
1154 1614 1317 1666 etiam
1359 1614 1646 1682 episcopus
1694 1629 1812 1669 cum
1879 1616 1977 1668 da-

409 1698 554 1753 tione
592 1699 751 1755 libelli
780 1717 842 1756 ac
874 1703 1091 1768 scriptis
1145 1704 1397 1774 legitimis
1447 1716 1735 1762 accusatus
1790 1705 1974 1771 fuerit,

2067 518 2385 589 καθαιρέσει
2430 519 2861 575 καθυποϐάλλειν
2902 523 2994 575 τὸν
3051 523 3255 595 ἀπειθῆ
3307 525 3632 581 ἐπίσκοπον.

2067 610 2178 663 Καὶ
2212 604 2366 663 εῐπόν
2402 628 2547 675 τινες
2580 612 2654 675 ὡς
2685 613 3013 683 ἀσυμπαθές
3065 615 3214 668 ἐστιν
3247 616 3306 682 ἐξ
3348 618 3636 679 ἀπειθείας

2068 702 2452 771 καθαιρεῖσθαι
2499 703 2837 759 ἐπίσκοπονο
2889 706 3066 770 ἄλλως
3117 708 3175 761 δέ
3231 725 3349 771 πως
3394 711 3640 779 ὀφείλειν

2071 794 2432 864 ἐπιτιμᾶσθαι
2482 795 2666 849 αὐτόν.
2701 798 2761 850 El
2805 797 2915 867 γὰρ
2956 794 3025 869 ἧν
3071 799 3316 869 θελητὺν,
3349 802 3501 870 φασὶ,
3546 804 3639 857 καὶ

2068 889 2180 949 τοῖς
2233 886 2551 950 ἀποστόλοις
2578 888 2963 960 καθαιρεῖσθαι
3003 891 3095 944 τὸν
3122 893 3441 960 ἐπίσκοπον,
3474 896 3644 966 ἐμνή-

2074 979 2283 1049 σθησαν
2317 979 2383 1033 ἂν
2434 983 2493 1033 ἐν
2539 982 2618 1053 τῷ
2661 982 2845 1036 κανόνι
2877 985 2971 1037 καὶ
3021 985 3419 1055 καθαιρέσεως.
3451 988 3640 1042 Ἀλλοι

2072 1072 2131 1126 δέ
2178 1068 2333 1127 εἷπον
2378 1074 2454 1137 ὡς
2491 1075 2585 1128 καὶ
2648 1075 2757 1129 ἀπὸ
2809 1079 2909 1146 τῆς
2958 1078 3201 1147 συνεχῶς
3265 1079 3641 1152 ἐξενεχθείσης

2075 1168 2464 1236 προσκυνητῆς
2522 1169 2722 1238 νεαρᾶς
2792 1166 2888 1221 τοῦ
2960 1169 3287 1238 θεοστεφοῦς
3341 1172 3641 1240 κρατίστου

2076 1258 2167 1310 καὶ
2198 1258 2355 1326 ἁγίου
2418 1259 2577 1329 ἡμῶν
2627 1260 3051 1331 αὐτοκράτορος,
3109 1262 3255 1326 ἄπας
3312 1264 3643 1334 ἐναγόμενος

2080 1351 2561 1420 μετακαλούμενος
2608 1353 2689 1417 είς
2732 1353 2793 1407 τὸ
2831 1354 3202 1427 δικαστήριον,
3235 1358 3327 1411 καὶ
3364 1357 3502 1427 μετά
3545 1359 3645 1428 μέ-

2076 1460 2201 1514 τρια
2233 1443 2527 1515 μηνύματα
2554 1444 2643 1499 διὰ
2681 1446 2851 1516 τριῶν
2875 1447 3318 1518 ἐπιφωνημάτων
3347 1448 3646 1519 ἐγγράφων

2079 1535 2255 1589 ἐλθεῖν
2302 1535 2788 1606 παρεγγυώμενος,
2826 1538 2921 1591 καὶ
2954 1538 3026 1609 μὴ
3072 1539 3385 1609 ἐρχόμενος,
3424 1542 3647 1594 καταδι-

2080 1628 2304 1692 κάζεται
2354 1628 2449 1681 καὶ
2509 1629 2848 1701 μονομερῶς.
2886 1631 2950 1684 Ei
3000 1630 3131 1701 γοῦν
3188 1631 3284 1685 καὶ
3344 1632 3646 1696 ἐπίσκοπος

2086 1720 2223 1791 μετά
2278 1721 2481 1785 δόσεως
2531 1722 2794 1776 λιὸέλλων
2857 1723 2953 1777 καὶ¹
3022 1724 3272 1794 νομίμων
3350 1725 3648 1793 ἐγγράφων

407 1797 459 1841 et
490 1789 541 1841 in
566 1789 655 1855 jus
694 1802 936 1856 vocatus,
981 1793 1215 1862 primum
1262 1795 1476 1863 quidem
1525 1811 1620 1863 per
1696 1796 1983 1848 denuntia-

2091 1781 2474 1887 κατηγορηθῇ,⁷
2492 1816 2960 1887 κα“ι,μετακληθῇ,
2992 1781 3208 1888 πρῶτον
3241 1819 3341 1888 μὲν
3363 1781 3651 1889 διάγιηνυ-

408 1881 607 1947 tiones,
668 1882 865 1938 deinde
928 1886 1090 1939 etiam
1135 1900 1230 1953 per
1290 1887 1388 1940 tria
1446 1888 1665 1957 scriptis
1729 1890 1979 1942 mandata

409 1971 610 2036 edicta,
647 1983 701 2027 et
730 1989 789 2027 se
818 1974 1023 2039 judicio
1058 1990 1159 2029 non
1190 1975 1464 2038 obtulerit,
1507 1977 1853 2031 damnabitur
1897 1979 1982 2034 vel

411 2076 521 2116 una
545 2071 750 2117 tantum
787 2072 937 2131 parte
970 2074 1260 2134 praesente.
1291 2064 1389 2120 Hic
1413 2080 1540 2135 ergo
1590 2069 1792 2133 vocari,
1851 2071 1983 2139 legi-

411 2151 542 2206 time
569 2151 911 2220 intelligitur,
959 2152 1168 2208 scilicet
1212 2168 1305 2223 per
1337 2153 1406 2208 50
1451 2155 1657 2209 dierum
1701 2156 1896 2224 edicta,
1932 2166 1989 2211 et

414 2260 517 2299 non
569 2254 627 2300 ut
686 2247 930 2302 nonnulli
990 2247 1240 2303 dixerunt
1283 2263 1379 2318 per
1424 2263 1717 2316 paucorum
1777 2249 1985 2304 dierum

419 2339 635 2407 scriptis
681 2341 960 2394 mandatas
1016 2341 1471 2396 denuntiationes.
1513 2340 1625 2396 Hoc
1660 2350 1837 2397 autem
1882 2343 1987 2398 alio

421 2433 583 2485 modo
614 2432 810 2486 dictum
842 2442 923 2487 est
971 2434 1024 2488 in
1062 2433 1313 2488 tribunali
1364 2433 1652 2503 imperiali,
1705 2446 1760 2491 et
1819 2435 1989 2501 magis

417 2526 471 2578 in
503 2539 665 2579 causa
696 2525 931 2593 episcOpi
974 2527 1230 2591 Besaenae,
1286 2536 1341 2581 et
1383 2525 1681 2592 indicatum
1730 2536 1836 2589 est,
1896 2542 1992 2597 per

421 2616 521 2670 tria
551 2614 787 2686 legitima
819 2617 994 2671 edicta
1024 2618 1221 2672 debere
1243 2619 1421 2673 vocari
1445 2618 1776 2687 episcopum,
1802 2618 1993 2675 advcr—

421 2723 515 2762 sus
544 2724 703 2778 quem
745 2710 884 2764 actio
910 2709 1232 2774 intenditur,
1265 2719 1320 2765 et
1346 2711 1416 2763 ita
1444 2718 1662 2781 propter
1706 2721 1991 2764 contuma-

420 2801 558 2855 ciam
596 2800 967 2856 condemnari.
999 2801 1357 2858 Condemnari
1408 2803 1624 2872 quidem
1679 2803 1990 2874 episcopum

421 2900 796 2947 contumacem
861 2893 1014 2961 juxta
1082 2895 1303 2950 illustris
1359 2895 1705 2964 imperatoris
1782 2895 1986 2950 domini

422 2981 683 3037 Manuelis
721 2983 979 3038 Conineni
1014 2983 1486 3051 Novellam,extra
1510 2996 1727 3038 omnem
1757 2992 1839 3037 est
1863 2998 1995 3037 con-

427 3072 767 3126 troversiam.
822 3072 913 3127 Sic
978 3074 1120 3128 enim
1173 3083 1229 3127 ut
1292 3074 1493 3129 dictum
1547 3083 1649 3137 est,
1696 3072 1993 3140 iudicatum

423 3161 526 3215 fuit
554 3163 693 3228 apud
723 3163 925 3230 regium
959 3173 1013 3217 et
1044 3164 1280 3217 divinum
1312 3163 1619 3218 tribunaI.A
1645 3163 1855 3219 duobus
1900 3179 1997 3217 au-

426 3259 530 3304 tem
554 3250 883 3305 antistitibus
913 3261 968 3306 et
1018 3268 1122 3306 non
1160 3252 1315 3306 aliter
1343 3252 1673 3306 vocationem
1709 3254 1825 3320 ejus
1861 3254 1997 3333 fieri,

426 3352 484 3395 ut
512 3340 753 3395 nonnulli
790 3341 1064 3406 dixerunt,
1100 3356 1204 3393 non
1232 3350 1315 3395 est
1344 3340 1639 3395 secundum
1678 3342 1849 3410 legem
1899 3358 1996 3397 nec

427 3446 458 3485 e
483 3432 744 3485 sententia
763 3432 1043 3500 praesentis
1065 3424 1305 3490 canonis.
1334 3426 1464 3489 Cum
1490 3432 1577 3490 hic
1597 3433 1738 3490 enim
1767 3434 2002 3507 scriptus

427 3522 529 3578 fuit
567 3522 957 3595 neejudicib‘us
992 3534 1045 3580 et
1070 3526 1293 3580 notariis
1324 3526 1777 3593 patriarchalibus
1812 3544 1909 3598 per
1941 3543 2000 3583 se

429 3616 587 3671 ﬁdem
616 3616 800 3671 haberi
830 3618 883 3671 in
925 3631 1021 3671 usu
1056 3616 1176 3681 fuit,
1202 3629 1255 3673 et
1280 3618 1397 3671 ideo
1428 3617 1844 3671 determinatum
1874 3618 1996 3686 fuit,

429 3706 729 3762 antistitum
760 3709 1072 3762 vocationes
1094 3724 1123 3760 a
1165 3708 1373 3763 duobus
1404 3707 1522 3761 ﬁeri
1558 3709 1843 3778 episc0pis.
1892 3708 2000 3763 llo-

430 3801 515 3854 die
538 3810 717 3854 autem
754 3815 872 3854 cum
899 3798 1173 3866 iudicibus
1200 3808 1254 3854 et
1285 3799 1512 3853 notariis
1544 3798 2001 3866 patriarclialibus

431 3908 527 3962 per
559 3908 617 3948 se
648 3893 910 3949 habeatur
953 3891 1107 3955 ﬁdes,
1170 3892 1477 3946 necessario
1533 3901 1587 3945 et
1639 3905 1760 3960 quae
1811 3893 1877 3945 ab
1920 3892 2001 3947 eis

433 3984 568 4038 ﬁunt
599 3984 794 4049 edicta,
832 3982 1111 4053 reprobari
1149 3996 1253 4036 non
1301 3988 1548 4049 possunt.
1602 3979 1771 4035 Recte
1822 3982 2004 4051 itaque

433 4074 880 4131 condemnaliitnr
906 4073 997 4143 qui
1032 4088 1125 4142 per
1154 4087 1216 4127 ea
1247 4080 1500 4127 evocatus
1535 4071 1695 4126 fuerit
1739 4081 1793 4126 et
1840 4072 1892 4125 in
1921 4071 2005 4140 ju-

434 4166 577 4221 dicio
611 4182 716 4220 non
753 4166 977 4232 stiterit,
1028 4164 1460 4234 quandoquidem
1507 4163 1680 4217 edicta
1728 4177 1831 4215 non
1881 4173 2005 4217 sunt

433 4271 501 4312 ex
581 4271 644 4312 eo
732 4255 1051 4312 labefactata
1128 4256 1255 4327 quia
1336 4251 1404 4308 ab
1444 4251 1811 4326 Lantistitibus
1900 4267 2002 4306 non

436 4351 591 4407 ﬁunt.

508 4619 763 4677 ZONAR.
804 4620 869 4674 Et
903 4619 953 4673 in
980 4616 1321 4687 sexagesimo
1343 4615 1521 4685 primo
1551 4628 1758 4669 canone
1798 4612 2004 4668 dictum

437 4714 537 4767 fuit
564 4728 592 4766 a
625 4710 800 4776 nobis,
826 4709 970 4780 quod
1011 4706 1323 4778 episc0pnm
1374 4720 1481 4759 non
1524 4704 1701 4774 quivis
1750 4719 2007 4758 accusare

441 4812 639 4875 potest,
671 4805 763 4859 sed
790 4802 1143 4870 inculpati,et
1189 4797 1473 4854 orthodoxi
1533 4796 1779 4851 homines
1814 4813 1827 4849 :
1864 4796 2008 4865 quod

439 4907 495 4953 et
522 4894 786 4964 signiﬁcat
819 4891 928 4964 49
958 4890 1045 4945 hic
1075 4903 1272 4953 canon,
1310 4888 1435 4941 dum
1464 4886 1617 4953 dicit,
1665 4887 1729 4940 ab
1783 4882 2009 4939 homini-

441 4990 534 5043 bus
574 4987 678 5058 [ide
710 4987 904 5057 dignis.
952 4984 998 5036 Δ
1044 4982 1237 5036 talibus
1271 4981 1435 5052 igitur
1471 4979 1514 5034 si
1560 4989 1839 5033 accusetur
1894 4978 2009 5046 epi-

442 5096 659 5151 scopus,
690 5080 741 5135 in
769 5079 1045 5135 absentem
1081 5089 1189 5129 non
1218 5081 1430 5144 Oportet
1483 5071 1804 5127 sententiam
1844 5071 2005 5137 ferre,

443 5173 534 5227 sed
556 5158 683 5225 eum
713 5170 884 5224 citare
916 5180 1185 5235 :cumqne
1218 5165 1446 5227 venerit,
1485 5177 1568 5228 ea,
1606 5176 1726 5231 qua:
1754 5161 2007 5214 dicuntur

445 5263 498 5317 in
530 5261 724 5332 ipsum,
757 5260 961 5315 audire.
991 5257 1278 5325 Postquam
1308 5253 1538 5309 audierit
1567 5263 1743 5307 autem
1796 5251 1877 5305 vel
1906 5250 2006 5305 ob-

443 5355 587 5426 jecta
626 5354 725 5409 sibi
759 5352 986 5409 crimina
1014 5349 1290 5411 fatebitur,
1329 5346 1409 5402 vel
1434 5346 1681 5401 inlicians
1724 5343 2010 5397 convince-

2032 4459 2084 4518 D

2088 1911 2295 1980 μάτων,
2335 1906 2454 1962 εἶτα
2502 1910 2595 1963 καὶ
2628 1910 2719 1964 διά
2764 1911 2931 1980 τριῶν
2968 1910 3260 1981 ἐγγράφων
3297 1911 3657 1980 ἐπιφωνημάο

2082 2020 2210 2066 των,
2251 2004 2345 2057 καὶ
2387 2003 2489 2057 οὐκ
2534 2003 2840 2075 ἀπαντήσει
2890 2003 2971 2067 είς
3018 2002 3080 2056 τὸ
3141 2004 3515 2073 δικαστήριον,
3548 2002 3653 2057 κᾶν

2090 2094 2408 2163 μονομερῶς
2454 2096 3012 2166 καταδικασθήσεται.
3068 2095 3142 2148 Τδ
3195 2096 3305 2165 γὰρ
3358 2095 3653 2149 καλεῖσθαι

2087 2185 2321 2239 ἐνταῦθα
2372 2185 2511 2255 μετά
2549 2185 2751 2255 νόμους
2793 2187 3032 2269 νοεῖται..
3050 2183 3218 2255 ἤγουν
3264 2185 3333 2238 δι’
3371 2188 3651 2254 ἐπιφωνη-

2091 2280 2275 2350 μάτων
2302 2278 2804 2348 τριακονθημέρων,
2835 2279 2930 2331 καὶ
2960 2279 3056 2347 μὴ,
3092 2278 3166 2340 ῶς
3193 2295 3339 2339 τινες
3368 2275 3543 2340 εἷπον,
3569 2278 3658 2331 διὰ

2092 2370 2425 2441 μηνυμάτων
2454 2372 2748 2442 ἐγγράφων
2796 2371 3196 2442 όλιγοημέρων.
3240 2371 3413 2425 Τοῦτο
3441 2371 3498 2424 δὲ
3530 2371 3657 2424 ἐλα-

2089 2463 2229 2535 λήθη
2253 2464 2526 2535 διαφόρως
2558 2466 2650 2517 ἐπὶ
2697 2464 2941 2535 βήματος
2976 2463 3278 2534 βασιλικοῦ,
3314 2464 3407 2517 καὶ
3459 2463 3662 2533 μᾶλλον

2092 2557 2149 2608 ἐν
2174 2560 2239 2628 τῇ
2264 2556 2519 2609 ὑποθέσει
2553 2556 2646 2610 τοῦ
2670 2557 2966 2611 ἐπισκόπου
2998 2556 3261 2627 Βεσαίνης
3286 2572 3298 2586 ’
3336 2555 3432 2609 καὶ
3465 2554 3661 2623 ἐκρίθη

2091 2650 2182 2705 διά
2214 2652 2380 2720 τριῶν
2426 2651 2675 2722 νομίμων
2716 2651 3181 2720 ἐπιφωνημάτων,
3214 2649 3452 2716 ὀφείλειν
3498 2666 3666 2718 μεταο

2093 2742 2377 2797 καλεῖσθαι
2409 2744 2504 2797 τὸν
2548 2744 2879 2812 ἐναγόμενον
2913 2742 3238 2807 ἐπίσκοπον,
3268 2740 3367 2795 καὶ⁸
3398 2740 3573 2803 οὕτως
3603 2740 3666 2806 ἐξ

2095 2836 2378 2895 ἀπειθείας
2449 2835 2931 2900 καταδικάζεσθαι.
2995 2834 3068 2888 Τδ
3143 2834 3245 2904 μὲν
3300 2833 3666 2897 καταδικάζε-

2098 2930 2221 2985 σθαι
2268 2931 2379 3003 (15)
2426 2932 2517 2986 τὸν
2565 2932 2767 3001 ἀπειθῆ
2802 2932 3101 2985 ἐπίσκοπον
3142 2932 3285 2984 κατά
3336 2929 3436 3000 τὴν
3458 2928 3664 2997 νεαρὰν

2096 3024 2190 3077 τοῦ
2229 3024 2477 3093 ἀοιδίμου
2511 3023 2776 3095 βασιλέως
2814 3023 2983 3094 κυροῦ
3023 3023 3280 3093 Μανουὴλ
3318 3022 3411 3074 τοῦ
3438 3022 3665 3089 Κομνη⁹

2024 3113 2065 3172 C
2097 3116 2188 3170 νοῦ
2217 3117 2429 3186 ἄμαχόν
2455 3118 2873 3187 ἐστι.Κέκριται
2896 3117 3003 3187 γάρ
3027 3116 3189 3181 οὕτω,
3209 3114 3391 3178 καθὼς
3425 3115 3663 3183 εἴρηται.

2102 3210 2250 3282 παρά
2299 3209 2376 3279 τῷ
2423 3208 2687 3279 βασιλικῷ
2736 3210 2825 3262 καὶ
2870 3208 2999 3279 θείῳ
3051 3208 3276 3279 βήματι.
3322 3208 3396 3260 Τὸ
3434 3206 3490 3259 δὲ
3527 3204 3667 3276 μετὰ

2100 3301 2192 3354 δύο
2235 3302 2537 3372 ἀρχιερέων
2584 3302 2679 3355 καὶ
2726 3300 2800 3373 μὴ
2836 3300 3010 3363 ἄλλως
3055 3318 3172 3363 πως
3210 3300 3309 3370 τὴν
3339 3300 3530 3353 τούτου
3566 3317 3667 3369 με-

2099 3397 2364 3468 τάκλησιν
2386 3396 2651 3464 γίνεσθαι,
2674 3396 2749 3459 ὥς
2773 3414 2913 3459 τινες
2953 3391 3127 3461 εἷπον,
3158 3397 3258 3449 οὐκ
3285 3395 3401 3447 ἐστι
3428 3394 3666 3463 νόμιμον

2100 3491 2220 3543 οὐδὲ
2265 3490 2365 3559 τῆς
2403 3492 2609 3553 ἐννοίας
2654 3489 2746 3543 τοῦ
2791 3491 3058 3559 παρόντος
3100 3490 3345 3553 κανόνος.
3378 3493 3509 3544 Ὅτε
3557 3488 3667 3557 γάο

2100 3580 2255 3650 οὗτος
2302 3585 2516 3655 ἐγράφη
2571 3582 2696 3637 οὗτε
2748 3581 3019 3636 δικαστῶν
3073 3582 3199 3635 οὔτε
3243 3589 3668 3657 πατριαρχικῶν

2101 3681 2363 3751 νοταρίων
2403 3680 2620 3748 ἐνήργει
2661 3677 3005 3739 αὑτοπιστία,
3047 3678 3139 3728 καὶ
3187 3676 3275 3729 διὰ
3324 3678 3480 3731 τοῦτο
3533 3698 3669 3749 προ-

2102 3774 2305 3826 ϐαίνειν
2334 3771 2544 3842 ὡρίσθη
2567 3770 2665 3827 τὰς
2699 3768 2808 3821 τῶν
2837 3768 3137 3839 ἀρχιερέων
3175 3771 3543 3838 μετακλήσεις
3572 3775 3667 3826 ἐπὶ

2101 3865 2414 3918 ἐπισκόπων
2442 3861 2552 3917 δύο.
2594 3861 2841 3931 Σήμερον
2882 3858 2938 3912 δὲ
2988 3859 3087 3926 τῆς
3116 3858 3225 3911 τῶν
3248 3861 3520 3914 δικαστῶν
3565 3864 3664 3916 καὶ

2101 3958 2210 4010 τῶν
2263 3951 2678 4024 πατριαρχικῶν
2719 3946 2979 4018 νοταρίων
3020 3948 3374 4013 αὑτοπιστίας
3411 3950 3666 4020 ἐνεργού-

2104 4065 2223 4117 σης,
2255 4046 2314 4111 ἐξ
2344 4044 2588 4113 ἀνάγκης
2617 4042 2711 4094 καὶ
2741 4040 2808 4092 τὰ
2839 4039 2905 4091 δι’
2937 4037 3117 4093 αὐτῶν
3148 4041 3408 4111 γινόμενα
3451 4044 3664 4110 ἐπιφω-

2102 4143 2321 4211 νήματα
2386 4138 2568 4204 ἕξουσι
2627 4137 2687 4189 τὸ
2749 4133 3243 4206 ἀπαρεγχείρητον.
3316 4133 3515 4195 Καλῶς
3573 4130 3667 4188 οὖν

2103 4231 2637 4301 καταδικασθήσεται
2666 4229 2693 4282 ὁ
2734 4227 2802 4281 δι’
2850 4228 3031 4282 αὐτῶν
3060 4226 3426 4296 ἐπιφωνηθεὶς
3456 4226 3552 4278 καὶ
3592 4224 3669 4295 μὴ

2103 4327 2419 4397 ἀπαντήσας
2448 4325 2529 4385 εἰς
2557 4322 2617 4375 τὸ
2646 4321 3018 4392 δικαστήριον,
3051 4320 3125 4383 ὡς
3154 4319 3264 4373 τῶν
3299 4321 3549 4389 ἐπιφωνη
3562 4318 3665 4386 μάο

2109 4437 2217 4474 των
2266 4418 2341 4488 μὴ
2383 4414 2821 4483 κατασειομένων
2864 4414 2926 4465 ἐκ
2978 4412 3071 4465 τοῦ
3109 4413 3186 4482 μὴ
3238 4411 3490 4482 γενέσθαι
3517 4409 3671 4480 παρὰ

2108 4509 2430 4580 ἀρχιερέων.

2175 4602 2418 4655 ΖΩΝΑΡ.
2458 4598 2567 4652 Καὶ
2598 4599 2654 4651 ἐν
2686 4597 2762 4668 τῷ
2793 4597 2872 4662 ξα⁹
2922 4595 3108 4651 κανόνι
3160 4596 3375 4665 εἴρηται
3420 4595 3555 4663 ἡμῖν
3595 4593 3671 4656 ὡς

2104 4697 2166 4750 οὐ
2221 4696 2329 4757 πᾶς
2377 4710 2458 4755 τις
2516 4692 2844 4763 κατηγορεῖν
2900 4688 3201 4742 ἐπισκόπου
3263 4687 3507 4751 δύναται,
3557 4688 3671 4739 ἀλλ’

2104 4787 2461 4857 ἀνεπίληπτοι
2491 4785 2769 4854 ἄνθρωποι
2801 4782 2896 4835 καὶ
2926 4779 3228 4850 όρθόδοξοι·
3258 4781 3417 4832 τοῦτο
3450 4776 3541 4833 οὖν
3578 4779 3671 4832 καὶ

2105 4882 2134 4933 ὁ
2168 4877 2347 4932 κανὼν
2389 4871 2543 4939 οὗτος
2569 4876 2721 4944 δηλοῖ
2752 4874 2840 4927 διὰ
2868 4873 2962 4925 τοῦ
3007 4872 3206 4941 λέγειν,
3243 4871 3401 4940 παρὰ
3430 4871 3668 4936 ἀξιοπί-

2108 4988 2271 5027 στων
2295 4969 2639 5038 ἀνθρώπων.
2672 4968 2793 5021 Κᾶν
2823 4966 2914 5021 οὖν
2951 4965 3099 5036 παρὰ
3134 4967 3392 5049 τοιούτων
3428 4980 3669 5031 κατηγο·

2111 5066 2286 5137 ρείται
2334 5061 2650 5125 ἐπίσκοπος,
2680 5060 2740 5112 οὐ
2789 5059 2893 5129 χρὴ
2929 5058 3095 5111 αὐτοῦ
3143 5057 3375 5117 ἀπόντος
3425 5054 3675 5123 καταψηο

2113 5153 2385 5225 φίξεσθαι·
2417 5150 2553 5205 ἀλλά
2582 5148 3004 5219 μετακαλεῖσθαι
3035 5146 3329 5207 αὐτὸν,καὶ
3351 5143 3669 5213 ἐρχόμενον,

2110 5248 2220 5300 τῶν
2251 5245 2373 5298 κατ’
2404 5241 2569 5297 αὐτοῦ
2618 5241 2925 5308 λεγομένων
2960 5238 3199 5291 ἀκούειν.
3238 5234 3499 5296 Ἀκούσας
3533 5233 3609 5294 δὲ,
3639 5233 3672 5303 ἢ

2113 5334 2435 5408 ὁμολογήσει
2484 5331 2550 5386 τὰ
2602 5331 2917 5400 ἐπαγόμενα
2963 5328 3112 5398 αὐτῷ
3160 5326 3483 5395 αἰτιάματα,
3516 5325 3547 5397 ἣ
3582 5325 3677 5392 ἀρ-

1667 5479 1864 5543 Guill.
1894 5474 2225 5552 Beveregii
2262 5479 2428 5534 notce

526 5614 634 5683 (15)
665 5613 733 5666 Τὸ
759 5612 871 5682 μὲν
895 5607 1409 5683 καταδικάζεσᾷᾳιι.
1448 5602 1573 5658 Haec
1595 5614 1782 5683 'usque
1820 5599 1884 5683 ad
1913 5599 2006 5678 ab-

456 5669 630 5739 soluta
683 5669 936 5736 itt'ltunc
980 5694 1241 5735 canooem
1308 5674 1641 5729 llalsatnonis
1699 5669 1901 5739 scholia
1950 5669 2001 5721 in

458 5737 732 5817 impressis
755 5752 1033 5809 codicibus
1060 5750 1264 5807 Grmcis
1298 5746 1697 5802 desiderantur.
1726 5739 1829 5794 Sed
1852 5737 2000 5791 Gm-

2117 5595 2294 5648 tianns
2331 5590 2594 5644 Hcrvetns
2618 5587 2762 5649 legit.
2785 5597 2832 5639 ct
2861 5584 3051 5638 Latine
3076 5582 3262 5637 vertit.
3300 5580 3403 5633 Nos
3426 5579 3673 5633 Grzecnm

2120 5673 2321 5718 textum
2367 5678 2431 5715 ex
2480 5676 2585 5713 ms.
2636 5648 2924 5711 Bedleiano
2950 5670 3089 5709 nunc.
3112 5653 3340 5722 primum
3391 5651 3442 5704 in
3502 5648 3674 5701 lucem

2113 5734 2458 5792 Drofcrinius.
