3992 6480
190 381 287 443 103

1360 381 1443 442 IN
1484 376 1655 441 CAN.
1695 375 2003 438 LXXVIII
2036 377 2270 438 APOST

3345 385 3446 451 194

182 498 231 548 εί
259 494 327 547 τὰ
366 493 669 564 πράγματα
704 493 860 547 ἅτινα
887 494 1176 547 ἐπικτᾶται
1208 494 1235 546 ό
1267 492 1568 555 ἐπίσκοπος
1611 488 1754 560 μετὰ

1885 487 1925 539 ul
1958 504 2094 557 qttus
2124 489 2234 543 vult
2266 491 2660 558 transmittere,
2717 494 2885 550 multo
2926 496 3099 567 magis
3155 497 3445 566 episcopa-

183 589 277 658 τὴν
312 588 657 657 χειροτονίαν
693 588 755 639 ἐκ
785 586 893 639 τῶν
916 591 1012 658 τῆς
1057 587 1380 658 Ἐκκλησίας
1414 585 1657 647 εἰσόδων,
1689 584 1750 636 οὐ

182 679 407 733 δύναται
456 677 809 747 δωρεῖσθαιῆ
846 678 1241 747 παραπέμπειν
1277 679 1411 747 πρὸς
1444 674 1535 739 οὒς
1573 673 1758 741 βούλε-

182 788 294 835 ⁸ται,
329 771 513 841 πολλῷ
556 770 761 839 μᾶλλον
806 771 904 841 τὴν
940 772 1272 841 ἐπισκοπήν.
1306 770 1607 837 Ἀνάγνωθι
1658 767 1758 835 τῆς

183 866 239 915 ἐν
274 862 613 935 Καρθαγένῃ
664 862 883 914 συνόδου
934 862 1137 915 κανόνα
1170 861 1247 933 λβ¹
1283 861 1379 914 καὶ
1412 860 1513 929 τῆς
1548 861 1605 911 ἐν
1650 860 1761 911 Ἀν-

182 955 393 1025 tinget;
434 955 637 1007 κανόνα
685 954 771 1022 κγ’
818 954 1046 1021 λέγοντα
1091 954 1168 1025 μὴ
1210 955 1412 1021 ἐξεῖναι
1445 952 1755 1022 ἐπισκόπῳ,

183 1048 281 1099 κᾶν
312 1047 565 1117 τελευτᾷ,
600 1046 788 1116 ἕτερον
813 1044 1079 1115 καθιστᾷν
1110 1045 1357 1115 διάδοχον
1387 1043 1609 1097 ἑαυτοῦ.

254 1135 510 1189 ΖΩΝΑΡ.
568 1136 677 1207 Τὴν
744 1136 1133 1206 ἀρχιερατικὴν
1187 1135 1440 1202 ἐξουσίαν
1495 1135 1597 1205 τῆς
1662 1134 1757 1187 τοῦ

186 1228 338 1295 ά-ςίου
405 1228 725 1298 Ιινεύματος
774 1229 1000 1298 χάριτος
1043 1227 1216 1297 δῶρον
1264 1227 1583 1296 νομίζεσθαι
1623 1228 1753 1297 χρή.

184 1321 307 1383 Ilii);
365 1317 462 1372 οὖν
510 1338 591 1381 τις
619 1321 720 1389 τὴν
757 1322 917 1391 χάριν
959 1320 1053 1372 τοῦ
1093 1323 1412 1389 Πνεύματος
1447 1321 1521 1382 ὡς
1554 1320 1759 1390 κλῆρον

189 1410 546 1479 μετόιὸάσει
598 1411 735 1478 πρὸς
782 1412 988 1480 ἕτερον,
1024 1412 1173 1482 αὐτῷ
1218 1413 1612 1482 χαριζόμενοςς
1660 1411 1761 1464 Διὰ

186 1502 339 1553 τοῦτο
403 1506 463 1555 οὺ
519 1503 937 1574 συγκεχώρηται
986 1508 1100 1567 τοῖς
1135 1507 1458 1569 ἐπισκόποις
1488 1506 1604 1559 ἀνθ’
1637 1507 1762 1560 ἐαυ-

185 1596 286 1646 τὼν
332 1596 583 1664 ἐτέρους,
615 1595 707 1658 οὒς
764 1596 1069 1665 βούλονται,
1121 1600 1204 1662 είς
1252 1600 1350 1662 τὰς
1398 1599 1521 1653 κατ’
1561 1599 1761 1662 αὐτοὺς

187 1686 484 1753 ἐκκλησίας
534 1688 883 1759 ἐγκαθιστᾷν.
950 1690 1161 1753 Οἴτινες
1210 1691 1321 1761 γὰρ
1368 1689 1404 1744 ἃ
1455 1694 1759 1761 ἐκτήσαντο

190 1780 499 1846 πράγματα
532 1781 590 1833 ἐν
628 1778 705 1849 τῷ
742 1781 838 1850 τῆς
860 1783 1169 1851 ἐπισκοπῆς
1202 1782 1377 1853 καιρῷ
1409 1784 1508 1835 οὐκ
1543 1783 1758 1853 ἔχουσιν

1869 591 2002 635 ιυιιι.
2031 580 2170 652 Lege
2198 584 2383 639 Carth.
2416 602 2560 656 syn.,
2614 603 2734 641 can.
2778 588 2848 643 52
2893 600 2947 643 et
2998 590 3254 645 Antioch.
3299 606 3444 662 sym,

1868 690 1989 728 can.
2017 677 2109 743 ‘25,
2144 677 2384 731 dicentes
2416 694 2519 731 non
2554 679 2718 734 licere
2755 681 3031 751 episcopo,
3076 682 3289 737 etiamsi
3334 699 3448 737 mo—

1868 767 2062 831 riatur,
2113 768 2276 823 alium
2332 784 2701 826 successorem
2747 788 2903 827 suum
2948 775 3261 843 episcopum
3312 790 3446 830 cou-

1866 857 2111 915 stituere.

1938 1124 2194 1180 ZONAR.
2248 1125 2589 1184 Pontiﬁciam
2633 1131 2950 1197 potentiam,
2994 1135 3165 1186 sancti
3215 1134 3449 1203 Spiritus

1868 1222 2052 1290 gratia:
2083 1222 2280 1274 donum
2320 1223 2579 1277 convenit
2600 1223 2923 1278 existimari.
2944 1223 3184 1280 Gratiam
3214 1226 3450 1297 Spiritus

1869 1311 2051 1380 igitur,
2086 1312 2234 1365 velut
2258 1311 2653 1378 hzereditatem,
2686 1318 2957 1383 quomodo
2987 1317 3109 1386 quis
3137 1317 3191 1371 in
3218 1321 3447 1373 alterum

1872 1402 2176 1466 transferet,
2247 1405 2348 1473 ipsi
2418 1406 2777 1473 gratificans?
2823 1406 3143 1476 Propterea,
3206 1425 3309 1464 nou
3366 1421 3450 1466 est

1868 1495 2136 1563 episcopis
2174 1496 2522 1565 permissum,
2556 1498 2678 1552 loco
2727 1501 2837 1566 sui,
2882 1516 3018 1568 quos
3069 1502 3274 1567 volunt,
3317 1502 3451 1556 alios

1870 1588 1921 1640 iu
1950 1588 2212 1642 ecclesias
2245 1589 2345 1643 sibi
2378 1590 2651 1658 subjectas
2675 1592 2954 1646 inducere.
2985 1591 3119 1645 Nam
3152 1595 3243 1662 qui
3286 1594 3451 1647 liber-

1871 1688 2032 1731 tatem
2067 1696 2168 1731 non
2203 1680 2402 1734 habent
2433 1682 2794 1751 relinquendi,
2832 1683 3027 1753 quibus
3079 1687 3286 1747 volunt,
3342 1700 3450 1750 res,

1871 1785 2005 1837 quas
2038 1773 2382 1839 episcopatus
2430 1773 2512 1827 sui
2567 1782 2806 1842 tempore
2878 1776 3234 1843 possederunt
3294 1775 3447 1846 (nisi,

191 1870 377 1922 ἄδειαν
433 1872 868 1941 καταλιμπάνειν
905 1873 986 1937 οἷς
1041 1873 1321 1944 βούλονται
1376 1876 1446 1945 (εἰ
1490 1878 1565 1944 μὴ
1596 1876 1666 1927 τά
1704 1877 1769 1928 ἐκ

1885 1877 1993 1931 quae
2033 1874 2383 1933 cognatorum
2415 1866 2759 1921 successione
2794 1866 2925 1935 ipsis
2976 1868 3334 1935 obvenerunt,
3394 1879 3452 1923 ut

188 1964 439 2033 διαδοχῆς
474 1966 752 2033 συγγενῶν
786 1967 1143 2037 περιελθόντα
1188 1969 1394 2035 αὐτοῖς,
1428 1968 1501 2027 ὡς
1552 1969 1580 2020 ὁ
1609 1986 1767 2039 τρια-

190 2057 386 2118 stos-rb;
418 2057 675 2128 δεύτερος
710 2059 889 2112 κανὼν
924 2060 1021 2129 τῆς
1062 2062 1119 2113 ἐν
1171 2061 1502 2134 Καρθαγένῃ
1547 2063 1766 2115 συνόδου

192 2150 369 2219 φησὶ),
412 2150 530 2212 πῶς
554 2149 725 2220 αὐτὴν
754 2152 852 2222 τὴν
886 2153 1194 2224 ἐπισκοπὴν
1220 2156 1299 2218 είς
1341 2156 1563 2225 ἐτέρους
1605 2174 1772 2228 μετα-

191 2241 537 2304 6ι6άσουσ.ν,
565 2243 751 2314 ὥσπερ
783 2246 1150 2315 κληρονόμους
1173 2248 1371 2311 αὐτοὺς
1406 2250 1500 2319 τῆς
1531 2267 1766 2320 ποιμανο

191 2334 353 2403 τικῆς
398 2336 670 2399 ἐξουσίας,
722 2338 814 2389 καὶ
847 2337 947 2409 τῆς
971 2341 1287 2405 οἰκονομίας
1337 2342 1445 2395 τῶν
1478 2345 1771 2413 πτωχικῶν

192 2427 544 2496 πραγμάτων
585 2430 1110 2498 καταλιμπάνοντες,
1160 2434 1254 2485 καὶ
1317 2433 1405 2487 διὰ
1463 2434 1633 2497 πάθος
1677 2436 1772 2488 άν-

188 2517 472 2586 θρώπινον
522 2520 728 2588 (φιλίαν
762 2520 963 2591 δηλαδὴ
1006 2522 1038 2593 ἢ
1078 2524 1263 2593 σχέσιν
1316 2527 1669 2598 συγγενικὴν)
1702 2528 1771 2582 τὰ

186 2609 268 2677 τῷ
306 2610 431 2679 Θεῷ
486 2612 883 2683 άςιερωθέντα,
913 2612 994 2677 οἷς
1047 2615 1326 2685 βούλονται
1378 2620 1768 2689 χαριζόμενοι;

191 2701 259 2752 Εί
284 2697 383 2754 οὖν
416 2703 572 2771 παρά
599 2720 742 2766 τινος
773 2704 1015 2757 τοιοῦτόν
1040 2722 1090 2758 τι
1125 2708 1374 2776 γένηται,
1407 2710 1501 2761 καὶ
1540 2710 1600 2762 τὸ
1621 2712 1768 2778 γινό-

193 2809 364 2860 μενον
401 2794 607 2864 ἄκυρον
641 2791 782 2847 εἶναι
819 2795 984 2863 φησιν
1019 2796 1045 2846 ὁ
1081 2798 1285 2863 κανὼν,
1318 2801 1414 2852 καὶ
1470 2800 1562 2854 τὸν
1612 2802 1771 2854 τοῦτο

190 2884 507 2952 ποιήσαντα
534 2887 917 2955 ἀφορίζεσθαι.
952 2891 1092 2950 Τοὺς
1133 2890 1241 2959 γὰρ
1274 2891 1610 2955 ἐπισκόπους
1663 2892 1771 2946 ὑπὸ

191 2977 304 3027 τῶν
334 2979 575 3030 συνόδων
620 2979 865 3045 γίνεσθαι
919 2980 1304 3035 διατέτακταιο
1345 2984 1440 3036 καὶ⁵
1477 2986 1503 3036 ὁ
1528 2984 1773 3046 εἰκοστὸς

192 3066 382 3135 τρίτος
424 3066 607 3119 κανὼν
642 3069 743 3139 τῆς
779 3074 834 3122 ἐν
876 3071 1178 3142 Ἀντιοχείᾳ
1221 3075 1440 3127 συνόδου
1493 3074 1644 3142 λέγει
1696 3075 1771 3147 μὴ

1876 1956 2183 2010 tricesimus
2248 1959 2520 2013 secundus
2563 1960 2613 2012 in
2665 1959 2989 2028 Carthagine
3037 1963 3226 2032 synodi
3275 1978 3448 2017 canon

1874 2046 2025 2116 dicit)
2062 2051 2332 2115 quomodo
2368 2049 2540 2115 ipsum
2590 2049 2963 2117 episcopatum
3012 2052 3343 2107 transfereut
3396 2055 3448 2107 in

1875 2141 2028 2206 alios,
2057 2158 2149 2196 eos
2177 2153 2232 2197 ut
2264 2144 2547 2213 pastoralis
2577 2147 2857 2213 potestatis
2905 2147 3171 2211 lueredes,
3232 2156 3286 2201 et
3337 2147 3451 2199 dis-

1875 2235 2187 2289 tributionis
2216 2251 2399 2289 earum
2434 2251 2636 2301 rerum,
2678 2253 2797 2307 quae
2833 2247 2959 2292 sunt
3012 2254 3306 2308 pauperum
3358 2256 3450 2293 re-

1875 2327 2200 2397 linquentes,
2231 2339 2283 2384 et
2310 2330 2548 2384 humana
2581 2331 2787 2385 incitati
2825 2331 3110 2387 affectione
3155 2330 3452 2402 (videlicet,

1875 2434 2080 2483 amore,
2115 2423 2196 2475 vel
2230 2430 2477 2491 respectu
2507 2422 2623 2476 solo
2657 2424 3105 2493 propinquorum)
3147 2425 3253 2478 Deo
3303 2425 3453 2479 dedi-

1874 2522 2016 2576 cata,
2051 2512 2137 2577 iis,
2170 2513 2366 2583 quibus
2394 2513 2598 2577 volunt,
2634 2516 2804 2583 gratis
2840 2515 3150 2570 donantes?
3190 2515 3358 2584 Igitur
3407 2517 3450 2570 si

1875 2604 1983 2659 tale
2012 2605 2141 2674 quid
2174 2606 2241 2659 ab
2270 2606 2450 2675 aliquo
2484 2608 2596 2670 liat,
2625 2615 2679 2661 et
2710 2608 2921 2661 irritum
2971 2623 3115 2673 esse,
3173 2612 3316 2679 quod
3372 2609 3452 2674 ﬁt,

1876 2707 1928 2750 et
1980 2697 2071 2764 qui
2134 2696 2341 2763 iecerit,
2402 2699 2898 2763 excommunicari,
2963 2715 3134 2754 canon
3208 2702 3453 2755 mandat.

1875 2788 2167 2859 Episc0pos
2196 2791 2335 2844 enim
2374 2799 2634 2845 statutum
2667 2801 2748 2847 est
2786 2808 2815 2847 a
2847 2795 3051 2864 synodo
3102 2799 3298 2850 creari.
3355 2797 3456 2867 Sy-

1876 2882 2000 2936 nodi
2033 2896 2247 2951 quoque
2282 2883 2332 2936 in
2370 2884 2657 2939 Antiochia
2704 2886 2997 2939 vicesimus
3038 2887 3228 2941 tertius
3281 2901 3453 2941 canon

1877 2975 2027 3038 dicit,
2066 2976 2320 3044 episcOpo
2350 2991 2452 3029 nou
2487 2976 2667 3039 licere,
2706 2977 2915 3030 tametsi
2944 2977 3051 3030 vita
3103 2978 3452 3045 defungatur,

1879 3066 2104 3121 alterum
2138 3067 2419 3122 instituere
2450 3084 2819 3123 successorem
2852 3084 3032 3123 suum.
3070 3069 3182 3125 Hoc
3241 3080 3296 3124 et
3348 3071 3454 3136 his,

195 3159 405 3221 ἐξεῖναι
446 3162 756 3231 ἐπισκόπῳ,
804 3163 907 3217 κᾶν
965 3165 1212 3236 τελευτᾷ,
1259 3165 1450 3236 ἕτερον
1506 3164 1774 3238 καθιστᾷν

1885 3160 1967 3228 qui
2002 3170 2217 3213 suntex
2250 3159 2441 3222 Israel,
2495 3168 2732 3215 velatur.
2791 3160 2922 3214 Nam
2981 3161 3149 3231 Moysi
3200 3172 3451 3231 tauquam

198 3254 450 3322 διάδοχον
485 3255 698 3307 ἑαυτοῦ.
734 3256 776 3306 Τ
780 3255 903 3307 οὖτο
929 3255 984 3307 δὲ
1019 3261 1111 3308 καὶ
1140 3260 1253 3319 τοῖς
1306 3257 1365 3321 ἐξ
1419 3257 1638 3328 Ἰσραὴλ
1668 3258 1777 3312 άπ-

196 3349 523 3416 ηγόρευται.
574 3348 663 3417 Τῷ
716 3352 825 3421 γάρ
857 3351 1083 3403 Μωῡσεί
1112 3348 1186 3411 ὼς
1228 3349 1458 3419 αἰτίαμα
1510 3351 1779 3405 ἐπενεκα-

197 3437 369 3503 λείτο,
406 3441 489 3492 ὅτι
533 3444 623 3493 τὸν
669 3442 879 3511 ’Λαρὼν
926 3442 1017 3494 καὶ
1071 3442 1196 3504 τοὺς
1232 3441 1397 3494 αὐτοῦ
1451 3442 1645 3505 παῖδας
1698 3444 1779 3506 εἰς

205 3534 509 3603 ἱερωσύνην
542 3536 869 3604 προήνεγκε.
896 3535 1000 3585 Καὶ
1034 3533 1082 3585 εἰ
1117 3537 1191 3607 μὴ
1214 3535 1303 3588 διά
1334 3536 1578 3605 σημείων
1602 3537 1628 3587 ὁ
1649 3536 1781 3600 θεὸς

208 3629 396 3690 αὐτοῖς
450 3628 548 3698 τὴν
583 3629 884 3701 ἱερωσύνην
932 3630 1252 3696 ἐϐεϐαίωσε,
1290 3629 1410 3701 τάχ’
1449 3630 1515 3683 ἂν
1558 3632 1652 3683 καὶ
1700 3629 1783 3695 ἐξ·

206 3718 455 3772 ωθοῦντο
492 3721 686 3789 αὐτῆς.

201 3814 435 3866 ΑΡΙΣΤ.
482 3814 839 3880 Ἐπίσκοπος
876 3816 1004 3871 ἀντ’
1046 3815 1234 3868 αὐτοῦ
1262 3815 1606 3869 ἐπίσκοπον
1629 3814 1781 3869 ἀπο-

686 3910 828 3964 ὅιῶν
862 3913 934 3964 οὐ
959 3912 1303 3977 καθίστησι.

274 4002 389 4055 Τὸν
454 4002 713 4072 μέλλοντα
784 4005 863 4067 είς
916 4002 1223 4073 ἐπισκοπὴν
1290 4001 1777 4071 προχειρίζεσθαι,

204 4096 363 4164 παρὰ
412 4094 523 4145 τῶν
580 4095 673 4163 τῆς
702 4095 973 4163 ἐπαρχίας
1039 4094 1355 4146 ἐπισκόπων
1409 4093 1777 4147 καθίστασθαι

206 4187 618 4239 κεκανόνισται.
676 4185 750 4237 Τὸ
822 4186 877 4238 δὲ
946 4186 1035 4239 τὸν
1092 4185 1389 4237 ἐπίσκοπον
1447 4184 1784 4237 τελευτῶντα

208 4283 402 4350 ἓτερον
461 4281 579 4333 ἀντ’
618 4278 783 4331 αὐτοῦ
840 4279 1107 4348 καθιστᾷν
1169 4276 1535 4347 κληρονομίας
1569 4277 1783 4344 εἰσάγει

209 4372 426 4425 δίκαιον
460 4390 475 4403 ο
511 4373 611 4441 τὴν
636 4370 691 4423 δέ
725 4371 816 4423 τοῦ
843 4369 979 4422 Θεοῦ
1029 4370 1358 4440 Ἐκκλησίαν
1388 4368 1493 4422 ὑπὸ
1527 4368 1785 4439 κληρονόο

216 4481 321 4535 μον
354 4465 528 4527 οὐδεὶς
561 4463 765 4533 ὀφείλει
798 4462 1026 4516 τιθέναι.

799 4556 1036 4609 ΚᾹΝΩΝ
1079 4558 1193 4609 ΟΖ’.

217 4647 292 4706 El
334 4667 427 4716 τις
458 4648 767 4716 ἀνάπηρος
791 4642 830 4717 ᾖ
862 4646 970 4700 τὸν
996 4644 1326 4714 ὀφθαλμὸν,
1364 4643 1403 4713 ἢ
1448 4644 1514 4698 τὸ
1562 4643 1786 4709 σκέλος

286 4742 736 4811 πεπληγμένος,
786 4740 954 4804 ἄξιος
986 4738 1054 4792 δέ
1099 4736 1271 4791 ἐστιν
1311 4734 1670 4803 ἐπισκοπῆς,
1702 4754 1789 4805 γι-

286 4834 485 4889 νέσθω
506 4849 519 4860 ³
550 4835 623 4886 οὐ
668 4833 779 4900 γὰρ
817 4832 978 4900 λώϐη
1008 4828 1283 4899 σώματος
1328 4829 1518 4883 αὑτὸν
1539 4832 1786 4898 μιαίνει,

289 4927 454 4980 me
484 4921 688 4993 ψυχῆς
716 4922 1053 4992 μολυσμός.

798 5012 1033 5067 ΚΛΝΩΝ
1069 5010 1195 5067 ΟΗ’.
1298 5068 1320 5079 ,μ

221 5111 435 5180 Κωρὸς
453 5109 523 5163 δὲ
543 5107 627 5161 ὢν
658 5108 753 5161 καί
786 5106 1011 5174 τυφλὸς
1036 5106 1119 5174 μὴ
1148 5104 1403 5170 γινέσθω
1422 5102 1758 5170 ἐπίσκοπος
1778 5120 1789 5133 ·

296 5208 409 5271 οὐχ
436 5205 517 5268 ὡς
541 5201 973 5271 μεμιασμένος,
1010 5197 1147 5251 ἀλλ’
1200 5198 1299 5249 ἵνα
1341 5195 1428 5263 μὴ
1472 5197 1544 5248 τὰ
1576 5195 1795 5263 ἐκκλη-

297 5297 573 5363 magna}
612 5290 1118 5362 παρεμποδίζοιτο.

303 5390 498 5442 BAAE.
542 5389 676 5440 Ἀπὸ
720 5387 819 5457 μὲν
846 5385 939 5438 τοῦ
971 5381 1202 5439 παλαιοῦ
1235 5381 1401 5453 νόμου
1430 5381 1606 5445 οὐδεὶς
1632 5380 1797 5433 λελω-

228 5485 466 5556 ϐημένος
502 5482 643 5534 κατά
673 5498 727 5533 τι
757 5479 920 5550 μέρος
970 5476 1065 5529 τοῦ
1099 5475 1347 5545 σώματος
1378 5475 1456 5537 εἰς
1495 5473 1797 5544 ἱερωσύνην

230 5576 664 5648 προεϐιὸάζετο·
720 5572 922 5642 μᾶλλον
960 5570 1057 5640 μὲν
1104 5567 1219 5629 οὖν,
1260 5566 1355 5620 ἐὰν
1389 5566 1525 5632 μετὰ
1569 5564 1798 5635 ἱερωσύ-

232 5690 330 5741 νην
358 5671 511 5741 ἔσχεν
558 5671 623 5721 ἐκ
676 5664 882 5727 πάθους
912 5662 1091 5730 λώϐην
1118 5660 1258 5725 τινὰ,
1294 5657 1526 5712 ἐπαύετο
1559 5658 1650 5711 τοῦ
1688 5660 1801 5728 ἰ;ρι

230 5768 449 5834 ουργείν
472 5782 485 5794 ο
515 5765 563 5816 οί
595 5761 653 5814 δὲ
693 5760 824 5812 θεῖοι
873 5757 1160 5810 ἀπόστολοι
1187 5755 1312 5814 τοὺς
1376 5750 1475 5820 μὲν
1510 5751 1801 5819 ἐμποδιζο-

240 5861 431 5927 μένους
458 5861 525 5913 τὰ
556 5856 655 5925 τῆς
707 5851 1007 5923 ἱερωσύνης
1060 5850 1304 5919 ἐνεργεῖν
1352 5846 1427 5916 μὴ
1476 5845 1799 5913 προσίεσθαι

1818 4528 1865 4584 ι)

1882 3256 2084 3308 crimen
2115 3252 2490 3319 objiciehatur,
2540 3255 2681 3323 quod
2712 3254 2890 3307 Aaron
2943 3265 2996 3308 et
3037 3256 3153 3323 ejus
3194 3255 3333 3311 lilios
3386 3257 3454 3310 ad

1881 3347 2243 3400 Sacerdmium
2282 3347 2657 3414 promovisset.
2693 3346 2771 3399 Ac
2820 3347 2921 3400 nisi
2974 3348 3112 3401 Deus
3171 3362 3265 3415 per
3299 3350 3455 3417 signa

1882 3438 2256 3492 confirmasset
2310 3439 2438 3507 ipsis
2486 3438 2874 3504 sacerdotium,
2921 3438 3061 3493 forte
3106 3439 3333 3494 fuissent
3386 3438 3459 3494 ab

1883 3530 1975 3584 illo
2001 3529 2228 3599 depulsi.

1883 3796 2112 3855 ARIST.
2151 3797 2436 3869 Episcopus
2463 3799 2565 3851 vita
2588 3796 2859 3850 discedens
2880 3797 2932 3850 in
2964 3812 3058 3850 suo
3092 3796 3205 3850 loco
3250 3798 3455 3867 apisci-

2388 3907 2507 3959 pum
2535 3906 2635 3943 non
2661 3890 2954 3944 constituit.

1958 3986 2088 4040 Eum
2118 3986 2208 4054 qui
2241 3984 2294 4037 in
2323 3984 2694 4051 episcopatum
2725 3984 3038 4054 deligendus
3065 3992 3174 4047 est,
3222 3983 3289 4038 ab
3342 3999 3462 4038 om-

1884 4076 2039 4131 nibus
2071 4074 2362 4142 provincia:
2414 4073 2687 4144 episcopis
2743 4074 3000 4127 constitui
3048 4075 3324 4128 decretqu
3349 4085 3454 4129 est.

1883 4167 2198 4222 Morientem
2235 4178 2415 4220 autem
2463 4164 2775 4233 episcopum
2823 4165 2989 4220 aliutn
3029 4181 3128 4220 suo
3174 4167 3290 4220 loco
3331 4183 3463 4221 eon-

1885 4262 2129 4323 stituere,
2149 4258 2239 4327 jus
2264 4257 2592 4312 haereditatis
2611 4257 2935 4311 introducit:
2965 4256 3256 4313 Ecclesiam
3276 4268 3458 4313 autem

1886 4353 1982 4408 Dei
2016 4369 2175 4408 nemo
2203 4353 2361 4409 debet
2395 4354 2451 4407 in
2482 4351 3054 4407 haeredem'conferre.

2419 4528 2644 4586 CANON
2679 4527 2935 4583 LXXVII.

1894 4624 1954 4680 Si
1980 4625 2097 4695 quis
2132 4624 2209 4677 vel
2240 4621 2388 4676 oculo
2416 4621 2652 4685 orbatus,
2704 4622 2779 4675 vel
2812 4622 3005 4691 femore
3058 4618 3301 4684 obltesus,
3351 4619 3462 4687 epi-

1964 4729 2179 4787 scopatu
2213 4727 2383 4771 autem
2411 4715 2599 4783 dignus
2625 4715 2711 4777 sit,
2751 4714 2847 4782 ﬁat
2877 4728 2894 4765 :
2921 4729 3020 4765 non
3050 4713 3188 4766 enim
3227 4712 3462 4781 corporis

1967 4811 2217 4864 damnum
2250 4821 2369 4860 eum
2394 4803 2604 4873 polluit,
2639 4807 2726 4856 sed
2755 4804 2944 4855 anima:
2972 4802 3280 4870 inquinatio.

2335 4984 2435 5055 51
2480 4982 2708 5041 CANON
2750 4979 3029 5035 LXXVIII.

1900 5080 2003 5148 Qui
2035 5091 2207 5134 autem
2240 5089 2314 5130 est
2347 5078 2537 5130 surdus
2584 5087 2630 5130 et
2684 5092 2875 5135 caecus.
2926 5088 2989 5126 ne.
3036 5075 3106 5127 sit
3152 5075 3465 5142 episeopus;

1936 5190 2038 5226 non
2069 5182 2125 5225 ut
2151 5171 2406 5241 pollutus,
2436 5170 2524 5221 sed
2556 5185 2616 5222 ne
2655 5169 3012 5223 ecclesiastica
3047 5168 3425 5235 impediuntur.

1972 5372 2167 5429 BALS.
2200 5371 2438 5441 Antiqua
2472 5368 2689 5437 quidem
2715 5366 2832 5435 lege
2860 5366 3038 5420 nullus
3088 5364 3190 5418 ulla
3225 5365 3466 5433 corporis

1903 5481 2056 5541 parte
2088 5466 2364 5521 mutilatos
2392 5463 2459 5517 ad
2488 5458 2853 5516 sacerdotium
2880 5458 3325 5527 promovebatur:
3362 5459 3471 5509 imo

1904 5563 2079 5632 potius
2109 5561 2152 5614 si
2181 5568 2298 5628 post
2328 5556 2689 5610 sacerdotium
2719 5569 2783 5606 ex
2813 5552 3000 5605 morbo
3025 5551 3105 5604 vel
3131 5566 3258 5603 Casu
3290 5550 3467 5618 aliquo

1907 5660 2067 5711 Itesus
2096 5670 2159 5708 ac
2186 5652 2466 5706 mutilatos
2500 5659 2662 5710 esset,
2688 5662 2715 5699 a
2751 5645 3022 5699 sacriﬁcio
3069 5644 3337 5696 cessabat.
3386 5643 3469 5691 Ui-

1903 5751 2013 5803 vini
2050 5756 2227 5800 autem
2280 5741 2532 5813 apostoli,
2584 5755 2675 5793 eos
2723 5739 2960 5805 quidem,
2991 5736 3078 5803 qui
3133 5749 3239 5800 quo
3291 5736 3467 5784 minus

1910 5860 2030 5905 uuae
2084 5847 2210 5896 sunt
2257 5834 2548 5893 sacerdotii
2578 5842 2968 5895 exsequantur.
3028 5826 3263 5885 impediti
3320 5832 3467 5879 sunt.
