3992 6480
262 389 363 455 1'37

1460 388 1537 448 IN
1580 388 1750 450 CAN.
1796 390 2039 453 LXXIX
2072 396 2327 458 APOST.

3393 396 3495 461 18

257 506 291 575 ἢ
328 500 786 573 μεταχειρίσηται
831 500 898 553 τὰ
947 500 1102 568 ἆτια,
1155 499 1249 553 καὶ
1299 500 1585 571 μεταδώσῃ
1618 501 1825 571 ἑτέροις

1943 523 2149 562 manum
2210 508 2463 565 fortassis
2516 510 2704 575 habet,
2757 526 2859 582 qua
2905 512 3041 569 nihil
3094 529 3253 582 agere
3308 517 3500 585 possit.

258 598 491 658 τούτων;
534 593 569 665 ἢ
600 591 729 644 ἄλλο
750 608 803 644 τι
844 590 1235 661 ἀρχιερατικδν
1275 592 1545 663 ὲνεογήσῃ
1580 590 1827 663 λειτούρ·

257 706 449 758 γημας

260 868 483 920 ΑΡΙΣΤ.
515 867 680 921 ΚΑΝ.
711 868 827 920 ΟΖ’.
858 868 1094 920 Γίνεται
1119 871 1313 937 χωλὸς
1348 868 1443 920 καὶ
1470 867 1829 937 ἑτερόφθαλ-

508 977 643 1027 μος,
682 958 849 1025 ἄξιος
878 959 1184 1028 ὑπάρχων,
1227 961 1585 1027 ἐπίσκοπος.

343 1049 409 1102 Ἥ
442 1052 551 1119 γὰρ
582 1050 677 1102 τοῦ
708 1051 957 1120 σώματος
982 1052 1153 1121 λώϐη,
1201 1054 1293 1104 τὸν
1359 1051 1475 1120 βίον
1520 1052 1708 1122 ἔχοντα
1740 1053 1829 1105 ἀν-

262 1145 607 1211 επίληπτον,
656 1144 734 1203 εἰς
796 1141 1099 1209 ἐπισκοπῆς
1142 1142 1357 1209 ἀξίωμα
1401 1142 1833 1212 προϐιϐασθῆναι

261 1235 363 1285 οἰκ
414 1234 724 1302 ἐμποδίζει,
758 1235 806 1284 εἱ
850 1234 923 1303 μή
980 1250 1078 1285 που
1121 1232 1302 1302 κωφὸς
1333 1234 1365 1302 ἦ
1398 1232 1596 1301 τυφλός
1628 1233 1775 1284 ἐστιν
1806 1234 1832 1283 ὁ

266 1324 482 1392 μέλλων
524 1325 985 1395 χειροτονεῖσθαι·
1040 1328 1067 1378 6
1121 1325 1365 1389 τοιοῦτος
1415 1327 1543 1394 γὰρ,
1605 1326 1702 1393 οὐχ
1758 1324 1833 1387 ὡς

271 1419 647 1485 μεμιασμένος
680 1417 975 1479 κωλύεται,
1006 1418 1121 1470 ἀλλ’
1155 1417 1229 1481 ὼς
1256 1418 1330 1487 μὴ
1356 1419 1421 1470 τὰ.
1450 1418 1835 1488 ἐκκλησιαστιο

266 1513 336 1561 xi
380 1508 678 1576 δυνάμενος
714 1511 1116 1578 ἀπροοκόπτως
1142 1509 1407 1578 ἐνεργεῖν.

339 1603 510 1655 ΚΑΝ.
544 1601 672 1657 UH'.
718 1602 781 1656 '0
823 1604 1025 1671 μέντοι
1064 1604 1295 1671 τυφλὸς
1326 1603 1423 1655 καὶ
1466 1604 1665 1674 κωφὸς
1692 1608 1763 1661 οὐ

880 1697 1222 1763 γενήσεται.

850 1788 1088 1840 ΚΑΝΩΝ
1124 1786 1221 1842 ΟΘ’

1934 605 2200 661 quomodo
2224 618 2382 657 sacra
2408 618 2689 673 peragere,
2717 615 2969 661 sanctave
2995 607 3246 662 manibus
3272 615 3506 663 tractare

1932 702 2116 760 queat,
2151 704 2204 749 et
2232 695 2352 749 aliis
2386 710 2448 749 ea
2474 698 2710 761 tradere,
2749 696 2831 752 vel
2866 698 3085 770 aliquod
3113 701 3256 755 aliud
3292 701 3505 771 cpisco-

1933 786 2053 853 pale
2086 788 2443 842 ministerium
2476 791 2773 844 exercere?

1933 877 2157 932 ARIST.
2205 879 2360 933 CAN.
2414 880 2675 937 LXXVII.
2726 882 2983 951 Claudiis,
3045 896 3093 939 ει
3136 885 3303 940 altera
3353 886 3505 940 oculo

2180 986 2384 1039 capms,
2422 975 2464 1027 si
2500 976 2689 1043 dignus
2722 976 2813 1041 sit,
2859 980 2919 1046 [it
2948 981 3242 1049 episcotms.

1934 1098 1942 1105 .
2006 1059 2179 1116 Lmsio
2217 1065 2363 1118 enim
2412 1069 2658 1134 corporis
2703 1084 2825 1121 eum
2873 1070 2959 1136 qui
3008 1070 3341 1141 iuculpatam
3396 1074 3508 1144 agit

1933 1153 2099 1207 vitam
2156 1155 2207 1208 in
2267 1157 2615 1225 episcopatus
2671 1159 2986 1227 dignitatem
3038 1167 3342 1231 promoveri
3399 1181 3505 1221 non

1936 1243 2184 1312 impedit,
2219 1247 2321 1301 nisi
2351 1246 2489 1301 forte
2522 1252 2717 1304 surdus
2750 1259 2841 1303 aut
2884 1265 3056 1307 Caecus
3105 1253 3195 1319 sit,
3238 1256 3328 1323 qui
3362 1258 3508 1310 ordi-

1935 1336 2208 1390 nationem
2240 1349 2323 1391 est
2356 1351 2731 1408 suscepturus.
2769 1338 2918 1397 Talis
2945 1345 3087 1397 enim
3119 1361 3220 1399 non
3251 1356 3503 1417 tanquam

1936 1428 2177 1497 pollutus
2231 1430 2593 1498 prohibetur,
2642 1434 2734 1486 sevl
2792 1435 2917 1503 quia
2973 1436 3339 1492 ecclesiastica
3402 1456 3509 1495 non

1936 1529 2111 1588 pttlt'Sl
2152 1523 2270 1573 sine
2300 1520 2626 1577 ollcndicnlo
2670 1539 2951 1595 peragere.

1971 1607 2127 1663 CAN.
2161 1610 2443 1667 LXXVIII.
2476 1612 2658 1671 Circus
2691 1628 2865 1670 autem
2896 1628 2942 1671 et
2980 1635 3073 1673 sur
3094 1621 3306 1673 {union
3335 1620 3447 1688 ﬁet.

2468 1795 2698 1850 CANON
2741 1796 2980 1853 LXXIX.

276 1877 415 1932 Ἑιίν
454 1896 543 1945 τις
602 1881 855 1949 ὃαᾲιονιι
910 1883 1048 1952 ἔχη,
1090 1888 1375 1953 κληρικὸς
1416 1884 1502 1955 μὴ
1552 1887 1826 1954 γινέσθω,

1943 1880 2138 1952 Siquis
2176 1884 2460 1939 dwmonem
2502 1887 2710 1953 habeat,
2744 1906 2804 1941 ne
2833 1889 2927 1958 ﬁat
2954 1889 3194 1954 clericus,
3233 1891 3323 1943 scd
3344 1907 3505 1959 neque

332 1971 498 2024 ἀλλὰ
534 1970 692 2039 μηδέ
720 1971 839 2037 τοῖς
878 1973 1113 2039 πιστοῖς
1150 1977 1562 2044 συνευχὲσθω.
1606 1983 1831 2047 Καθαρ-

334 2064 461 2127 θεὶς
508 2062 593 2127 δὲ,
640 2063 1103 2133 προσδεχέσθω·
1157 2069 1255 2122 καί
1297 2070 1405 2123 ἐὰν
1451 2065 1491 2141 ᾖ
1518 2072 1709 2138 ἄξιος,
1749 2091 1835 2142 γι-

334 2154 550 2209 νέσθιι).

340 2248 533 2301 ΒΑΑΣ.
572 2250 632 2303 '0
660 2250 1107 2322 δαιμονιζόμενος
1136 2254 1423 2326 ἐστέρηται
1452 2257 1709 2325 λογισμοῦ
1741 2262 1834 2313 καὶ

264 2340 581 2407 διαθέσεως,
612 2343 911 2397 κάντεῦθεν
946 2346 1050 2397 ὑπὸ
1081 2348 1173 2399 τοῦ
1207 2347 1425 2412 κανόνος
1456 2350 1763 2404 κεκώλυται
1802 2354 1832 2423 ἢ

265 2436 339 2503 trp
372 2436 558 2505 κλήρῳ
607 2437 1132 2505 συγκαταλέγεσθαι,
1169 2440 1199 2509 ἢ
1236 2443 1349 2503 τοῖς
1394 2444 1604 2506 πιστοῖς
1645 2445 1837 2497 συνεύ-

264 2530 480 2597 χεσθαι,
513 2530 597 2581 ἵνα
631 2530 705 2600 μὴ
741 2530 920 2599 φαῦλά
963 2549 1085 2585 τινα
1120 2534 1210 2585 καὶ
1243 2534 1455 2603 ἄσεμνα
1504 2538 1835 2608 διαπραττό-

268 2638 454 2687 μενος,
483 2622 578 2673 καὶ
607 2621 983 2691 διιμονιιώδεις
1017 2624 1304 2693 ἐκϐοήσεις
1358 2628 1705 2697 ποιούμενος,
1744 2629 1834 2683 τὸν

262 2711 361 2762 τοῦ
395 2710 532 2762 Θεοῦ
563 2711 692 2765 λαὸν
723 2715 1088 2785 συνταράττῃ,
1133 2715 1227 2767 καὶ
1259 2717 1355 2785 τὴν
1383 2716 1694 2787 δοξολογίαν
1737 2721 1833 2774 τοῦ

262 2804 397 2855 ναοῦ
457 2805 687 2873 ἀχρειοῖ.
732 2807 887 2860 Μετὰ
932 2807 988 2861 δὲ
1036 2809 1135 2878 τὴν
1178 2810 1469 2879 ἀνάνηψιν,
1524 2814 1573 2865 εί
1636 2815 1833 2886 εὐρεθῇ

259 2896 438 2960 ἄξιος,
478 2899 770 2969 γενήσεται
819 2901 912 2955 καὶ
954 2902 1214 2971 κληρικός
1241 2920 1255 2934 ·
1304 2905 1331 2955 6
1364 2905 1545 2973 μέντοι
1578 2913 1624 2974 γ’
1655 2908 1835 2963 κανὼν

254 2989 357 3040 τοῦ
425 2993 772 3063 πατριάρχου
830 2992 1239 3064 Ἀλεξανδρείας
1297 2995 1566 3064 Τιμοθέου
1635 2998 1831 3067 φησίν·

267 3089 404 3140 Ἐὰν
438 3087 628 3149 πιστὸς
675 3086 1076 3155 δαιμονίζηται,
1128 3085 1335 3154 ὀφείλει
1387 3088 1833 3156 μεταλαμϐάνειν

255 3199 286 3234 τ
308 3184 377 3233 τιν
408 3180 580 3248 ἁγίων
636 3181 953 3249 μυστηρίων
978 3196 992 3210 ο
1053 3183 1144 3232 καὶ
1194 3181 1296 3233 οὐκ
1350 3180 1723 3234 ἐναντιοῦνται
1758 3181 1837 3252 τῷ
1863 3205 1908 3268 C

258 3273 497 3343 παρόντι
532 3273 738 3325 κανόνι.
769 3270 1009 3333 Ἐκεῖνος
1060 3271 1161 3340 μὲν
1196 3272 1303 3341 γὰρ
1348 3271 1618 3342 ἐξεληφθη
1678 3272 1840 3344 χάριν

256 3365 357 3418 τοῦ
392 3369 454 3418 ὲκ
481 3364 873 3433 διαλείμματος
930 3365 1283 3434 μαινομένου,
1318 3366 1411 3417 καὶ
1445 3365 1648 3429 εἰδότος
1696 3366 1840 3420 κατὰ

256 3456 355 3505 τὸν
398 3454 588 3523 καιρὸν
636 3453 736 3523 τῆς
781 3454 997 3523 νήψεως
1036 3454 1143 3507 τῶν
1170 3454 1330 3507 θείων
1377 3457 1740 3524 ἁγιασμάτων
1778 3457 1839 3510 τὸ

265 3548 573 3615 μυστήριον
599 3561 613 3574 ·
661 3547 689 3598 6
732 3544 788 3598 δὲ
822 3546 1015 3615 παρὼν
1058 3545 1236 3600 κανὼν
1281 3549 1411 3616 περὶ
1447 3547 1543 3600 τοῦ
1574 3549 1839 3619 διηνεκῶς

264 3638 642 3710 μαινομένυυο
680 3638 726 3689 εί
786 3638 841 3691 δὲ
887 3641 979 3690 καὶ
1032 3640 1159 3708 περὶ
1205 3639 1300 3691 τοῦ
1334 3641 1398 3692 ἐκ
1445 3639 1839 3709 διαλείμματος

262 3733 605 3801 μαινομένου
661 3732 821 3799 εἴπῃς
870 3733 959 3782 τὸν
992 3731 1192 3784 κανόνα
1224 3732 1412 3786 τοῦτον
1465 3731 1837 3801 διαλέγεσθαι,

259 3826 363 3877 καὶ
394 3824 567 3886 οὕτως
597 3826 698 3878 οὐκ
737 3825 891 3877 ἔσται
924 3823 1005 3877 σοί
1031 3840 1082 3876 τι
1123 3824 1397 3895 ἐμποδών
1432 3824 1552 3876 οὐδὲ
1588 3826 1700 3896 γὰρ
1733 3843 1837 3879 πα-

262 3918 731 3989 “ramosam:
763 3919 789 3970 6
815 3919 877 3970 ὲκ
911 3916 1309 3987 διαλείμματος
1354 3920 1681 3989 μαινόμενος
1707 3918 1839 3988 κλη-

262 4013 553 4082 ρωθῆναι*
612 4012 698 4065 ἵνα
756 4011 831 4082 μὴ
864 4011 1286 4083 περιυϐρίζηται
1316 4014 1349 4081 ἠ
1386 4012 1653 4083 ἱερωσύνη
1699 4013 1839 4067 κατὰ

260 4112 358 4161 τὶν
391 4106 585 4178 καιρὸν
623 4110 723 4178 τῆς
756 4106 951 4177 μανίας
999 4104 1189 4165 αὐτοῦ.
1226 4106 1321 4158 καὶ
1354 4105 1748 4177 βλασφημῆται
1779 4109 1840 4160 τὸ

259 4204 443 4256 Θεῖον.

337 4294 587 4347 ΖΩΝΔΡ.
639 4291 977 4362 Ἀκάθαρτος
1042 4291 1235 4364 ὥσπερ
1296 4295 1324 4346 6
1386 4292 1839 4363 δαιμονιζόμενος

262 4388 518 4457 κρίνεται
541 4404 557 4419 ⁸
596 4386 689 4439 καὶ
736 4384 852 4454 ἅμα
880 4384 1106 4438 ὑπόνοια
1135 4385 1358 4450 δίδοται,
1385 4385 1483 4450 ὡς,
1502 4389 1551 4438 εἰ
1585 4384 1659 4456 μὴ
1689 4386 1838 4452 ἄξιον

264 4479 467 4532 ἑαυτοῦ
498 4478 926 4548 κατοικητήριον
957 4476 1048 4530 τὸν
1091 4477 1379 4549 ἄνθρωπον
1414 4479 1441 4531 6
1490 4476 1699 4549 δαίμων
1750 4476 1839 4530 εὖ-

2004 1991 2119 2028 cum
2151 1975 2390 2043 ﬁdelibus
2420 1990 2678 2045 precetur.
2708 1979 2976 2052 Purgatus
2998 1992 3172 2036 autent
3208 1984 3510 2052 recipiatur,

2006 2078 2055 2121 el
2093 2069 2139 2121 si
2171 2070 2241 2121 sit
2268 2069 2480 2140 dignus,
2515 2071 2637 2139 ﬁat.

2010 2249 2203 2304 BALS.
2240 2248 2339 2316 Qui
2377 2266 2405 2304 a
2441 2251 2683 2306 daemone
2718 2262 3001 2318 correptus
3050 2261 3153 2317 est,
3187 2253 3396 2307 ratione
3449 2268 3511 2307 ac

1938 2353 2117 2397 mente
2175 2344 2416 2412 privatus
2451 2356 2563 2407 est,
2611 2353 2778 2415 atque
2832 2345 3038 2400 idcirco
3078 2345 3159 2401 vel
3214 2346 3267 2400 in
3308 2346 3510 2401 clerum

1939 2437 2203 2505 cooptari,
2265 2438 2344 2492 vel
2399 2453 2520 2491 cum
2585 2437 2834 2494 ﬁdelibus
2873 2440 3108 2508 precari,
3166 2439 3272 2495 hoc
3308 2451 3516 2494 canone

1939 2530 2294 2600 prohibetur,
2338 2546 2403 2586 ne
2457 2531 2594 2585 forte
2629 2532 2673 2586 si
2734 2532 2863 2601 quid
2921 2532 3045 2586 mali
3100 2542 3192 2586 aut
3245 2532 3513 2587 inhonesti

1938 2621 2130 2686 egerit,
2192 2635 2255 2673 ac
2312 2620 2674 2676 daemoniacas
2731 2636 2891 2677 voces
2945 2622 3211 2685 emiserit,
3258 2623 3512 2691 populum

1940 2711 2033 2766 Dei
2065 2714 2378 2779 conturbet,
2412 2710 2862 2783 atque'olticium
2903 2714 3008 2785 52
3050 2715 3291 2770 divinum
3341 2716 3513 2787 impe-

1940 2805 2074 2860 diat.
2122 2802 2414 2875 Postquam
2469 2817 2649 2861 autem
2704 2808 2769 2860 ad
2820 2823 2880 2861 se
2922 2806 3167 2870 redierit,
3221 2806 3268 2861 si
3318 2806 3514 2876 dignus

1942 2899 2103 2953 fuerit
2137 2898 2410 2961 inventus,
2445 2899 2607 2952 etiam
2636 2898 2871 2953 clericus
2903 2898 3012 2951 fiet.
3048 2896 3265 2952 Tertius
3294 2899 3435 2967 quid:
3458 2912 3510 2952 m

1940 3001 2086 3045 certe
2113 3006 2287 3045 canon
2325 2990 2647 3060 patriarcha:
2676 2989 3029 3043 Alexandrini
3060 2988 3329 3044 Timothei
3360 2989 3511 3055 dicit,

1941 3086 1999 3141 Si
2028 3087 2098 3140 sit
2130 3083 2298 3139 fidelis
2326 3085 2568 3137 dzemone
2587 3083 2844 3151 percitus,
2864 3082 3024 3137 debet
3049 3096 3172 3136 esse
3201 3094 3510 3136 sanctorum

1943 3178 2331 3250 mysteriorum
2382 3176 2699 3244 particeps:
2752 3182 2806 3229 et
2859 3175 3112 3243 prtesenti
3170 3172 3363 3228 eanoni
3407 3187 3511 3226 non

1946 3272 2288 3327 adversatur.
2325 3266 2419 3323 llle
2453 3270 2598 3323 enim
2636 3268 2702 3322 de
2742 3284 2805 3323 eo
2834 3268 3094 3338 loquitur,
3122 3266 3211 3336 qui
3245 3281 3342 3335 per
3369 3264 3509 3319 dilu-

1942 3361 2064 3416 cida
2101 3358 2379 3414 intervalla
2415 3355 2598 3412 furore
2633 3358 2948 3428 corripitur,
3007 3365 3062 3411 et
3116 3355 3220 3410 scit
3271 3369 3335 3409 eo
3372 3363 3512 3409 tern-

1941 3469 2073 3523 pore
2109 3469 2216 3523 quo
2252 3451 2499 3521 resipuit,
2534 3450 2840 3505 divinorum
2887 3460 3351 3505 sacramentorum
3399 3463 3514 3517 my-

1940 3547 2165 3602 sterium
2200 3564 2215 3600 :
2257 3559 2492 3613 praesens
2521 3552 2702 3599 autem
2737 3556 2909 3597 canon
2942 3541 3007 3595 de
3036 3556 3099 3595 eo
3132 3540 3388 3611 loquitur,
3418 3542 3511 3609 qui

1942 3648 2027 3694 est
2062 3647 2323 3707 perpetuo
2373 3635 2636 3690 furiosus.
2692 3633 2748 3688 Si
2790 3642 2970 3687 autem
3013 3633 3177 3686 etiam
3221 3633 3286 3686 tle
3314 3647 3376 3687 eo
3420 3632 3512 3700 qui

1944 3743 2038 3797 per
2066 3727 2299 3782 dilucida
2341 3726 2476 3781 furit
2520 3724 2826 3789 intervalla,
2863 3737 3130 3777 canonem
3169 3720 3316 3788 loqui
3362 3722 3514 3774 dixe-

1947 3822 2040 3882 ris,
2078 3834 2177 3873 nec
2219 3819 2298 3872 sic
2329 3817 2544 3885 quidem
2575 3816 2744 3871 ullum
2778 3815 2871 3869 tibi
2904 3816 3007 3868 erit
3038 3814 3509 3884 impedimentum.

1942 3912 2135 3981 Neque
2164 3910 2307 3965 enim
2341 3908 2669 3964 concedetur
2701 3908 2749 3962 ei
2788 3907 2877 3977 qui
2914 3922 3012 3977 per
3043 3906 3276 3960 dilucida
3341 3905 3513 3960 inter-

1942 4006 2077 4057 valla
2113 4004 2296 4059 furore
2332 4001 2650 4072 corripitur,
2682 4003 2735 4057 in
2772 4002 2973 4057 clerum
3020 4001 3286 4073 c00ptari,
3332 4017 3400 4055 ne
3424 4016 3515 4055 sa-

1941 4096 2242 4152 cerdotium
2297 4094 2495 4148 furoris
2548 4103 2791 4162 tempore
2850 4094 3179 4149 contumelia
3220 4092 3511 4161 afficiatur,

1942 4187 2266 4258 probrisque
2292 4196 2345 4240 et
2373 4185 2723 4253 blasphemiis
2769 4200 2966 4239 numen
2996 4194 3297 4253 appetatur.

2013 4279 2267 4336 ZUNAR.
2349 4278 2606 4347 Quisquis
2675 4285 2759 4332 est
2828 4276 3172 4342 immundus,
3256 4287 3509 4345 tanquam

1943 4387 2167 4432 vexatus
2193 4391 2221 4429 a
2254 4376 2497 4429 daemone
2526 4371 2799 4442 iudicatur
2827 4387 2841 4425 :
2874 4370 3035 4425 simul
3081 4372 3244 4425 etiam
3273 4371 3510 4439 suspicio

1943 4471 2228 4540 prmbetur,
2264 4464 2407 4536 quod
2444 4463 2545 4518 nisi
2576 4464 2796 4533 dignum
2838 4475 2896 4516 se
2929 4460 3316 4523 habitaculum,
3366 4460 3507 4515 hunc

266 4590 403 4642 ρηκε
440 4572 532 4625 διὰ
562 4570 677 4640 βίον
702 4570 1038 4640 φαυλότητα,
1065 4570 1164 4622 οὐκ
1200 4569 1265 4622 ἂν
1290 4570 1467 4623 είσέδυ
1500 4569 1683 4622 αὐτόν.
1713 4568 1836 4631 Πῶς

1945 4562 2216 4618 hominem
2248 4558 2458 4613 dannon
2512 4554 2831 4620 invenisset,
2891 4554 2960 4607 ob
3016 4553 3138 4606 vita:
3190 4551 3507 4620 nequitiam,

262 4661 361 4717 οὖν
398 4666 426 4716 6
458 4662 701 4725 τοιοῦτος
741 4663 820 4723 εἰς
860 4662 1196 4731 χειροτονίαν
1222 4663 1345 4714 τινὰ
1383 4661 1791 4731 προαχθήσεται
1822 4678 1836 4726 ;

267 4756 328 4807 Ei
363 4754 470 4822 γὰρ
520 4753 694 4823 μύρον
725 4752 929 4821 δοχεῖον
966 4752 1175 4821 σαπρὸν
1205 4753 1267 4804 οὐ
1305 4751 1646 4817 πιστεύεται,
1698 4751 1840 4804 κατὰ

265 4848 358 4900 τὸν
394 4850 572 4915 μέγα]
600 4848 659 4897 ὲν
688 4844 940 4915 θεολογίᾳ
975 4845 1298 4915 Γρηγόριον,
1334 4845 1450 4907 πῶς
1482 4844 1559 4912 τῷ
1600 4844 1692 4895 τοῦ
1724 4843 1838 4897 δαί-

269 4954 433 5004 μονος
461 4937 654 5007 δοχείῳ
685 4938 717 5007 ἡ
758 4939 917 5007 χάρις
947 4934 1038 4988 τοῦ
1078 4937 1234 5003 ἁγίου
1268 4935 1586 5005 Πνεύματος
1613 4951 1837 4987 πιστευ-

268 5028 539 5095 θῄσεταις
581 5026 745 5079 Ἀλλὰ
780 5026 914 5095 μηδὲ
956 5026 1317 5093 συνεύχεσθαι
1346 5029 1458 5088 τοῖς
1503 5028 1718 5087 πιστοῖς
1746 5026 1838 5077 τὸν

266 5120 537 5182 τυινῦτον,
570 5122 597 5172 6
629 5118 821 5190 παρὼν
854 5117 1036 5172 κανὼν
1060 5119 1428 5172 διατάττεται.
1473 5118 1529 5169 Ὀ
1560 5116 1615 5169 δὲ
1654 5116 1836 5186 τρίτος

267 5212 366 5264 τοῦ
417 5212 763 5283 πατριάρχου
829 5210 1241 5282 Ἀλεξανδρείας
1296 5209 1565 5280 Τιμοθέου
1630 5206 1834 5271 κανὼν,

266 5308 559 5377 ἀπόκρισις
590 5306 666 5359 ὢν
708 5306 845 5375 πρὸς
884 5306 976 5359 τὸν
1030 5305 1415 5374 ἐρωτήσαντα,
1460 5301 1588 5355 Ἐὰν
1643 5302 1837 5365 πιστὸς

268 5401 670 5467 δαιμονίςηται,
719 5399 767 5451 εί
793 5398 999 5466 ὀφείλει
1035 5395 1477 5467 μεταλαμϐάνειν
1514 5395 1621 5446 τῶν
1668 5393 1838 5461 ἁγίων
1872 5438 1885 5447 ι

275 5493 625 5561 μυστηρίων;
675 5491 872 5559 φησὶνθ
916 5489 1040 5543 Ἐὰν
1079 5488 1154 5559 μὴ
1209 5485 1515 5557 ὲξαγορεύῃ
1545 5485 1605 5537 τὸ
1637 5487 1839 5554 μυστὴ-

273 5596 410 5647 ριον,
440 5585 575 5651 μήτε
613 5581 787 5641 ἄλλως
828 5597 937 5640 πω,
981 5578 1300 5648 βλασφημῇ,
1337 5576 1833 5646 μεταλαμϐανέτω.

272 5671 489 5724 ἰ’ζυικεν
518 5673 613 5724 οὖν
660 5668 1033 5723 ἐναντιοῦσθαι
1090 5668 1165 5739 τῷ
1198 5668 1424 5738 παρόντι
1478 5666 1691 5720 κανόνι.
1725 5667 1838 5717 Οὐκ

267 5757 423 5829 (οἶμαι
464 5764 542 5818 δέ.
594 5761 736 5815 Ἀλλ’
769 5764 796 5814 6
833 5760 933 5831 μὲν
964 5760 1323 5823 ἁποστολικῖις
1355 5759 1533 5814 κανὼν
1569 5758 1695 5827 π,ρ“ι
1746 5756 1837 5810 τοῦ

1943 4666 2217 4722 nunquam
2281 4649 2477 4703 luisset
2535 4647 2815 4717 ingressus
2862 4646 2916 4698 iu
2965 4659 3108 4700 eunt.
3146 4640 3295 4695 Talis
3346 4642 3511 4708 igitur

1942 4758 2181 4816 quonam
2217 4740 2376 4796 modo
2410 4742 2478 4793 ad
2520 4737 2924 4792 ordinationem
2973 4734 3267 4804 quamlibet
3313 4748 3509 4802 prave-

1944 4838 2140 4893 ltetur?
2169 4833 2301 4886 Nam
2335 4833 2379 4886 si
2415 4831 2527 4886 vasi
2562 4828 2701 4897 putri
2741 4842 2847 4879 nou
2894 4825 3139 4881 creditur
3171 4834 3505 4894 unguentum

1944 4927 2267 5000 (secundum
2310 4938 2564 4993 magnum
2597 4922 2648 4973 in
2684 4917 2958 4985 theologia
2990 4915 3333 4985 Gregorium)
3375 4930 3509 4984 quo-

1945 5027 2103 5078 modo
2137 5019 2483 5087 receptaculo
2514 5014 2775 5070 daemonis
2812 5013 2987 5081 gratia
3046 5009 3281 5081 Spiritus
3335 5007 3507 5063 sancti

1941 5114 2238 5171 credetur?
2269 5112 2369 5166 Sed
2400 5120 2453 5164 et
2489 5108 2739 5162 fidelibus
2774 5121 2874 5159 nec
2904 5105 3059 5158 simul
3086 5120 3243 5158 orare
3286 5105 3505 5172 quidem

1943 5224 2067 5262 cunt
2104 5206 2217 5271 tali,
2248 5215 2483 5273 praesens
2521 5212 2699 5253 canon
2754 5196 3018 5265 praecipit.
3078 5196 3261 5266 Atqui,
3316 5196 3506 5249 tertius

1942 5296 2296 5353 Alexandrini
2341 5291 2661 5361 patriarclne
2714 5287 2983 5343 Timothei
3034 5302 3233 5351 canon,
3283 5301 3507 5355 respon-

1942 5394 2148 5446 sionem
2198 5386 2481 5441 continens
2530 5384 2596 5437 ad
2642 5397 2765 5437 eum
2791 5382 2881 5451 qui
2928 5382 3402 5449 interregaverat:
3449 5377 3505 5431 Si

1943 5483 2115 5537 fidelis
2168 5497 2195 5532 a
2257 5477 2518 5531 όωιιιοιιίο
2590 5483 2879 5542 correptus
2930 5470 3136 5535 fuerit,
3199 5486 3266 5523 an
3313 5470 3507 5523 debeat

1942 5582 2250 5627 sanctorum
2316 5567 2696 5639 mysteriorum
2759 5564 3023 5633 particeps
3078 5560 3241 5616 esse?
3309 5561 3501 5615 dicit:

1944 5666 2056 5721 Nisi
2103 5662 2353 5718 enuntiet
2402 5658 2737 5731 mysterium,
2773 5665 2826 5711 et
2877 5655 2979 5708 nisi
3039 5668 3144 5723 quo
3197 5651 3303 5705 alio
3346 5649 3505 5703 modo

1942 5756 2302 5826 blasphemet,
2342 5754 2610 5823 particeps
2642 5758 2783 5806 8:10.
2810 5746 2997 5818 Igitur,
3027 5745 3281 5817 praesenti
3311 5740 3506 5797 canoni
