3992 6480
484 339 585 409 199

1776 334 2059 396 THEOD.
2088 332 2493 394 BALSAMON

3618 332 3727 393 200

479 452 806 509 contrariari
846 451 1082 509 videtur.
1109 454 1177 506 At
1205 464 1306 522 ego
1339 464 1443 505 non
1490 457 1641 520 puto.
1676 447 1784 503 Sed
1832 456 2053 518 aposto-

2170 446 2336 500 Βιόλου
2377 447 2708 517 μαινομένου
2742 444 2924 515 λέγειν
2971 444 3318 516 κριθήσεται,
3368 445 3463 499 καὶ
3511 443 3587 514 μὴ
3614 444 3732 498 6:1-

482 548 618 603 licus
647 547 862 617 quidem
895 562 1070 603 canon
1108 548 1173 602 de
1220 560 1445 617 prorsus
1490 545 1682 601 insano
1731 542 1877 613 loqui
1905 542 2050 612 judiv

482 640 740 703 cabitur.
789 648 844 694 et
886 640 976 708 qui
1036 640 1236 694 furoris
1294 653 1400 693 non
1460 636 1623 691 habet
1683 635 2050 690 intervallum.

480 732 614 787 Nam
649 734 917 803 quomodo
953 732 1071 786 talis
1102 741 1414 786 assumatur
1455 730 1521 784 ad
1552 729 1828 784 ofﬁcium?
1867 726 2054 782 Timo-

483 824 592 877 thei
649 839 777 877 vero
826 824 1139 892 responsio,
1202 825 1267 877 de
1327 836 1421 886 eo,
1472 822 1563 889 qui
1618 835 1713 889 per
1772 817 2053 873 intervalla

483 916 737 970 afﬁcitur.
774 916 873 969 Hic
902 916 1069 983 enim,
1113 916 1236 969 dum
1277 930 1382 969 non
1425 913 1699 983 afﬂigitur,
1730 912 1935 966 sanctis
1969 924 2056 965 sa-

481 1008 769 1062 cramentis
806 1007 1370 1077 dignusjudicabitur.
1407 1005 1710 1074 Agitatioue
1770 1017 1898 1058 vero
1948 1002 2056 1057 da:-

483 1099 729 1153 moniaca
779 1099 1064 1165 liberatus,
1123 1101 1168 1155 si
1202 1100 1397 1169 dignus
1455 1097 1614 1151 fuerit
1652 1096 1946 1165 judicatus,
2000 1095 2052 1149 in

482 1191 683 1245 clermn
722 1192 1008 1261 deligetur.

482 1281 710 1338 ARIST.
748 1283 1122 1337 Dwmoniacus
1153 1300 1254 1336 non
1287 1283 1346 1352 ﬁt
1388 1281 1631 1344 clericus,
1668 1295 1759 1334 nec
1790 1294 1907 1331 cum
1934 1276 2054 1330 aliis

540 1378 829 1439 orat:post
862 1372 1225 1441 purgationem
1262 1379 1459 1436 autem,
1495 1372 1540 1424 si
1567 1370 1759 1439 dignus
1784 1367 1870 1433 sit,
1906 1367 1990 1437 ﬁt.

554 1547 671 1603 Non
709 1549 765 1603 iit
790 1549 1021 1605 clericus
1053 1551 1141 1620 qui
1178 1550 1475 1605 daemonem
1530 1552 1713 1613 habet,
1743 1549 1916 1604 donec
1947 1548 2053 1603 dte-

487 1657 645 1695 mone
700 1642 962 1697 liberatur
1017 1660 1030 1696 :
1095 1643 1186 1697 sed
1249 1657 1349 1697 nec
1412 1658 1531 1695 cum
1597 1641 1847 1695 ﬁdelibus
1913 1649 2052 1694 orat.

484 1730 671 1786 Morbo
705 1741 884 1786 autem
936 1732 1196 1787 liberatus
1226 1744 1280 1786 et
1330 1732 1398 1785 ad
1430 1746 1614 1802 preces
1643 1731 1968 1795 admittitur,
2002 1739 2055 1785 et

487 1826 552 1879 ad
584 1826 806 1886 clerum.
837 1826 882 1881 si
922 1826 1119 1894 dignus
1157 1833 1259 1889 est,
1306 1834 1677 1894 promovetur.

1034 2009 1264 2065 CANON
1301 2009 1514 2064 LXXX.

484 2102 621 2157 Eum
667 2103 755 2173 qui
811 2118 876 2157 ea:
919 2104 1025 2157 vita
1093 2104 1279 2173 gentili
1318 2103 1596 2157 accesserit
1658 2114 1704 2157 et
1764 2104 2061 2173 baptizatus

552 2197 756 2266 fuerit,
809 2197 885 2250 uel
922 2212 985 2250 ea:
1025 2196 1266 2265 improba
1317 2194 1523 2249 vivendi
1574 2196 1796 2261 ratione,
1840 2212 1943 2250 non
1986 2205 2063 2249 est

556 2305 761 2359 a'quunt
821 2289 1065 2358 protinus
1126 2289 1423 2357 episcopum
1486 2287 1624 2354 fieri.
1681 2288 1928 2355 Iniquum
1981 2297 2057 2342 est

554 2382 734 2444 enim,
793 2390 847 2433 ut
896 2382 989 2449 qui
1036 2381 1119 2432 sui
1173 2380 1400 2433 nondum
1457 2379 1832 2448 experientiam
1886 2388 2060 2433 osten-

553 2471 709 2536 derit,
743 2472 812 2525 sit
845 2472 1075 2525 aliorum
1120 2473 1390 2540 magister,
1429 2472 1532 2525 nisi
1558 2470 1695 2539 forte
1735 2472 1830 2525 hoc
1878 2473 2057 2525 divina

556 2566 731 2633 gratia
771 2566 887 2631 ﬁat.

564 2655 757 2711 BALS.
789 2655 943 2712 Scire
993 2656 1156 2710 debes
1206 2670 1270 2710 ex
1310 2670 1433 2711 can.
1478 2654 1544 2711 l0
1597 2654 1805 2711 Sat-dic.
1841 2670 1965 2727 syn.
2006 2665 2059 2710 et

2156 538 2370 609 λειμμα
2397 538 2635 609 ἔχοντος.
2672 537 2797 601 Πῶς
2838 536 2929 590 οὖν
2954 539 2979 590 ὁ
3012 536 3253 600 τοιοῦτος
3298 534 3733 607 παραληφθήσε-

2155 646 2246 684 ται
2275 632 2353 693 εἰς
2405 632 2608 701 εὐχήνς
2641 632 2674 699 ἡ
2723 630 2777 682 δὲ
2804 629 2898 683 τοῦ
2962 629 3229 699 Τιμοθέου
3266 629 3567 700 ἀπόκρισις
3601 630 3734 699 περὶ

2156 720 2249 774 τοῦ
2297 722 2361 773 ἐκ
2391 721 2801 791 διαλειμμάτων
2837 721 3160 791 πάσχοντος.
3204 720 3263 774 '0
3308 720 3415 791 γὰρ
3466 720 3676 774 τοιοῦτο
3694 740 3732 787 ’,

2155 813 2244 864 ὅτε
2316 811 2390 882 μὴ
2440 811 2663 880 πάσχει,
2728 810 2839 862 τῶν
2908 810 3273 879 ἁγιασμὰτων
3329 809 3730 881 ἀξιωθήσεται.

2169 902 2527 969 Ἀπαλλαγεὶς
2561 903 2617 955 δὲ
2648 902 2745 972 τῆς
2772 902 3098 973 δαιμονικῆς
3139 902 3443 971 ἐνεργείας,
3488 904 3537 954 εἰ
3582 902 3735 966 ἄξιος

2157 996 2397 1067 κριθείη,
2432 996 2879 1067 κληρωθήσεται.

2156 1264 2378 1317 ΛΡΙΣΤ.
2430 1264 2493 1318 Ὀ
2522 1261 2825 1333 δαιμονῶν
2864 1266 2934 1317 οὺ
2965 1263 3291 1330 πληροῦται
3332 1262 3475 1316 οὐδὲ
3500 1264 3735 1317 συνεύ-

2234 1372 2434 1424 χεται·
2472 1354 2623 1426 μετὰ
2662 1355 2730 1409 δὲ
2778 1355 2883 1408 τὸν
2908 1356 3231 1425 καθαρμὸν,
3286 1358 3336 1410 εὶ
3372 1355 3541 1422 ἄξιός
3573 1357 3731 1421 ἐστι,

2231 1453 2478 1521 γίνεται.

2229 1544 2305 1596 Οὐ
2335 1542 2543 1612 γίνεται
2575 1540 2835 1613 κληρικδς
2862 1544 2889 1595 ὁ
2915 1540 3206 1611 δαιμονῶν,
3238 1541 3429 1613 μέχρις
3460 1541 3527 1594 ἂν
3556 1541 3734 1594 ἁπαλ-

2157 1635 2297 1705 λαγῇ
2349 1633 2446 1686 τοῦ
2493 1633 2782 1703 δαίμονος·
2816 1632 2933 1687 ἀλλ’
2969 1634 3091 1687 οὐδὲ
3142 1636 3463 1703 συνεύχεται
3498 1636 3610 1698 τοῖς
3638 1652 3739 1687 πι-

2162 1732 2329 1792 στοίς.
2363 1728 2725 1795 Ἀπαλλαγεὶς
2775 1726 2832 1780 δὲ
2887 1730 2982 1780 τοῦ
3034 1728 3261 1792 πάθους,
3299 1731 3390 1783 καὶ
3438 1730 3518 1792 εις
3566 1729 3737 1799 εὐχὴν

2164 1824 2547 1894 προσδέχεται,
2581 1824 2675 1877 καὶ
2705 1825 2786 1889 εἰς
2819 1824 3041 1895 κλῆρον,
3080 1826 3128 1878 εἰ
3171 1825 3321 1893 ἄξιός
3352 1826 3492 1893 ἔστι,
3532 1826 3735 1898 προϐι-

2163 1916 2411 1980 ὃάςεται.

2768 2009 3003 2063 ΚΔΝΩΝ
3043 2012 3127 2065 II'.

2169 2101 2281 2154 Τὸν
2311 2101 2382 2167 ἐξ
2435 2101 2676 2155 ἐθνικοῦ
2722 2102 2868 2165 ,ϐίου
2904 2102 3015 2173 (19)
3047 2106 3464 2171 προσελθόντα
3504 2108 3601 2161 καὶ
3628 2105 3745 2171 ,βα-

2237 2194 2584 2257 πτισθέντα,
2620 2195 2657 2259 ἢ
2688 2195 2755 2247 ὲκ
2787 2196 3027 2262 φαύλης
3053 2195 3371 2265 διαγωγῆς,
3399 2200 3471 2249 οὺ
3503 2197 3745 2252 δίκαιόν

2236 2288 2369 2343 ἐστι
2435 2288 2571 2356 παρ’
2630 2286 2782 2341 αὐτὰ
2848 2288 3319 2356 προχειρίζεσθαι
3372 2290 3741 2345 ἐπίσκοπον.

2240 2379 2486 2435 Ἀδικον
2540 2379 2647 2446 γὰρ
2696 2379 2802 2430 τὸν
2845 2378 3089 2445 μηδέπω
3139 2378 3352 2446 πεῖραν
3392 2378 3743 2446 ἐνδειξάμε-

2236 2490 2349 2526 νον
2393 2471 2612 2538 ἐτέρων
2642 2468 2796 2525 εἶναι
2846 2470 3239 2531 διδάσκαλον,
3272 2474 3324 2524 εἰ
3346 2473 3525 2540 μήπω
3584 2473 3745 2527 κατὰ

2236 2567 2402 2619 θείαν
2422 2564 2615 2633 χάριν,
2638 2563 2815 2618 τοῦτο
2838 2562 3099 2631 γένηται.

2236 2658 2438 2711 ΒΛΛΣ.
2484 2656 2695 2711 Μαθεῖν
2738 2654 2977 2723 ὀφείλεις
3010 2655 3118 2707 ἀπὶ)
3142 2654 3237 2707 τοῦ
3282 2653 3313 2707 ι’
3356 2658 3578 2723 κανόνος
3638 2663 3745 2731 τῆς

1670 2768 1869 2829 Guill.
1901 2768 2239 2848 Beveregii
2281 2775 2472 2831 notae.

554 2870 665 2939 Χ19)
709 2868 823 2939 Τὸν
866 2867 935 2932 ἐξ
978 2867 1223 2923 ἐθνικοῦ
1254 2868 1421 2932 βίου.
1472 2866 1630 2923 Joan.
1691 2869 2058 2924 Antiochenus

485 2936 618 3009 legit
644 2941 734 2994 τὸν
778 2936 838 3003 ἐξ
883 2939 1055 2992 ἐθνῶν
1086 2940 1294 2993 collect.
1327 2955 1448 2993 can.
1485 2942 1565 2993 tit.
1602 2939 1690 2994 56.
1718 2940 1788 2992 At
1822 2942 2057 3007 synodus

487 3008 699 3064 Merena
754 3011 923 3078 prima
967 3025 1225 3063 eanonem
1269 3011 1409 3064 hunc
1441 3011 1612 3063 citans
1664 3008 1773 3062 ἀπὸ
1838 3009 2054 3063 ὲθνικοῦ

485 3079 600 3150 βίου
634 3080 781 3151 legit.
819 3080 1104 3151 Enimvero
1135 3078 1407 3151 secundus
1451 3081 1606 3151 istius
1642 3079 1837 3151 synodi
1872 3095 2050 3151 canon

486 3148 695 3218 incipit,
740 3148 960 3219 Ἐπειδὴ
1003 3148 1172 3202 πολλὰ
1216 3151 1336 3218 ἦτοι
1375 3150 1480 3202 ὑπὸ
1512 3148 1779 3219 ἀνάγκης,
1812 3148 1843 3218 ἢ
1877 3149 2053 3213 ἄλλως

483 3222 851 3290 ἐπειγομένων
882 3221 989 3290 τῶν
1019 3220 1322 3287 ἀνθρώπων
1356 3223 1570 3289 εγενετο
1620 3225 1770 3290 παρὰ
1811 3220 1903 3274 τὸν
1956 3238 2057 3272 κα-

484 3293 610 3344 νόνα
642 3288 732 3343 τδν
789 3288 1244 3358 ἐκκλησιαστικὸν
1278 3330 1293 3351 ,
1354 3288 1492 3343 ὣστε
1557 3289 1880 3358 ἀνθρώπους
1946 3291 2055 3344 ἀπὸ

484 3309 610 3344 νονα
642 3307 732 3343 τον
789 3307 1244 3358 εκκΑησιαστικον
1278 3330 1293 3351 ,
1354 3307 1492 3343 ωστε
1557 3307 1655 3343 avo
1697 3307 1880 3352 ωπους
1946 3307 2055 3344 απο

483 3360 697 3412 ἒθνικοῦ
730 3360 862 3429 meo,
900 3361 1025 3429 ἄρτι
1066 3357 1460 3429 προσελθόντας
1506 3361 1572 3428 τῇ
1615 3307 1825 3425 πῖστει,
1863 3368 1994 3423 etc.,
2026 3375 2057 3414 e

483 3433 677 3498 quibus
726 3432 888 3482 etiam
944 3431 1121 3483 verbis
1176 3430 1473 3483 clarissime
1536 3430 1792 3483 eiucesoit
1855 3430 2057 3483 κανόνα

485 3500 937 3569 ἐκκλησιαστικὸν
973 3511 1098 3553 ante
1132 3504 1270 3553 hanc
1296 3503 1556 3569 synodum
1583 3500 1857 3554 exstitisse
1882 3538 1897 3563 ,
1929 3515 2055 3564 eos,

484 3573 573 3639 qui
615 3585 645 3621 a
677 3570 781 3622 vita
810 3572 990 3636 gentili
1026 3572 1089 3623 ad
1116 3569 1491 3639 Christianam
1529 3570 1685 3622 iidem
1721 3584 1891 3638 nuper
1924 3585 2059 3624 con-

487 3641 627 3691 versi
662 3650 809 3700 sunt,
846 3641 1124 3708 episcopos
1181 3641 1424 3708 protinus
1472 3638 1586 3693 ﬁeri
1624 3640 1998 3708 prohibentem
2037 3658 2054 3697 :

484 3711 574 3776 qui
604 3710 739 3762 alitts
776 3709 916 3763 haud
950 3711 1109 3764 dubie
1144 3725 1247 3763 non
1280 3710 1399 3772 fuit,
1435 3724 1595 3778 quam
1636 3723 1873 3775 praesens
1922 3724 2056 3775 apo-

487 3779 733 3845 stolicus,
755 3795 914 3847 quem
948 3794 1086 3848 sape
1112 3780 1409 3847 neglectum
1437 3789 1490 3832 et
1521 3778 1794 3843 violatum,
1822 3784 2056 3848 synodus

474 3851 703 3911 l\lL".Ull3
738 3849 881 3903 dicto
916 3864 1122 3903 canone
1156 3860 1394 3917 reparat,
1444 3859 1498 3901 et
1546 3863 1640 3901 sua
1668 3853 1675 3865 °
1702 3850 1917 3903 tandem
1962 3866 2057 3903 au-

486 3920 733 3971 eloritate
758 3920 1062 3974 continuat.
1086 3917 1349 3987 Josepbus
1378 3917 1664 3989 Egyptius
1712 3920 1771 3989 in
1826 3920 2057 3989 Arabica

486 4003 678 4040 canon.
728 3990 1043 4043 collectiooe
1073 3991 1186 4043 haec
1232 3991 1390 4042 verba
1433 3987 1525 4040 τόν
1570 3987 1631 4051 ἐξ
1671 3988 1887 4041 ὲθνικοῦ
1936 3988 2052 4058 βίου

489 4059 672 4123 vertit,
721 4058 1025 4127 Quicunque
1072 4061 1147 4113 vir
1191 4060 1288 4127 {uit
1322 4060 1557 4113 ethnicus
1597 4059 1675 4112 vel
1721 4059 2006 4113 idololatra
2035 4073 2056 4112 .°

487 4143 591 4198 non
622 4142 706 4198 tne
736 4126 869 4198 fugit
890 4126 1092 4197 Itoni/ia
1131 4146 1289 4198 posse
1312 4144 1695 4198 nonnunquam
1726 4129 2053 4197 signiﬁcare,

486 4194 821 4259 Muslimum,
854 4201 966 4253 sive
1020 4194 1461 4253 'Mul'iammedica:
1522 4194 1795 4268 religionis
1831 4207 2056 4253 sectato-

483 4280 612 4339 rern.
638 4267 725 4320 Sic
753 4272 897 4321 enim
929 4269 1124 4338 haniph
1152 4286 1293 4339 saepe
1318 4268 1585 4337 signiﬁcat
1604 4267 1671 4339 ab
1701 4271 1814 4322 Abu
1847 4269 2050 4336 hanila,

491 4338 583 4409 qui
616 4347 803 4390 auctor
835 4342 933 4392 luit
968 4342 1123 4393 unius
1154 4354 1184 4393 e
1214 4338 1445 4409 quatuor
1478 4338 1817 4392 muslimismi
1870 4344 2053 4405 sectis,

484 4407 626 4477 circa
659 4409 932 4477 religionis
964 4411 1116 4464 istius
1171 4407 1351 4465 ramos
1405 4412 1659 4477 versatis,
1712 4423 1844 4476 quas
1890 4408 2057 4463 Abul-

486 4476 774 4547 pharagius
799 4481 877 4531 sic
900 4489 1196 4542 enumerat,
1227 4478 1384 4533 Secta
1408 4477 1592 4530 maleci
1619 4476 1732 4530 Ebn
1755 4479 1937 4542 Anasi,
1971 4496 2055 4533 se-

2169 2871 2239 2922 At
2274 2886 2373 2924 vox
2411 2868 2631 2940 Syriaca
2666 2867 2869 2940 hanth
2903 2877 2959 2922 ut
3002 2877 3054 2924 et
3092 2868 3375 2939 hanphoio,
3406 2879 3486 2923 est
3525 2874 3741 2940 gentilis

2165 2940 2423 2994 ethnicus.
2460 2939 2607 2994 Unde
2638 2938 2954 2993 vocabulum
2986 2939 3085 2994 hoc
3118 2938 3407 2994 Arabieum
3434 2938 3735 2997 formatum

2166 3010 2410 3077 videtur;
2446 3010 2586 3079 quod
2624 3019 2907 3077 propterea
2932 3009 3165 3063 ethnicus
3191 3012 3455 3064 transtuli.
3492 3012 3595 3067 Sed
3628 3031 3743 3069 non

2164 3080 2395 3137 dilIiteor
2418 3082 2643 3134 alterum
2676 3082 2836 3133 etiam
2868 3093 3085 3133 sensum
3120 3081 3329 3133 admitti
3360 3096 3540 3149 posse,
3569 3088 3740 3138 modo

2163 3151 2405 3205 dicanms
2442 3150 2781 3204 Christianos
2806 3150 3116 3215 orientales,
3153 3150 3241 3218 qui
3277 3151 3419 3204 inter
3452 3151 3743 3210 Muslimos

2160 3225 2273 3275 sive
2303 3220 2781 3275 Muhammedanos
2809 3230 3091 3273 versantur
3113 3259 3130 3284 ,
3165 3220 3305 3275 hunc
3356 3236 3619 3277 canonem
3670 3226 3745 3280 de

2160 3290 2224 3345 iis
2260 3295 2355 3359 (ιιι
2384 3306 2482 3357 par
2506 3292 2622 3360 est)
2653 3305 2806 3358 aeque
2856 3304 2919 3343 ac
2951 3291 3015 3343 de
3067 3291 3298 3344 ethnicis
3355 3291 3744 3360 interpretatos

2160 3375 2304 3424 esse,
2332 3370 2388 3413 ut
2421 3360 2902 3414 Muhammedanus
2933 3362 3093 3413 etiam
3125 3360 3330 3429 pariter
3357 3375 3420 3415 ac
3475 3363 3739 3419 ethnicus

2159 3436 2226 3483 ad
2270 3429 2633 3484 Christianam
2670 3444 2959 3483 conversus
3022 3430 3179 3483 tidem
3209 3469 3223 3493 ,
3283 3430 3428 3486 illico
3469 3447 3574 3486 non
3637 3435 3739 3488 ﬁat

2160 3501 2473 3569 episcOpus.
2518 3500 2671 3565 Quod
2697 3510 2878 3553 autem
2926 3514 3022 3569 nec
3081 3499 3248 3555 laicus
3277 3503 3541 3569 quispiam
3573 3502 3744 3557 Chri-

2160 3568 2367 3625 stianus
2395 3574 2639 3639 protinus
2673 3572 2864 3622 evadat
2891 3568 3175 3638 episcopus
3196 3610 3210 3634 ,
3246 3572 3352 3624 nisi
3384 3568 3739 3628 inferioribus

2161 3642 2313 3708 prius
2340 3641 2618 3709 A5useeptis
2646 3639 2923 3709 gradibus,
2956 3655 2982 3691 a
3016 3641 3242 3694 concilio
3274 3641 3576 3696 Sardiccnsi
3605 3659 3745 3697 eau-

2163 3705 2273 3764 tum
2299 3705 2404 3773 εει,
2429 3705 2549 3764 can.
2581 3705 2666 3763 1οζ

2232 3782 2345 3849 (20)
2373 3784 2443 3834 Et
2468 3780 2650 3849 μήπω
2676 3779 2825 3833 κατὰ
2848 3779 3016 3833 θείαν
3033 3780 3224 3848 χάριν.
3256 3780 3522 3837 Αιιιιειιιὶο
3550 3782 3745 3838 Eccle-

2160 3853 2253 3907 siae
2290 3851 2708 3923 Mediolanensis
2739 3851 2987 3919 episcopo
3018 3854 3121 3923 vita
3159 3852 3438 3923 defuncto,
3473 3862 3589 3906 orta
3610 3869 3745 3923 gra-

2161 3923 2377 3994 vissima
2412 3921 2549 3974 inter
2577 3922 3112 3994 cives‘controversia
3146 3922 3211 3975 de
3241 3920 3446 3994 rfuturo
3476 3920 3742 3994 episcopo

2158 3991 2440 4060 eligendo;
2480 4005 2645 4059 usque
2680 3990 2813 4043 adeo
2838 4000 2896 4061 ut
2938 3990 3249 4045 tuumltuari
3306 3990 3593 4061 coeperint.
3622 3990 3741 4049 Sed

2160 4059 2443 4117 commode
2466 4060 2684 4124 accidit,
2714 4070 2771 4113 ut
2801 4059 2882 4113 vir
2898 4061 3099 4128 pietate
3124 4075 3187 4115 ac
3211 4059 3452 4117 doctrina
3482 4064 3739 4130 insignis,

2160 4131 2747 4201 notnine‘Ambrosius,
2778 4132 2893 4183 urbi
2949 4138 3075 4184 tunc
3135 4134 3390 4199 temporis
3440 4132 3740 4201 praelectus

2159 4210 2324 4256 esset.
2351 4198 2449 4254 Hic
2469 4202 2691 4265 veritus,
2722 4214 2790 4253 ne
2823 4202 2947 4253 mali
2982 4201 3184 4267 aliquid
3212 4198 3277 4255 ex
3317 4198 3462 4255 tanto
3499 4204 3739 4259 tunmltu

2162 4281 2499 4333 nasceretur,
2538 4285 2635 4340 pro
2661 4270 2780 4323 loco
2822 4281 2981 4339 atque
3015 4271 3189 4324 ollicio
3219 4286 3318 4327 suo
3345 4272 3423 4335 (ut
3445 4288 3564 4326 cum
3592 4273 3738 4327 Ruf-

2159 4343 2266 4397 ﬁno
2300 4340 2510 4409 loquar)
2542 4341 2608 4395 ad
2645 4340 2929 4409 ecclesiam
2956 4340 3062 4393 illic
3086 4344 3386 4404 contendit,
3410 4344 3735 4398 seditionem

2156 4411 2336 4481 populi
2373 4408 2740 4476 repressurus.
2776 4408 3117 4483 Cum‘autem
3178 4412 3335 4483 longa
3380 4428 3445 4466 ac
3498 4414 3736 4483 eleganti

2158 4480 2402 4535 oratione
2428 4494 2656 4534 vesauos
2692 4480 3049 4535 multitudinis
3074 4480 3330 4535 tumultos
3358 4480 3735 4551 compescuis-

482 4555 566 4621 cpta
594 4545 978 4621 sinitautmedis
1007 4550 1289 4601 EbnEdris
1310 4548 1680 4621 Assliaﬁensis,
1702 4558 1842 4601 secta
1861 4548 2049 4621 Ahrne-
2088 4545 2130 4599 D
2159 4562 2260 4615 set,
2296 4564 2483 4603 omnes
2508 4552 2559 4603 in
2588 4564 2744 4603 unam
2777 4554 3019 4621 protinus
3054 4553 3379 4605 sententiam
3412 4545 3739 4621 conspiran-

483 4618 563 4667 dis
600 4617 713 4668 Ebn
756 4618 1006 4681 llanbeli,
1062 4630 1109 4671 et
1169 4628 1308 4671 secta
1345 4618 1563 4682 Hauilw
1592 4619 1886 4671 Atnoontan
1934 4619 2050 4673 Ebn

488 4683 704 4758 Tltabet.
742 4689 974 4758 Abulph.
1006 4690 1227 4758 Dynast.
1257 4688 1310 4743 9.
1334 4692 1403 4742 At
1432 4690 1547 4740 Abu
1587 4689 1783 4741 Ιιιιιιιῐευ
1809 4704 1917 4757 prae
1949 4705 2052 4744 cte-

485 4756 615 4809 teris
646 4756 976 4810 exstructum
1010 4756 1093 4812 esu
1124 4760 1442 4821 oratorium,
1466 4769 1709 4811 Vocatum
1746 4756 2053 4812 oratorium

482 4828 733 4879 antistitis
767 4828 878 4880 Abu
910 4829 1110 4893 Itanilw
1142 4867 1156 4891 ,
1186 4829 1337 4896 cujus
1373 4831 1730 4880 meminerunt
1777 4829 2052 4897 Abulpha-

487 4897 665 4963 ragius
694 4900 902 4965 dynast.
927 4899 979 4961 9,
1007 4914 1058 4965 p.
1087 4898 1191 4952 366
1215 4895 1268 4953 et
1292 4898 1597 4951 Eltttacinus
1623 4897 1759 4951 Hist.
1791 4895 2051 4954 Sara’cen.

486 4964 524 5038 l_.
556 4981 637 5029 ιιι,
673 4964 794 5036 pag.
823 4968 947 5023 287.
983 4964 1057 5038 De
1089 4972 1275 5023 eodem
1312 4968 1643 5038 Abugltanil'a
1673 4968 1790 5021 vide
1816 4969 1968 5038 plura
1998 4971 2053 5023 in

485 5035 782 5106 doctissimi
805 5041 974 5092 nostri
998 5037 1228 5093 Edvardi
1260 5036 1509 5092 Pocockii
1530 5039 1668 5092 notis
1705 5039 1755 5091 in
1780 5035 2053 5106 specimen

484 5104 725 5177 historiae
752 5110 1016 5172 Arabum,
1048 5123 1169 5177 pag.
1192 5108 1297 5163 297
1323 5148 1337 5173 ,
1387 5121 1440 5162 et
1482 5106 1697 5161 lienrici
1753 5104 2054 5176 Hattingeri

484 5173 625 5230 Hist.
660 5177 870 5233 Orient.
903 5177 939 5232 Ι.
968 5195 1025 5243 ιι,
1049 5173 1187 5233 ὶι.”7.
1215 5181 1296 5233 Ab
1327 5180 1428 5231 hoc
1456 5178 1572 5230 Abu
1596 5179 1781 5247 hanifa
1813 5194 1917 5231 non
1943 5173 2053 5232 sua

485 5254 695 5299 tantum
729 5249 899 5316 ipsius
952 5260 1121 5313 secta,
1168 5252 1263 5305 sed
1312 5259 1453 5303 totos
1480 5250 1865 5302 muslimismus
1899 5263 2055 5302 voca-

487 5316 908 5388 turrAlhani/ialt
940 5331 993 5374 et
1029 5321 1315 5374 tnuslimus
1342 5319 1546 5388 lluniﬁ.
1583 5317 1648 5370 Et
1692 5320 1806 5372 [nec
1838 5318 2053 5385 quidem

482 5387 759 5439 ordinaria
784 5399 867 5442 est
897 5391 1055 5460 hujus
1087 5390 1329 5444 voeabuli
1352 5387 1709 5459 signiﬁcatio;
1732 5403 1870 5460 qua:
1926 5389 2053 5441 huic

489 5463 669 5513 tamen
700 5460 820 5512 loco
852 5467 1121 5529 quadrare
1150 5477 1254 5515 non
1302 5463 1563 5522 videatur,
1596 5459 1864 5528 siquidem
1895 5474 2057 5511 cano-

487 5541 581 5580 nes
623 5532 674 5583 hi
710 5530 869 5601 longe
903 5540 1031 5586 ante
1062 5530 1420 5585 Muslimitica:
1475 5529 1751 5597 religionis
1800 5538 2052 5583 exortum

482 5601 770 5673 conscripti
836 5613 981 5673 sunt.
1039 5601 1379 5672 Quapropter
1442 5601 1901 5673 aliundepetatur
1930 5613 2056 5652 vera

485 5671 652 5742 ipsius
688 5671 1013 5738 signiﬁcatio
1045 5691 1061 5727 ι
1093 5689 1123 5727 e
1147 5671 1326 5742 lingua
1378 5672 1630 5725 nimirum
1665 5671 1883 5742 Syriaca
1912 5685 2057 5742 ,ch-

476 5739 562 5807 jus
596 5744 848 5795 vocabula
877 5746 927 5796 in
955 5744 1055 5797 hac
1104 5739 1374 5813 przréipue
1422 5755 1689 5813 canonum
1742 5740 2056 5813 collectione

485 5817 781 5886 szepissime
810 5816 1041 5872 Arabica
1073 5812 1228 5881 ﬁunt,
1267 5824 1321 5867 ut
1355 5812 1481 5867 alibi
1522 5812 1789 5867 ostensuri
1843 5824 2050 5866 sumus.

2159 4633 2263 4687 tes,
2298 4622 2470 4689 ipsum
2508 4622 2847 4691 Ambrosium
2882 4618 2983 4675 sibi
3010 4622 3320 4691 episcopum
3352 4618 3587 4677 ordinari
3621 4639 3736 4679 uno

2156 4707 2250 4745 ore
2296 4691 2632 4759 ﬂagitabant.
2694 4690 2791 4744 Hic
2839 4700 3017 4744 autem
3080 4690 3255 4746 adhuc
3308 4695 3737 4748 eatechumenus

2156 4771 2294 4823 erat,
2331 4776 2394 4813 ac
2428 4760 2649 4829 proinde
2676 4761 2908 4813 nondmn
2962 4762 3286 4829 baptizatus.
3316 4761 3733 4818 Valentinianus

2160 4846 2292 4885 vero
2328 4831 2653 4898 imperator,
2691 4832 2758 4883 de
2818 4832 2994 4898 populi
3052 4845 3316 4887 consensu
3382 4835 3585 4885 certior
3643 4832 3733 4883 fa-

2156 4912 2273 4955 ctus
2302 4939 2317 4963 ,
2368 4900 2715 4971 Ambrosium
2759 4901 2969 4971 etiamsi
3009 4901 3407 4965 reluctantem,
3460 4904 3727 4971 baptizari

2158 4973 2342 5035 simul,
2366 4986 2429 5024 ac
2456 4970 2769 5037 episcopum
2805 4970 3047 5038 protinus
3074 4972 3307 5024 ordinari
3330 4972 3501 5039 jubet,
3534 4970 3635 5033 vel,
3672 4983 3733 5026 ut

2157 5042 2232 5095 ait
2254 5038 2625 5111 Theodoretus
2650 5054 2665 5092 :
2698 5038 2879 5111 Tabes
2899 5040 3084 5108 μαθὼν
3104 5042 3130 5093 ὁ
3150 5038 3401 5110 βασιλεὺς
3424 5042 3727 5111 προσέταξε

2157 5110 2478 5181 παραυτίκα
2522 5110 2620 5181 καὶ
2671 5109 2943 5181 μυηθῆναι
2998 5110 3093 5163 καὶ
3139 5109 3581 5181 χειροτονηθῆναι
3632 5115 3727 5162 τὸν

2157 5178 2473 5250 ἀξιέπαινον
2510 5178 2698 5249 ἄνδρα.
2736 5178 2872 5233 Hist.
2914 5181 3111 5234 eccles.
3139 5178 3181 5233 Vl.
3215 5178 3285 5243 tv,
3324 5178 3441 5250 cap.
3478 5178 3533 5244 6,
3576 5197 3727 5233 mox-

2158 5266 2255 5320 que
2296 5249 2391 5302 Dei
2417 5250 2643 5320 gratiam
2680 5259 2984 5303 consecutus
3018 5290 3033 5315 ,
3063 5262 3108 5304 et
3159 5249 3400 5306 initiatus
3432 5252 3599 5305 sacris
3623 5292 3639 5314 ,
3677 5260 3727 5304 et

2159 5318 2402 5373 sacerdos
2437 5318 2650 5387 effectus
2690 5329 2802 5385 est;
2830 5327 2886 5372 ut
2915 5322 3106 5374 scribit
3136 5320 3374 5376 Bullinus
3406 5322 3541 5376 llist.
3590 5323 3723 5374 eccl.

2161 5392 2202 5445 l.
2235 5405 2297 5453 ιι,
2321 5404 2442 5459 cap.
2468 5391 2552 5442 11.
2579 5387 2690 5442 Hac
2708 5391 3054 5444 tumultuaria
3072 5391 3337 5444 Ambrosii
3362 5392 3724 5452 ordinatione,

2159 5474 2265 5530 qua
2305 5473 2336 5513 e
2362 5460 2752 5513 catecltumeno
2787 5461 2851 5512 ad
2886 5462 3199 5530 episcopum
3259 5463 3403 5516 illico
3438 5470 3725 5530 provectus

2161 5540 2265 5593 est,
2300 5531 2444 5584 serio
2474 5544 2761 5599 perpensa,
2791 5530 2937 5584 dicat
2971 5532 3170 5599 aliquis
3208 5533 3451 5587 eamdem
3503 5531 3725 5584 minime

2161 5598 2490 5655 canonicam
2511 5598 2696 5661 fuisse,
2736 5616 2836 5654 nec
2868 5616 2895 5651 a
2925 5603 3171 5668 praesenti
3204 5617 3407 5656 canone
3430 5600 3725 5671 apostolico

2160 5672 2488 5734 admissam;
2528 5681 2710 5738 utpote
2745 5684 2850 5737 quo
2884 5685 3025 5737 eum,
3056 5674 3145 5740 qui
3179 5688 3207 5724 a
3233 5673 3415 5741 gentili
3459 5674 3566 5726 vita
3602 5682 3724 5741 Anu-

2160 5756 2254 5810 per
2280 5743 2529 5811 accessit,
2562 5751 2614 5793 et
2644 5742 2950 5811 baptizatus
2979 5739 3103 5804 est,
3130 5739 3440 5811 episcopum
3477 5739 3725 5811 protinus

2158 5808 2275 5867 beri
2323 5808 2656 5880 prohibetur.
2694 5808 2798 5866 Sed
2825 5810 2963 5866 absit
2988 5822 3042 5866 ut
3074 5808 3397 5869 taniiPatris
3418 5808 3720 5871 ordinatio-
