3992 6480
270 400 379 460 2ϋὸ

1452 402 1535 463 IN
1575 402 1739 464 CAN.
1783 401 2063 463 LXXXII
2100 400 2355 462 APOST.

3424 400 3528 457 ⁸206

273 507 495 565 ΔΡΙΣΤ.
537 506 910 573 Ἐπίσκοπος
938 508 1352 578 ἀνεπίσκοπος
1377 512 1408 565 ὀ
1442 512 1704 582 δημόσια
1733 528 1855 582 χει-

1977 511 2189 568 \RIST.
2231 512 2523 582 Episcopus
2559 513 2619 564 de
2651 512 2947 579 episcopatu
2995 506 3274 577 deponitur
3301 507 3391 575 qui
3437 523 3527 562 ne-

828 598 1126 669 ριζόμενος
1168 600 1279 671 (24)
1290 640 1305 655 .

359 691 422 743 Ὃ
480 692 564 754 εἰς
605 690 871 762 δημοσίας
918 692 1219 763 διοικήσεις
1264 692 1459 749 ἑαυτὸν
1505 694 1768 760 ἐκδιδοὺς,
1817 697 1851 769 ἢ

277 780 677 851 πρεσϐύτερος,
703 782 738 852 ἢ
763 781 1032 844 διάκονος,
1063 783 1097 850 ἢ
1124 783 1441 851 ἐπίσκοπος,
1471 785 1503 855 ἢ
1529 784 1853 852 παυσάσθω,

274 874 307 944 ᾖ
344 872 421 943 μὴ
449 868 796 942 πειθόμενος,
824 874 1219 945 καθαιρείσθω.

866 965 1106 1019 ΚΑΝΩΝ
1139 966 1265 1022 ΠΒθ.

274 1056 521 1122 Οἰκέτας
552 1059 639 1122 είς
670 1055 901 1124 κλῆρον
924 1057 1394 1127 προχειρίζεσθαι
1426 1059 1573 1114 ἄνευ
1605 1061 1713 1127 τῆς
1739 1060 1855 1115 τῶν

340 1149 659 1203 δεσποτῶν
731 1148 1092 1219 συγγνώμης
1146 1152 1256 1205 οὐκ
1329 1152 1721 1222 ἐπιτρέπομεν
1757 1154 1856 1207 ἐπὶ

344 1242 517 1308 λύπῃ
544 1241 662 1293 τῶν
681 1240 1059 1310 κεκτημένων
1075 1258 1089 1272 ο
1114 1242 1294 1296 οίκων
1308 1243 1416 1312 γὰρ
1428 1245 1774 1312 ἀνατροπὴν
1789 1247 1854 1298 τὸ

341 1333 625 1386 τοιοῦτον
673 1330 993 1401 ἐργάζεται.
1038 1335 1109 1387 Et
1155 1334 1223 1388 δέ
1252 1350 1398 1389 ποτε
1425 1337 1521 1389 καί
1556 1336 1717 1402 ἄξιος
1742 1353 1854 1405 φα-

340 1425 474 1492 νείη
500 1428 533 1479 ό
564 1424 803 1491 οἰκέτης
843 1426 994 1494 πρὸς
1026 1428 1405 1495 χειροτονίαν
1434 1429 1695 1497 βαθμοῦ,
1730 1424 1855 1494 οἶος

342 1522 445 1574 καὶ
504 1525 537 1574 ὁ
592 1519 881 1589 ἡμέτερος
947 1520 1272 1591 Ὄνήσιμος
1322 1522 1434 1591 (‘25)
1485 1522 1698 1595 ἐφάνη,
1754 1522 1853 1576 καὶ

341 1612 861 1683 συγχωρήσουσιν
880 1616 933 1667 οἱ
958 1612 1269 1680 δεσπόται,
1295 1612 1392 1667 καί
1418 1613 1857 1681 ἐλευθερώσω-

341 1716 431 1765 σι,
483 1702 583 1755 καὶ
610 1702 718 1754 τοῦ
757 1702 929 1755 οἴκου
953 1701 1456 1771 ἐξαποστείλωσι,
1486 1707 1762 1775 γινέσθω.

342 1793 549 1848 ΒΑΛΣ.
606 1794 741 1863 Περὶ
781 1792 985 1846 δούλων
1011 1794 1404 1865 κληρουμένων
1447 1796 1723 1865 ἀνάγνωθι
1760 1796 1857 1851 καὶ

275 1884 331 1935 τὸ
358 1882 451 1946 λς’
488 1882 783 1952 κεφάλαιον
812 1882 908 1936 τοῦ
967 1889 1015 1939 α’
1055 1884 1235 1937 τίτλου
1282 1886 1377 1939 τοῦ
1425 1886 1690 1957 παρόντος
1738 1904 1859 1941 συν-

276 1976 575 2045 τάγματος.
611 1976 877 2030 Ἐνταῦθα
898 1976 954 2029 δὲ
978 1978 1005 2030 6
1034 1976 1236 2043 κανὼν,
1273 1979 1349 2049 μὴ
1377 1978 1546 2033 θέλων
1577 1980 1861 2035 σκανδαλί-

277 2066 472 2131 ζεσθαι
499 2067 591 2136 ὑφ’
614 2067 771 2137 ἡμῶν
795 2068 918 2130 τοὺς
944 2068 1208 2136 ἀδελφοὺς
1231 2068 1409 2141 ήμῶν,
1446 2070 1505 2124 οὐ
1537 2074 1857 2143 παραχωρεῖ

278 2161 357 2221 εὶς
393 2158 595 2229 κλῆρον
626 2160 967 2229 προάγεσθαι
1010 2160 1199 2214 δοῦλον
1245 2162 1552 2234 ἀλλότριον,
1585 2163 1688 2218 κᾶν
1721 2181 1858 2235 φρο-

278 2248 583 2318 νιμώτατός
636 2250 752 2303 ἐστι
803 2250 899 2303 καὶ
949 2250 1124 2315 ἄξιος,
1181 2252 1230 2304 εἰ
1266 2252 1343 2323 μὴ
1392 2253 1487 2306 καὶ
1519 2256 1548 2307 ό
1588 2254 1857 2325 δεσπότης

278 2339 417 2405 πρὸς
476 2338 636 2391 τοῦτο
700 2340 1017 2410 συναινέσῃ,
1064 2340 1160 2394 καὶ
1221 2345 1488 2413 πρότερον
1543 2343 1856 2416 ἐλευθερίας

279 2429 440 2481 αὑτὸν
470 2428 699 2503 ἀξιώσῃ.
750 2432 996 2502 Ἐγράφη
1034 2433 1093 2487 δὲ
1126 2435 1263 2505 πρὸς
1298 2436 1646 2508 παράδειγμα
1671 2441 1763 2492 καὶ
1794 2439 1856 2492 τδ

281 2522 501 2587 γεγονδς
546 2522 644 2576 ἐπὶ
673 2524 750 2593 τῷ
793 2525 1093 2595 Ὀνησίμῳ.
1139 2526 1459 2596 Γέγραπται
1500 2529 1609 2602 γὰρ
1650 2531 1725 2594 ὡς
1764 2530 1854 2585 τὸν

280 2609 523 2664 τοιοῦτον
557 2612 852 2683 Ὀνήσιμον
896 2614 1083 2668 δοῦλον
1125 2615 1257 2670 ὄντα
1296 2617 1599 2687 Φιλήμονος
1625 2622 1653 2674 6
1682 2621 1857 2690 μέγας

279 2702 491 2765 Παῦλος
520 2703 854 2774 ἀπέστρεψε
884 2708 1020 2776 πρὸς
1062 2707 1155 2761 τὸν
1196 2708 1497 2780 Φιλήμονα,
1533 2711 1634 2766 κᾶν
1664 2730 1857 2785 χρησι-

277 2795 532 2865 μώτατος
588 2799 723 2867 πρὸς
770 2799 1048 2854 διακονίαν
1096 2802 1274 2867 ἔδοξεν
1320 2804 1491 2876 αὐτῷ,
1558 2805 1729 2860 είπὼν
1781 2808 1855 2879 μὴ

279 2888 488 2941 δίκαιον
522 2885 664 2942 εἷναι
719 2889 846 2943 ἄνευ
902 2891 1126 2963 γνώμης
1189 2895 1283 2947 τοῦ
1331 2897 1634 2967 Φιλήμονος
1668 2897 1854 2951 τοῦτον

278 2982 547 3033 διακονεῖν
579 2984 637 3035 ὲν
665 2983 743 3052 τῷ
772 2983 874 3051 τῆς
904 2985 1141 3049 πίστεως
1170 2987 1511 3058 κηρύγματι.
1548 2990 1710 3043 Ὥστε
1733 2990 1854 3043 οὐδὲ

279 3073 585 3143 ἐλευθερία,
629 3075 750 3128 οὐδὲ
797 3075 1088 3147 ίερωσύνη,
1123 3077 1233 3130 οὐδ’
1267 3078 1395 3133 ἄλλο
1430 3096 1483 3132 τι
1533 3079 1854 3145 ἁποξενοῦσι

280 3167 365 3217 τὸν
415 3167 716 3233 ἀγνοοῦντα
768 3168 1058 3239 δεσπότην,
1118 3174 1182 3223 ἐκ
1232 3171 1331 3243 τῆς
1392 3172 1714 3243 κυριότητος
1759 3172 1854 3227 τοῦ

279 3259 467 3312 εούλου
518 3259 706 3315 αὐτοῦ.
744 3260 856 3315 Καὶ
893 3260 954 3313 τὸ
997 3264 1229 3334 νόμιμον
1264 3264 1320 3317 δὲ
1358 3264 1419 3317 τὸ
1470 3265 1861 3338 διοριζόμενον,

280 3352 424 3403 κατὰ
496 3352 811 3425 ἐλευθερίαν
866 3354 926 3406 ού
985 3355 1187 3408 δίδοται
1250 3357 1742 3424 ἀποκατάστασις,
1800 3360 1861 3413 ού

280 3448 487 3497 νοεῖται
520 3444 650 3513 περὶ
675 3447 953 3509 τοιούτων,
996 3446 1133 3500 ἀλλὰ
1176 3449 1306 3517 περὶ
1347 3449 1535 3504 δούλου
1565 3450 1863 3523 ἐλευθερω-

280 3538 467 3599 θέντος
494 3538 638 3590 κατὰ
665 3536 892 3608 γνώμην
923 3538 1185 3592 δεσπότου
1221 3540 1469 3605 ἀτελοῦς.
1682 3540 1685 3541 ⁷

349 3627 602 3681 ΖΩΝΑΡ.
656 3626 737 3680 Τὰ
784 3628 1121 3698 ἐμποιοῦντα
1162 3629 1434 3684 σκάνδαλά
1476 3649 1586 3686 τισι
1637 3632 1862 3702 φεύγειν

280 3721 358 3773 δεῖ
391 3721 517 3782 τοὺς
546 3719 795 3781 πιστούς.
830 3720 1014 3774 Αἴτιον
1046 3722 1103 3775 δὲ
1141 3724 1440 3778 σκανδάλου
1476 3726 1571 3779 καὶ
1596 3726 1776 3799 λύπης
1803 3726 1864 3780 τὸ

278 3815 370 3865 τὸν
429 3811 713 3882 ἀλλότριον
748 3812 936 3866 δοῦλον
987 3814 1138 3883 παρὰ
1172 3815 1402 3888 γνώμην
1454 3818 1550 3871 τοῦ
1600 3818 1863 3873 δεσπότου

277 3902 646 3973 κληροῦσθαι.
674 3903 763 3955 Διὸ
791 3904 883 3958 καὶ
908 3906 1106 3958 κωλύει
1128 3906 1287 3976 τοῦτο
1312 3911 1339 3962 ό
1364 3909 1564 3974 κανὼν,
1587 3909 1662 3976 ὡς
1681 3912 1865 3975 οἴκους

278 3971 439 4059 ἕλους
474 3997 801 4064 ἁνατρέπον.
860 3997 1016 4062 Ἰσως
1056 3999 1165 4069 γὰρ
1201 3971 1480 4070 etiam);
1537 3971 1603 4055 ἂν
1643 3971 1737 4071 εἴη
1767 3971 1862 4056 τοῦ

281 4091 435 4141 οἴκου
468 4088 565 4140 τοῦ
593 4087 854 4141 δεσπότου
880 4088 1044 4141 αὑτοῦ
1082 4092 1110 4142 6
1138 4089 1327 4153 δοῦλος
1364 4091 1592 4154 ἐκεῖνος,
1627 4093 1660 4161 ἢ
1698 4095 1865 4164 ἔργα·

282 4181 517 4250 στηρίου
559 4179 884 4234 δεσποτικοῦ
924 4182 1349 4251 προῖστάμενος,
1394 4182 1425 4253 ἢ
1464 4184 1725 4253 χρήματα
1762 4188 1864 4255 ἐμ-

280 4273 724 4341 πεπιστευμένος
756 4272 823 4326 δι’
857 4274 1149 4344 ἐμπορίαν,
1180 4273 1332 4343 καὶὴ
1363 4277 1669 4345 χειροτονία
1695 4275 1861 4331 αὐτοῦ

282 4366 369 4419 διὰ
404 4365 579 4417 ταῦτα
610 4367 691 4428 είς
718 4364 895 4433 λύπην
923 4364 1076 4417 ἔσται
1112 4365 1193 4437 τῷ
1219 4366 1454 4437 δεσπότῃ
1490 4369 1679 4422 αὑτοῦ.
1722 4371 1781 4422 Εἰ
1807 4370 1862 4423 δὲ

282 4460 437 4523 ἄξιος
466 4460 745 4527 ἱερατικοῦ
789 4457 995 4528 βαθμοῦ
1046 4459 1258 4532 κριθείη
1298 4459 1327 4511 6
1368 4461 1608 4530 οἰκέτης,
1641 4461 1745 4533 χρὴ
1774 4463 1863 4518 τὸν

2432 605 2573 675 gotia
2602 603 2807 670 publica
2840 609 3054 655 tractat.

2028 697 2128 764 Qui
2158 698 2224 752 ad
2267 695 2507 765 publicas
2544 693 3041 748 administrationes
3088 703 3146 744 se
3186 686 3371 756 dejicit
3415 686 3529 741 sive

1956 791 2261 862 presbyter,
2286 788 2400 843 sive
2432 787 2712 849 diaconus,
2737 784 2849 837 sive
2875 782 3190 851 episc0pus,
3214 786 3306 833 aut
3333 788 3529 841 cesset,

1957 894 2050 939 aut
2081 899 2184 939 non
2217 896 2526 952 persuasus,
2559 878 2883 948 deponatur.

2403 973 2512 1046 ει,
2537 970 2765 1027 canon
2800 967 3065 1024 LXXXII.

1958 1069 2148 1125 Servos
2182 1068 2235 1121 in
2264 1067 2461 1121 clerum
2493 1064 2701 1134 provehi
2740 1063 2851 1115 sine
2881 1061 3028 1115 venia
3061 1059 3389 1111 dominorum
3427 1072 3529 1110 non

2027 1160 2374 1231 permittimus
2402 1158 2470 1211 ad
2503 1170 2858 1225 possessorum
2891 1152 3207 1206 molestiam.
3244 1148 3531 1202 Domarum

2030 1254 2167 1307 enim
2220 1250 2535 1305 eversionem
2584 1247 2718 1300 illud
2776 1244 2952 1313 efficit,
2998 1242 3044 1295 si
3100 1240 3308 1310 quando
3357 1247 3531 1293 autent

2027 1345 2183 1398 etiam
2217 1343 2403 1412 dignus
2437 1355 2617 1394 servus
2636 1338 2774 1392 visus
2806 1337 2875 1391 sit
2907 1335 2993 1405 qui
3023 1334 3091 1386 ad
3125 1332 3347 1401 gradum
3376 1331 3531 1401 eliga-

2029 1446 2134 1499 tur,
2165 1434 2338 1504 qualis
2378 1441 2552 1486 noster
2582 1444 2785 1500 quoque
2838 1427 3116 1483 Onesimus
3148 1426 3289 1479 visus
3334 1431 3450 1489 est,
3483 1433 3533 1477 et

2029 1527 2227 1579 domini
2256 1526 2599 1579 concesserint
2629 1540 2690 1577 ac
2721 1520 3070 1587 liberaverint,
3101 1525 3149 1572 et
3180 1515 3377 1572 antibus
3409 1514 3532 1569 emi-

2032 1617 2217 1680 serint,
2247 1615 2363 1682 ﬁat.

2033 1797 2229 1852 BALS.
2266 1796 2340 1851 De
2378 1795 2549 1850 servis
2592 1795 2684 1863 qui
2714 1795 2767 1848 in
2802 1794 3005 1847 elerum
3052 1798 3391 1859 cooptantur,
3419 1789 3535 1859 lege

1890 1865 1932 1921 Β
1965 1889 2127 1945 etiam
2157 1889 2226 1944 56
2272 1904 2391 1957 cap.
2422 1887 2581 1957 primi
2613 1889 2722 1951 tit.,
2758 1884 3037 1956 praesentis
3067 1883 3270 1952 operis.
3309 1881 3406 1936 llic
3439 1896 3536 1934 au-

1970 1992 2075 2038 tem
2103 1997 2273 2037 canon
2306 1981 2497 2035 nolens
2530 1980 2730 2034 nostris
2765 1977 3019 2032 fratribus
3043 1976 3244 2044 aliquid
3291 1989 3321 2028 a
3381 1973 3537 2029 nobis

1966 2072 2270 2130 oﬂ‘endiculi
2306 2071 2511 2134 alferri,
2541 2086 2648 2126 non
2690 2070 2958 2141 permittit
3006 2077 3063 2122 ut
3095 2068 3308 2121 alienus
3346 2080 3535 2121 servus

1966 2165 2021 2220 in
2052 2164 2262 2220 clerum
2295 2172 2700 2234 promoventur,
2728 2161 2942 2216 etiamsi
2987 2160 3057 2215 sit
3082 2158 3538 2228 prudentissimus

1977 2261 2033 2310 et
2067 2254 2281 2325 dignus,
2315 2252 2417 2306 nisi
2465 2261 2519 2306 et
2569 2252 2817 2306 dominus
2846 2251 2893 2305 ei
2936 2249 3012 2304 rei
3057 2249 3431 2313 consenserit,
3484 2258 3539 2303 et

1968 2358 2088 2401 eum
2112 2346 2260 2414 prius
2289 2344 2539 2399 libertate
2562 2342 2777 2412 dignum
2805 2339 3217 2395 existimaverit.
3249 2339 3328 2392 Ad
3354 2354 3540 2394 exem-

1958 2438 2116 2508 plum
2153 2446 2333 2491 autem
2390 2436 2653 2504 scriptum
2696 2443 2782 2489 est
2830 2434 3047 2501 etquod
3102 2433 3303 2487 taCtum
3350 2441 3433 2485 est
3484 2433 3539 2487 in

1964 2529 2244 2586 Onesimo.
2276 2529 2548 2599 Scriptum
2575 2535 2657 2583 est
2689 2526 2832 2582 enim
2860 2527 3001 2595 quod
3036 2526 3179 2581 hunc
3223 2522 3540 2579 Onesimum

1968 2622 2297 2677 Philemonis
2328 2636 2540 2678 servum
2574 2635 2802 2691 magnus
2828 2619 3029 2675 Paulus
3064 2621 3128 2673 ad
3166 2619 3539 2675 Philemonem

1966 2713 2197 2779 remisit,
2233 2712 2446 2768 etiamsi
2476 2712 2525 2768 ei
2556 2712 2704 2767 visus
2734 2719 2882 2767 esset
2913 2711 2980 2765 ad
3022 2712 3381 2779 ministerium
3433 2712 3543 2763 uti-

1968 2805 2226 2869 lissimus,
2266 2805 2473 2868 dicens,
2512 2819 2619 2858 non
2652 2818 2772 2859 esse
2801 2804 3004 2873 justum
3039 2818 3162 2857 eum
3209 2805 3327 2858 sine
3361 2801 3544 2857 Phile-

1970 2896 2144 2951 monis
2204 2896 2480 2951 voluntate
2546 2898 2597 2950 in
2650 2894 2772 2949 lidei
2854 2894 3239 2963 prmdicatione
3310 2894 3538 2949 servire.

1967 2990 2146 3056 Quare
2176 3003 2275 3043 nec
2309 2988 2549 3053 libertas,
2609 3002 2707 3043 nec
2750 2988 3137 3051 sacerdotium,
3190 3002 3290 3041 nec
3335 2985 3542 3054 aliquid

1966 3082 2111 3135 aliud
2167 3081 2447 3135 dominum
2505 3080 2844 3149 ignorantem
2897 3094 2927 3133 a
2977 3079 3119 3134 ser-vi
3173 3078 3256 3133 sui
3302 3076 3542 3132 dominio

1914 3223 1934 3245 ,
1966 3172 2298 3227 abalienant.
2333 3171 2399 3227 Et
2432 3171 2515 3226 lex
2548 3186 2668 3241 qua:
2699 3171 2887 3225 statuit
2931 3172 3194 3225 adversus
3230 3170 3540 3223 libertatem

1968 3280 2074 3320 non
2129 3264 2243 3320 dari
2286 3264 2711 3328 restitutionem,
2766 3265 2831 3318 de
2890 3263 2975 3318 his
3034 3279 3137 3316 non
3197 3262 3539 3330 intelligitur,

1965 3358 2059 3413 sed
2119 3358 2186 3413 de
2241 3372 2401 3414 scrvo
2470 3358 2694 3412 liberato
2754 3372 2822 3410 cx
2897 3355 3172 3410 voluntate
3240 3352 3541 3425 imperfecti
3612 3407 3617 3411 .

1964 3448 2190 3504 domini.

2036 3632 2289 3691 ZONAR.
2331 3633 2547 3689 Fideles
2577 3633 2731 3688 decet
2762 3648 2825 3689 ca
2878 3631 3084 3704 iugere,
3126 3647 3246 3702 qua:
3291 3632 3543 3687 scandala

1977 3736 2240 3800 generem.
2291 3727 2580 3796 aliquibus.
2632 3726 2884 3781 Alienum
2928 3741 3058 3780 vero
3089 3740 3301 3780 servum
3355 3734 3543 3779 contra

1966 3820 2169 3876 domini
2212 3819 2535 3875 sententiam
2568 3817 2824 3873 clericum
2877 3817 3012 3879 ﬁeri,
3066 3831 3229 3871 causa
3267 3825 3348 3870 est
3385 3832 3544 3870 scan-

1970 3912 2100 3979 dali,
2155 3920 2318 3979 atque
2357 3909 2637 3963 molestius.
2668 3906 2837 3974 Quam
2869 3908 2939 3963 ob
2974 3922 3111 3972 rem,
3168 3907 3419 3976 prohibet
3442 3907 3544 3961 hoc

1964 4018 2166 4067 canon,
2200 4011 2260 4057 ut
2285 4017 2425 4068 rem,
2452 4017 2570 4071 qua:
2598 4002 2789 4056 domos
2823 4011 2966 4056 totas
3005 4002 3223 4055 evertit.
3276 3999 3547 4053 Fortassis

1966 4097 2112 4150 enim
2144 4110 2332 4150 servus
2359 4094 2447 4149 ille
2473 4103 2799 4162 procurator
2831 4094 2903 4147 sit
2933 4096 3128 4149 domus
3178 4094 3385 4147 domini
3435 4093 3544 4155 sui,

1967 4190 2049 4243 vel
2085 4188 2322 4242 taberna:
2374 4185 2660 4240 dominicze
2693 4186 3033 4254 prmpositus,
3091 4184 3170 4239 vel
3221 4184 3378 4253 cujus
3424 4186 3544 4237 lideu

1967 4279 2186 4335 credita)
2217 4280 2324 4333 sint
2352 4279 2593 4346 pecuniae
2616 4277 2683 4331 ad
2710 4278 3152 4346 negotiationem,
3185 4286 3235 4329 et
3262 4284 3547 4344 prapterea

1967 4372 2193 4428 domino
2227 4384 2325 4426 suo
2357 4369 2619 4425 molestia:
2644 4371 2782 4426 foret
2827 4372 2944 4437 ejtis
2964 4370 3254 4424 ordinatio.
3302 4368 3454 4433 Quod
3497 4369 3543 4422 si

1968 4479 2158 4520 servus
2196 4464 2364 4535 gradu
2392 4477 2551 4519 sacro
2583 4463 2777 4533 dignus
2812 4461 3181 4523 existimetur,
3230 4460 3543 4528 episcopum

283 4553 588 4604 ἐπίσκοπον
623 4550 938 4604 κοινοῦσθαι
970 4552 1040 4604 τὰ
1091 4551 1221 4622 περὶ
1270 4551 1438 4607 αὐτοῦ
1470 4555 1547 4623 τῷ
1579 4555 1815 4627 δεσπότῃ
1849 4572 1861 4586 ·

1977 4546 2041 4614 de
2070 4573 2135 4612 eo
2169 4557 2386 4627 negotio
2417 4571 2539 4612 cum
2588 4555 2807 4613 domino
2858 4554 3263 4609 communicare
3308 4561 3545 4620 Oportet.
3615 4620 3620 4627 ἴ

284 4645 381 4697 καί
409 4646 456 4695 εί
498 4646 753 4705 κάκεῖνος
779 4644 1109 4709 συνευδοκεῖ,
1147 4646 1677 4717 χειροτονηθήσεται.
1705 4634 1809 4702 κάκ
1834 4650 1863 4701 6

286 4744 467 4812 μέγας
490 4740 599 4810 γὰρ
633 4738 842 4802 Παῦλος
875 4739 1160 4810 Ὀνήσιμον
1190 4738 1376 4792 δοῦλον
1406 4741 1531 4793 ὄντα
1566 4742 1863 4813 Φιλήμονος

1973 4650 2035 4703 Ει
2052 4649 2094 4702 si
2111 4650 2157 4703 is
2170 4663 2382 4719 quoque
2403 4648 2761 4719 consenserit,
2785 4647 3082 4701 ordinetur.
3110 4643 3328 4714 Magnus
3347 4642 3546 4698 etenim

1972 4740 2173 4796 Paulus
2217 4740 2530 4797 Onesimum
2588 4739 2920 4795 Philemonis
2970 4753 3212 4803 set-vum,
3260 4736 3416 4805 cujus
3447 4735 3546 4788 mi-

1525 4879 1713 4940 Guill.
1747 4880 2067 4959 Beveregii
2099 4886 2283 4944 notae.

362 5003 475 5062 (ει)
492 5001 914 5073 Χειριζόμενος.
934 4999 990 5053 In
1012 4999 1279 5057 Simeonis
1294 5002 1604 5073 Logothettc
1624 5003 1868 5073 Epitome

290 5076 488 5142 legitur
518 5070 1050 5142 μεταχειριζόμενος,

364 5143 479 5214 (25)
516 5145 576 5194 Ὀ
603 5141 885 5214 ἡμέτερος
900 5140 1257 5214 ῗονήσιιιος.
1285 5142 1582 5197 Pronomen
1608 5144 1871 5213 ἡμέτερος

290 5210 401 5267 non
448 5228 605 5265 sucus
654 5227 720 5264 ac
744 5210 879 5281 ἐμοῦ
911 5212 961 5263 in
995 5210 1206 5282 canone
1246 5214 1316 5269 29
1360 5216 1426 5266 ab
1465 5210 1869 5282 interpolatore,

290 5284 486 5338 nescio
520 5297 647 5349 quo,
688 5280 956 5349 adjectum
994 5280 1241 5346 videtur,
1309 5296 1366 5337 ut
1418 5280 1650 5336 canones
1691 5285 1744 5337 hi
1805 5285 1872 5336 ab

291 5354 557 5423 apostolis
607 5352 807 5423 conditi
849 5351 1015 5423 fuisse
1043 5352 1564 5423 credere’ntur.7Nec
1587 5353 1869 5408 Balsamon

292 5420 479 5477 autem
510 5436 605 5476 nec
635 5420 877 5475 Zonaras
897 5420 1050 5474 istius
1067 5424 1394 5477 mentionem
1416 5422 1637 5485 faciunt,
1663 5424 1871 5478 etiamsi

292 5498 361 5546 tle
388 5492 645 5545 Onesimo
677 5492 986 5557 loquantur.
1016 5488 1253 5547 Joannes
1293 5492 1664 5547 Antiochenus
1693 5494 1745 5547 in
1773 5508 1869 5546 sua

293 5563 621 5617 collectione
653 5571 825 5614 totum
854 5562 995 5613 hunc
1027 5574 1287 5618 canonem
1312 5564 1494 5616 omisit
1522 5603 1536 5625 ,
1570 5572 1628 5615 ut
1654 5565 1719 5617 de
1750 5577 1871 5616 vera

294 5636 459 5686 istius
516 5632 741 5684 lectione
804 5630 934 5683 nihil
992 5645 1059 5683 ex
1112 5646 1176 5685 eo
1226 5642 1469 5694 constet;
1529 5635 1602 5686 uti
1671 5647 1767 5686 nec
1807 5646 1873 5685 ex

301 5701 694 5771 Ilarmenopuli
738 5699 970 5771 epitome
1001 5739 1014 5760 ,
1044 5716 1165 5770 quae
1218 5704 1383 5771 ipsius
1433 5703 1671 5757 Onesimi
1707 5703 1873 5757 etiam

297 5790 411 5826 non
476 5770 757 5832 meminit,
825 5770 915 5822 sed
982 5781 1151 5823 totum
1213 5770 1472 5826 canonum
1533 5776 1765 5829 hrevilcr
1796 5775 1875 5825 sic

294 5842 584 5909 exprimit,
618 5842 846 5909 Οἰκέτης
892 5840 949 5891 ού
992 5840 1283 5910 κληροῦται
1322 5844 1469 5909 παρὰ
1516 5842 1735 5911 γνώμην
1780 5841 1870 5895 τοῦ

1974 5003 2262 5056 δεσπότου.
2302 5001 2558 5054 llarmen.
2588 5015 2711 5053 can.
2748 5000 2876 5065 cpit.
2906 5006 3040 5052 sect.
3064 4998 3118 5060 5,
3153 4996 3239 5051 lit.
3272 4996 3323 5050 1.
3359 4995 3463 5050 Sed
3499 4998 3549 5049 in

1975 5074 2201 5127 Arabica
2237 5072 2576 5132 collectione.
2606 5080 2660 5123 et
2701 5071 2901 5122 omisso
2945 5067 3263 5135 pronomine
3295 5108 3309 5129 ,
3349 5076 3403 5119 et
3452 5082 3551 5119 no-

1977 5145 2123 5196 mine
2142 5152 2394 5209 corruplo
2417 5142 2630 5208 legitur,
2661 5141 2794 5193 sicut
2826 5138 3214 5206 Onesiphorus;
3242 5135 3548 5209 hujttstnodi

1978 5223 2155 5265 autem
2218 5206 2555 5280 propriorum
2608 5209 3201 5280 prtecipuernotninutn
3252 5221 3282 5259 e
3326 5206 3550 5280 ligneis

1977 5276 2331 5336 deductorum
2367 5276 2805 5345 corruptionibus
2842 5279 2975 5331 nihil
3011 5280 3060 5330 in
3098 5277 3275 5342 lingua
3310 5276 3545 5329 Arabica

1978 5352 2311 5419 frequentius
2344 5350 2623 5404 occurrit;
2663 5351 2786 5402 hinc
2839 5348 3190 5419 nihilominus
3230 5346 3385 5412 plane
3417 5347 3551 5399 satis

1978 5418 2222 5491 apparet,
2263 5434 2556 5491 pronomen
2590 5420 2856 5491 ἡμέτερος
2876 5420 2926 5473 in
2955 5418 3162 5491 codice.
3185 5431 3293 5491 quo
3324 5431 3453 5491 usus
3471 5426 3555 5469 est

1976 5486 2584 5561 Iosephus/Egyptius,
2612 5486 2995 5561 desideratum
3029 5488 3217 5561 fuisse.
3247 5486 3313 5539 Et
3331 5486 3550 5553 quidem

1981 5577 2084 5616 non
2109 5557 2414 5624 immerito,
2442 5575 2563 5613 cum
2607 5559 2739 5613 nihil
2771 5561 2916 5613 enim
2956 5557 3159 5612 certius
3184 5570 3305 5610 esse
3352 5563 3550 5623 potest.

1979 5646 2139 5699 quam
2181 5630 2343 5684 hosne
2370 5645 2612 5684 canones
2634 5630 2855 5698 abipsis
2888 5627 3145 5699 apostolis
3196 5641 3301 5699 non
3345 5624 3551 5699 eonSIi~

1984 5691 2130 5765 tutos
2175 5714 2295 5755 esse
2323 5738 2339 5762 ,
2386 5702 2470 5753 vel
2521 5710 2628 5753 tota
2674 5691 2941 5753 sententia
2997 5691 3108 5758 οἷος
3143 5697 3236 5747 καὶ
3280 5695 3552 5761 ἡμέτερος

1995 5772 2283 5840 Ὀνήσιμος
2320 5771 2528 5839 ἐφάνη,
2567 5770 2650 5821 vel
2698 5768 2886 5823 saltem
2941 5782 3236 5836 prononnrn
3291 5766 3552 5834 ἡςίέτεριρς

1982 5851 2321 5909 expungatur
2351 5854 2572 5899 necesse
2604 5850 2704 5893 est.
