3992 6480
416 350 524 419 915

1681 346 1957 410 ΤΠΕΟῙ).
2005 346 2410 408 BALSAMON

3564 346 3668 413 216

417 464 649 519 n'untur.
692 457 806 514 Hoc
836 464 1016 512 autem
1048 454 1322 522 fecerunt,
1357 453 1613 524 quoniam
1644 454 1783 509 varii
1812 454 1985 522 n0thi,

2094 470 2235 525 φορα
2290 453 2419 508 νόθα
2450 454 2863 527 συγγράμματα
2896 458 2992 537 καὶ
3041 454 3464 529 ψευδεπίγραφα
3500 450 3666 527 ἦνιν,

412 563 467 611 et
502 553 637 608 falso
666 550 932 618 inscripiti
968 548 1089 604 libri
1118 557 1297 614 erant,
1323 548 1406 606 vel
1433 548 1729 605 etiamnum
1759 556 1907 612 sunt,
1934 557 1990 603 et

413 647 699 702 adulterati
732 645 953 716 quidam
983 659 998 697 :
1030 642 1221 713 quales
1246 643 1414 698 etiam
1459 658 1578 713 qua:
1606 658 1702 714 per
1737 642 1987 698 Clemen-

411 751 520 795 tem
620 737 971 809 promulgatze
1054 735 1275 791 fuerunt
1360 735 1809 792 Constitutiones.
1906 734 1990 789 Ab

412 831 681 887 ltzcreticis
709 831 853 885 enim
895 829 1220 901 quibusdam
1275 838 1330 884 et
1382 828 1700 884 adulterata!
1749 837 1805 883 et
1860 844 1987 883 cor-

413 932 586 994 rupta:
618 922 857 979 fuerunt.
890 922 1230 992 Quapropter
1257 921 1390 977 istas
1418 922 1641 977 omnino
1689 920 1791 993 legi
1822 922 1990 977 vetuit

411 1016 747 1073 meumenica
781 1024 934 1072 sexta
963 1015 1204 1087 synodus
1252 1015 1303 1069 in
1335 1014 1573 1069 secundo
1602 1014 1777 1085 capite
1819 1028 1987 1069 cano-

415 1124 540 1165 num
573 1109 642 1164 ab
665 1123 729 1163 ea
761 1116 1117 1163 statutorum.
1150 1107 1283 1162 Alite
1311 1120 1443 1162 vero
1472 1106 1712 1176 quaedam
1740 1106 1989 1160 dinume-

414 1200 695 1265 ratioues,
752 1200 888 1255 alios
951 1208 1150 1271 praeter
1203 1199 1291 1253 hic
1355 1207 1703 1253 enumeratos
1778 1197 1985 1261 libros,

412 1293 737 1363 permittunt
779 1294 943 1348 etiam
994 1293 1121 1365 legi,
1160 1302 1214 1349 et
1268 1292 1606 1362 Sapientiam
1659 1290 1987 1359 Salomonis,

410 1394 463 1439 ot
492 1384 703 1451 Judith,
733 1392 789 1439 et
818 1382 1064 1450 Tobiam,
1095 1395 1150 1441 et
1180 1384 1538 1455 Apocalypsin
1561 1382 1843 1454 Theologi.

480 1475 545 1530 ili
572 1477 791 1547 quidem
835 1486 963 1532 sunt
1006 1477 1174 1548 igitur
1221 1476 1815 1533 venerandissimorum
1860 1489 1989 1542 apo-

410 1568 673 1625 stolorum
716 1570 992 1642 octoginta
1042 1571 1283 1642 quinque
1332 1585 1594 1627 canones.
1651 1567 1987 1636 Quibusdam

410 1672 589 1716 tamen
614 1660 668 1716 in
703 1661 858 1717 libris
888 1676 1126 1719 canones
1170 1663 1497 1719 habentibus
1545 1662 1894 1716 inveniuntur
1936 1672 1991 1715 et

409 1752 499 1806 alii
557 1768 834 1820 canones,
921 1755 1354 1825 uniuscujusque
1423 1738 1984 1810 'celebratissimorum

409 1843 775 1911 apostolorum
827 1846 1044 1902 nomine
1086 1846 1354 1915 inscripti.
1401 1846 1592 1902 Sed-in
1622 1844 1811 1901 Trulio
1850 1860 1984 1900 con-
2014 1826 2062 1886 Β

410 1945 628 2005 gregata
687 1938 925 2008 synodus
976 1938 1329 1995 ducentorum
1383 1938 1571 2010 viginti
1615 1947 1820 2008 septem
1860 1952 1985 1992 san—

410 2037 619 2084 ctorum
664 2029 904 2096 Patrum,
956 2031 1058 2087 sub
1084 2046 1249 2102 regno
1300 2031 1648 2102 imperatoris
1693 2029 1986 2086 Justiniaui

415 2117 770 2186 Rhinotmeti,
804 2136 922 2190 qua:
953 2121 1096 2177 dicta
1127 2133 1211 2178 est
1239 2129 1415 2186 sexta,
1440 2130 1679 2200 sanctos,
1700 2133 1990 2175 recensens

410 2225 665 2277 canones,
712 2213 792 2270 sic
824 2215 901 2269 ait
932 2232 947 2270 :
978 2214 1113 2270 liuic
1145 2224 1345 2271 sancta:
1376 2215 1584 2286 synodo
1630 2216 1803 2270 visum
1866 2212 1985 2277 fuit,

412 2310 473 2379 ut
527 2304 651 2369 rati,
702 2313 760 2359 et
799 2306 939 2361 firmi
995 2316 1253 2363 maneant
1302 2320 1540 2362 canones
1608 2320 1639 2360 a
1684 2300 1890 2360 sanctis
1936 2310 1991 2357 et

412 2392 585 2448 beatis
619 2395 874 2451 Patrihus
926 2399 1130 2452 uestris
1191 2398 1612 2468 praecessoribus
1672 2395 1876 2465 recepti
1936 2403 1993 2448 ct

412 2482 716 2548 approbati.
752 2481 1069 2554 Traditique
1101 2487 1259 2542 nobis
1294 2488 1460 2542 etiam
1512 2486 1732 2542 nomine
1769 2494 1989 2540 sancto-

415 2586 533 2625 rum
603 2580 659 2627 et
714 2573 1233 2644 gloriosissimorum
1304 2577 1675 2647 apostolorum
1754 2590 1988 2630 canones

412 2667 690 2736 octoginta
723 2668 986 2738 quinque.
1021 2668 1142 2725 Mox
1171 2672 1508 2741 conscriptas
1548 2684 1580 2725 a
1628 2679 1815 2725 sancto
1864 2667 1989 2722 Cle-

414 2765 599 2812 mente
629 2758 1080 2833 Constitutiones,
1128 2776 1248 2816 cum
1300 2761 1527 2817 dixisset
1571 2754 1701 2815 has-
1726 2759 1831 2829 legi
1880 2773 1986 2812 non

415 2858 686 2917 oportere,
741 2858 796 2903 et
846 2863 941 2905 eas
973 2849 1274 2921 rejecisset,
1304 2851 1372 2906 ob
1409 2852 1459 2905 id
1483 2851 1626 2921 quod
1678 2848 1986 2904 adulterina

415 2941 686 3011 qumdam,
712 2951 765 2997 et
796 2942 968 2999 aliena
1002 2959 1031 2997 a
1066 2945 1265 3012 pietate
1296 2945 1407 2999 sint
1444 2944 1578 3013 ipsis
1620 2942 1688 2996 ad
1734 2939 1990 2996 Ecclesia:

414 3030 710 3099 perniciem
749 3033 953 3089 inserta
984 3035 1053 3089 ab
1082 3034 1376 3098 haereticis,
1425 3034 1668 3089 meminit
1700 3031 1991 3105 synodico-

412 3140 532 3178 rum
568 3139 858 3193 canonum,
884 3134 935 3180 et
955 3126 1413 3182 (ecumenicarum
1451 3126 1803 3196 synodorum,
1842 3125 1992 3181 loca-

413 3214 546 3270 lium
579 3231 821 3287 quoque,
851 3225 907 3273 et
935 3232 964 3272 a
998 3217 1201 3273 divinis
1256 3218 1511 3273 Patribus
1552 3225 1708 3272 extra
1744 3215 1989 3287 synodos

413 3307 675 3363 factorum
704 3307 809 3379 57
827 3324 1116 3376 canonum,
1140 3310 1392 3380 deinceps
1405 3309 1492 3364 his
1510 3308 1762 3378 subjecit,
1777 3307 1987 3361 Nemini

412 3398 493 3454 fas
521 3416 641 3458 esse
668 3402 1012 3471 supradictas
1038 3417 1275 3459 canones
1315 3403 1647 3463 adulterare.
1674 3400 1760 3456 vel
1791 3401 1993 3468 impro-

411 3494 561 3558 bare,
591 3495 678 3550 vel
717 3495 853 3550 alios
882 3504 1077 3565 praeter
1112 3495 1422 3565 propositos
1460 3495 1704 3564 recipere
1749 3506 1989 3549 canones

412 3586 548 3641 l'also
575 3586 886 3656 inscriptos,
933 3602 1071 3657 quos
1095 3589 1314 3659 quidam
1360 3589 1644 3644 veritatem
1696 3589 1987 3659 cauponari

412 3678 612 3744 conati,
645 3688 1091 3748 composuerunt.
1127 3677 1261 3733 Cum
1291 3680 1565 3735 secundus
1596 3689 1764 3735 sexta:
1796 3678 1988 3750 synodi

411 3784 585 3825 canon
635 3770 753 3825 haec
785 3771 1022 3837 ordinet,
1076 3786 1177 3827 nec
1209 3787 1434 3840 usquam
1474 3772 1792 3826 memoriam
1826 3769 1990 3825 faciat

411 3860 640 3915 aliorum
673 3860 1097 3931 apostolicorum
1126 3875 1393 3916 canonum
1432 3868 1629 3928 printer
1668 3859 1803 3915 istos
1840 3868 1990 3914 octo.

411 3955 555 4023 ginta
589 3954 851 4024 quinque,
881 3968 987 4009 non
1021 3962 1237 4023 oportet
1267 3953 1402 4007 alios
1426 3953 1581 4018 ullos,
1613 3950 1705 4021 qui
1733 3952 1988 4006 dicantur

412 4045 802 4117 apostolorum,
831 4061 1071 4103 canones
1108 4044 1419 4117 approbari,
1454 4045 1548 4099 sed
1579 4045 1751 4114 magis
1801 4059 1989 4113 reproa

414 4140 552 4204 hari,
580 4138 843 4209 obeloque
891 4137 1157 4209 transﬁgi,
1191 4147 1247 4192 et
1293 4138 1443 4210 rejici
1491 4148 1793 4208 :tanquam
1848 4136 1988 4191 falso

414 4234 704 4303 inscriptos
756 4244 809 4290 et
856 4250 958 4288 non
1024 4233 1314 4303 legitimos,
1373 4242 1428 4288 et
1483 4242 1635 4287 extra
1701 4246 1982 4286 numerum

412 4342 601 4383 eorum
648 4342 787 4397 quos
840 4326 1005 4383 divini
1055 4326 1344 4397 sanctique
1395 4324 1584 4381 Patres
1622 4323 1833 4394 judicio
1885 4338 1986 4379 suo

413 4418 848 4490 comprobarunt.

412 4604 638 4661 ARIST.
662 4604 951 4674 Sexaginta
979 4603 1238 4658 librorum
1274 4618 1441 4658 canon
1477 4610 1680 4656 lautum
1723 4611 1800 4659 est
1839 4619 1989 4658 vene-

1079 4694 1304 4748 rendus.

480 4787 572 4843 lsti
609 4788 706 4842 soli
746 4787 867 4841 libri
900 4786 1115 4842 clericis
1149 4796 1204 4841 et
1251 4786 1404 4841 laicis
1451 4787 1747 4842 venerandi
1789 4788 1992 4842 sancti-

412 4898 519 4951 que
543 4881 790 4951 judicare
822 4880 941 4935 del):
960 4888 1041 4945 nt,
1072 4879 1282 4935 scilicet
1313 4877 1520 4935 Veteris
1546 4880 1761 4951 quidem
1798 4881 1991 4936 Testa-

414 4975 598 5039 menti,
632 4972 797 5027 Mosis
832 4971 1093 5041 quinque,
1124 4970 1372 5038 Genesis,
1409 4973 1644 5038 Exodus,
1693 4972 1987 5039 chiticns,

414 5066 654 5132 Numeri,
692 5063 1187 5120 Deuteronomium.
1213 5063 1343 5119 Jesu
1381 5065 1473 5119 filii
1511 5064 1657 5120 Nave
1688 5081 1844 5120 unus.
1894 5064 1987 5119 .lu-

413 5161 588 5215 tlicum
625 5168 681 5216 et
706 5159 851 5214 Ruth
893 5173 1056 5213 unus.
1088 5156 1293 5227 Regum
1318 5168 1570 5228 quatuor.
1596 5157 1987 5215 DereliCtorum

413 5268 477 5307 ex
538 5252 675 5307 libro
725 5252 934 5306 dierum
975 5250 1104 5305 duo.
1142 5250 1328 5306 Esdras
1384 5250 1516 5305 duo.
1573 5250 1769 5305 Esther
1824 5265 1986 5307 unus.

414 5344 842 5399 Maccabaeornm
900 5351 1034 5401 tres.
1081 5342 1181 5398 Job
1237 5357 1396 5398 unus.
1446 5342 1797 5404 Psalterium.
1830 5358 1988 5400 unus.

413 5436 719 5493 Salomonis
751 5445 881 5493 tres.
927 5437 1241 5494 Proverbia.
1292 5437 1674 5495 Ecclesiastes.
1710 5436 1990 5493 Canticum

413 5530 773 5585 canticorum.
807 5529 1233 5601 .Prophctarum
1290 5530 1596 5586 duodecim.
1655 5529 1884 5599 Insuper
1938 5540 1996 5586 et

414 5630 569 5676 extra
594 5621 695 5676 hos
740 5631 796 5677 et
842 5620 1134 5692 Sapientia:
1176 5621 1534 5678 eruditissimi
1589 5620 1807 5677 Sirach.
1857 5620 1990 5676 Novi

415 5724 595 5769 autem
652 5712 985 5771 Tcstamenti
1048 5713 1343 5785 Evangelia
1393 5724 1669 5785 quatuor,
1717 5715 1952 5771 Matthxi
1982 5774 1997 5800 ’

415 5802 602 5875 Marci,
636 5806 813 5879 Lucro,
844 5807 1094 5867 Joannis.
1118 5806 1272 5866 Pauli
1289 5805 1544 5877 Epistolac
1561 5807 1993 5878 quatuordecim.

2090 547 2124 616 ἢ
2152 547 2246 600 καί
2279 547 2419 600 εἱσι·
2455 548 2525 601 τὰ
2561 547 2618 601 δὲ
2660 549 2754 601 καὶ
2787 549 3173 619 νενοθευμένα,
3206 546 3317 603 οἷαι
3366 551 3460 605 καὶ
3488 552 3544 603 αἱ
3577 551 3667 604 διὰ

2062 666 2065 669 ·
2090 637 2182 693 τοῦ
2212 639 2533 710 Κλήμεντος
2560 642 3023 713 ὲκπεφωνημέναι
3048 643 3327 712 διαταγαί.
3370 643 3478 696 Καὶ
3505 635 3669 696 αὗται

2091 734 2184 786 καὶ
2218 734 2371 805 παρὰ
2404 734 2709 801 κακοδόξων
2757 736 2921 791 τινῶν
2952 737 3312 806 ένοθεύθησάν
3345 754 3399 791 τε
3438 740 3531 791 καὶ
3561 756 3671 789 πα-

2094 826 2465 899 ρεφθάρησαν.
2520 828 2610 881 Διὸ
2650 829 2743 885 καὶ
2795 828 3265 898 ἀναγινώσκεσθαι
3320 831 3456 894 ὅλως
3500 829 3673 892 αὐτας

2090 920 2471 989 ἀπηγόρευσεν
2520 922 2554 991 ἡ
2588 921 2946 993 οἰκουμενικὴ
2979 922 3116 999 ἕκτη
3155 922 3373 986 σύνοδος
3405 925 3462 976 ὲν
3500 939 3674 989 κειρα·

2089 1012 2225 1083 λαίῳ
2284 1012 2526 1084 δευτέρῳ
2563 1014 2671 1067 τῶν
2707 1015 2839 1085 παρ’
2875 1016 3045 1085 αὐτῆς
3074 1015 3343 1068 τεθέντων
3402 1014 3668 1069 κανόνων.

2091 1104 2247 1166 Τινὲς
2277 1102 2334 1156 δὲ
2362 1104 2470 1157 τῶν
2504 1104 2683 1159 ἄλλων
2740 1106 3183 1178 ἀπαριθμήσεων
3244 1106 3675 1176 παραχωροῦσιν

2091 1195 2563 1265 ἀναγινώσκεσθαι
2589 1198 2725 1269 πρὸς
2757 1201 2870 1262 τοῖς
2902 1198 3139 1252 ἐνταῦθα
3170 1198 3696 1269 ἀπηριθμημένοις,,

2090 1289 2187 1343 καὶ
2233 1290 2330 1359 τὴν
2380 1290 2584 1359 Σοφίαν
2626 1290 2993 1361 Σολομῶντος,
3041 1292 3135 1343 καὶ
3165 1290 3397 1362 ’ῐουΞὴθ,
3435 1292 3531 1344 καὶ
3562 1291 3675 1343 Τω-

2092 1380 2235 1445 ϐίαν,
2265 1381 2361 1435 καὶ
2392 1383 2490 1453 τὴν
2526 1382 2898 1453 Ἀποκαλυψιν
2926 1382 3017 1436 τοῦ
3051 1382 3337 1450 Θεολόγου.

2155 1467 2314 1527 Οὗτοι
2365 1473 2462 1544 μὲν
2492 1468 2584 1529 οὖν
2614 1476 2751 1528 εἰσιν
2776 1476 2824 1527 οί
2856 1477 2963 1529 τῶν
2996 1476 3319 1528 πανσέπτων
3352 1473 3672 1527 ἀποστόλων

2090 1572 2172 1619 πε]
2211 1564 2457 1629 κανόνες.
2501 1566 2861 1637 Εὑρίσκονται
2913 1567 2969 1621 δὲ
3020 1565 3078 1619 έν
3109 1583 3220 1619 τισι
3255 1567 3363 1618 τῶν
3403 1566 3528 1627 τοὺς
3563 1582 3673 1616 κα-

2090 1659 2246 1722 νόνας
2275 1658 2510 1729 ἐχόντων
2561 1657 2783 1729 βιϐλίων
2831 1658 2927 1712 καὶ
2972 1659 3151 1732 ἕτεροι
3186 1658 3408 1721 κανόνες
3441 1660 3527 1711 ἐπ’
3557 1658 3675 1711 ὀνό-

2093 1769 2225 1822 ματι
2256 1752 2487 1805 ἑκάστου
2531 1750 2641 1805 τῶν
2699 1751 3077 1820 πανευφήμων
3112 1750 3430 1804 ἀποστόλων
3486 1753 3675 1817 ὲπιγεο

2089 1846 2420 1915 γραμμένοι.
2462 1844 2606 1898 Ἀλλ’
2632 1847 2666 1914 ἡ
2724 1846 2781 1897 ἐν
2808 1843 2885 1915 τῷ
2934 1843 3190 1915 Τρούλλῳ
3222 1842 3675 1911 συναθροισθεῖσα

2090 1936 2306 1999 σύνοδος
2345 1936 2453 1988 τῶν
2485 1936 2601 2001 σκζν
2649 1936 2819 2005 ἁγίων
2854 1936 3115 2006 Πατέρων
3146 1934 3239 1987 ἐπὶ
3273 1936 3370 2004 τῆς
3397 1933 3677 2003 βασιλείας

2087 2028 2182 2082 τοῦ
2213 2027 2618 2100 αὑτοκράτορος
2658 2026 3041 2081 ’1ουστινιανοῦ
3080 2025 3177 2080 τοῦ
3222 2027 3667 2096 Ῥινοτμήτου,ἡ

2089 2122 2357 2193 λεγομένη
2380 2122 2541 2190 ἕκτη,
2561 2122 2940 2194 ἀπαρίθμησιν
2977 2122 3326 2194 ποιησαμένη
3369 2122 3477 2175 τῶν
3508 2119 3673 2182 ἱερῶν

2091 2215 2334 2269 κανόνων
2357 2253 2372 2277 ,
2410 2215 2554 2268 οὕτω
2594 2214 2794 2286 φησιν’
2832 2213 3021 2281 Ἔδοξε
3063 2216 3129 2285 τῇ
3160 2214 3294 2283 ἁγία
3332 2212 3507 2285 ταύτῃ
3543 2228 3674 2266 συν-

2090 2308 2195 2379 όδῳ
2223 2307 2404 2378 μένειν
2433 2305 2683 2379 βεϐαίους
2712 2305 2807 2361 καὶ
2834 2306 3096 2377 ἀσφαλεῖς
3126 2306 3251 2369 τοὺς
3298 2305 3402 2359 ὑπὸ
3426 2304 3535 2357 τῶν
3567 2302 3678 2374 πρὸ

2092 2399 2249 2472 ἡμῶν
2282 2398 2456 2468 ἁγίων
2488 2398 2580 2451 καὶ
2626 2398 2916 2471 μακαρίων
2949 2399 3206 2468 Πατέρων
3240 2396 3532 2467 δεχθὲντας
3579 2394 3677 2447 καὶ

2093 2490 2465 2562 κυρωθέντας,
2489 2489 2623 2545 ἀλλά
2663 2489 2769 2562 μην
2802 2492 2897 2543 καὶ
2944 2489 3349 2561 παραδοθέντας
3389 2489 3523 2557 ἡμῖν
3552 2484 3677 2538 όνό-

2094 2600 2226 2653 ματι
2279 2582 2389 2636 τῶν
2443 2580 2617 2650 ἀγίων
2671 2581 2766 2634 καὶ
2812 2580 3173 2647 ἐνδοξοτάτων
3228 2577 3545 2633 ἀποστόλων
3590 2571 3678 2627 πε⁹

2091 2674 2342 2738 κανόνας.
2364 2671 2496 2727 Είτα
2526 2672 2658 2743 περὶ
2686 2671 2796 2724 τῶν
2822 2672 2976 2736 παρᾶ
3010 2670 3106 2723 τοῦ
3140 2669 3295 2737 ἁγίου
3349 2667 3671 2736 Κλήμεντος

2093 2766 2516 2839 συγγραφεισῶν
2549 2764 2877 2832 Διατάξεων,
2936 2763 3165 2816 εἰποῦσα
3201 2761 3275 2831 μὴ
3306 2761 3505 2830 χρῆναι
3540 2756 3675 2810 ταύ-

2091 2878 2190 2922 τας
2215 2859 2712 2928 ἀναγινώσκεσθαι,
2747 2858 2842 2912 καὶ
2896 2854 3313 2923 ἀποϐαλλομένη
3372 2852 3569 2914 αὑτὰς,
3596 2850 3674 2913 ὡς

2090 2947 2384 3018 αίρετικῶν
2436 2947 2567 3001 νόθα
2620 2947 2769 3012 τινὰῖ
2796 2948 2892 3001 καὶ
2948 2945 3073 3010 ξένα
3119 2945 3220 3013 τῆς
3268 2942 3548 3004 εὐσεϐείας
3581 2940 3675 2993 ἐπὶ

2090 3038 2236 3110 λύμῃ
2262 3039 2360 3110 τῆς
2401 3039 2728 3112 Ἐκκλησίας
2746 3039 2938 3099 αὑταῖς
2966 3036 3429 3109 παρενειράντων,
3461 3036 3672 3104 μέμνη-

2092 3133 2315 3185 ταιτών
2361 3132 2656 3185 συνοδικῶν
2705 3131 2970 3195 κανόνων,
3025 3131 3133 3184 τῶν
3167 3145 3225 3181 τε
3276 3125 3674 3195 οἰκουμενικῶν

2096 3222 2327 3275 συνόδων
2360 3222 2451 3276 καὶ
2478 3222 2587 3275 τῶν
2616 3223 2880 3287 τοπικῶν,
2909 3221 3005 3276 καὶ
3051 3221 3160 3274 τῶν
3200 3218 3353 3289 παρὰ
3378 3217 3539 3269 θείων
3571 3216 3674 3268 Πα-

2092 3313 2265 3384 τέρων
2297 3314 2452 3377 ἐκτὸς
2483 3314 2718 3368 συνόδων
2774 3315 3082 3383 γενομένων
3114 3314 3378 3367 κανόνων.
3434 3310 3544 3362 Καὶ
3576 3307 3673 3360 επὶ

2091 3405 2304 3469 τούτοις
2328 3407 2523 3475 ἐπάγει
2559 3408 2754 3478 μηδενὶ¹
2803 3408 3004 3473 ἐξεῖναι
3038 3407 3166 3469 τοὺς
3217 3402 3672 3474 προδηλωοέντπς

2092 3498 2539 3568 παραχαράττειν
2585 3500 2837 3561 κανόνας.
2871 3499 2903 3569 ἦ
2939 3498 3182 3559 ἀθετεῖν,
3214 3496 3245 3566 ἢ
3275 3496 3493 3567 ἑτέρους
3521 3492 3674 3559 παρὰ

2091 3590 2217 3650 τοὺς
2249 3590 2645 3661 προκειμένους
2699 3591 3105 3661 παραδέχεσθαι
3140 3590 3373 3651 κανόνας
3407 3586 3670 3656 ψευδεπι-

2091 3680 2337 3750 γράφους
2398 3682 2503 3736 ὑπό
2560 3702 2724 3738 τινων
2752 3677 3110 3744 συντεθέντας
3144 3684 3251 3735 τῶν
3282 3683 3379 3753 τὴν
3413 3680 3673 3751 ἀλνῇθειαν

2091 3770 2429 3839 καπηλεύειν
2482 3775 2973 3846 ἐπιχειρησάντων.
3034 3775 3220 3828 Ταῦτα
3270 3774 3363 3827 τοῦ
3418 3772 3675 3843 δευτέρου

2093 3865 2317 3929 κανόνος
2362 3866 2461 3937 τῆς
2495 3868 2662 3939 ἕκτης
2715 3868 2938 3922 συνόδου
2971 3867 3409 3937 διαταττομένου,
3452 3865 3547 3919 καὶ
3574 3881 3674 3935 μη·

2089 3959 2260 4030 δαμοῢ
2295 3960 2483 4029 μνείαν
2520 3961 2895 4031 ποιησαμένου
2931 3961 3133 4031 ἑτέρων
3166 3958 3540 4013 ἀποστολικῶν
3570 3977 3674 4012 κα-

2090 4050 2295 4117 νόνων⁹
2354 4051 2505 4120 παρά
2560 4053 2688 4115 τοὺς
2755 4048 2839 4105 πε⁸
2894 4051 2995 4105 οὐκ
3049 4052 3400 4123 ὲγκρίνεσθαι
3434 4051 3675 4114 διττοὺς

2090 4143 2417 4213 λεγομένους
2450 4144 2646 4208 ἄλλους
2702 4142 2813 4197 τῶν
2868 4144 3184 4198 ἀποστόλων
3230 4143 3500 4208 κανόνας,
3552 4142 3676 4195 ἀλλ’

2089 4235 2482 4307 ἀποκρίνεσθαι
2535 4235 2758 4306 μᾶλλον,
2804 4235 3147 4300 ὀϐελῐζεσθαί
3183 4253 3241 4288 τε
3294 4235 3389 4288 καὶ
3432 4234 3675 4288 ἀποϐάλ-

2086 4331 2277 4386 λεσθαι
2304 4349 2319 4365 ο
2354 4330 2429 4395 ὡς
2474 4330 2977 4400 ψευδεπιγράφους,
3032 4332 3126 4385 καὶ
3177 4330 3367 4389 νόθους
3429 4328 3671 4383 καὶτῶν

2089 4420 2585 4492 ἀπηριθμημένων,
2611 4422 2708 4473 καὶ
2732 4425 2844 4485 τοῖς
2875 4420 3041 4485 θείοις
3066 4420 3163 4473 καὶ
3198 4420 3361 4491 ἱεροῖς
3392 4416 3674 4488 Πατράσιν

2020 4518 2065 4574 Ι)
2094 4514 2318 4583 ἐγκεκρι
2326 4514 2503 4584 μένων
2530 4513 2708 4575 ἐκτός.
2906 4548 2912 4553 .

2140 4605 2365 4661 ΔΡΙΣΤ.
2406 4605 2738 4676 Σεϐάσμιος
2779 4605 2817 4672 ἡ
2860 4602 3363 4673 ἐξηκοντάὄιόλος
3393 4602 3607 4673 μόνον.

2162 4794 2347 4849 Ταῦτα
2394 4793 2531 4865 μόνα
2590 4793 2723 4845 πᾶσι
2767 4791 3049 4863 κληρικοτς
3100 4790 3195 4845 καὶ
3245 4790 3455 4853 λαῖκοῖς
3487 4786 3670 4859 βιϐλία

2092 4887 2365 4958 σεϐάσμια
2404 4885 2499 4939 καὶ
2529 4885 2659 4953 ἆγια
2683 4884 2955 4951 ὀφείλουσι
2986 4883 3301 4956 κρίνεσθαι*
3353 4883 3519 4954 ἤγουν
3567 4882 3671 4949 τῆς

2094 4979 2192 5049 μὲν
2244 4979 2482 5039 παλαιᾶς
2541 4977 2818 5046 Διαθήκης
2861 4976 3056 5030 πέντε·
3114 4977 3366 5039 Γένεσις,
3417 4976 3671 5041 Ἐξοδος,

2091 5069 2412 5133 Λευῖτικδν,
2471 5066 2764 5139 Ἀριθμοὶ,
2816 5068 3285 5140 Δευτερονόμιον·
3316 5068 3495 5136 Ἰησοῦ
3548 5067 3671 5120 υἱοῦ

2090 5161 2245 5233 Ναυῆ
2274 5163 2333 5215 έν
2352 5181 2367 5195 ο
2392 5162 2611 5233 Κριτῶν
2628 5162 2722 5216 καὶ
2758 5161 2916 5216 Ῥοὺο
2950 5161 3009 5215 έν
3029 5178 3043 5192 ’
3071 5160 3371 5215 Βασιλειῶν
3393 5161 3631 5230 τέσσαρα
3654 5176 3671 5192 ⁸

2091 5256 2588 5325 Παραλειπομένων
2620 5258 2717 5324 τῆς
2745 5254 2926 5324 βίϐλου
2982 5254 3090 5308 τῶν
3115 5255 3337 5323 ἡμερῶν
3381 5253 3474 5308 δύο
3493 5269 3507 5284 ⁸
3537 5254 3671 5306 Ἔσ-

2088 5348 2191 5420 δρα
2222 5347 2315 5401 δύο
2335 5362 2351 5379 '
2392 5348 2703 5420 Ἐσθὴρὲν’
2733 5346 3114 5401 Μακκαϐαίων
3130 5345 3209 5415 γ’·
3246 5346 3371 5400 Ὶὼδ
3399 5346 3458 5398 ἓν
3477 5360 3493 5375 ·
3519 5344 3667 5414 ψαλ-

2090 5441 2280 5512 τήριον
2318 5440 2379 5494 ἓν
2402 5457 2414 5470 ·
2448 5440 2792 5511 Σολομῶντος
2835 5441 2961 5511 τρία
2988 5456 3003 5471 ο
3054 5438 3353 5511 Παροιμίαι
3378 5455 3391 5468 ο
3430 5437 3670 5507 Ἐκκλη-

2093 5536 2357 5606 σιαστήνςο
2415 5532 2610 5606 τᾼσμα
2670 5533 2933 5605 ᾀσμάτων
2959 5547 2976 5566 ο
3047 5531 3343 5603 προφητῶν
3400 5529 3667 5584 δεκαδύοο

2092 5625 2292 5692 ἔξωθεν
2317 5625 2373 5679 at
2397 5624 2601 5678 τούτων
2628 5625 2723 5677 καὶ
2755 5623 2809 5676 αί
2845 5621 3035 5691 Σοφίαι
3070 5621 3163 5673 τοῦ
3206 5618 3554 5689 πολυμαθοῦς
3582 5619 3671 5672 Σι-

2097 5717 2231 5789 ράχ’
2281 5716 2382 5787 τῆς
2411 5716 2468 5769 δὲ
2496 5716 2687 5783 καινῆς
2736 5713 3012 5784 Διαθήκης
3042 5712 3351 5782 Εὖαγγέλια
3392 5712 3667 5782 τέσσαρα’

2094 5809 2404 5874 Ματθαίου,
2440 5808 2688 5873 Μάρκου,
2740 5807 2946 5874 Λουκᾶ,
2977 5806 3258 5863 Ἰωάννουο
3294 5804 3505 5862 Παύλου
3548 5805 3674 5859 ἐπι·
