3992 6480
318 317 387 373 εει
396 317 414 376 ι

381 518 599 570 τοῦτον
626 519 722 571 καὶ
750 519 821 571 ἐν
861 520 941 586 τῷ
970 521 1172 589 κλήρῳ
1203 522 1626 591 ἐξεταζόμενον
1662 525 1892 578 πεπαῦ-

377 612 520 663 σθαι
547 610 876 679 προσήκειο
934 613 1031 666 καὶ
1061 614 1128 667 ἐκ
1166 614 1271 668 τοῦ
1303 614 1479 683 δεῦτο
1509 616 1740 684 μηδένα
1773 615 1893 671 τῶν

378 705 669 757 τοιούτων
699 704 923 773 χρῆναι
950 706 1335 776 προάγεσθαι.
1368 709 1594 777 Ὥσπερ
1627 710 1695 763 δὲ
1716 711 1894 765 τοῦτο

375 794 713 861 πρόδηλον,
741 797 983 864 ὅτιπερὶ
1014 798 1133 852 τῶν
1156 799 1635 867 ἐπιτηδευόντων
1655 802 1720 855 τὸ
1740 801 1894 871 πρᾶ-

369 902 490 954 τμα
524 888 626 940 καί
678 890 1033 957 τολμώντων
1087 890 1342 957 ἑαυτοὺς
1370 891 1699 959 ἐκτέμνειν,
1732 894 1897 959 εἴρη-

373 995 504 1030 τιιι”
563 980 753 1046 οὕτως
827 983 884 1035 εἴ
946 1000 1104 1049 τινες
1152 984 1271 1038 ὑπὸ
1328 984 1648 1052 βαρϐάρων
1712 987 1750 1054 ἢ
1798 985 1895 1039 δερ

366 1072 616 1124 σποτῶν
659 1075 1195 1141 εὐνουχίσθησαν,
1254 1078 1636 1144 εὑρίσκοιντο
1673 1077 1742 1129 δὲ
1789 1078 1895 1131 ἄλ-

362 1168 490 1228 λως
514 1165 692 1229 ἄξιοι,
711 1167 854 1233 τοὺς
879 1169 1189 1237 τοιούτους
1218 1173 1305 1236 είς
1322 1169 1555 1238 κλῆρον
1580 1172 1893 1238 προσίεται

368 1261 401 1310 ό
439 1250 646 1311 κανών
684 1260 819 1329 (54).

366 1351 569 1406 ΒΑΛΣ.
602 1353 664 1404 Οἱ
690 1352 1035 1407 ἀποστολικοὶ
1068 1353 1199 1407 θεῖοι
1222 1354 1469 1419 κανόνες,
1502 1356 1529 1408 6
1551 1352 1655 1416 κα’,
1678 1356 1705 1407 6
1736 1354 1839 1429 κβν,
1866 1356 1898 1408 6

299 1448 401 1507 κγ’,
428 1441 529 1492 καὶ
558 1444 589 1494 6
616 1440 693 1494 κδ’
720 1444 922 1506 ἱκανῶς
952 1446 1101 1513 ἡμᾶς
1138 1436 1403 1510 ¹ἐδίδαξαν
1447 1447 1499 1499 τί
1534 1446 1739 1515 ὀφείλει
1803 1446 1888 1515 γί-

300 1532 494 1586 νεσθαι
550 1536 633 1597 εἱς
659 1536 787 1598 τοὺς
816 1536 1409 1605 ἀκρωτηριαζομένους
1446 1540 1573 1601 τοὺς
1610 1539 1887 1607 διδύμους.

310 1624 651 1690 ’Ᾱκολούθως
683 1622 774 1680 οὖν
802 1626 1019 1691 τούτοις
1055 1630 1146 1682 καὶ
1167 1630 1194 1682 ὁ
1231 1628 1420 1699 παρὼν
1457 1629 1640 1683 κανὼν
1671 1631 1893 1684 διατάτ-

297 1734 452 1771 τεται
520 1714 661 1788 μήτε
716 1721 843 1783 τοὺς
891 1722 1116 1785 ἑαυτοὺς
1162 1722 1418 1785 ἐκδόντας
1452 1724 1533 1785 είς
1574 1720 1812 1795 ἐκτομὴν
1858 1726 1887 1795 ἢ

298 1808 625 1879 αὐτόχειρας
658 1812 980 1880 γενομένους
1012 1812 1364 1882 κληροῦσθαι,
1400 1814 1432 1885 ἢ
1470 1815 1548 1874 εἱς
1587 1814 1890 1884 ἱερωσύνην

302 1900 667 1969 προάγεσθαι,
694 1903 829 1956 ἀλλὰ
857 1904 959 1957 κᾶν
990 1904 1342 1975 προέφθασαν
1375 1909 1430 1960 ἐν
1464 1908 1652 1977 κλήρῳ
1692 1909 1892 1978 ταχθῆ-

300 2011 405 2060 ναι,
466 1995 835 2050 ἐκϐάλλεσθαι
892 1997 1112 2062 τούτους
1140 2015 1153 2028 ·
1196 2003 1331 2069 μήτε
1396 2002 1523 2065 τοὺς
1561 2002 1653 2071 ὑφ’
1685 2003 1889 2071 ἐτέρων

301 2088 777 2157 ἐπηρεασθέντας,
824 2092 1063 2144 καὶτῶν
1129 2093 1465 2163 παιδογόνων
1528 2096 1892 2163 στερηθέντας

305 2180 508 2249 μορίων
531 2218 548 2243 ,
576 2181 672 2233 ἐὰν
699 2183 839 2248 ἄξιοι
873 2184 1185 2253 κρίνωνται,
1218 2186 1527 2255 ἱερωσύνης
1584 2186 1892 2240 κωλύεσθαι

302 2273 385 2326 διὰ
417 2272 601 2327 τοῦτο.
632 2274 935 2343 ’Λνάγνωθι
969 2278 1063 2328 καὶ
1117 2276 1209 2328 τὸν
1243 2284 1293 2347 η’
1352 2279 1551 2331 κανόνα
1585 2280 1682 2349 τῆς
1714 2282 1769 2331 ἐν
1815 2279 1893 2349 τῷ

302 2366 411 2436 ναῷ
441 2368 557 2419 τῶν
597 2367 798 2435 Ἀγίων
847 2368 1193 2423 Ἀποστὸλων
1226 2371 1504 2434 συστάσης
1537 2372 1759 2425 συνόδου
1794 2361 1893 2443 τῆς

303 2460 607 2530 λεγομένης
639 2459 863 2532 πρώτης
893 2463 988 2515 καὶ
1017 2462 1291 2531 δευτέρας.
1321 2464 1477 2517 Ἐπεὶ
1498 2464 1576 2528 δέ,
1610 2467 1736 2527 τοὺς
1758 2467 1894 2518 ἁπο-

304 2552 588 2614 στολικοὺς
620 2554 855 2615 κανόνας
899 2553 1321 2623 ἑρμηνεύοντες,
1358 2555 1682 2624 ἐγράψαμεν
1733 2556 1899 2609 κολὰ-

300 2641 491 2706 ζεσθαι
516 2644 610 2697 τὸν
644 2644 782 2713 μετᾶ
815 2645 913 2715 τὴν
948 2646 1286 2715 χειροτονίαν
1338 2647 1426 2699 διὰ
1484 2647 1656 2710 πάθος
1692 2648 1886 2700 ἐαυτὸν

301 2738 841 2807 ἀκρωτηριάσανταο
875 2739 983 2791 ἀπὸ
1017 2738 1073 2790 δὲ
1116 2737 1209 2791 τοῦ
1248 2741 1516 2808 παρόντος
1548 2741 1776 2804 κανόνος
1804 2740 1896 2793 λέ-

302 2847 521 2896 γοντος,
558 2831 621 2883 Εἴ
656 2848 740 2895 τις
786 2833 844 2883 ἐν
893 2832 1032 2900 νόσῳ
1068 2831 1173 2883 ὑπὸ
1236 2831 1434 2900 ίατρῶν
1470 2834 1893 2908 ἐχειρουργήθη,

302 2916 461 2986 οὗτος
495 2923 708 2993 μενέτω
762 2924 818 2978 ἐν
848 2923 927 2993 τῷ
972 2924 1199 2994 κλήρῳ’
1236 2924 1330 2975 καὶ
1380 2918 1558 2989 αὖθις,
1610 2927 1671 2979 Εἰ
1723 2928 1778 2986 δέ
1810 2946 1893 2993 τις

305 3016 574 3081 ὑγιαίνων
611 3016 806 3068 ἑαυτὸν
858 3015 1102 3084 ἐξέτεμε,
1160 3019 1349 3072 τοῦτον
1378 3019 1470 3072 καὶ
1505 3021 1561 3069 ὲν
1590 3019 1669 3090 τῷ
1706 3021 1894 3091 κλήρῳ

1440 324 1521 385 IN
1552 325 1715 386 CAN.
1758 326 1783 384 Ι
1813 326 2025 389 CONC.
2060 331 2337 398 NIC.'EN.
2368 337 2419 398 ῐ.

384 425 610 493 κλήρῳ.
652 429 725 480 Ei
757 427 827 481 δέ
885 446 974 494 τις
1029 431 1317 498 ὑγιαίνων
1354 432 1575 486 ἑαυτὸν
1625 434 1889 502 ἐξέτεμε,
1917 434 1974 494 Λ

3468 347 3577 409 222

2064 454 2197 497 esset
2227 462 2414 513 sanus,
2440 448 2665 516 seipsum
2689 454 2942 519 exseruit,
2976 467 3095 507 eum
3134 456 3292 506 etiam
3344 456 3396 508 in
3438 457 3577 509 clero

2066 540 2379 593 recensitum
2432 558 2635 596 cessare
2687 547 2948 608 convenit,
2989 556 3037 599 et
3078 547 3314 609 deinceps
3372 549 3573 601 mdium

2065 626 2223 681 talem
2264 642 2466 700 oportet
2518 639 2830 703 promoveri.
2887 638 3339 702 Quemadmodum
3394 651 3569 693 autent

2066 721 2163 776 hoc
2194 726 2530 795 manifestum
2562 738 2658 791 est,
2688 727 2825 797 quod
2869 733 2930 782 de
2965 732 3029 784 iis
3062 748 3148 800 qm
3203 734 3265 784 de
3308 734 3575 787 industria

2065 815 2160 867 hoc
2190 827 2369 884 agunt,
2422 827 2471 871 et
2523 819 2718 885 seipsos
2775 820 2970 874 audent
2994 824 3325 885 exscindere,
3377 823 3577 877 dictum

2066 918 2140 960 est
2170 924 2189 959 :
2217 908 2293 961 ita
2324 910 2368 961 si
2395 909 2558 978 aliqui
2588 928 2619 964 a
2654 912 2910 965 Barbaris
2957 913 3034 965 vel
3072 915 3300 967 dominis
3347 917 3571 968 cas:rali

2064 1003 2191 1065 sint,
2217 1002 2550 1055 inveniantur
2571 1014 2743 1057 autem
2775 1016 2819 1057 et
2852 1005 2891 1057 ii
2916 1005 3117 1074 alioqui
3142 1008 3312 1075 digni,
3344 1007 3471 1060 (oles
3506 1009 3562 1060 in

2068 1091 2264 1144 clerum
2294 1092 2522 1147 admittit
2554 1112 2740 1150 canon.

2066 1360 2263 1416 BALS.
2295 1364 2475 1418 Divini
2500 1380 2735 1421 canones
2767 1367 3046 1435 apostolici
3083 1368 3177 1432 21,
3208 1368 3301 1430 9.2,
3331 1369 3401 1422 25
3425 1378 3474 1423 et
3502 1371 3574 1425 ει

1994 1454 2126 1508 satis
2158 1470 2255 1509 nos
2289 1455 2607 1521 docuerunt,
2656 1458 2781 1526 quid
2842 1459 2954 1513 fieri
3010 1459 3205 1515 debeat
3240 1459 3292 1513 in
3339 1475 3434 1515 eos
3485 1465 3576 1531 qui

1995 1549 2203 1617 seipsos
2257 1558 2623 1605 castrarnnt;
2674 1550 3085 1620 Consequenter
3140 1555 3303 1622 igitur
3364 1554 3481 1608 istis
3522 1565 3578 1608 et

1994 1638 2082 1692 hic
2118 1655 2355 1709 praesens
2388 1657 2560 1696 canon
2593 1643 2859 1707 decernit,
2889 1658 2982 1697 eos
3033 1644 3123 1712 qui
3150 1645 3358 1709 seipsos
3405 1658 3569 1698 exse-

1993 1736 2198 1789 candos
2230 1735 2589 1798 tradiderunt,
2626 1735 2707 1788 vel
2743 1735 2841 1804 ipsi
2891 1737 3003 1790 suis
3048 1736 3149 1791 sibi
3202 1738 3451 1793 manibus
3498 1736 3578 1790 vi-

1996 1826 2110 1878 rilia
2145 1835 2578 1893 amputaverunt,
2615 1827 2666 1879 in
2703 1827 2906 1881 clerum
2940 1843 3046 1881 non
3074 1830 3339 1896 cooptari,
3376 1844 3474 1882 nec
3509 1829 3575 1882 al

1994 1920 2351 1974 sacerdotium
2384 1920 2713 1989 promoveri,
2750 1920 2857 1989 59
2888 1923 2979 1974 sed
3011 1931 3066 1974 et
3097 1920 3140 1974 si
3176 1921 3393 1988 priusiu
3418 1919 3577 1972 cleri-

1993 2026 2178 2076 corum
2202 2027 2485 2065 numerum
2511 2021 2638 2066 sunt
2661 2012 2916 2079 coeptati,
2944 2026 3037 2067 eos
3062 2012 3205 2080 ejici,
3238 2027 3338 2065 nec
3368 2026 3460 2064 eos
3485 2011 3576 2080 qui

1995 2104 2061 2156 ab
2133 2104 2255 2157 aliis
2319 2103 2525 2157 exsecti
2558 2103 2927 2172 membrisque
2987 2103 3313 2173 genitalibus
3382 2103 3577 2173 privati

1994 2202 2141 2259 sunt,
2176 2196 2219 2248 si
2258 2195 2403 2263 digni
2434 2195 2740 2251 sacerdono
2763 2196 3097 2265 judicentur,
3133 2204 3416 2264 propterea
3452 2210 3581 2263 pro-

1995 2286 2189 2340 hiberi.
2228 2287 2370 2357 Lege
2429 2289 2591 2342 etiam
2652 2303 2916 2342 canonem
2971 2297 3221 2341 octavum
3264 2287 3454 2355 synodi
3520 2285 3576 2340 in

1995 2377 2194 2446 templo
2221 2378 2546 2434 Sanctorum
2576 2380 2953 2448 Apostolorum
2990 2380 3211 2440 habitae,
3248 2392 3367 2448 quae
3398 2378 3574 2447 prima

1994 2478 2048 2522 et
2077 2471 2309 2524 secunda
2342 2472 2561 2525 dicitur.
2592 2470 2861 2536 Quoniam
2906 2481 3089 2526 autem
3139 2480 3194 2525 et
3240 2469 3574 2537 apostolicos

1995 2577 2230 2617 canones
2267 2562 2703 2632 interpretantes,
2735 2564 3057 2633 scripsimus
3090 2577 3212 2617 eum
3245 2576 3463 2632 quoque
3485 2560 3580 2631 qui

1994 2664 2119 2725 post
2151 2655 2544 2710 ordinationem
2573 2657 2810 2725 seipsum
2843 2665 3062 2726 propter
3094 2654 3339 2709 morbum
3411 2653 3580 2706 muti-

1994 2746 2148 2811 lavit,
2191 2747 2523 2816 puniendum
2585 2763 2707 2803 esse
2759 2763 2773 2800 :
2820 2764 2883 2802 cx
2940 2750 3040 2802 hoc
3094 2757 3274 2800 autem
3325 2742 3580 2813 praesenti

1996 2853 2206 2896 canone
2233 2840 2465 2903 dicente,
2506 2838 2562 2892 Si
2591 2840 2712 2908 quis
2745 2854 2775 2893 a
2808 2839 3035 2893 medicis
3060 2839 3114 2891 in
3145 2838 3334 2891 morbo
3364 2834 3579 2890 excisus

1997 2943 2102 3001 est,
2133 2933 2179 2989 is
2209 2933 2261 2987 in
2290 2931 2439 2988 clero
2470 2942 2685 2987 maneat
2720 2948 2736 2986 :
2775 2943 2827 2985 et
2856 2947 3066 2995 rursus,
3118 2930 3176 2984 Si
3223 2931 3348 2999 quis
3395 2938 3578 2983 autem

1997 3042 2117 3081 cum
2160 3034 2306 3080 esset
2336 3040 2524 3089 sanus,
2560 3025 2801 3095 seipsum
2848 3023 3260 3086 exsecuit,eum
3318 3020 3480 3075 etiam
3523 3020 3577 3074 in

305 3107 699 3176 ἐξεταζόμενον
724 3108 1032 3161 πεπαῦσθαι
1073 3111 1372 3181 προσήκει·
1406 3108 1563 3165 εἶπόν
1626 3131 1773 3175 τινες
1820 3116 1894 3186 μὴ

2010 3117 2142 3172 :lcro
2174 3117 2502 3172 recensitum
2551 3130 2766 3171 cessare
2810 3116 3109 3170 convenit:
3149 3115 3403 3169 dixerunt
3455 3110 3578 3179 qui-

304 3198 639 3262 κολάζεσθαι
667 3200 756 3251 τὸν
791 3201 927 3268 μετὰ
963 3200 1060 3270 τὴν
1091 3201 1368 3272 κλήρωσιν
1402 3204 1490 3255 διὰ
1514 3203 1685 3265 πάθος
1715 3206 1898 3275 ἀκρω-

304 3292 710 3361 τηριασθέντα*
756 3292 935 3361 φαμὲν
979 3292 1052 3355 ὡς
1080 3294 1107 3344 ὁ
1141 3292 1380 3357 τοιοῦτος
1412 3294 1595 3348 κανὼν
1624 3297 1683 3348 ού
1721 3296 1896 3350 διαλέ-

306 3400 463 3449 γεται
512 3385 645 3454 περὶ
695 3383 802 3435 τῶν
832 3384 1395 3454 ἀκρωτηριασθέντων
1427 3387 1568 3456 μετὰ
1605 3388 1704 3456 τὴν
1739 3389 1898 3459 ίερω-

306 3478 495 3546 σύνην,
521 3476 656 3530 ἀλλὰ
689 3478 905 3547 πρὸτῆς
935 3480 1258 3549 ἱερωσύνης,
1293 3484 1426 3551 μετὰ
1459 3483 1515 3535 δέ
1562 3483 1768 3553 ταύτην
1814 3487 1896 3549 εἰς

306 3570 645 3639 ἀμφιϐολίαν
676 3571 1043 3638 ἐμπεσόντων.
1085 3575 1144 3626 ΕΞ
1185 3573 1241 3626 δέ
1289 3575 1381 3627 καὶ
1438 3576 1599 3629 πλέον
1639 3576 1898 3630 ἀνθίστα-

308 3664 393 3715 ταί
423 3681 511 3725 τις
565 3663 657 3715 καὶ
695 3663 836 3714 θέλει
874 3665 1398 3735 συγγνωμονηθῆναι
1445 3667 1538 3719 τὸν
1585 3668 1671 3720 διὰ
1728 3667 1901 3731 πάθος

315 3755 457 3824 μετὰ
492 3755 591 3825 τὴν
621 3756 922 3825 ἱερωσύνην
996 3758 1517 3827 ἀκρωτηριασθέντα
1550 3800 1565 3823 ,
1613 3761 1899 3813 ἀκουσάτω

309 3849 381 3911 ὡς
419 3849 453 3915 ἡ
482 3844 610 3917 ρμβ¹
646 3848 1073 3909 Ὶουστινιὰνειος
1105 3849 1297 3918 Νεαρὰ
1386 3851 1613 3918 κειμένη
1648 3852 1702 3902 ἐν
1734 3849 1901 3919 βίϐλῳ

313 3942 375 4006 ξ’,
399 3942 571 4011 τίτλῳ
601 3940 703 4004 να’,
734 3943 1011 4010 κεφαλαίῳ
1065 3941 1383 4012 τελευταίῳ,
1421 3942 1542 4012 ἥτις
1590 3945 1683 3995 καὶ
1750 3959 1885 3995 κατ-

312 4032 563 4102 ιστρὼοη
586 4034 643 4084 ἐν
665 4031 945 4101 κεφαλαίῳ
973 4033 1030 4084 ιδ’
1059 4032 1152 4084 τοῦ
1179 4034 1393 4101 πρώτου
1424 4032 1602 4086 τίτλου
1631 4033 1725 4086 τοῦ
1760 4050 1901 4102 παρ-

313 4128 469 4188 όντος
540 4127 938 4192 συντάγματος,
1003 4126 1344 4196 ἐπιστομίζει
1380 4127 1563 4181 αὐτόν.
1621 4127 1805 4179 Ταῦτα
1844 4128 1899 4181 δέ

316 4219 577 4289 λέγομεν,
626 4220 907 4288 εάοιχωρὶς
943 4219 1199 4291 εἰδήσεως
1248 4221 1345 4291 τῆς
1388 4220 1722 4289 Ἐκκλησίαε
1756 4220 1900 4289 μετά

390 4403 413 4428 ν

324 4528 504 4585 detur,
539 4533 593 4575 ct
623 4522 873 4575 Patrihus
933 4523 985 4575 iu
1033 4537 1094 4576 ea
1124 4524 1437 4578 convocatis
1461 4524 1617 4592 hujus
1667 4527 1893 4581 canonis

326 4600 393 4648 de
423 4609 566 4647 novo
597 4593 874 4665 sanciendi
901 4593 1244 4665 oreasionem
1272 4593 1606 4665 praebuisse:
1640 4610 1707 4648 ex
1736 4598 1894 4665 cujus

327 4666 488 4718 etiam
539 4664 788 4715 instituto
834 4663 1092 4717 Leontius
1169 4663 1311 4715 illico
1361 4664 1770 4730 deponebatnr;
1808 4663 1892 4719 ἰιι

333 4742 562 4787 testatur
592 4733 944 4794 Athanasius,
993 4734 1082 4799 qui
1136 4742 1256 4799 post
1296 4732 1460 4785 verba
1514 4744 1639 4795 ante
1683 4735 1896 4791 laudata

332 4804 653 4874 immediate
698 4802 976 4869 subiungit
1016 4804 1149 4874 inec,
1188 4802 1301 4854 Καὶ
1350 4803 1450 4871 τὴν
1504 4802 1604 4874 μὲν
1660 4804 1898 4874 ὑποψίαν

331 4876 429 4926 οὐκ
460 4872 765 4939 ἀπενίψατο
795 4888 807 4901 ⁸
843 4874 930 4925 διὰ
962 4872 1118 4924 τοῦτο
1138 4874 1356 4943 μᾶλλον
1393 4872 1789 4943 πρεσϐύτερος
1822 4874 1899 4930 ὣν

333 4943 639 5015 καθῃρέθη.
700 4943 897 4995 Athan.
952 4944 1081 5015 ibid.
1135 4942 1200 4995 Et
1260 4942 1899 5015 Socrates,_deeod9m

336 5008 560 5085 Leontio
591 5008 964 5085 loquens._ait,
997 5012 1203 5085 Ὅστις,
1225 5014 1387 5084 ἡνίκα
1406 5013 1779 5085 πρεσϐύτερος
1808 5011 1898 5085 ἦν,

336 5084 589 5153 ἀφῃρέθη
646 5082 746 5148 τῆς
797 5082 975 5147 ἀξίας,
1037 5084 1118 5136 ὃτι
1167 5082 1387 5151 γυναικὶ
1437 5082 1899 5153 συνδιημερεύων,

310 5154 603 5222 -Εύστολία
639 5153 829 5224 ὄνομα,
867 5154 959 5206 καὶ
1006 5154 1107 5222 τὴν
1140 5158 1219 5217 εἱς
1265 5156 1438 5222 αὐτὴν
1476 5154 1712 5224 αἱσχρὰν
1772 5156 1902 5208 ὑπό-

337 5240 482 5276 νοιαν
512 5220 817 5290 ἐπικρύψαι
846 5220 1177 5289 σπουδάσας,
1211 5226 1321 5276 τῶν
1351 5220 1687 5291 γεννητικῶν
1720 5225 1903 5289 ἐξέτε-

344 5310 438 5361 μεν
490 5294 703 5345 ἐαυτόν.
745 5292 955 5348 Sucrat.
993 5294 1134 5348 Hist.
1180 5295 1366 5348 ποίεε.
1399 5294 1434 5349 l.
1465 5309 1525 5360 ιι,
1559 5310 1609 5348 c.
1634 5294 1726 5350 26.
1758 5297 1900 5349 idem

345 5375 517 5417 autem
553 5363 810 5417 Locutius
843 5367 909 5415 ad
962 5364 1355 5419 Antim'hennm
1418 5367 1669 5418 thronum
1718 5378 1904 5427 postea

347 5436 625 5497 promotus
669 5442 772 5491 est,
818 5436 911 5486 sed
967 5447 1155 5488 contra
1216 5434 1432 5496 concilii
1495 5436 1651 5501 hujus
1702 5435 1905 5488 Nicmni

345 5507 581 5568 decreta,
644 5515 702 5555 ut
756 5505 871 5571 ipse
928 5520 1146 5572 quoque
1203 5504 1571 5557 Theodoretus
1625 5508 1900 5567 observat,

349 5574 550 5634 dicens,
600 5574 688 5625 Ἐν
725 5574 1026 5644 Ἀντιοχείᾳ
1064 5577 1202 5644 μετὰ
1230 5576 1501 5641 Στέφανον
1526 5574 1777 5637 Λεόντιος
1806 5576 1905 5643 τὴν

350 5645 640 5714 προεδρίαν
673 5642 911 5708 ἐδέξατο
936 5642 1088 5713 παρὰ
1115 5648 1241 5707 τοὺς
1268 5649 1325 5697 ἐν
1358 5645 1564 5714 Νικαίᾳ
1589 5642 1905 5713 γραφέντας

348 5710 745 5783 ὄρους’ταύτην
781 5715 984 5766 λαϐὼν
1017 5710 1278 5783 ἐκτομίας
1312 5716 1420 5783 γὰρ
1464 5710 1555 5783 ἦν,
1603 5710 1907 5783 αὐτουργὸς

351 5733 499 5774 upon;
539 5733 745 5781 ταυτην
781 5733 984 5766 Ααοων·
1017 5733 1278 5783 εκτομιας
1312 5733 1420 5783 γαρ
1464 5733 1555 5783 ην,
1605 5733 1773 5768 αυτου
1815 5733 1906 5781 γος

351 5782 627 5855 γενόμενος
677 5785 772 5851 τῆς
799 5784 1022 5852 τόλμης.
1057 5784 1323 5843 Theudor.
1375 5783 1524 5842 Hist.
1562 5785 1742 5841 ecclcs.
1779 5733 1813 5841 ᾗ
1846 5800 1906 5847 ιι,

2004 3214 2123 3264 dam
2150 3225 2270 3264 eum
2324 3224 2426 3263 non
2478 3208 2680 3277 puniri,
2710 3208 2802 3275 qui
2852 3216 3074 3278 propter
3124 3207 3393 3270 morbum,
3425 3212 3578 3272 post-

2002 3320 2161 3374 quam
2205 3303 2257 3359 in
2313 3302 2517 3357 clerum
2571 3312 2822 3370 receptus
2872 3310 2975 3365 est,
3035 3301 3309 3354 mutilatos
3362 3298 3578 3353 fuerit:

2000 3397 2233 3452 dicimus
2286 3397 2428 3450 hunc
2461 3411 2721 3451 canonem
2758 3410 2867 3450 non
2925 3394 3071 3463 loqui
3116 3395 3178 3447 de
3227 3394 3293 3447 iis
3336 3393 3423 3461 qui
3460 3401 3581 3461 post

2001 3488 2360 3543 sacerdotium
2392 3485 2619 3539 mutilati
2652 3494 2795 3550 sunt,
2816 3485 2909 3539 sed
2943 3484 3175 3554 quiante
3195 3482 3580 3547 sacerdotium,

2001 3578 2068 3632 iis
2098 3586 2275 3631 autem
2305 3587 2489 3646 postea
2523 3577 2891 3630 controversia
2944 3584 3085 3627 mota
3126 3583 3228 3627 est.
3269 3573 3363 3627 Sin
3400 3582 3579 3626 autem

2003 3671 2178 3739 magis
2208 3671 2369 3723 etiam
2399 3668 2602 3723 insistit
2630 3667 2850 3737 aliquis,
2883 3676 2937 3721 ct
2968 3667 3016 3721 ei
3072 3667 3185 3719 vult
3223 3664 3446 3735 ignosci,
3489 3663 3580 3733 qui

2004 3767 2228 3829 propter
2278 3760 2523 3813 morbum
2572 3767 2692 3828 post
2742 3758 3106 3813 sacerdotium
3160 3756 3439 3810 mutilatus
3474 3764 3580 3818 est,

2002 3850 2181 3903 audiat
2220 3849 2361 3919 quod
2395 3846 2684 3903 Justiniani
2716 3846 2936 3901 Novella
2975 3847 3077 3901 142
3108 3862 3226 3915 qum
3265 3846 3316 3899 in
3352 3861 3416 3899 ιχ
3445 3844 3580 3897 libro

2007 3944 2089 3997 tit.
2127 3942 2215 4005 51,
2252 3957 2370 4009 cap.
2410 3941 2616 4004 ultimo,
2654 3941 2754 3993 sita
2809 3952 2917 4005 est,
2954 3956 3071 4007 qum
3110 3941 3271 3993 etiam
3319 3939 3579 3992 collocata

2006 4034 2059 4088 in
2091 4049 2210 4103 cap.
2243 4033 2307 4085 Η
2335 4032 2492 4102 primi
2529 4031 2663 4085 tituli
2714 4034 2997 4100 praesentis
3029 4031 3231 4102 operis,
3278 4031 3363 4085 iSti
3392 4044 3453 4083 os
3484 4043 3579 4083 oc-

2008 4127 2198 4184 cludit.
2256 4124 2379 4180 Haec
2429 4132 2609 4179 autem
2672 4125 2743 4178 ita
2802 4126 2999 4180 habere
3050 4125 3302 4189 dicimus,
3364 4123 3408 4177 si
3461 4122 3579 4176 sine

1977 4218 2263 4275 .Ecclesiac
2317 4217 2511 4272 notitia
2544 4227 2663 4288 post
2710 4217 3075 4272 sacerdotium
3120 4218 3244 4286 quis
3300 4216 3579 4271 mutilatos

1490 4405 1506 4420 _
1563 4335 1753 4399 Guill.
1792 4336 2117 4416 Beveregii
2152 4342 2343 4397 notae.
3224 4410 3225 4413 η

325 4468 449 4507 ante
480 4460 727 4506 coactam
764 4450 903 4505 hanc
929 4452 1190 4520 synodum
1237 4453 1393 4507 nobis
1433 4462 1777 4521 perpetrasse
1813 4457 1895 4509 vi-
1924 4464 1968 4519 ι)
1999 4470 2048 4510 c.
2084 4454 2174 4508 24.
2211 4453 2475 4508 Nimirum
2527 4454 2630 4507 hoc
2679 4468 2885 4507 canone
2932 4461 3148 4505 cautum
3203 4463 3305 4518 est,
3358 4461 3414 4504 ut
3455 4452 3570 4520 qui,

2009 4541 2132 4579 cum
2163 4539 2329 4578 sanus
2356 4533 2524 4587 esset,
2554 4525 2788 4591 seipsum
2818 4523 3062 4578 exsecuit
3081 4522 3310 4576 clericus
3336 4522 3577 4589 depona-

2004 4605 2091 4649 tur
2124 4613 2138 4659 ;
2175 4610 2237 4646 ac
2266 4596 2490 4657 proinde
2545 4594 2800 4646 Leontius
2836 4593 3142 4646 sacerdotio
3178 4592 3373 4645 merito
3411 4596 3575 4657 depo-

2002 4666 2249 4719 nebatur.
2286 4663 2352 4716 Et
2383 4664 2661 4718 decretum
2713 4674 2795 4717 est
2832 4672 3112 4730 preeterea,
3186 4671 3247 4715 ut
3299 4664 3420 4715 talis
3467 4678 3573 4717 non

2000 4744 2439 4801 promoveretur;
2502 4734 2596 4787 sed
2626 4742 2904 4800 promotus
2966 4742 3050 4801 est
3102 4730 3383 4797 Leontius,
3416 4743 3577 4801 atque

1999 4798 2122 4859 ideo
2148 4820 2318 4857 canon
2349 4804 2596 4856 violatus.
2626 4798 2633 4800 ⁷
2976 4798 2983 4817 ‘

2075 4875 2185 4943 ('54)
2212 4878 2316 4939 Εἰς
2346 4872 2577 4941 κλῆρον
2605 4871 2914 4943 προσίεται
2945 4874 2979 4943 d
3006 4874 3227 4929 κανών.
3260 4874 3413 4941 Quod
3448 4884 3572 4927 ante

2002 4948 2333 5005 notavimus,
2366 4944 2611 4997 Nic-tenes
2650 4942 2907 4996 videlicet
2954 4942 3139 5001 Patres
3207 4946 3308 5000 hoc
3356 4946 3579 4999 canone

2004 5015 2136 5072 nihil
2163 5014 2228 5067 de
2263 5028 2400 5068 novo
2430 5012 2799 5073 constituisse.
2829 5013 2921 5066 sed
2978 5015 3308 5082 apostolicos
3367 5023 3577 5067 tantum

2004 5100 2243 5139 canones
2257 5085 2602 5139 (ecmnenicae
2626 5083 2815 5153 synodi
2839 5088 3167 5139 auctoritate
3194 5087 3572 5144 conﬁrmasse.

2004 5172 2067 5209 cx
2104 5152 2252 5207 hisce
2281 5154 2459 5206 verbis
2513 5152 2857 5208 manifestum
2911 5156 3116 5209 evadit.
3185 5154 3395 5209 Netnini
3432 5154 3577 5207 enim

2003 5226 2225 5279 dubium
2255 5239 2376 5277 esse
2406 5233 2603 5291 potest,
2643 5226 2771 5293 qttin
2800 5226 2865 5277 ad
2919 5226 3284 5293 antiquiorem
3339 5226 3575 5291 aliquem

2005 5309 2272 5348 canonem
2306 5293 2393 5345 hic
2446 5306 2746 5359 respectum
2797 5295 3122 5358 habuerunt,
3167 5311 3399 5363 emnque
3444 5296 3579 5346 cita-

2009 5374 2157 5426 runt,
2184 5364 2449 5436 dicentes,
2486 5366 2611 5436 to}:
2636 5364 2913 5436 τοιούτους
2945 5368 3025 5429 είς
3059 5365 3264 5435 κλῆρον
3291 5364 3578 5436 προσίεται⁸

2003 5436 2031 5487 6
2061 5432 2261 5487 κανών.
2322 5431 2461 5494 Non,
2504 5428 2660 5497 οὗτος
2702 5437 2730 5487 6
2755 5435 2953 5497 κανών,
2990 5438 3104 5501 sed,
3138 5428 3405 5497 δ’κανών,
3438 5448 3499 5485 ac
3528 5433 3576 5486 si

2006 5505 2296 5565 dixissent,
2331 5519 2505 5558 canon
2539 5508 2770 5560 antehac
2796 5505 2992 5572 editus,
3052 5515 3106 5559 et
3152 5507 3348 5573 cuique
3396 5512 3575 5565 notus,

2009 5575 2146 5628 tales
2184 5574 2233 5625 in
2264 5577 2468 5628 clerum
2498 5577 2753 5630 admittit.
2796 5574 2984 5631 Nullus
3022 5586 3200 5630 autent
3259 5576 3396 5627 alius
3446 5581 3577 5625 tunc

2011 5646 2273 5711 temporis
2326 5647 2577 5697 exstabat
2625 5661 2822 5708 canon,
2894 5661 3000 5712 quo
3052 5648 3151 5699 hoc
3226 5645 3576 5698 constitutum

2012 5719 2204 5787 latera},
2238 5716 2817 5787 praeteraposlolicum
2853 5716 3103 5787 2|,quent
3136 5714 3301 5787 igitur
3332 5714 3418 5769 hic
3464 5714 3575 5768 luu-

1994 5784 2127 5845 .dari
2160 5782 2276 5848 iure
2308 5784 2504 5842 merito
2537 5786 2841 5846 iudicamus
