3992 6480
401 302 510 365 2‘23

1511 304 1587 363 ΙΝ
1621 302 1787 363 CAN.
1838 303 1891 360 lI
1930 300 2143 362 CONC.
2171 302 2447 367 ΝΙΩΛέΝ.
2481 304 2528 364 Ι.

3546 310 3653 374 230

400 413 799 482 θεωρουμένων
850 414 1269 487 διαιρουμένων,
1324 412 1407 479 εἷς
1457 430 1517 466 τε
1553 414 1612 466 τὸ
1657 414 1893 481 λογικὸν,
1932 410 1974 462 τί

2095 427 2222 466 vero
2255 424 2368 467 t0to
2405 415 2525 468 vitm
2559 424 2797 484 tempore
2830 415 3094 488 segregati
3120 425 3264 480 sunt,
3320 417 3452 471 nihil
3499 436 3526 469 a
3570 420 3669 472 de-

398 506 826 575 ἐπιθυμητικὸν,
862 508 957 561 καὶ
991 509 1051 560 τὸ
1078 508 1329 578 θυμικὸν,
1365 507 1424 572 ἐξ
1456 506 1687 560 ἑκάστου
1712 507 1901 558 τούτου
1925 507 1981 558 al.

400 600 599 665 ἀρεταὶ
635 600 726 649 καὶ
751 601 807 651 αἱ
834 600 1024 653 κακίαι
1054 599 1330 669 πεφύκασι
1357 598 1621 668 φύεσθαι·
1654 600 1708 650 ai
1736 598 1832 667 μὲν
1855 598 1983 650 ὅταν

374 691 577 759 ορθῶς
605 693 701 744 καὶ
722 691 795 753 ὡς
822 693 971 763 παρὰ
999 694 1089 745 τοῦ
1117 690 1452 762 δημιουργοῦ
1477 693 1609 761 ἡμῖν
1633 690 1981 760 ὲνετέθησαν,

398 783 593 844 αὑταῖς
628 785 893 853 χρώμεθα
918 799 933 814 ⁶
969 786 1024 838 αἱ
1068 786 1125 838 δὲ
1172 785 1550 849 κακίαι,·ὅταν
1581 786 1771 847 αὑταῖς
1803 801 1982 854 παραο

398 870 687 940 χρώμεθα.
724 873 830 926 Τοῦ
861 874 960 943 μὲν
990 874 1083 928 οῦν
1112 874 1420 943 λογιστικοῦ
1458 875 1629 945 ἀρετὴ
1656 875 1748 928 καὶ
1782 875 1982 943 κατόρ-

400 962 561 1030 θωμα
606 967 638 1033 ἡ
678 964 949 1028 εὐσέϐεια,
999 967 1091 1019 καὶ
1128 969 1182 1019 αἱ
1221 968 1297 1035 τῷ
1333 968 1460 1035 θείῳ
1496 968 1801 1036 πρέπουσαι
1848 968 1982 1039 ἡμέ-

396 1070 556 1120 τεραι
604 1056 831 1119 ἔννοιαι,
872 1057 965 1109 καὶ
1006 1059 1038 1125 ἡ
1095 1056 1187 1109 τοῦ
1240 1056 1405 1109 καλοῦ
1471 1059 1565 1110 καὶ
1603 1059 1695 1110 τοῦ
1741 1058 1983 1128 χείρονος

394 1143 775 1214 ἀνεπισῳαλὴς
820 1146 1114 1216 διάκρισις,
1161 1149 1256 1200 καὶ
1290 1148 1343 1200 τί
1379 1149 1477 1218 μὲν
1514 1150 1790 1219 αἱρεῖσθαι
1840 1150 1979 1216 δέον,

396 1233 450 1286 τί
498 1234 556 1285 δὲ
608 1235 1044 1304 ἀποτρέπεσθαι.
1085 1238 1148 1288 Ἠ
1195 1236 1251 1289 δὲ
1302 1238 1365 1289 ἐκ
1411 1236 1615 1289 τούτων
1664 1237 1982 1300 ἁπόπτωσις

395 1326 567 1377 κακία
591 1327 686 1378 καὶ
710 1327 959 1397 ἁμαρτία
988 1329 1124 1382 ἐστί.
1155 1329 1259 1381 Τοῦ
1283 1329 1327 1381 δ’
1355 1328 1754 1399 ἐπιθυμητικοῦ
1781 1328 1981 1398 μέρους

392 1418 568 1489 ἀρετὴ
599 1420 661 1471 τὸ
692 1422 800 1471 τῶν
829 1420 996 1482 ὄντως
1024 1423 1155 1491 ἐρᾷν
1196 1420 1452 1490 ὀρεκτῶν,
1484 1422 1583 1491 τῆς
1612 1421 1782 1485 θείας,
1815 1420 1979 1489 φημὶ,

394 1511 643 1575 φύσεως,
694 1510 787 1562 καὶ
841 1511 949 1562 τῶν
975 1511 1209 1563 οἰκειοῦν
1244 1512 1390 1580 ἡμᾶς
1431 1513 1615 1582 ἐκείνῃ
1667 1512 1979 1581 δυναμένων

394 1601 675 1669 πράξεων.
722 1602 784 1655 Ἠ
810 1603 853 1655 δ’
878 1605 941 1655 ὲκ
971 1603 1176 1655 τούτων
1215 1605 1543 1674 παρατροπὴ
1575 1604 1666 1656 καί¹
1698 1605 1777 1666 εἰς
1813 1607 1979 1674 γήϊνα

393 1698 539 1767 φορὰ
563 1699 661 1767 τῆς
696 1700 989 1769 ἐπιθυμίας
1022 1701 1347 1770 ἁμάρτημα.
1394 1701 1625 1769 Ὁμοίως
1677 1702 1731 1754 δὲ
1762 1702 1852 1753 καὶ
1887 1701 1978 1753 τοῦ

390 1789 627 1859 Ουμικοῦ
669 1792 837 1861 ἁρετὴ
885 1793 916 1861 ἡ
958 1794 1093 1863 πρὸς
1146 1795 1243 1860 τὴν
1277 1795 1479 1846 κακίαν
1526 1794 1841 1855 ἐναντίωσις
1883 1796 1978 1845 καὶ

388 1881 686 1951 ἀπέχθεια,
726 1886 822 1937 καὶ
872 1884 933 1935 τὸ
988 1886 1124 1954 πρὸς
1172 1884 1271 1947 τὰς
1315 1884 1408 1937 τοῦ
1464 1882 1711 1953 σώματος
1770 1884 1979 1955 ὀρέξεις

388 1974 770 2037 ἀνθίστασθαι,
814 1977 905 2029 καὶ
954 1977 1144 2045 μέχρις
1173 1978 1408 2046 αἵματος
1456 1978 1588 2046 πρὶς
1645 1978 1743 2046 τὴν
1794 1978 1979 2048 ἁμαρ.

388 2065 511 2117 τίαν
534 2066 1041 2131 ἀντικαθίστασθαι,
1073 2069 1290 2121 καὶτοῦ
1333 2068 1496 2138 ὀρθοῦ
1545 2069 1703 2135 λόγου
1746 2068 1841 2121 καὶ
1881 2070 1980 2139 τῆς

388 2158 597 2225 ἀρετῆς
659 2161 992 2228 προμαχεῖν,
1050 2159 1145 2211 καὶ
1208 2160 1348 2229 μετὰ
1400 2161 1492 2212 τοῦ
1548 2161 1715 2213 Δαίῗιδ
1747 2160 1925 2228 λέγειν
1961 2178 1976 2193 ο

390 2243 580 2300 Εἶδον
607 2249 1084 2316 ἀσυνετοῦντας,
1120 2253 1217 2304 καὶ
1266 2252 1639 2321 ἐξετηκόμην
1669 2270 1682 2283 ο
1726 2254 1893 2307 κακία
1924 2253 1979 2305 δὲ

392 2340 428 2407 ἡ
482 2340 622 2408 πρὶς
664 2340 757 2391 τὸν
810 2341 1037 2411 πλησίον
1085 2342 1224 2413 ὀργὴ
1259 2384 1272 2407 ,
1314 2344 1495 2397 καὶτὸ
1545 2346 1719 2413 μῖσος,
1771 2345 1865 2397 καὶ
1921 2345 1977 2397 αἱ

392 2428 693 2495 φιλόνεικοι
751 2429 1039 2496 διαθέσεις,
1092 2436 1184 2484 καί
1248 2433 1303 2486 αἱ
1356 2435 1737 2502 μνησικακίαι.
1795 2433 1978 2499 Οὕτως

392 2515 514 2582 οὖν,
563 2521 638 2582 ὡς
698 2521 937 2591 εἴρηται,
976 2524 1039 2576 ἐκ
1095 2524 1203 2577 τῶν
1253 2524 1499 2595 ψυχικῶν
1533 2526 1815 2595 δυνάμεων
1870 2528 1977 2580 τῶν

394 2614 815 2680 ἁμαρτημάτων
866 2616 1293 2685 συνισταμένων,
1323 2615 1507 2679 καλῶς
1550 2618 1599 2669 oi
1637 2616 1769 2669 θεῖοι
1803 2618 1977 2669 Πατέ-

395 2720 486 2773 ρες
518 2704 727 2772 ψυχικὰ
757 2706 1044 2775 εἰρήκασιν
1067 2707 1467 2778 ἁμαρτήματα,
1502 2710 1596 2761 καὶ
1624 2707 1698 2778 τῷ
1751 2709 1978 2779 μεγάλῳ

396 2795 597 2864 Παύλῳ
638 2797 892 2865 ἑπόμενοι
944 2796 1154 2865 λέγοντι
1183 2813 1196 2828 ο
1251 2799 1423 2852 Ἔστι
1470 2798 1640 2868 σῶμα
1685 2799 1975 2867 ψυχικὸν,

392 2887 494 2938 καί
530 2887 663 2939 ἐστι
698 2886 868 2956 σῶμα
907 2890 1315 2958 πνευματικόν
1341 2907 1356 2922 ο
1390 2890 1618 2960 ψυχικὸν
1653 2892 1977 2961 ὀνομάζοντι

389 2978 451 3029 τὸ
476 2978 583 3029 ὑπὸ
619 2979 716 3047 τῆς
752 2980 930 3050 ψυχῆς
953 2982 1420 3050 ήγεμονευόμενον
1453 2982 1544 3034 καὶ
1574 2984 1976 3054 κυριαρχούμε-

2088 504 2277 574 positis
2336 504 2608 561 didertmt.
2673 506 2783 577 Ego
2846 523 2969 563 vero
3032 510 3104 563 ita
3166 524 3387 574 censeo,
3446 519 3664 578 peccata

2086 596 2632 665 0tnnia,-propterea
2684 600 2823 667 quod
2877 616 2939 652 ex
2992 600 3298 669 depravatis
3342 600 3535 652 animae
3589 604 3666 650 t'a-

2086 688 2375 751 cnltatibus
2394 697 2569 743 ortum
2595 691 2815 753 ducunt,
2846 691 3102 744 animalia
3133 692 3325 745 merito
3347 691 3449 743 diei
3488 707 3663 757 posse.

2086 779 2217 833 Cum
2248 780 2390 834 enim
2428 790 2535 835 tres
2568 782 2677 834 sint
2716 781 2881 835 animi
2914 782 3073 835 veluti
3125 791 3334 851 partes,
3374 781 3532 845 ratio,
3567 796 3660 833 cn-

2087 871 2309 941 piditas,
2355 871 2454 936 ira,
2494 886 2558 926 ex
2596 872 2786 925 harum
2834 872 3084 943 singulis,
3131 872 3359 926 virtutes
3402 888 3465 925 ac
3515 873 3663 936 Vitia,

2085 962 2318 1016 virtutes
2372 962 2613 1030 quidem,
2665 960 2709 1015 si
2749 970 2913 1024 recte,
2953 970 2999 1015 et
3038 978 3100 1015 ea
3138 977 3257 1030 qua:
3309 976 3338 1014 a
3375 961 3664 1015 Conditore

2085 1054 2399 1124 prwscripta
2434 1053 2557 1119 fuit,
2611 1055 2987 1108 moderatione
3032 1053 3269 1106 adhibita
3326 1053 3390 1105 iis
3423 1062 3662 1115 utamur,

2084 1146 2130 1200 si
2174 1160 2301 1199 vero
2332 1146 2521 1201 iisdem
2556 1146 2869 1212 abutamur,
2894 1146 3022 1198 vitia
3055 1143 3377 1198 nascuntur.
3415 1145 3663 1198 Rationis

2085 1239 2249 1310 igillll‘
2283 1240 2450 1293 virtus
2477 1250 2637 1308 atque
2666 1239 2897 1293 ofﬁcium
2929 1249 3032 1304 eet,
3064 1238 3256 1305 pietas,
3293 1252 3515 1306 qumque
3555 1253 3659 1289 nu-

2086 1332 2246 1387 minis
2284 1331 2550 1401 Majestati
2596 1332 2941 1396 conveniant,
2999 1329 3190 1382 animis
3239 1330 3436 1382 nostris
3488 1328 3661 1379 infor-

2058 1438 2242 1493 illam!
2269 1425 2535 1485 notiones,
2574 1432 2682 1476 tum
2720 1423 2858 1476 inter
2884 1423 3173 1475 honestum
3223 1436 3287 1474 ac
3317 1430 3487 1488 turpe,
3521 1422 3663 1472 inter

2085 1519 2137 1574 id
2168 1521 2310 1589 quod
2341 1520 2517 1588 sequi,
2550 1528 2641 1571 aut
2665 1518 2852 1588 fugere
2882 1526 3152 1585 oporteat,
3201 1525 3346 1569 recta
3399 1514 3658 1582 dijudica-

2087 1610 2177 1665 tio.
2206 1609 2332 1664 limo
2381 1609 2481 1663 nisi
2517 1616 2719 1672 teneat,
2760 1610 2810 1662 in
2846 1609 3035 1661 vilium
3079 1607 3394 1674 crimenque
3447 1604 3656 1658 delabi-

2086 1709 2193 1756 tnr.
2240 1700 2563 1770 Cupiditatis
2625 1700 2819 1754 deinde
2852 1699 3022 1754 virtus
3068 1705 3171 1763 est,
3215 1713 3275 1751 ea
3312 1711 3431 1764 quae
3476 1708 3660 1747 amore

2084 1808 2208 1847 vero
2243 1791 2409 1861 digna
2439 1801 2588 1856 sunt,
2627 1792 2863 1844 divinam
2897 1790 3104 1844 scilicet
3130 1797 3401 1852 naturam,
3431 1800 3659 1855 quaeque

2076 1872 2347 1953 imprimis
2407 1885 2650 1937 actiones
2698 1883 2872 1937 cidem
2935 1881 3226 1935 conciliare
3286 1893 3382 1933 nos
3435 1887 3659 1946 queant,

2081 1988 2267 2028 amore
2298 1974 2605 2042 complecti.
2640 1972 2759 2023 Alio
2791 1972 2832 2023 si
2870 1970 3171 2031 deﬂexerit,
3228 1976 3390 2036 atque
3438 1968 3502 2019 ad
3553 1974 3661 2017 ter-

2084 2080 2210 2120 rena
2269 2063 2535 2132 cupiditas
2587 2061 2896 2128 diverterit,
2949 2062 3178 2117 crimine
3242 2063 3658 2130 haudquaquam

2082 2157 2311 2211 carebit.
2356 2154 2686 2209 Pravitatem
2735 2156 2970 2224 denique
3006 2154 3207 2219 odisse,
3250 2154 3410 2224 eique
3460 2152 3658 2205 bellum

2058 2242 2283 2304 habere
2340 2264 2554 2319 semper
2620 2248 2920 2313 indictum,
2983 2247 3341 2316 appetitiones
3415 2242 3661 2312 corporis

2081 2356 2355 2405 coercere,
2384 2352 2435 2393 et
2466 2341 2531 2395 ad
2564 2355 2748 2395 necem
2802 2354 2973 2407 usque
3017 2338 3205 2393 sceleri
3256 2336 3555 2399 adversari,
3606 2340 3661 2386 et

2082 2448 2179 2502 pro
2232 2442 2378 2486 recta
2440 2433 2653 2486 ratione
2728 2445 2793 2485 ac
2857 2433 3136 2485 honestate
3201 2429 3657 2504 depugnarc,_ac

2081 2526 2301 2580 Davidis
2329 2526 2480 2589 illud,
2521 2523 2641 2578 Vidi
2669 2525 3092 2593 prazraricantes,
3138 2534 3185 2576 et
3237 2522 3562 2576 tabescebam
3589 2520 3655 2583 ³⁹,

2082 2633 2367 2687 usurpare,
2398 2616 2491 2671 ira:
2521 2617 2692 2670 virtus
2722 2625 2824 2670 est.
2856 2615 3082 2681 Eadem,
3111 2615 3201 2669 ubi
3238 2631 3296 2670 se
3325 2620 3378 2669 in
3425 2618 3655 2670 amicum

2084 2708 2346 2770 intendat,
2379 2708 2503 2761 odio
2534 2706 2874 2769 etfervescat,
2903 2716 2957 2760 et
2980 2706 3044 2759 ad
3082 2707 3462 2759 contentiones
3488 2723 3654 2775 prona

2084 2799 2308 2863 feratur,
2340 2798 2588 2867 iujuriam
2619 2799 2728 2851 alte
2778 2798 3054 2864 recondat,
3105 2798 3156 2850 in
3187 2799 3318 2850 vitio
3364 2807 3465 2852 est.
3517 2798 3652 2850 Cum

2082 2893 2245 2962 igitur
2273 2906 2337 2945 ex
2370 2891 2533 2944 animi
2591 2891 2960 2951 facultatibus,
3006 2902 3064 2942 ttt
3114 2889 3374 2951 diximus,
3427 2897 3654 2959 peccata

2083 2983 2402 3047 contlentur,
2449 2981 2569 3053 jure
2612 2993 2830 3051 peccata
2899 2982 3063 3034 divini
3124 2983 3335 3044 Patres,
3398 2982 3652 3034 animalia

390 3087 505 3132 νον,
540 3070 635 3122 καὶ
666 3074 786 3131 ταῖς
839 3075 1093 3140 φυσικαῖς
1150 3072 1322 3141 αὐτῆς
1374 3073 1622 3126 δουλεῦον
1656 3074 1969 3145 δυνάμεσιν,

2085 3077 2429 3129 nominavere
2463 3092 2477 3129 :
2509 3090 2761 3143 magnum
2813 3089 3028 3142 quoque
3084 3073 3308 3126 Paulum
3359 3084 3651 3140 sequentes

388 3162 638 3214 ἑκδιίοῦν
666 3181 722 3216 τε
780 3163 935 3237 θυμῴ
988 3166 1080 3218 καὶ
1129 3166 1417 3237 ἐπιθυμίᾳ,
1475 3166 1567 3218 καὶ
1614 3171 1722 3229 τοῖς
1757 3168 1967 3237 γηῒνοις

388 3258 788 3325 προστετηκὸς,
814 3260 908 3309 καὶ
938 3258 1088 3311 οὐδὲν
1120 3258 1261 3328 ὑπὲρ
1295 3258 1469 3312 ταῦτα
1500 3259 1753 3329 φρονοῦν.

2082 3169 2172 3238 qtti
2210 3169 2366 3230 dicit,
2407 3167 2499 3219 Est
2529 3183 2714 3233 corpus
2755 3166 3005 3227 animale,
3044 3175 3090 3217 et
3132 3176 3205 3218 est
3255 3181 3441 3232 corpus
3494 3166 3654 3232 spiri-

2078 3260 2220 3315 tuale
2258 3260 2326 3326 ⁸ο,
2359 3259 2590 3313 animale
2630 3259 2915 3312 nominans
2963 3260 3013 3313 id
3053 3259 3193 3327 quod
3238 3258 3427 3311 animze
3467 3258 3651 3321 ductu,

390 3353 734 3420 imperioque
768 3356 996 3424 regitur,
1033 3354 1217 3423 illique
1282 3355 1469 3410 inditis
1515 3373 1543 3408 ιι
1593 3368 1785 3411 natura
1839 3356 2182 3412 facultatibus
2237 3357 2504 3445 serviens,
2556 3356 2649 3410 irae
2699 3371 2777 3420 se,
2827 3355 3214 3424 cupiditatique
3265 3353 3548 3424 permittit,
3588 3368 3651 3407 ac

388 3448 625 3502 terrenis
656 3460 908 3519 perpetuo
937 3449 1152 3504 allixum
1187 3462 1288 3518 est,
1356 3461 1411 3507 et
1478 3454 1611 3507 nihil
1664 3471 1825 3525 supra
1884 3471 1946 3510 ea
1981 3458 2205 3528 cogitat.
2874 3450 2877 3453 Α

384 3583 622 3638 ΑΡΙΣΤ.
674 3587 738 3638 Οἱ
768 3585 837 3649 ἐξ
870 3586 1111 3641 ἐθνικοῦ
1161 3588 1305 3653 βίου
1331 3587 1417 3658 μὴ
1451 3591 1673 3660 ταχέως
1700 3595 1789 3658 εὶς
1816 3610 1959 3662 πρε-

447 3675 782 3743 σϐυτέρους·
804 3677 1182 3746 ἀγέσθωσαν·
1202 3679 1341 3748 δίχα
1366 3680 1478 3748 γὰρ
1499 3680 1608 3748 τῆς
1628 3682 1723 3736 διὰ
1740 3687 1962 3752 χρόνου

458 3767 818 3835 δοκιμασίας
856 3770 1043 3834 κακὸς
1067 3772 1099 3822 o'
1149 3772 1444 3839 νεόφυτος
1468 3811 1483 3825 .
1533 3773 1602 3827 Ei
1642 3773 1709 3827 δέ
1739 3791 1828 3839 τις
1866 3777 1963 3828 καὶ

455 3860 609 3927 μετὰ
648 3858 763 3927 τὴν
815 3862 1190 3927 χειροτονίαν
1238 3865 1590 3931 ἁμαρτήσας
1634 3866 1964 3935 ἀποδειχθῇ

462 3951 776 4017 πρότερον,
810 3951 1062 4020 ὕστερον
1095 3953 1206 4023 (40)
1237 3954 1447 4009 οὐτοσὶ
1475 3957 1803 4010 πεπαύσθω
1860 3958 1967 4011 τοῦ

461 4041 715 4111 κλήρου.

462 4158 547 4210 Τὰ
585 4157 722 4211 αὐτὰ
750 4156 827 4227 τῷ
873 4157 1213 4230 ὀγδοηκοστῷ
1260 4161 1446 4214 κανόνι
1475 4162 1583 4215 τῶν
1632 4163 1803 4233 ἁγίων
1835 4165 1969 4216 ano-

388 4250 596 4301 στόλων
625 4250 717 4302 καὶ
750 4251 777 4302 ὁ
807 4250 983 4303 κανὼν
1007 4244 1158 4313 οὗτος
1180 4251 1348 4320 λέγει,
1384 4254 1444 4306 τὸ
1476 4255 1567 4307 τὸν
1599 4254 1730 4326 ἄρτι
1771 4253 1969 4322 βαπτι-

389 4343 591 4395 suam
616 4344 691 4412 μὴ
721 4343 885 4405 εὐθὺς
911 4344 992 4406 εἰς
1022 4345 1331 4416 ἐπισκοπὴν
1359 4348 1392 4417 ἢ
1429 4350 1507 4411 εἰς
1541 4347 1967 4419 πρεσϐυτερεῖον

2073 3594 2305 3650 ARIST.
2381 3594 2486 3661 Qui
2530 3609 2597 3648 ex
2622 3594 2827 3648 et/tnica
2861 3594 2967 3646 vita
2988 3591 3246 3661 prodeunt
3279 3608 3341 3645 ne
3369 3592 3553 3643 statim
3582 3592 3651 3643 ad

2135 3690 2460 3758 presbyteros
2492 3695 2922 3755 promoveantur.
3000 3682 3145 3737 Nam
3191 3685 3302 3737 sine
3344 3684 3652 3751 probatione

2137 3797 2241 3849 qua
2273 3780 2334 3849 ﬁt
2360 3795 2643 3849 progressu
2698 3780 2966 3846 temporis,
3010 3778 3181 3829 malus
3227 3786 3301 3829 est
3346 3776 3647 3844 tteophytus.

2139 3870 2197 3925 Si
2220 3874 2337 3940 quis
2362 3882 2536 3925 autem
2565 3880 2613 3924 et
2640 3882 2751 3939 post
2781 3870 3170 3923 ordinationem
3192 3880 3345 3921 antea
3370 3868 3652 3937 deliquisse

2072 3966 2089 4034 ξ
2146 3973 2439 4033 compertus
2474 3966 2562 4030 sit,
2593 3974 2777 4033 postea
2806 3964 2890 4017 hic
2920 3964 3060 4017 clero
3098 3963 3416 4031 expellatur.

2145 4165 2345 4219 Eadem
2390 4178 2506 4232 qua:
2550 4164 2912 4228 oetogcsimus
2955 4177 3127 4217 canon
3169 4171 3481 4215 sanctorum
3516 4176 3647 4228 apo-
3718 4218 3723 4221 _

2085 4257 2369 4322 stolorum,
2403 4259 2488 4311 hic
2518 4272 2732 4325 quoque
2758 4272 2931 4309 canon
2958 4257 3106 4319 dicit,
3138 4255 3297 4308 modo
3324 4248 3647 4322 baptizatum

2075 4366 2181 4405 neu
2216 4350 2394 4406 subito
2428 4350 2491 4403 ad
2521 4349 2883 4419 episcopatum
2916 4358 3005 4401 ant
3058 4348 3652 4417 prcsbyteratnm'pro-

386 4438 552 4501 ἄγειν
577 4450 592 4466 ⁸
632 4434 716 4486 ’ίνα
752 4433 845 4504 μὴ,
893 4435 969 4499 ὡς
1001 4436 1276 4505 νεόφυτος,
1315 4439 1607 4507 τυφωθεὶς,
1654 4443 1735 4502 εἰς
1769 4439 1969 4507 παγίδα

2085 4440 2315 4507 moveri;
2358 4455 2457 4505 ne,
2504 4449 2561 4492 ut
2591 4440 2922 4510 neophytus,
2954 4438 3172 4491 inﬂatus
3195 4476 3209 4501 ,
3257 4438 3307 4490 itt
3336 4436 3533 4489 diaboli
3570 4436 3650 4489 la-

386 4528 490 4580 τοῦ
521 4526 768 4580 διαϐόλου
792 4527 888 4580 καὶ
923 4531 1096 4598 κρίμα
1123 4532 1359 4601 ἐμπέσῃ.
1386 4532 1479 4584 Δεῖ
1514 4532 1645 4598 γοῦν
1677 4532 1769 4584 τὸν
1798 4532 1977 4584 τοιοῦ-

387 4636 487 4671 τον
529 4619 666 4671 κατὰ
706 4618 797 4670 τὸν
836 4619 1122 4672 ἑνδέκατον
1152 4621 1352 4673 κανόνα
1372 4621 1470 4690 τῆς
1501 4623 1558 4674 ὲν
1594 4622 1830 4693 Σαρδικῇ
1850 4639 1977 4674 συν-

388 4712 513 4764 όδου
575 4711 839 4781 πρότερον
866 4711 945 4773 εἰς
980 4710 1213 4763 ἕκαστον
1240 4712 1472 4781 βαθμὸν,
1515 4713 1683 4783 ἤγουν
1723 4714 1973 4782 ἀναγνώ-

392 4820 545 4867 οτου,
599 4801 975 4866 ὑποδιακόνου,
1034 4802 1127 4854 καὶ
1172 4803 1281 4855 τῶν
1332 4802 1478 4873 ἑξῆς,
1549 4805 1829 4857 ἐκτελέσαι
1870 4804 1975 4859 κᾶν

394 4896 514 4958 ἐνὸς
542 4896 735 4965 χρόνου
771 4913 972 4965 μηκας,
1014 4899 1107 4950 καὶ
1136 4895 1332 4959 οὕτως,
1399 4899 1448 4948 εἰ
1488 4896 1633 4962 ἄξιος
1672 4897 1774 4966 τῆς
1828 4897 1977 4961 θείας

395 4986 701 5056 ἱερωσύνης
746 4989 928 5059 κριθῇ,
970 4989 1074 5057 τῆς
1111 4990 1375 5059 μεγίστης
1427 4988 1734 5042 ἀπολαῦσαι
1764 4992 1928 5059 τιμῆς
1953 5007 1966 5021 ·

394 5078 585 5148 ὥσπερ
610 5079 672 5148 δὴ
712 5079 871 5133 πάλιν
904 5080 996 5133 καὶ
1027 5081 1164 5148 μετὰ
1198 5081 1296 5151 τὴν
1324 5082 1679 5150 χειροτονίαν,
1708 5081 1756 5133 εί
1794 5081 1970 5152 ἁμαρ·

392 5169 566 5239 τήσας
588 5171 914 5241 ἀποδειχθῇ,
946 5172 1043 5240 τῆς
1071 5172 1226 5236 ἀξίας
1255 5172 1689 5240 μετακινεῖσθαι.

508 5372 551 5404 ³⁸
595 5370 735 5426 Psal.
777 5388 965 5439 cxvttt,
1000 5372 1127 5428 158.
1243 5372 1288 5403 δ’
1327 5372 1340 5425 l
1376 5373 1502 5428 Cor.
1534 5389 1621 5438 xv,
1655 5374 1745 5428 4ft.

2073 4548 2267 4602 queunt
2305 4543 2359 4587 et
2394 4532 2655 4600 judicium
2703 4533 2922 4586 incidat.
2985 4530 3208 4600 Oportet
3260 4532 3440 4599 itaque
3487 4532 3645 4584 talem

2069 4624 2223 4695 juxta
2286 4624 2631 4677 undecimum
2698 4637 2957 4678 canonem
3028 4621 3220 4691 synodi
3282 4620 3644 4681 Sardiccnsis,

2073 4715 2224 4785 prius
2257 4716 2308 4769 in
2343 4729 2672 4784 unoquoque
2700 4715 2888 4784 gradu,
2924 4729 3117 4780 nempe
3148 4713 3363 4769 lectoris
3391 4723 3445 4767 et
3474 4716 3649 4784 hypo-

2077 4807 2288 4861 diaconi
2319 4814 2372 4862 et
2401 4807 2733 4876 reliquorum
2769 4805 3126 4859 ministerium
3155 4819 3414 4875 peragere
3456 4807 3644 4858 saltem

2074 4898 2233 4953 unius
2258 4899 2515 4967 temporis
2547 4898 2803 4966 spatium,
2830 4906 2883 4949 et
2909 4896 3008 4962 sic,
3045 4898 3088 4949 si
3123 4898 3313 4965 dignus
3340 4896 3522 4949 divino
3551 4914 3643 4949 sa-

2078 4988 2316 5043 cerdmio
2334 4989 2629 5058 jttdicetur,
2655 4988 2905 5043 maxima:
2924 4989 3192 5057 particeps
3220 4987 3309 5040 ﬁat
3334 4988 3645 5055 dignitatis:

2082 5082 2223 5136 sicut
2261 5092 2441 5135 autem
2482 5083 2676 5135 iterum
2713 5090 2767 5133 et
2812 5090 2930 5149 post
2959 5082 3389 5145 ordinationem,
3434 5080 3477 5135 si
3516 5081 3649 5133 deii-

2079 5175 2260 5244 quisse
2294 5182 2602 5242 compcrtus
2630 5170 2812 5239 fuerit,
2844 5173 3108 5243 dignitate
3137 5183 3440 5227 amovetur.

1626 5526 1819 5588 Guill.
1858 5524 2186 5602 Beveregii
2224 5531 2414 5586 notae.

470 5657 580 5725 (40)
636 5659 953 5727 Πρότερον,
1005 5656 1283 5727 ὕστερον.
1342 5653 1397 5707 ln
1464 5652 1729 5727 Simeonis
1788 5650 1965 5727 Lago:

397 5722 1075 5796 tlte-tteepitoutehlegitttr,
1108 5722 1462 5797 ἢίπρότερον,
1490 5724 1522 5794 ἢ
1553 5722 1809 5795 ὕστερον.
1850 5723 1955 5776 Sed

2077 5658 2258 5727 nostra
2295 5645 2454 5703 lectio
2486 5651 2780 5719 genuinum
2814 5650 3039 5707 canonis
3073 5666 3290 5707 sensum
3331 5650 3519 5705 melius
3556 5666 3648 5705 cx-

2075 5730 2280 5787 prtmtt.
