3992 6480
478 422 584 489 235

1724 427 2004 490 TllEtlD.
2040 416 2446 489 'BALSAMUN

3605 438 3701 502 236

489 555 496 558 '
545 539 739 595 BALS.
806 522 1096 607 Constitui,
1139 537 1217 591 vel
1241 537 1494 610 suffragio
1527 539 1695 594 creari
1729 541 2034 610 episcopum

2214 539 2408 592 ΒΔΛΣ.
2439 541 2511 592 Τὸ
2559 541 2915 597 καθίστασθαι
2956 544 3076 614 ἦτοι
3105 544 3436 615 ψηφίζεσθαι
3489 550 3700 604 ἐπίσκο-

474 635 562 689 hic
582 634 754 686 visum
779 639 880 685 est.
915 630 1048 684 Cum
1079 629 1220 683 enim
1248 631 1544 684 antistitum
1565 631 1764 684 electio
1793 649 1818 682 ιι
1843 625 2040 685 civium

476 723 814 778 multitudine
860 720 987 775 olim
1026 721 1199 783 ﬁeret,
1259 719 1359 773 hoc
1407 719 1602 774 divinis
1649 719 1899 774 Patribus
1937 735 2039 773 non

472 817 688 887 placuit,
739 813 875 869 nea
928 813 1098 878 laicls,
1145 815 1316 867 sacris
1359 813 1719 868 dedicatorum
1762 814 2040 867 hoininuin

469 907 588 960 vita
613 905 1053 974 discerperetur:
1083 913 1137 957 et
1161 903 1540 967 decreverunt,
1578 918 1605 956 a
1631 905 2042 973 provincialibus

470 999 736 1067 episcopis
770 987 1192 1063 uniuscujusque
1234 996 1522 1064 provincia:
1553 997 1860 1065 episcopum
1893 996 2039 1064 eligi.

473 1089 527 1143 Si
564 1097 645 1143 est
677 1096 855 1142 autem
881 1091 982 1142 hoc
1005 1085 1240 1149 dillicile,
1269 1089 1784 1156 propterhonestam
1810 1087 2039 1155 aliquant

472 1181 714 1244 causam,
771 1182 850 1237 vel
893 1193 1116 1252 propter
1141 1182 1238 1235 viae
1275 1181 1688 1251 longitudinem:
1751 1198 1854 1238 non
1884 1183 2043 1236 aliter

471 1276 586 1330 ﬁeri
619 1275 961 1335 electionem.
1000 1275 1159 1344 quam
1197 1275 1240 1329 si
1273 1282 1378 1328 tres
1410 1274 1767 1342 provinciales
1803 1273 2037 1343 episcopi

468 1371 838 1433 convenerint,
888 1369 1149 1422 habentes
1195 1381 1291 1422 eos
1339 1367 1501 1421 etiam
1551 1365 1638 1435 qui
1688 1367 1885 1421 absunt
1935 1373 2036 1421 u'na

467 1457 778 1526 siiil‘ragium
824 1459 1082 1522 ferentes,
1129 1461 1222 1527 per
1251 1456 1548 1511 sententias
1578 1455 1791 1525 scriptis
1819 1457 2009 1510 manda
2023 1486 2037 1498 --

471 1561 598 1605 tas.-
625 1551 752 1619 Ejus
779 1559 956 1606 autem
974 1551 1390 1611 ordinationem,
1421 1548 1533 1602 sive
1555 1547 2035 1610 censecrationem,

469 1643 662 1710 primo,
699 1641 814 1694 sive
834 1639 1259 1708 metropolitano,
1292 1637 1510 1691 honoris
1529 1649 1686 1690 causa
1713 1635 2036 1699 tribuerunt,

473 1743 527 1786 et
553 1747 658 1786 non
682 1731 857 1785 solum
885 1728 1303 1793 ordinationem,
1337 1729 1429 1782 sed
1459 1737 1510 1781 et
1542 1727 1822 1782 electionis
1842 1727 2038 1780 οοιιῆτέ

467 1823 810 1877 litationem:-
857 1831 907 1875 et
951 1821 1154 1876 idcirco
1181 1837 1244 1874 ex
1281 1820 1451 1874 tribus
1480 1820 1690 1884 electis,
1748 1818 1840 1889 qui
1883 1818 2032 1872 ordi—

2146 645 2246 682 πον
2278 631 2514 684 ἐνταῦθα
2538 632 2802 688 δέδοκται.
2830 636 3028 688 ’Πάλαι
3073 639 3180 707 γὰρ
3237 639 3536 709 γινομένων
3599 641 3702 694 τῶν

2142 719 2339 794 ψήφων
2367 725 2476 776 τῶν
2499 724 2801 795 ἀρχιερέων
2828 727 2978 796 παρὰ
3007 727 3102 780 τοῦ
3157 729 3395 801 πλήθους
3445 733 3552 784 τῶν
3608 750 3700 786 πο·-

2143 813 2326 876 λιτῶν,
2353 816 2401 868 οἱ
2431 815 2562 869 θεῖοι
2610 818 2851 888 Πατέρες
2894 821 2992 874 οὐκ
3024 821 3333 892 ηὐδόκησαν
3385 824 3562 889 τοῦτο,
3623 825 3703 878 ἵνα

2265 903 2438 973 παρϊ
2458 905 2661 958 λαῖκῶν
2697 910 2996 979 ἀνθρώπων
3027 913 3054 963 6
3107 911 3215 966 τῶν
3246 915 3560 984 ἱερωμένων
3587 915 3699 968 δια-

2152 994 2391 1064 σύρηται
2427 996 2538 1065 βίος
2558 1014 2570 1028 °
2618 1000 2712 1051 καὶ
2737 1000 3053 1071 διωρίσαντο
3078 1005 3181 1056 ὑπὸ
3203 1004 3310 1057 τῶν
3345 1006 3698 1075 ὲπαρχιωτῶν

2151 1087 2466 1141 ἐπισκόπων
2497 1089 2733 1158 ἑκάστης
2783 1093 3055 1162 ἐπαρχίας
3084 1093 3417 1164 ψηφίζεσθαι
3458 1097 3547 1149 τὸν
3588 1099 3702 1150 ἐπί-

2145 1194 2367 1232 σκοπον.
2391 1179 2451 1230 ΕΞ
2475 1178 2533 1232 δὲ
2558 1179 2716 1232 τοῦτό
2745 1183 2857 1235 ἐστι
2888 1183 3146 1255 δυσχερὲς
3185 1186 3273 1239 διά
3307 1204 3428 1238 τινα
3479 1186 3701 1255 εΰλογον

2143 1271 2317 1324 αἰτίαν
2351 1272 2506 1342 ἦδιά
2537 1277 2712 1346 μῆκος
2743 1277 2865 1329 ὀδοῦ
2887 1294 2900 1306 °
2934 1279 3008 1350 μὴ
3049 1279 3224 1344 ἄλλως
3251 1280 3351 1352 τὴν
3389 1281 3568 1350 ψῆφον
3620 1282 3706 1349 γί-

2143 1363 2347 1427 νεσθαι,
2376 1365 2424 1416 εί
2463 1364 2953 1439 μὴσυνεισέλθωσι
3013 1373 3161 1441 τρεῖς
3193 1371 3532 1442 ἐπαρχιῶται
3582 1372 3702 1425 ιπε-

2145 1465 2358 1516 σκοποι,
2426 1457 2640 1524 ἔχοντες
2670 1459 2763 1511 καὶ
2804 1462 2928 1524 τοὺς
2981 1462 3584 1532 ἀπόνταςσυμψήφους
3621 1463 3706 1516 διὰ

2140 1547 2374 1616 γνωμῶν
2450 1549 2782 1618 ἐγγράφων.
2850 1553 2962 1620 Τὴν
3035 1553 3092 1605 δὲ
3172 1555 3506 1624 χειροτονίαν
3581 1556 3703 1607 τού·

2139 1651 2252 1699 του,
2283 1635 2403 1704 ἦτοι
2438 1639 2798 1712 ςκαθιέρωσιν,
2851 1642 3369 1712 ἐπεφιλοτιμὴσαντο
3392 1645 3469 1715 τῷ
3487 1645 3702 1717 πρώτῳ,

2140 1725 2257 1794 ἦτοι
2280 1727 2355 1796 τῷ
2390 1731 2776 1802 μητροπολίτῃ,
2811 1734 2902 1785 καὶ
2928 1735 2988 1786 ού
3028 1733 3186 1804 μόνον
3217 1735 3313 1805 τὴν
3338 1737 3698 1806 χειροτονίαν,

2145 1817 2282 1869 ἀλλὰ
2312 1818 2413 1870 καὶ
2439 1820 2497 1871 τὸ
2535 1819 2701 1890 κῦρος
2741 1825 2839 1892 τῆς
2873 1823 3074 1894 ψήφου,
3125 1827 3226 1878 Διὰ
3261 1830 3368 1898 γὰρ
3397 1828 3556 1891 τοῦτο
3613 1830 3704 1883 καὶ

468 1918 738 1970 nationem
799 1914 1039 1968 facturus
1086 1923 1186 1977 est,
1245 1912 1490 1968 declarat
1545 1926 1666 1966 eum
1718 1925 1876 1981 quem
1927 1912 2034 1981 ipse

2142 1909 2249 1960 ἀπὸ
2272 1909 2378 1962 τῶν
2407 1910 2574 1981 τριῶν
2622 1912 2728 1964 τῶν
2784 1914 3169 1985 ψηφιζομένων
3218 1918 3425 1986 γίνεται
3481 1921 3707 1990 μήνυμα

466 2008 598 2072 vult,
642 2017 696 2061 et
726 2022 829 2061 non
859 2021 923 2060 ex
963 2007 1304 2068 necessitate,
1359 2006 1449 2075 qui
1483 2005 1688 2075 primus
1727 2004 1931 2072 positus
1957 2011 2041 2058 est

464 2099 792 2170 deciaraly’r,
831 2105 897 2154 'et
941 2099 1142 2152 deinde
1190 2098 1402 2167 reliqui.
1467 2099 1530 2150 Et
1583 2097 1636 2151 in
1683 2096 1770 2150 his
1821 2095 2037 2164 quidem

464 2190 715 2246 consistit
736 2206 933 2245 canon.
988 2189 1216 2254 Quidam
1252 2196 1430 2241 autem
1461 2174 1879 2255 metropolitani,
1917 2200 2036 2239 cum

467 2289 701 2355 ipsorum
734 2287 1107 2356 episc0porutn
1139 2283 1401 2338 electione
1433 2282 1594 2347 facta,
1649 2281 1702 2335 in
1738 2282 1871 2335 urbe
1904 2281 2038 2334 alia.

464 2393 582 2430 rum
617 2377 819 2446 regina,
864 2392 984 2430 cum
1019 2365 1190 2430 tribus
1219 2375 1507 2445 episcopis,
1553 2374 1764 2439 alienis,
1796 2372 1876 2427 vel
1910 2387 2038 2442 pro.

463 2465 616 2536 priis,
661 2453 976 2522 creterorum
1023 2465 1432 2535 provincialium
1476 2466 1849 2534 episcottorum
1895 2462 2036 2516 nulla

466 2559 676 2612 ratione
706 2558 907 2623 habita,
942 2545 1256 2626 interrogati
1283 2567 1484 2622 essent,
1529 2556 1798 2626 quomodo
1823 2555 1926 2608 hoc
1956 2554 2038 2606 l'a-

466 2656 674 2714 c'erent,
731 2651 795 2703 ad
823 2651 902 2704 sui
943 2649 1314 2705 defensionem
1341 2650 1422 2704 usi
1455 2651 1581 2703 sunt
1617 2649 1682 2702 15
1739 2661 1861 2701 can.
1913 2660 2036 2716 syn.

462 2740 718 2810 ϐαι-11ης.
779 2739 848 2793 Et
887 2740 1002 2808 lege
1049 2733 1168 2809 qua:
1207 2740 1257 2793 in
1299 2753 1364 2794 eo
1406 2754 1611 2794 canone
1646 2740 1843 2808 scripta
1874 2747 2036 2800 sunt;

463 2843 518 2886 et
545 2832 814 2886 decimum
845 2843 1044 2884 nonum
1067 2844 1331 2885 canonem
1358 2823 1766 2898 Antidoln‘syn.
1829 2829 1893 2883 Et
1927 2830 2039 2902 haec

464 2924 702 2991 quidem,
735 2921 952 2990 quando
981 2919 1427 2989 metropolitanns
1457 2920 1650 2974 multos
1676 2919 2037 2989 provinciales

468 3015 738 3070 habuerit.
795 3011 890 3067 Sin
925 3007 1133 3075 autem,
1167 3020 1224 3065 ut
1251 3011 1405 3065 multi
1441 3011 1838 3080 metropolitani
1873 3025 2035 3086 unum

466 3116 676 3159 tantum
733 3103 813 3157 vel
861 3103 998 3156 duos
1052 3101 1412 3172 provinciales
1455 3101 1734 3171 episcopos
1784 3099 2032 3163 habeant,

461 3207 590 3252 tunc
635 3194 941 3250 necessario
993 3193 1080 3247 [iet
1113 3192 1304 3247 electio
1347 3207 1469 3247 cum
1499 3194 1564 3247 iis
1590 3193 1679 3260 qui
1711 3202 1833 3244 sunt
1869 3198 1923 3245 et
1952 3189 2035 3244 in-

457 3292 750 3346 veniuntur
778 3287 1196 3357 provincialibus
1230 3297 1282 3341 et
1311 3299 1431 3340 cum
1460 3286 1650 3340 alienis
1675 3284 1960 3353 episcopis.

2143 2002 2270 2070 περὶ
2307 2001 2402 2054 τοῦ
2435 2002 2721 2072 μέλλοντος
2759 2006 2991 2075 ποιῆσαι
3015 2009 3112 2078 τὴν
3163 2010 3517 2081 χειροτονίαν,
3572 2013 3707 2080 πρὸς

2139 2089 2258 2179 tvm,
2321 2093 2380 2145 ὃν
2425 2094 2671 2163 βούλεται
2711 2097 2913 2179 αὐτὸς,
2963 2102 3054 2152 καί
3108 2100 3205 2152 οὐκ
3237 2100 3294 2164 ἐξ
3352 2102 3620 2172 ἀνάγκης,
3680 2103 3708 2154 ό

2138 2174 2357 2254 επρῶτος
2387 2186 2567 2249 τεθεὶς
2603 2174 2893 2257 μηνύεται,
2932 2191 3026 2244 καὶ
3053 2190 3253 2259 ἐφεξῆς
3285 2194 3333 2244 οἱ
3365 2191 3562 2248 λοιποί.
3600 2192 3708 2245 Καὶ

2139 2276 2168 2326 ὁ
2208 2276 2306 2344 μὲν
2357 2277 2534 2342 κανὼν
2584 2280 2642 2332 ὲν
2701 2278 2937 2342 τούτοις.
2983 2281 3138 2345 Τινὲς
3165 2282 3222 2334 δὲ
3289 2285 3704 2354 μητροπολῖται,

2138 2365 2350 2436 ψήφους
2374 2368 2692 2424 ἐπισκόπων
2745 2370 3337 2444 αὐτῶνποιησάμενοι,
3375 2377 3454 2440 είς
3486 2376 3708 2445 τὴντῶν

2141 2458 2350 2510 πόλεων
2415 2460 2856 2529 βασιλεύουσαν,
2949 2466 3088 2534 μετὰ
3163 2467 3332 2538 τριῶν
3364 2469 3702 2520 -ὲπισκόπων

2141 2546 2461 2618 ἀλλοτρίων,
2493 2549 2526 2619 ἢ
2560 2552 2654 2603 καὶ
2683 2551 2850 2617 ἰδίων,
2880 2555 2974 2607 καὶ
3005 2555 3113 2607 τῶν
3170 2555 3375 2610 λοιπῶν
3429 2558 3710 2627 ιἰποιρχιω⁴

2139 2638 2249 2690 τῶν
2279 2641 2594 2694 ἐπισκόπων
2629 2643 2808 2695 αὐτῶν
2863 2645 2938 2714 μὴ
2984 2648 3434 2715 ἐπιστραφέντες,
3501 2650 3710 2719 ὲρωτη-
3734 2641 3750 2655 ’

2139 2731 2325 2793 θέντες
2349 2733 2499 2795 ὅπως
2528 2733 2686 2785 τοῦτο
2715 2735 2984 2799 ποιοῦσιν,
3008 2737 3308 2808 ἐχρήσαντο
3341 2741 3420 2802 εἰς
3452 2739 3708 2809 βοήθειαν

2139 2822 2215 2894 τῷ
2264 2831 2330 2891 ιγ’
2380 2826 2564 2879 κανόνι
2622 2827 2723 2896 τῆς
2777 2829 2838 2880 ὲν
2899 2830 3227 2904 Καρθαγένῃ
3304 2833 3548 2886 συνόδου.
3599 2833 3710 2886 Καὶ

2138 2915 2412 2980 ἀνάγνωθι
2455 2918 2524 2969 τὰ
2577 2919 2635 2970 έν
2665 2919 2858 2992 ἐκείνῳ
2879 2922 2956 2993 τῷ
3014 2924 3200 2978 κανόνι
3254 2929 3559 2996 γραφέντα,
3615 2930 3710 2980 xui.

2135 3008 2229 3060 τὸν
2275 3007 2341 3061 ιθ¹
2423 3010 2625 3064 κανόνα
2676 3013 2774 3082 τῆς
2830 3016 2888 3067 ἐν
2950 3016 3247 3089 Ἀντιοχείᾳ
3296 3020 3536 3075 συνόδου.
3601 3021 3709 3073 Καὶ

2136 3098 2454 3170 ταῦταμὲν,
2512 3103 2642 3155 ὅταν
2680 3105 2709 3155 ό
2741 3107 3144 3178 μητροπολίτης
3180 3110 3439 3181 εύποροίη
3498 3111 3710 3166 πολλῶν

2137 3191 2526 3263 ἐπαρχιωτῶν·
2562 3195 2707 3261 εἰδὲ,
2727 3196 2803 3258 ὡς
2831 3198 2881 3249 οἱ
2919 3198 3103 3251 πολλοὶ
3131 3199 3240 3253 τῶν
3273 3203 3708 3274 μητροπολιτῶν,

2060 3276 2101 3332 C
2136 3281 2232 3335 ἕνα
2263 3284 2608 3353 ὲπαρχιὼτην
2646 3287 2938 3341 ἐπίσκοπον
2969 3288 3184 3360 ἔχουσιν
3237 3293 3268 3361 ἢ
3315 3293 3429 3359 δύο,
3489 3297 3615 3349 τότε
3651 3297 3709 3363 ἐξ

460 3383 704 3451 ἀνάγκης
730 3379 1064 3450 γενήσεταιὴ
1087 3377 1265 3448 ψῆφος
1295 3377 1433 3447 μετὰ
1448 3393 1506 3428 τε
1531 3377 1637 3428 τῶν
1660 3374 1824 3427 ὄντων
1851 3378 1941 3426 καὶ
1966 3373 2368 3443 εὑρισκομένων
2391 3378 2766 3446 ὲπαρχιωτῶν,
2789 3381 2880 3432 καὶ
2905 3385 3042 3451 μετὰ
3059 3383 3350 3454 ἀλλοτρίων
3370 3387 3710 3443 ἐπισκόπων.

461 3471 482 3490 "
531 3469 786 3527 ZONSR.
844 3472 1026 3525 Primo
1061 3470 1253 3524 canoni
1305 3469 1673 3538 apostolorum
1706 3471 1848 3522 hunc
1875 3481 2041 3519 eano-

461 3559 585 3622 ncm
617 3563 911 3629 adversari,
966 3562 1105 3616 forte
1135 3561 1336 3631 aliquis
1367 3560 1700 3630 suspicetur.
1759 3559 1854 3613 lllo
1881 3572 2029 3630 naut-

465 3670 574 3726 que
598 3657 664 3710 ab
693 3653 1211 3724 episcopisduobus,
1251 3653 1508 3714 tribusve,
1539 3651 1638 3704 hoc
1665 3660 1843 3703 autem
1877 3647 2034 3700 trium

471 3745 765 3816 suffragio,
811 3744 1106 3798 accedente
1154 3744 1455 3797 absentium
1504 3742 1923 3812 approbatione,
1983 3748 2036 3818 et

464 3846 689 3886 assensu
716 3843 811 3897 per
829 3827 1036 3882 litteras
1065 3827 1385 3897 signiﬁcato,
1410 3826 1716 3895 episcopum
1742 3823 2031 3878 creandum

467 3937 594 3979 esse
641 3919 972 3974 decernitur.
1041 3917 1236 3972 Verum
1287 3915 1431 3970 nullo
1478 3916 1635 3970 modo
1678 3915 1818 3968 inter
1846 3929 1906 3970 se
1956 3914 2032 3984 (hi

464 4014 719 4079 canones)
767 4017 1030 4080 pugnant.
1095 4006 1404 4078 Apostolico
1443 4021 1675 4074 namque
1721 4005 1834 4069 illo,
1878 4019 2034 4058 erea-

468 4105 631 4158 tionis
667 4103 917 4166 neruine,
965 4098 1299 4153 consecratio
1367 4113 1726 4165 manuumque
1763 4095 2034 4165 itnpositio

465 4175 828 4265 signiﬁcatur:
862 4191 1023 4262 hujus
1049 4206 1176 4246 vero
1197 4191 1384 4261 synodi
1403 4206 1597 4257 canon,
1628 4189 2030 4244 constitutionis

409 4350 423 4369 .
462 4300 528 4340 ac
557 4283 855 4338 'creationis
892 4298 1023 4337 voce
1056 4283 1374 4338 electionem
1404 4282 1670 4350 intelligit.
1727 4281 1808 4334 Ac
1843 4282 2030 4336 decer-

461 4376 543 4430 nit
585 4390 688 4430 non
743 4375 900 4431 aliter
939 4374 1257 4429 electionem
1306 4373 1563 4427 antistitis
1607 4373 1718 4426 Iieri
1768 4373 1868 4426 nisi
1921 4383 2028 4426 tres

2213 3465 2460 3519 ΖΩΝΛΡ.
2515 3469 2916 3526 Ἑναντιοῦσθαι
2949 3473 3149 3538 δόξειεν
3174 3476 3238 3529 ἂν
3263 3480 3289 3530 ό
3311 3478 3502 3550 παρὼν
3527 3479 3708 3534 κανὼν

2141 3555 2218 3624 τῷ
2247 3558 2450 3628 πρώτῳ
2474 3562 2656 3614 κανόνι
2689 3564 2797 3615 τῶν
2823 3564 2984 3633 ἱερῶν
3010 3567 3344 3625 ἀποστόλων.
3384 3571 3442 3624 '0
3475 3572 3575 3642 μὲν
3599 3567 3735 3643 γὰρ’

2139 3649 2438 3702 ἐπίσκοπον
2503 3656 2934 3721 χειροτονεῖσθαι
2993 3658 3101 3710 ὑπὸ
3161 3661 3472 3716 ἐπισκόπων
3523 3664 3621 3717 δύο
3676 3665 3709 3736 ἢ

2137 3741 2305 3810 τριῶν
2327 3742 2671 3798 διατάττεται
2695 3763 2708 3776 ·
2734 3742 2886 3812 οὗτος
2912 3749 2970 3802 δὲ
3000 3751 3103 3804 ὑπὸ
3144 3737 3331 3825 τριῶν,
3394 3758 3711 3811 συναινούν-

2135 3849 2244 3886 των
2267 3835 2362 3886 καὶ⁵
2388 3835 2498 3887 τῶν
2525 3837 2794 3904 ἀπόντων,
2823 3845 2918 3894 καὶ
2953 3844 3355 3914 συντιθεμένων
3382 3849 3470 3902 διὰ
3520 3867 3710 3921 γραμ-

2141 3923 2359 3993 μάτων·
2405 3925 2519 3978 ἀλλ⁹
2550 3928 2650 3980 οὐκ
2710 3931 2845 3982 εἰσιν
2906 3933 3165 3986 ἐναντίοι·
3202 3938 3231 3989 ό
3289 3937 3388 4007 μὲν
3444 3940 3551 4010 γὰρ
3599 3943 3710 3996 τῶν

2139 4016 2308 4084 ἁγίων
2345 4018 2660 4072 ἀποστόλων
2698 4024 3034 4091 χειροτονίαν
3085 4026 3184 4095 τὴν
3231 4030 3558 4101 καθιέρωσιν
3615 4034 3712 4088 καὶ

2138 4107 2480 4178 χειροθεσίαν
2545 4111 2842 4180 ὀνομάζει-θ
2897 4115 2926 4168 ὁ
2963 4116 3020 4167 δὲ
3054 4117 3153 4186 τῆς
3222 4120 3442 4197 συνόδου
3499 4123 3712 4194 ταύτης

2137 4198 2316 4250 κανὼν
2355 4202 2684 4254 κατάστασιν
2711 4203 2804 4256 καὶ
2835 4207 3169 4275 χειροτονίαν
3215 4208 3316 4281 τὴν
3373 4210 3552 4281 ψῆφον
3603 4231 3713 4266 κα-

2137 4285 2240 4340 λεῖ.
2279 4289 2388 4340 Καὶ
2435 4289 2734 4360 διορίζεται
2790 4293 2863 4362 μὴ
2893 4293 3070 4358 ἄλλως
3106 4297 3407 4370 ἀρχιερέως
3457 4303 3709 4369 γίνεσθαι

2137 4377 2414 4458 ψήφισμα,
2450 4381 2498 4431 εἰ
2527 4381 2602 4451 μὴ
2632 4386 2781 4452 τρεῖς
2815 4384 2954 4454 ὁμοῦ
2991 4387 3317 4444 συνέλθωσιν
3349 4392 3563 4462 ἔχοντες
3613 4397 3709 4449 καὶ

460 4457 622 4522 ἒῐηιιιι
663 4457 1045 4531 convenerint,
1107 4481 1226 4520 cum
1277 4466 1473 4534 quibus
1517 4464 1764 4537 absentes
1817 4479 2029 4534 quoque

2139 4471 2263 4531 τοὺς
2302 4473 2539 4536 ἁπάντας
2568 4475 2981 4544 συντιθεμένους
3011 4481 3100 4533 διὰ
3129 4457 3506 4552 γραμμάτων
3538 4487 3712 4556 ἧγουν

462 4572 556 4626 per
588 4556 800 4610 litteras
840 4558 1204 4624 paciscantur,
1257 4556 1357 4610 hoc
1403 4565 1506 4620 est,
1556 4556 1870 4612 electionem
1915 4573 2035 4626 qnze

462 4659 491 4696 a
547 4643 723 4700 tribus
775 4646 867 4713 qui
922 4645 1279 4699 convenerint
1332 4653 1634 4715 peragetur,
1710 4661 1766 4700 se
1821 4661 2036 4716 quoque

465 4737 856 4805 approbaturos
889 4751 1008 4791 esse
1031 4736 1400 4804 proﬁteantur.
1437 4737 1582 4793 Latis
1604 4753 1726 4793 vero
1749 4739 2036 4809 suffragiis,

463 4823 952 4894 conﬁrmationem,
1005 4827 1106 4880 hoc
1140 4836 1222 4882 est
1247 4829 1636 4884 absolutionem
1667 4831 1870 4899 operis,
1923 4849 2036 4883 ma-

467 4920 1170 4990 nuuntqueimpositionem,
1193 4924 1717 4993 consecrationisqne
1734 4925 1820 4994 jus
1843 4936 2036 4977 metro-

467 5010 708 5079 politano
735 5010 1023 5080 provincite
1052 5013 1425 5078 adjudicat,’ut
1454 5017 1520 5066 ab
1548 5031 1610 5067 eo
1636 5016 1824 5069 electio
1843 5016 2038 5068 contir-

468 5091 665 5158 metur.
717 5102 1079 5158 Conﬁrtnatur
1129 5121 1190 5159 ea
1240 5121 1418 5174 porro,
1465 5123 1586 5160 cunt
1635 5124 1820 5171 unum,
1875 5123 2036 5176 quem

464 5198 584 5266 ipse
623 5198 925 5252 ex-electis
998 5197 1326 5265 approbarit,
1376 5199 1584 5252 duobus
1630 5200 1914 5268 episc0pis,
1942 5203 2038 5254 tri-

2139 4562 2565 4630 ὁμυλογοῦντας.
2624 4565 2706 4618 ὅτι
2749 4567 2970 4636 ἕψονται
3021 4572 3264 4627 κάκεῖνοι
3303 4577 3369 4644 τῇ
3427 4578 3573 4644 παρὰ
3602 4578 3715 4629 τῶν

2137 4655 2306 4723 τριῶν
2331 4653 2464 4722 ὁμοῦ
2490 4655 2860 4724 συναχθέντων
2888 4663 3229 4733 γενησομένη
3252 4663 3440 4734 ψήφῳ.
3468 4667 3624 4719 Μετὰ
3656 4668 3713 4719 δὲ

2138 4745 2236 4814 τῆν
2257 4745 2433 4814 ψῆφον
2454 4745 2511 4798 τὸ
2531 4747 2714 4818 κῦρος,
2731 4750 2851 4817 ἦτοι
2867 4751 2965 4818 τὴν
2983 4751 3410 4825 τελεσιουργίαν,
3427 4759 3516 4810 καὶ
3533 4775 3715 4829 χειροο

2140 4835 2323 4888 θεσίαν
2343 4836 2437 4888 καὶ
2465 4837 2902 4908 καθιέρωσιν,τῷ
2931 4845 3296 4919 μητροπολίτῃ
3317 4850 3419 4919 τῆς
3441 4851 3716 4920 ἐπαρχίας

2141 4927 2374 4992 δίδωσιν,
2429 4928 2568 4982 ὥστε
2640 4932 2769 5000 παρ’
2811 4935 3015 4988 ἐκείνου
3049 4937 3342 5006 κυροῦσθαι
3370 4938 3468 5005 τὴν
3489 4941 3672 5012 ψῆφον
3701 4961 3713 4974 ι

2142 5018 2404 5086 κυροῦται
2445 5019 2500 5071 δὲ
2527 5021 2657 5073 ὅταν
2697 5021 2792 5075 ’ένα
2817 5024 2924 5078 τῶν
2945 5015 3346 5096 ψήφισθέντων,
3394 5030 3452 5086 ὃν
3497 5034 3711 5096 ἐκεῖνος

2145 5110 2834 5187 ἐκλέξεται,χειροοετήσῃ
2892 5119 3013 5187 μεθ’
3070 5121 3269 5190 ἑτέρων
3302 5123 3395 5176 δύο
3453 5125 3486 5194 ἢ
3543 5125 3716 5195 τριῶν

2147 5205 2484 5269 ἐπισκόπων,
2516 5206 2656 5264 κατὰ
2687 5207 2776 5261 τὸν
2805 5211 3160 5267 άποστολικὸν
3189 5217 3408 5271 κανόνα.

469 5289 634 5370 busve
681 5306 745 5345 ex
766 5302 778 5308 "
802 5289 1078 5360 apostolici
1136 5291 1358 5344 canenis
1418 5290 1733 5358 praescripto
1787 5291 2039 5347 adhibitis
2080 5310 2330 5349 mztllttUtll
2360 5295 2700 5364 ἱιιῳυδὶιίυηθ
2723 5306 3139 5360 consecraverit.

1688 5437 1872 5500 Guill.
1915 5442 2238 5522 Beveregii
2272 5453 2462 5506 notae.

465 5549 559 5606 οὖν
595 5549 690 5605 ἒνα
746 5555 1060 5630 καλέ-μόνον
1111 5554 1489 5630 ἀποδεδεῖχθαι
1517 5557 1887 5630 Παλαιϐίσκης
1919 5562 2036 5613 ἐπί-

468 5639 672 5701 σκοπον
707 5639 723 5656 ο
769 5624 894 5701 αλλ’
951 5626 1104 5701 οὐδὲ-
1128 5625 1316 5678 τοῦτον
1374 5627 1694 5694 ἐνθέσμως.
1754 5624 2034 5701 exempto;

467 5695 570 5767 μέν
599 5691 736 5767 οὖν,⁸
765 5695 864 5767 ὅσα
893 5710 958 5762 γε
1034 5695 1147 5767 τῶν
1211 5699 1485 5765 γερόντων
1536 5691 1869 5767 ’ἠκούσαμεν
1888 5743 1900 5760 ,
1919 5691 1931 5701 ’
1983 5705 2031 5755 εί

471 5765 610 5838 μήτε
637 5766 693 5818 έν
711 5763 1090 5838 Ἀλεξανδρεία
1109 5763 1374 5838 κατέστη,
1407 5769 1546 5836 μήτε
1579 5763 1726 5837 παρὰ
1745 5763 1914 5838 τριῶν
1943 5773 2032 5822 ὲν-

469 5836 617 5893 Θάόε,
652 5838 745 5889 καὶ
805 5837 855 5889 ει
900 5836 961 5888 τὸ
1005 5836 1256 5907 σύνθημα
1297 5838 1396 5909 τῆς
1435 5836 1788 5908 χειροτονίας
1815 5841 2026 5896 ἐκεῖθεν

2144 5564 2374 5644 ἐδέδοτοἶ
2416 5565 2606 5633 Syncs.
2667 5566 2939 5631 epist.(i7.
3005 5568 3143 5634 Quin
3185 5570 3482 5644 hisverbis
3537 5572 3719 5644 Syne-

2145 5638 2258 5706 sius
2311 5639 2374 5706 ad
2420 5645 2732 5706 pi-u‘senlctn
2785 5643 3332 5706 canouem'respexit,
3387 5638 3720 5700 nullus-du-

2142 5705 2280 5757 bito.
2316 5705 2444 5779 Nam
2479 5708 2617 5757 diota
2667 5705 2970 5760 l'alwbisca:
3015 5705 3253 5779 episcopi
3284 5713 3553 5768 ordinatio
3578 5730 3718 5768 con-

2143 5787 2222 5826 tra
2257 5784 2307 5827 et
2340 5778 2588 5852 priorem
2641 5785 2688 5826 et
2729 5779 3078 5842 posteriorem
3129 5778 3282 5850 hujus
3327 5784 3546 5837 cat‘tonis
3587 5800 3718 5852 par—

2148 5857 2254 5900 tem
2288 5845 2526 5900 adinissa
2555 5854 2633 5900 est
2663 5853 2845 5914 utpote
2874 5862 2992 5914 (μισ)
3025 5863 3124 5904 nec
3162 5845 3397 5907 a'tribus
3441 5845 3716 5924 (ιρίδοὶψίδ
