3992 6480
318 531 323 536 -
394 486 498 552 239

1647 471 1923 535 THEOD.
1958 470 2361 533 BALSAMON
2382 488 2387 517 ι

3533 465 3644 528 240

395 603 553 656 annis
596 594 833 668 episcopi
887 607 1076 648 omnes
1121 591 1259 661 apud
1310 590 1542 660 primum
1591 604 1657 646 ex
1702 590 1837 659 ipsis
1884 587 1967 643 bis

2076 586 2274 650 αὐτῶν,
2308 582 2393 652 ἐφ’
2419 576 2464 651 ᾧ
2524 578 2753 635 λύεσθαι
2791 579 2863 635 τὰ
2920 578 3052 653 περὶ
3108 578 3219 633 τῶν
3255 576 3643 647 ἀκοινωνήτων

394 692 745 754 conveniant,
801 686 868 742 ad
916 683 1202 740 solvendas
1254 681 1616 737 dubitationes
1650 682 1715 737 de
1748 696 1968 735 excom-

397 782 705 847 municatis,
771 789 825 833 et
878 777 1114 846 reliquas
1174 773 1569 830 ecclesiasticas
1616 773 1965 843 qnzestiones.

392 875 677 931 Acerbitas
709 881 888 926 autem
922 870 1008 924 hic
1034 866 1262 937 apellata
1295 873 1378 919 est
1418 864 1583 919 animi
1610 863 1965 933 perturbatio.

395 968 658 1022 (Im-terum
712 977 830 1030 qua:
862 961 926 1015 de
957 957 1150 1012 annuis
1189 954 1408 1027 synodis
1446 955 1545 1008 hoc
1589 967 1796 1007 canone
1842 968 1971 1007 con-

396 1060 657 1122 tinentur,
703 1054 802 1108 hoc
843 1052 959 1106 loco
996 1050 1301 1105 accuratius
1335 1062 1363 1100 a
1401 1046 1555 1101 nobis
1586 1045 1826 1115 exposita
1863 1059 1967 1098 non

392 1159 536 1212 sunt,
586 1156 644 1201 ut
690 1161 811 1215 qua:
858 1160 963 1199 non
999 1143 1107 1197 sint
1141 1143 1194 1196 in
1227 1156 1357 1195 usu:
1403 1149 1457 1195 et
1509 1139 1652 1210 quod
1686 1138 1719 1194 8
1766 1152 1971 1193 canone

392 1240 584 1310 synodi
643 1253 762 1307 quae
822 1235 920 1289 fuit
974 1235 1027 1289 in
1081 1233 1287 1301 Trullo,
1343 1243 1399 1288 et
1454 1231 1705 1287 similiter
1749 1228 1969 1285 Novella

394 1330 685 1386 Iustiniani
724 1330 838 1385 sive
881 1326 952 1383 ΞΟ
1001 1336 1053 1381 et
1093 1325 1158 1380 9.1
1219 1325 1392 1395 capite
1432 1325 1591 1395 primi
1640 1325 1723 1379 tit.
1766 1323 1821 1390 3,
1869 1322 1967 1378 lib.

392 1425 673 1481 Basilicor.
724 1430 990 1477 statutum
1040 1429 1141 1485 est,
1183 1427 1241 1474 ut
1274 1418 1439 1474 semel
1477 1428 1684 1474 tantum
1715 1417 1972 1491 conveni-

394 1524 517 1570 rent
559 1515 821 1583 episcopi.
882 1512 1022 1582 Lege
1064 1520 1119 1566 et
1152 1510 1251 1565 ista
1283 1509 1482 1579 capita.
1540 1509 1734 1575 Qurere
1762 1517 1817 1562 et
1845 1520 1967 1559 can.

395 1604 462 1656 14
492 1597 1005 1671 synodi‘Sardicen.
1074 1594 1217 1666 Lege
1265 1604 1325 1649 et
1368 1593 1402 1649 8
1451 1607 1574 1664 cap.
1627 1592 1711 1647 tit.
1767 1590 1802 1646 8
1835 1605 1973 1661 ρηο-

393 1693 565 1748 sentis
602 1694 804 1760 operis.

463 1865 719 1921 ZONAR.
771 1862 1091 1917 Sanctorum
1141 1875 1354 1932 quoque
1401 1859 1767 1929 apostolorum
1817 1859 1968 1915 multi

2068 677 2371 748 ἀμφίϐολα,
2432 679 2529 730 καὶ
2591 674 2757 729 λοιπὰ
2811 671 3246 745 ἐκκλησιαστικά
3314 671 3640 744 ζητήματα.

2082 770 2274 841 Ἀηδία
2309 769 2365 822 δὲ
2391 766 2686 838 ὠνομάσθη
2719 764 2960 822 ἐνταῦθα
2988 768 3022 838 η
3051 764 3351 837 ἐμπάθεια.
3399 764 3483 818 Τὰ
3515 766 3644 834 μέν.

2069 878 2152 917 τοι
2176 860 2582 933 περιερχόμενα
2620 861 2699 930 τῷ
2731 858 2965 931 παρόντι
2994 858 3182 913 κανόνι
3204 856 3463 926 περὶτῶν
3513 858 3646 926 ἐτη-

2072 954 2455 1023 σίωνζσυνόδων
2486 954 2995 1025 άγωνιστικώτερον
3023 953 3084 1007 οὐ
3114 953 3485 1024 διελήφθησαν
3506 952 3647 1019 παρ’
3710 990 3713 991 ν

2068 1049 2228 1122 ἡμῶν
2309 1036 2595 1115 ἐνταυθοῖ,
2632 1047 2707 1111 ὡς
2761 1047 2835 1119 μὴ
2890 1044 3238 1117 ἐνεργοῦντα,
3290 1045 3383 1099 καὶ
3409 1045 3490 1099 ὅτι
3533 1043 3649 1097 ἀπὸ

2068 1142 2162 1196 τοῦ
2178 1139 2230 1213 η’
2280 1142 2503 1204 κανόνος
2531 1141 2631 1211 τῆς
2661 1142 2719 1195 ἐν
2740 1140 2819 1209 τῷ
2842 1140 3096 1211 Τρού).λῳ
3123 1138 3360 1202 συνόδου,
3383 1134 3649 1198 ὡσαύτως

2070 1234 2168 1290 κα)⁹
2194 1231 2301 1287 άπὸ
2325 1232 2758 1287 Ἰουστινιανείου
2792 1231 2901 1287 Νεα
2913 1231 3032 1301 ρᾶς,
3060 1230 3178 1301 ἤτοι
3205 1227 3299 1282 τοῦ
3354 1228 3405 1281 κ’
3428 1228 3526 1281 καὶ
3556 1224 3647 1280 κα¹

2072 1328 2374 1397 κεφαλαίου
2398 1327 2496 1380 τοῦ
2542 1323 2591 1380 α’
2616 1324 2796 1378 τίτλου
2820 1322 2916 1377 τοῦ
2942 1322 2992 1392 γ’
3020 1322 3228 1394 βιϐλίου
3253 1321 3363 1374 τῶν
3419 1319 3646 1372 Βασιλι-

2070 1419 2204 1484 κῶν,
2229 1420 2461 1490 ὥρισται
2506 1416 2656 1482 ἅπαξ
2722 1415 3082 1487 συνέρχεσθαι
3119 1415 3248 1475 τοὺς
3284 1411 3640 1473 ἐπισκόπους.

2072 1512 2184 1567 Καὶ
2224 1509 2502 1580 ἀνάγνωθι
2562 1510 2631 1564 τὰ
2680 1508 2906 1563 τοιαῦτα
2932 1524 3059 1578 κεφ.
3112 1506 3273 1577 Ζήτει
3309 1504 3404 1558 καὶ
3449 1504 3542 1557 τὸν
3560 1502 3644 1567 λζ’

2073 1605 2279 1658 κανόνα
2310 1605 2419 1658 τῶν
2455 1601 2627 1670 ἁγίων
2656 1600 2993 1665 ἀποστόλων,
3046 1600 3136 1653 τὸν
3180 1597 3238 1651 ιδ’
3282 1596 3487 1652 κανόνα
3536 1594 3644 1664 τῆς

2071 1697 2131 1750 ἐν
2182 1696 2417 1768 Σαρδικῇ
2465 1694 2707 1748 συνόδου.
2776 1691 3078 1761 Ἀνάγνωθι
3133 1691 3223 1743 καὶ
3267 1689 3331 1743 τὸ
3378 1693 3429 1760 η’
3471 1687 3652 1757 κεφά-

2070 1788 2223 1843 λαιον
2273 1788 2370 1841 τοῦ
2441 1785 2494 1854 η’
2534 1786 2718 1839 τίτλου
2768 1782 2863 1838 τοῦ
2921 1784 3189 1855 παρόντος
3241 1780 3644 1850 συντάγματος.

2143 1881 2388 1937 ΖΩΝΑΡ.
2402 1880 2631 1937 Καὶτῶν
2646 1880 2815 1948 ἁγίων
2832 1877 3145 1931 ἀποστόλων
3158 1875 3401 1945 διάφοροι
3420 1875 3650 1935 κανόνες

393 1974 655 2022 canones,
698 1957 786 2024 qni
818 1970 844 2007 a
881 1954 995 2008 suis
1028 1952 1295 2021 episcopis
1324 1951 1591 2021 segregati
1631 1960 1782 2017 sunt,
1817 1964 1910 2004 eos
1937 1965 1965 2003 a

2076 1977 2492 2047 διαλαμϐάνουσι
2517 1976 2591 2044 μὴ
2612 1973 2861 2044 δέχεσθαι
2879 1974 3030 2043 παρά
3052 1988 3206 2024 τινων
3223 1971 3348 2031 τοὺς
3374 1969 3525 2041 παρά
3537 1966 3649 2021 τῶν

394 2054 609 2106 nemine
654 2050 719 2101 ad
744 2045 1177 2102 communionem
1219 2044 1428 2097 admitti
1457 2043 1621 2097 licere
1651 2043 1967 2097 decernunt.

396 2142 661 2210 Quoniam
696 2153 819 2191 vero
850 2138 1283 2206 segregationem
1307 2134 1713 2189 immerentibus
1742 2134 1969 2203 irrOgari

392 2233 715 2304 quandoque
747 2230 1028 2297 contingit,
1078 2228 1147 2281 ob
1180 2227 1295 2295 ejus
1326 2225 1483 2289 forte,
1531 2225 1619 2295 qui
1647 2226 1969 2295 segregavit,

395 2324 756 2384 iracundiam,
798 2320 880 2374 vel
926 2320 1282 2383 simultatem,
1334 2330 1423 2371 aut
1452 2320 1522 2373 ob
1552 2318 1717 2372 animi
1759 2329 1972 2387 pertur-

391 2418 666 2473 bationem
704 2414 964 2482 aliquam,
1022 2427 1183 2482 quam
1215 2421 1267 2466 et
1296 2413 1643 2467 acerbitatem
1674 2411 1759 2465 hic
1794 2412 1972 2466 nomi-

397 2512 568 2574 navit,
616 2507 820 2563 idcirco
853 2507 996 2560 hunc
1029 2518 1289 2560 canonem
1324 2504 1463 2558 sacri
1498 2502 1687 2557 Patres
1733 2502 1969 2568 edidere,

395 2621 504 2676 quo
563 2604 991 2673 segregationes,
1044 2599 1470 2670 quandocunque
1523 2597 1733 2652 scilicet
1785 2595 1822 2649 ii
1878 2597 1967 2666 qui

397 2698 665 2768 segregati
700 2704 845 2761 sunt,
876 2694 1071 2761 injuste
1096 2708 1156 2749 se
1189 2693 1257 2746 ab
1280 2707 1345 2746 eo
1373 2692 1461 2761 qui
1493 2691 1793 2760 segregavit
1826 2705 1974 2743 com-

400 2787 652 2842 munione
692 2796 867 2840 motos
897 2799 1020 2839 esse
1064 2793 1486 2852 conquerantur,
1543 2780 1846 2837 examinari
1887 2782 1974 2850 ju—

396 2880 546 2935 bent.
600 2875 730 2931 Eam
761 2889 887 2931 vero
911 2890 1090 2930 causze
1120 2874 1575 2943 disquisitionem,
1618 2889 1645 2926 a
1682 2874 1974 2942 provincize

398 2970 668 3039 episcOpis
720 2968 992 3033 omnibus,
1050 2976 1144 3021 aut
1200 2975 1347 3021 certe
1403 2966 1448 3021 si
1509 2964 1600 3035 qui
1660 2965 1974 3019 inﬁrmitate

399 3059 745 3125 valetudinis,
808 3066 899 3111 aut
955 3058 1149 3111 itinere
1206 3056 1535 3121 necessario,
1598 3058 1771 3110 aliave
1825 3056 1971 3122 jllSla

399 3167 561 3207 causa
614 3151 855 3222 impediti
910 3150 1068 3215 lorte,
1124 3165 1246 3206 eum
1279 3150 1501 3217 reliquis
1540 3164 1643 3202 non
1677 3147 1969 3214 adfuerint,

404 3259 432 3298 a
489 3245 733 3314 pluribus
793 3243 981 3298 haberi
1027 3243 1232 3297 volunt.
1326 3241 1494 3296 Porro
1550 3240 1686 3295 duas
1740 3242 1972 3311 synodos

410 3340 641 3411 singulis
656 3339 836 3403 annis,
862 3337 1005 3408 quod
1034 3348 1343 3392 sanctorum
1372 3351 1584 3405 quoque
1608 3336 1973 3405 apostolorum
2000 3311 2043 3370 θ

402 3444 612 3482 canone
643 3430 909 3482 sancitttm
947 3426 1067 3492 fuit,
1118 3428 1172 3480 in
1223 3441 1542 3496 unaquaque
1573 3427 1849 3496 provincia
1881 3441 1978 3481 ce-

403 3520 690 3573 lebrandas
718 3535 838 3573 esse
868 3521 1180 3574 decrevere.
1242 3517 1441 3571 Verum
1496 3518 1569 3571 illi
1619 3519 1836 3587 quidem
1883 3518 1974 3571 uni

402 3614 607 3681 synodo
659 3610 956 3673 habendae,
1012 3620 1257 3677 quartam
1317 3608 1708 3663 hebdomadem
1779 3606 1976 3662 Pente-

403 3713 615 3767 costcs;
671 3699 823 3753 alteri
854 3700 1347 3769 llyperberetmum,
1396 3700 1499 3753 hoc
1546 3709 1647 3763 est,
1690 3699 1975 3756 Octobrem

406 3806 647 3843 mensem
708 3791 1097 3859 praelinivere:
1158 3791 1330 3844 sancti
1390 3805 1515 3844 vero
1568 3791 1730 3859 hujus
1785 3791 1975 3861 synodi

404 3882 614 3947 Patres,
642 3891 854 3952 tempus
874 3892 1274 3938 commutavere
1299 3898 1394 3950 pro
1418 3891 1613 3951 quarta
1628 3885 1978 3938 Pentecostes

406 3976 739 4029 hebdomade
768 3986 891 4028 ante
922 3974 1400 4046 Quadragesimam
1427 3975 1688 4031 celebrari
1711 3978 1974 4047 synodum

406 4070 813 4122 decernentes:
873 4069 1095 4136 ejusque
1141 4071 1220 4122 rei
1270 4070 1557 4123 subdidere
1608 4085 1863 4124 causam:
1901 4070 1970 4124 L't

404 4161 601 4225 omnis,
621 4161 892 4230 inquiunt,
910 4161 1017 4231 65
1041 4162 1540 4232 simultastollatur.
1561 4164 1802 4217 Alterum
1825 4179 1977 4218 nam-

406 4265 531 4318 que,
570 4252 661 4320 qui
708 4253 1011 4306 immerenti
1062 4252 1164 4306 sibi
1214 4267 1425 4320 poenam
1475 4253 1863 4323 segregationis
1893 4253 1974 4305 ln-

404 4346 603 4398 llictam
652 4358 772 4399 esse
811 4344 1105 4407 existimet,
1158 4346 1379 4398 omnino
1408 4345 1713 4413 segreganti
1749 4360 1975 4398 succen-

408 4452 530 4492 sere
558 4451 782 4491 necesse
805 4446 910 4490 est.
987 4435 1220 4488 Rursum
1259 4436 1348 4488 ubi
1376 4436 1780 4491 damnationem
1812 4438 1880 4491 ab
1912 4451 1975 4490 eo

405 4530 497 4598 qui
541 4539 851 4598 segregatus
888 4537 990 4594 est,
1040 4544 1148 4581 non
1204 4542 1359 4596 aequo
1407 4528 1588 4581 animo
1636 4530 1821 4593 latam,
1879 4529 1975 4583 sed

2074 2068 2219 2123 ίδίων
2234 2067 2548 2123 ἐπισκόπων
2566 2066 2985 2136 ἀφορισθέντας.
3021 2063 3174 2116 Ἐπεὶ
3205 2061 3262 2115 δέ
3283 2079 3433 2126 τινας
3464 2059 3651 2132 ἀφορί-

2070 2157 2255 2224 ζεσθαι
2282 2158 2356 2227 μὴ
2383 2156 2608 2218 δικαίως
2644 2153 2931 2225 συμϐαίνει
2952 2153 3041 2206 διὰ
3071 2152 3241 2224 θυμὸν
3267 2152 3399 2214 ἴσως
3438 2151 3533 2205 καὶ
3555 2168 3652 2220 μι-

2069 2249 2372 2321 κροψυχίαν
2400 2247 2495 2300 τοῦ
2518 2246 2903 2317 ἀφορίσαντος,
2932 2245 2965 2317 ἢ
2992 2243 3057 2299 δι’
3086 2244 3392 2315 ἐμπάθειάν
3421 2252 3560 2308 τινα,
3580 2240 3652 2316 ἦν

2074 2341 2167 2393 καὶ
2192 2340 2387 2410 ἀηδίαν
2416 2338 2689 2409 ὠνόμασε,
2726 2336 2817 2389 διὰ
2870 2335 3031 2389 τοῦτο
3058 2335 3149 2389 τὸν
3169 2335 3413 2406 παρόντα
3449 2336 3652 2389 κανόνα

2070 2432 2123 2487 οι
2151 2432 2290 2503 ἱεροὶ
2326 2430 2569 2501 Πατέρες
2597 2429 2864 2494 ἐξέθεντο,
2883 2424 3235 2492 ἐξετάζεσθαι
3261 2424 3651 2496 διαταξάμενοι

2069 2525 2194 2589 τοὺς
2217 2525 2576 2595 ἀφορισμοὺς,
2598 2523 2726 2576 ὅταν
2751 2521 2952 2592 δηολαδὴ
2974 2520 3024 2573 oi
3041 2518 3413 2591 ἀφωρισμένοι
3430 2517 3652 2572 αίτιῶν-

2069 2634 2160 2670 ται
2178 2617 2303 2686 τοὺς
2330 2615 2725 2686 ἀφορίσαντας,
2774 2612 2850 2678 ὡς
2884 2612 3038 2684 παρὰ
3092 2611 3156 2665 τὸ
3187 2610 3399 2664 δίκαιον
3454 2610 3651 2682 ἀφορι-

2073 2708 2294 2771 σθέντες
2315 2723 2329 2738 ·
2363 2707 2463 2777 τὴν
2491 2706 2548 2758 δὲ
2579 2704 2832 2770 ἐξέτασιν
2857 2704 3010 2775 παρά
3057 2701 3167 2757 τῶν
3209 2701 3524 2756 ἐπισκόπων
3546 2701 3651 2771 τῆς

2072 2802 2346 2873 ἐπαρχίας
2392 2796 2720 2869 γίνεσθαι,ἢ
2768 2797 3009 2862 πάντων,
3044 2796 3078 2867 ἢ
3123 2795 3235 2848 τῶν
3276 2793 3557 2857 πλειόνων,
3598 2792 3651 2845 εἰ

2073 2910 2225 2957 τινας
2255 2894 2332 2964 μὴ
2392 2894 2634 2946 συνιέναι
2663 2893 2774 2954 τοίς
2800 2891 3010 2954 λοιποῖς
3034 2886 3323 2954 συμϐαίνει
3363 2886 3437 2942 δι’
3477 2884 3648 2942 ἀσθέ-

2075 3002 2221 3038 νειαν
2259 2986 2409 3047 ἴσως,
2442 2984 2474 3056 ἢ
2506 2982 2813 3056 ἀναγκαίαν
2838 2982 3173 3056 ἀποδημίαν.
3204 2980 3238 3051 ἢ
3266 2978 3432 3048 ἀλλην
3465 2978 3650 3048 ἀπαρ-

2073 3078 2295 3146 αίτητον
2337 3052 2538 3129 αἰτίαν.
2597 3052 2852 3128 Γίνεσθαι
2883 3074 2939 3128 δὲ
2978 3052 3229 3137 συνόδδυς
3257 3072 3379 3127 καθ’
3406 3072 3650 3141 ἑκάστην

2074 3167 2344 3237 ἐπαρχίαν
2377 3166 2649 3237 ὡρίσαντο
2703 3166 2783 3231 δὶς
2812 3166 2905 3220 τοῦ
2937 3165 3213 3230 ἐνιαυτοῦ,
3245 3165 3385 3233 ὅπερ
3411 3163 3508 3216 καὶ
3535 3164 3649 3224 τοῖς

2076 3258 2253 3329 ἁγίοις
2280 3260 2601 3322 ἀποστόλοις
2631 3258 3035 3315 κεκανόνισται.
3079 3257 3219 3313 Ἀλλ’
3265 3256 3316 3309 οί
3350 3256 3452 3327 μὲν
3506 3256 3648 3310 κατὰ

2076 3353 2177 3424 τὴν
2206 3352 2479 3422 τετάρτην
2509 3349 2783 3421 ἑϐδομάδα
2816 3349 2912 3419 τῆς
2939 3348 3322 3419 Πεντηκοστῆς
3356 3345 3453 3418 τὴν
3511 3346 3649 3417 μίαν

2076 3446 2327 3514 γίνεσθαι
2362 3444 2471 3497 τῶν
2501 3444 2742 3498 συνόδων
2797 3441 3145 3507 διετάξαντο·
3205 3440 3307 3512 τὴν
3359 3440 3404 3493 δ’
3454 3437 3650 3509 ἑτέραν

2077 3538 2216 3591 κατά
2244 3538 2335 3591 τὸν
2406 3535 2860 3607 Ὑπερϐερεταῖον
2902 3535 3072 3605 μῆνα,
3105 3534 3272 3605 ῆγουν
3318 3532 3411 3586 τὸν
3442 3528 3643 3586 Ὀκτιίι⁸

2078 3628 2269 3698 ϐριον·
2300 3626 2351 3680 οί
2400 3626 2455 3679 δὲ
2519 3628 2615 3696 τῆς
2685 3624 2903 3678 συνόδου
2950 3624 3156 3693 ταύτης
3206 3624 3352 3693 ἅγιοι
3405 3621 3648 3694 Πατέρες

2075 3722 2167 3772 τὸν
2230 3720 2330 3788 μὲν
2400 3718 2596 3790 καιρὸν
2656 3717 2994 3788 ἐνήλλαξα-ι,
3047 3717 3170 3770 ἀντὶ
3226 3716 3325 3786 τῆς
3378 3715 3649 3787 τετάρτης

2078 3808 2368 3879 ἑϐδομάδος
2395 3810 2494 3879 τῆς
2551 3807 2936 3878 Πεντηκοστῆς
2980 3807 3087 3877 πρὸ
3131 3807 3229 3877 τῆς
3292 3807 3648 3876 Τεσσαρακο-

2076 3900 2210 3969 στῆς
2234 3899 2520 3970 ὁρίσαντες
2545 3900 2642 3970 τὴν
2675 3897 2890 3952 σύνοδον
2920 3896 3165 3967 γίνεσθαι
3185 3913 3202 3931 ·
3228 3900 3319 3951 καὶ
3336 3897 3435 3967 τὴν
3467 3897 3649 3951 αἰτίαν

2074 3992 2353 4061 ἐπήγαγον
2378 4008 2391 4021 ·
2415 3991 2555 4058 Ἵνα,
2577 3992 2731 4059 φασὶ,
2754 3992 2889 4045 πᾶσι
2916 3990 3251 4061 μικροψυχία
3270 3990 3650 4060 περιαιρῆται.

2089 4082 2151 4134 Ὀ
2175 4084 2281 4150 γὰρ
2315 4082 2551 4152 νομίζων
2590 4082 2665 4152 μὴ
2699 4083 3090 4153 προσηκόντως
3118 4081 3481 4151 ἀφορισθῆναι
3514 4079 3648 4135 πάν·

2076 4191 2183 4236 τως
2224 4174 2510 4227 λυπεῖσθαι
2550 4175 2734 4245 μέλλει
2765 4176 2905 4228 κατά
2954 4173 3048 4226 τοῦ
3098 4174 3498 4243 ἀφορίσαντοςο
3552 4174 3650 4225 καὶ

2076 4270 2102 4320 ὁ
2134 4269 2401 4337 ἀφορίσας
2443 4267 2500 4319 δὲ
2549 4264 2763 4319 ἀκούων
2821 4267 2895 4338 μὴ
2948 4266 3309 4335 εὐγνωμόνως
3358 4263 3649 4335 δεχόμενον

2075 4354 2165 4408 τὸν
2194 4354 2557 4422 ἀφορισθέντα
2582 4354 2642 4405 τὸ
2664 4353 2964 4424 ἐπιτίμιον,
3000 4353 3133 4406 ἀλλά
3163 4352 3650 4423 καταγογγύςοντα

2079 4444 2245 4496 αὑτοῦ
2281 4444 2381 4496 οὐκ
2422 4444 2649 4507 ἀπαθῶς
2686 4444 2822 4514 πρὸς
2874 4445 3038 4497 αὑτὸν
3085 4445 3437 4500 διακείσεται.
3491 4443 3650 4497 Οὕτω

2075 4538 2130 4590 δὲ
2162 4538 2296 4607 πρὸς
2326 4537 2587 4607 ἀλλήλους
2622 4537 2852 4606 ἐχόντων
2879 4537 3056 4590 αὐτῶν
3114 4537 3229 4599 πῶς
3257 4536 3321 4590 ἂν
3380 4552 3651 4607 προσενε-

404 4621 639 4691 querelis
691 4633 973 4689 exceptam
1032 4620 1197 4671 fuisse
1258 4630 1571 4689 segregator
1623 4619 1969 4684 inaudiverit,

2079 4629 2234 4702 χθείη
2273 4633 2333 4682 τὸ
2357 4629 2529 4701 δῶρον
2561 4628 2817 4699 καθαρῶς
2845 4629 2922 4700 τῷ
2971 4628 3128 4700 Θεῷ;
3171 4632 3269 4682 Διά
3326 4628 3486 4683 τοῦτο
3540 4628 3652 4701 πρὸ

404 4716 509 4767 erit
563 4713 766 4765 homini
823 4728 927 4766 non
990 4710 1376 4765 amicissimus.
1463 4712 1538 4765 Ita
1586 4726 1716 4766 vero
1770 4711 1977 4766 aﬂ‘ectis

407 4805 659 4872 utrinque
710 4804 1005 4868 tuentibus,
1050 4818 1153 4871 qua
1204 4804 1413 4859 ratione
1460 4821 1654 4860 munus
1692 4804 1801 4859 Deo
1845 4822 1978 4876 pure

407 4894 702 4949 oneratur?
745 4892 981 4949 Proinde
1008 4897 1233 4949 alterius
1260 4897 1476 4966 quidem
1508 4908 1631 4951 ante
1663 4898 1977 4965 Quadrage-

406 4986 621 5050 simam,
677 4984 899 5038 alterius
948 5000 1073 5038 vero
1123 4987 1366 5039 autumni
1417 4996 1658 5055 tempore
1712 4990 1872 5057 (nam
1924 4990 1976 5041 itt

405 5086 725 5127 autumnum
794 5071 1026 5127 October
1084 5072 1317 5144 incidit)
1398 5076 1587 5145 synodi
1649 5078 1979 5131 celebranda:

405 5166 521 5218 dies
546 5175 627 5218 est
658 5165 999 5218 constitutus.
1048 5163 1105 5218 In
1135 5167 1355 5236 synodis
1382 5176 1560 5220 autem
1594 5168 1731 5232 istis,
1760 5178 1981 5222 contro-

404 5258 706 5310 versiarum
761 5256 1026 5324 ejusmodi
1077 5259 1469 5313 discussionem
1534 5261 1714 5314 induci
1774 5261 1975 5327 placet:

405 5364 648 5418 quosque
687 5352 969 5406 manifesto
1022 5361 1077 5405 et
1128 5353 1246 5407 sine
1294 5355 1664 5407 controversia
1721 5364 1979 5408 nocentes

408 5456 532 5496 esse
579 5444 885 5511 apparuerit
918 5443 1115 5515 (facile
1146 5460 1379 5513 namque
1412 5445 1522 5498 lieri
1550 5456 1746 5514 potest,
1795 5457 1853 5500 ut
1881 5446 1979 5499 ob-

401 5534 604 5601 jectnm
646 5535 712 5587 ab
745 5537 999 5606 episcopo
1031 5537 1258 5600 crimen,
1316 5538 1401 5589 ille
1429 5538 1514 5588 cui
1546 5537 1711 5589 multa
1747 5540 1977 5605 irrogata

404 5635 508 5689 cst,
539 5630 838 5697 p'erneget),
869 5638 1122 5698 tanquam
1154 5643 1221 5682 ex
1246 5628 1557 5695 praescripto
1604 5628 1848 5691 rationis,
1877 5629 1978 5681 hoc

404 5727 490 5771 est
528 5719 648 5785 jure
679 5723 1057 5776 communione
1095 5720 1289 5789 privati
1319 5721 1386 5774 ab
1417 5720 1668 5775 clunibus
1706 5721 1981 5775 habebun-

404 5818 514 5876 tur,
565 5811 739 5868 donec
786 5815 1062 5884 episcopis
1118 5814 1371 5868 omnibus
1426 5813 1702 5867 cotitmnni
1754 5813 1979 5868 cousdio

403 5904 691 5962 humanius
740 5904 944 5974 aliquid
992 5907 1060 5960 de
1093 5904 1161 5959 iis
1202 5914 1438 5960 statuere
1486 5905 1740 5973 placitum
1791 5902 1975 5957 fuerit.

2078 4723 2178 4793 τῆς
2228 4721 2696 4794 Τεσσαρακοστῆς
2732 4722 3060 4794 ᾠκονομήθη
3090 4723 3191 4794 τὴν
3218 4723 3372 4792 μίαν
3428 4723 3652 4778 σύνοδον

2078 4812 2345 4883 γίνεσθαι,
2376 4817 2475 4883 τὴν
2500 4812 2556 4865 δὲ
2588 4814 2781 4884 λοιπὴν
2817 4814 2961 4867 κατά
3015 4814 3078 4867 τὸ
3139 4816 3458 4887 μετόπωρον
3498 4831 3515 4847 ·
3555 4818 3652 4869 καὶ

2079 4911 2107 4960 ό
2150 4906 2477 4977 Ὀκτώϐριος
2512 4906 2570 4957 δέ
2616 4906 2723 4975 μὴν
2761 4905 2855 4957 τοῦ
2892 4906 3207 4977 μετοπώρου
3240 4908 3428 4976 ἐστίν.
3463 4907 3550 4961 Ἐν
3593 4907 3651 4961 δέ

2078 5002 2195 5061 ταῖς
2219 5000 2460 5062 συνόδοις
2488 4998 2718 5062 ταύταις
2752 4997 3103 5063 ἐξετάζεσθαι
3132 5000 3201 5051 τά
3228 4999 3455 5052 τοιαῦτα
3478 5000 3651 5070 ζητή-

2084 5089 2582 5160 ματα,διετάξαντυ,
2600 5090 2694 5141 καὶ
2719 5089 2767 5142 οί
2791 5089 3234 5162 ὁμολογουμένως
3263 5090 3357 5143 καὶ
3382 5088 3457 5162 μὴ
3484 5091 3644 5160 άμφιυ

2082 5181 2251 5242 ϐόλως
2304 5180 2841 5251 προσκεκρουκότες⁶
2881 5183 3028 5245 εἰκὸς
3078 5181 3189 5251 γὰρ
3239 5185 3527 5254 ἀρνεῖσθαι
3558 5185 3652 5237 τὸν

2080 5273 2475 5342 ἐπιτιμηθέντα
2503 5275 2563 5324 τὸ
2584 5273 2734 5343 παρά
2771 5272 2864 5326 τοῦ
2899 5276 3198 5326 ἐπισκόπου
3229 5276 3379 5345 αὐτῷ
3411 5279 3649 5343 ἐπεγκαο

2080 5363 2340 5433 λούμενον
2391 5365 2886 5435 ἀμάρτημα,κατά
2946 5366 3123 5435 λόγον,
3186 5367 3356 5438 ῆγουν
3402 5368 3651 5434 δικαίως,

2081 5456 2440 5525 ἀκοινώνητοι
2464 5457 2680 5509 ἔσονται
2711 5463 2863 5527 παρὰ
2895 5459 3051 5524 πᾶσι,
3088 5458 3283 5528 μέχρις
3324 5458 3393 5512 ἂν
3452 5458 3651 5523 κοινῶς

2079 5552 2190 5609 τοῖς
2224 5549 2544 5612 ἐπισκόποις
2566 5549 2695 5619 δόξῃ
2718 5550 3239 5620 φιλανθρωπότερόν
3281 5569 3334 5605 τι
3372 5552 3503 5624 περ)⁸
3552 5553 3650 5605 αύ-

2079 5636 2190 5687 τῶν
2218 5638 2627 5707 ἀποφήνασθαι.
2671 5640 2827 5691 ’Δλλά
2844 5640 2987 5691 είποι
3020 5657 3101 5703 τις
3132 5642 3196 5694 ἄν
3226 5655 3242 5671 ⁸
3274 5642 3399 5706 Πῶς
3419 5643 3650 5713 οὐχὶετῷ

2081 5730 2403 5800 ἀφορίσαντι
2451 5730 2677 5801 ἀνετέθη
2726 5732 2876 5800 παρά
2922 5731 3018 5786 τοῦ
3050 5736 3275 5797 κανόνος
3307 5737 3343 5807 ἠ
3396 5735 3577 5806 ψῆφος
3612 5738 3649 5807 ἠ

2081 5824 2222 5894 ὑπὲρ
2253 5822 2344 5875 τοῦ
2368 5824 2783 5893 ἀφορισθέντος,
2810 5827 2949 5879 ἀλλά
2974 5829 3052 5898 τῷ
3077 5830 3244 5901 κοινῷ
3272 5830 3382 5884 τῶν
3406 5829 3636 5884 ἐπισκό-

2082 5932 2231 5984 πων;
2284 5913 2527 5968 Τοῦτοδὲ⁹
2578 5911 2732 5988 οἶμαι
2792 5919 3063 5991 εἰρῆσθαι,
3112 5922 3242 5978 ὅταν
3303 5925 3332 5977 ό
3381 5922 3649 5993 ἀφορίσας
