3992 6480
381 378 478 448 241

1510 401 1596 461 ΙΝ
1623 401 1788 464 CAN.
1828 406 1874 468 V
1904 405 2117 466 CONC.
2157 408 2431 470 NICAW.
2477 411 2526 470 Ι.

3529 420 3635 482 242

379 501 782 605 σκληρύνηται,
815 507 912 562 καὶ
941 509 1019 581 μὴ
1058 511 1187 584 θέλῃ
1221 516 1359 583 μετά
1392 516 1586 586 καιρὸν
1648 519 1806 574 λῦσαι
1863 539 1922 574 το

2058 525 2174 578 Jam
2213 543 2360 591 vero,
2401 530 2544 583 dicet
2568 529 2780 599 aliquis,
2810 547 2908 585 cur
2947 535 3013 587 ad
3045 533 3422 603 episcoporum
3454 537 3632 605 potius

379 594 666 664 ἐπιτιμίου
707 599 800 653 τὸν
843 601 1154 672 ἄνθρωπον,
1201 606 1232 678 ἢ
1284 608 1380 662 ἐὰν
1429 610 1563 674 ἴσως
1609 614 1636 665 6
1685 615 1952 685 ἀφορίσας

281 735 312 762 κ
379 685 685 778 τελευτήσῃ
726 691 802 760 μὴ
827 691 996 757 λύσας
1021 697 1110 749 τὸν
1163 698 1585 769 ἐπιτιμηθέντα.
1641 707 1776 758 Τότε
1842 707 1954 778 γὰρ

379 777 594 842 ἐξέσται
615 783 682 850 τῇ
717 785 942 855 συνόδῳ,
991 788 1042 839 εἰ
1075 791 1260 862 συνίδῃ
1291 794 1382 846 τὸν
1418 797 1607 868 καιρὸν
1640 799 1731 852 τοῦ
1773 777 1951 854 ἐπιτιέ

377 869 503 964 μίου
535 872 839 942 ἀρκοῦντα,
881 879 977 931 καὶ
1025 881 1126 947 τὴν
1181 886 1470 952 μετάνοιαν
1536 889 1630 942 τοῦ
1693 893 1952 964 ἐπιτιμη-

378 959 580 1055 θέντος,
618 965 888 1034 ἀνάλογον
910 968 989 1039 τῷ
1020 971 1385 1046 ἁμαρτήματι
1432 976 1780 1048 ψηφίσασθαι
1806 959 1948 1055 ὑπὲρ

374 1052 560 1114 αὐτοῦ,
598 1057 695 1109 καί⁵
714 1056 873 1112 λῦσαι
907 1060 986 1131 τῷ
1009 1063 1282 1134 ἀνθρώπῳ
1321 1068 1382 1121 τὸ
1453 1072 1749 1141 ἐπιτίμιον.
1785 1052 1948 1129 κᾶνό

372 1144 674 1211 ἐπίσκοπος
721 1150 892 1205 αὐτοῦ
923 1153 1187 1222 ἄτεγκτος
1219 1160 1354 1231 μένῃ
1387 1163 1481 1214 καὶ
1512 1165 1812 1230 ἀνένδοτος,
1840 1168 1944 1227 κᾶν

375 1235 586 1290 Ξπεδίω
611 1241 802 1309 τυχόν.
849 1243 908 1298 Ὁ
945 1246 1044 1316 μὲν
1110 1248 1206 1303 οὖν
1232 1251 1344 1305 τῶν
1391 1254 1566 1322 ἁγίων
1615 1257 1936 1314 ἀποστόλων

374 1332 697 1419 τριακοστὸς
720 1333 952 1406 ἕϐδομος
984 1341 1186 1408 κανὼν,
1245 1346 1340 1399 καὶ
1389 1345 1420 1399 6
1468 1347 1662 1419 παρὼν
1715 1351 1796 1414 δὶς
1848 1354 1942 1408 τοῦ

373 1417 524 1511 ἔτους
550 1419 934 1483 διατάττονται
968 1432 1218 1499 γίνεσθαι
1253 1438 1511 1503 συνόδους
1537 1417 1565 1473 ο-
1611 1444 1638 1495 ὁ
1667 1442 1722 1496 δὲ
1753 1443 1940 1511 ὄγδοος

371 1507 466 1578 τῆς
507 1513 900 1588 οίκουμενικῆς
936 1525 1156 1578 συνόδου
1185 1529 1443 1593 καινίσας
1475 1532 1637 1586 τοῦτο
1668 1507 1816 1600 ἅπαξ
1844 1507 1938 1589 τοδ

369 1605 617 1696 tutae-toﬁ
669 1608 965 1679 διορίζεται
1015 1617 1073 1669 ἐν
1126 1620 1329 1693 ἑκάστῃ
1392 1626 1632 1696 ἐπαρχίᾳ
1689 1626 1939 1694 γίνεσθαι

368 1693 590 1751 σύνοδον
629 1701 740 1756 ἀπὸ
770 1705 865 1758 τοῦ
923 1709 1117 1779 Πάσχα
1163 1715 1360 1783 μέχρις
1409 1693 1938 1775 ὅλου-τοῦνὊκτω-

367 1786 518 1884 δρίου
549 1797 741 1862 μηνὸς,
775 1799 834 1852 ἐν
865 1801 1015 1870 τόπῳ
1044 1804 1103 1856 ὃν
1125 1808 1153 1858 ό
1173 1808 1273 1876 τῆς
1310 1813 1697 1880 μητροπόλεως
1755 1815 1930 1884 όρίσει

367 1879 679 1951 ἀρχιερεύς.
751 1889 892 1953 Τοὺς
969 1893 1026 1946 δὲ
1083 1896 1158 1965 μὴ
1218 1879 1655 1971 συνερχομένους
1708 1879 1934 1961 ἐπίσκό-

367 1986 497 2036 κους
526 1975 900 2048 ὑγιαίνοντας,
935 1987 1027 2038 καὶ
1061 1987 1432 2058 ἐνδημοῦντας
1469 1997 1588 2058 ταῖς
1624 1997 1804 2051 αὐτῶν
1839 2000 1939 2053 πό-

363 2071 499 2162 λεσι,
517 2070 614 2122 καί¹
635 2071 711 2140 μή
744 2089 866 2128 τινα
890 2077 1084 2147 ἑτέραν
1103 2082 1365 2150 ἀσχολίαν
1386 2084 1606 2153 εὔλογον
1633 2090 1727 2141 καὶ
1749 2091 1902 2162 ἀπαρ
1917 2121 1937 2131 -

2057 631 2405 684 conventum,
2453 637 2611 688 quam
2643 627 2708 676 ad
2743 625 3051 692 episcopum
3099 627 3272 691 illum,
3321 629 3411 695 qui
3452 644 3633 697 segre-

2054 711 2287 776 gationis
2335 725 2524 766 auctor
2575 713 2695 773 fuit.
2745 719 2809 770 de
2859 733 2922 771 eo
2953 720 3040 786 qui
3073 731 3389 789 segregatus
3424 731 3506 775 est
3533 725 3629 776 dc-

2053 806 2309 859 ceruendi
2343 805 2574 862 facultas
2608 809 2822 862 delata?
2882 810 2992 877 Ego
3033 826 3157 864 vero
3192 813 3242 865 id
3280 813 3350 865 ita
3397 814 3633 868 arbitror

2054 894 2454 963 accipiendum,
2512 908 2571 951 ut
2600 899 2808 966 quoties
2839 911 3028 954 auctor
3058 904 3452 972 segregationis
3511 906 3628 974 epi-

2051 1000 2250 1052 scopus
2301 1002 2456 1056 aequo
2492 989 2762 1043 duriorem
2803 1005 2860 1046 se
2895 992 3151 1057 praebeat,
3177 1009 3352 1062 neque
3400 997 3626 1050 decursu

2050 1078 2310 1144 temporis
2340 1077 2610 1134 hominem
2643 1094 2799 1148 pmna
2828 1082 3088 1149 absolvat,
3140 1085 3220 1138 vel
3270 1087 3502 1139 nondum
3535 1088 3629 1140 ab-

2046 1169 2224 1223 soluto
2251 1170 2390 1226 forte
2414 1173 2729 1238 decesserit,
2764 1181 2890 1227 tunc
2908 1191 3064 1244 quem
3086 1186 3138 1229 et
3157 1178 3402 1246 supplicii
3419 1178 3630 1233 diutur-

2047 1261 2240 1326 nitate,
2271 1271 2325 1317 et
2347 1263 2531 1318 dolore
2557 1266 2746 1331 anhni,
2781 1267 2915 1321 satis
2946 1282 3227 1334 pmnarum
3255 1284 3351 1336 pro
3381 1272 3625 1324 criminis

2047 1357 2254 1410 ratione
2295 1356 2510 1411 dedisse
2542 1358 2812 1426 cognitum
2848 1359 2941 1422 sit,
2997 1359 3120 1414 licet
3167 1361 3454 1429 episc0pus
3504 1364 3623 1432 ejus

2044 1450 2395 1505 inexorabilis
2432 1460 2487 1504 et
2544 1452 2898 1519 implacabilis
2952 1463 3280 1521 perseveret,
3336 1464 3428 1507 aut
3482 1457 3619 1511 forte

2043 1541 2326 1597 defunctus
2355 1543 2447 1602 sit.
2494 1544 2558 1598 de
2590 1544 2678 1598 illo
2708 1546 2998 1608 statuendi,
3054 1546 3432 1614 hominemque
3463 1562 3619 1613 ptena

2041 1634 2350 1689 absolvendi
2382 1651 2545 1704 penes
2573 1639 2836 1706 synodum
2874 1638 2944 1692 sit
2983 1639 3229 1693 facultas.
3292 1637 3614 1692 Smctorum

2039 1725 2204 1794 igitur
2253 1727 2617 1796 apostolorum
2675 1745 2846 1782 canon
2913 1731 3220 1785 tricesimus
3276 1731 3540 1798 septimus
3570 1742 3626 1785 et

2038 1833 2280 1888 praesens
2329 1820 2412 1874 bis
2460 1823 2747 1890 quotannis
2795 1823 3068 1876 habendas
3111 1837 3228 1876 esse
3260 1824 3494 1892 synodos
3526 1825 3621 1876 dc-

2039 1918 2290 1964 cernunt.
2347 1909 2579 1966 Octavus
2621 1924 2797 1967 autem
2827 1923 2992 1968 sextae
3026 1914 3376 1968 (ccumenicac
3430 1913 3620 1983 synodi

2043 2001 2145 2056 hac
2173 2001 2453 2057 immutata
2488 2005 2873 2058 constitutione
2915 2005 3154 2059 decernit
3197 2005 3364 2060 semel
3401 2004 3451 2057 in
3489 2019 3622 2056 una-

2041 2108 2257 2163 quaque
2307 2095 2608 2164 provincia,
2672 2097 2897 2166 singulis
2953 2097 3132 2160 annis,
3191 2106 3431 2162 tempore
3479 2095 3620 2163 quod

365 2157 583 2257 sitq-10v
647 2161 892 2233 ἔχοντας,
923 2169 1226 2239 ἀδελφικῶς
1280 2175 1743 2244 ἐπιπλήττεσθαι·
1772 2157 1927 2250 indm

2040 2185 2186 2240 intra
2220 2186 2438 2242 Pascha:
2487 2191 2746 2244 solemnia
2794 2192 2858 2244 ad
2895 2190 3178 2245 Octobrem
3230 2203 3404 2257 usque
3436 2196 3618 2242 extre-

366 2249 507 2349 μετά
532 2255 840 2326 πραότητος
871 2263 1251 2331 ἐπιτιμᾶσθαι.
1288 2266 1406 2319 Νῦν
1442 2267 1576 2322 δὲτὸ
1625 2270 1734 2324 τῶν
1782 2249 1927 2326 συνό-

2040 2293 2184 2331 mum
2210 2279 2519 2345 intercedit,
2548 2280 2667 2335 loco
2698 2295 2826 2334 vero
2857 2295 2942 2345 eo,
2979 2296 3136 2349 quem
3171 2277 3618 2345 metropolitanus

365 2341 468 2394 Swv
541 2347 750 2402 τούτων
797 2353 975 2424 πάντη
1030 2361 1516 2430 καταπεφρόνηται
1567 2363 1641 2423 ὡς
1667 2365 1927 2433 μηδέποτε

2040 2369 2282 2439 elegerit,
2333 2341 2594 2441 synodum
2633 2371 2839 2426 haberi.
2900 2341 3009 2438 Qui
3048 2385 3179 2425 vero
3209 2369 3464 2438 episcopi,
3514 2383 3617 2422 nec

367 2435 640 2532 γίνεσθαι.
709 2444 845 2514 Περὶ
905 2449 1199 2518 ἐπιτιμίων
1241 2453 1351 2504 τῶν
1385 2454 1458 2523 μὴ
1505 2456 1927 2526 ἀπαντησάντωκ

2040 2460 2341 2516 valetudine
2401 2461 2662 2532 impediti,
2709 2479 2806 2517 nec
2848 2479 2876 2517 a
2929 2464 3044 2518 suis
3090 2463 3313 2518 urbibus
3351 2473 3616 2515 terrarum

361 2529 420 2624 ἐν
449 2531 572 2593 ταῖς
603 2537 846 2601 συνόδοις
869 2539 1144 2608 ἀνάγνωθι
1181 2543 1280 2613 τῆς
1337 2546 1396 2598 ἐν
1453 2547 1786 2622 Καρθαγὲνῃ
1836 2568 1927 2603 κα-

2040 2552 2225 2622 spatiis
2256 2552 2530 2619 disjuncti,
2574 2570 2672 2609 nec
2702 2554 2807 2609 alia
2836 2555 3000 2624 justa,
3054 2552 3426 2608 necessariave
3452 2564 3617 2604 occu-

363 2619 490 2674 ’ένα
524 2632 636 2690 οτέὀ
1139 2657 1143 2662 ‘
1758 2619 1785 2622 Π
2035 2645 2257 2714 patione
2321 2647 2525 2701 detenti
2585 2648 2878 2701 convenire
2940 2645 3307 2716 neglexerint,
3375 2641 3614 2695 fraterne

359 2717 582 2785 corrigi,
635 2722 740 2778 hoc
780 2733 863 2780 est
908 2727 1012 2784 leni
1059 2731 1525 2791 animadversione
1561 2738 1739 2807 puniri
1776 2739 1949 2809 jubet.
1993 2741 2202 2800 Nostris
2267 2757 2396 2798 vero
2424 2743 2754 2813 temporibus
2789 2754 2898 2798 tota
2929 2744 3043 2796 haec
3076 2741 3405 2814 synodorum
3475 2735 3616 2789 ratio

359 2820 602 2905 ef’f‘mue
643 2815 953 2905 θεειίείιυτ,
1007 2829 1066 2874 ιιι
1119 2823 1365 2892 nuspiam
1417 2826 1780 2887 celebrentur.
1896 2834 1970 2888 De
2009 2833 2222 2890 illorum
2251 2849 2379 2889 vero
2403 2836 2578 2905 pmnis
2607 2835 2697 2905 qui
2731 2834 2796 2888 ad
2823 2835 3060 2905 synodos
3090 2849 3191 2887 non
3234 2828 3610 2890 convenerint,

358 2896 480 2953 vide
520 2914 640 2969 syn.
671 2904 857 2961 Carth.
893 2923 1014 2964 can.
1054 2911 1142 2965 76.

356 3023 583 3081 APIXT.
621 3027 688 3079 Οί
715 3025 784 3090 ἐξ
838 3027 1058 3098 ἐτέρων
1091 3031 1498 3105 ἀφοριζόμενοι
1550 3037 1656 3109 ὑφ’
1715 3041 1927 3110 ἐτέρων

2040 3040 2269 3094 ΛΜΞΤ.
2326 3040 2403 3094 Ab
2436 3039 2557 3093 aliis
2587 3039 3025 3093 excommunicati
3069 3038 3130 3090 ab
3180 3038 3300 3091 aliis
3340 3054 3400 3091 ne
3439 3039 3610 3090 susci-

420 3116 512 3187 μὴ
564 3119 1143 3190 προσδεχέσθωσιιν,
1173 3127 1338 3193 πλὴν
1371 3131 1422 3182 εὶ
1469 3129 1555 3200 μὴ
1586 3131 1682 3186 διὰ
1727 3149 1931 3200 μικρο-

2056 3134 2343 3201 svpiantur,
2407 3133 2508 3184 nisi
2553 3147 2644 3200 per
2692 3130 3202 3198 pusillanimitatem,
3254 3141 3345 3183 aut
3395 3143 3611 3184 conten-

424 3212 681 3280 vrvzlar,
718 3213 754 3281 ἢ
780 3217 1178 3283 φιλονεικίαν,
1224 3217 1263 3287 ἢ
1291 3239 1342 3274 τι
1371 3220 1604 3276 τοιοῦτο
1637 3262 1651 3284 ,
1711 3226 1744 3277 ὀ
1781 3223 1927 3293 ἀφο-

2110 3223 2318 3286 tionem,
2367 3232 2456 3275 aut
2484 3221 2607 3284 quid
2636 3220 2934 3274 istiusmodi
2961 3222 3424 3275 excommunicatio
3464 3225 3610 3293 facta

415 3303 635 3370 ρισμός
654 3304 891 3375 γέγονε·
923 3309 1145 3364 τούτου
1191 3313 1302 3380 γὰρ
1357 3313 1568 3366 ἕνεκεν
1619 3314 1730 3384 (48)
1758 3315 1932 3381 ἔδοξε

423 3393 526 3460 δίς
556 3394 663 3449 τοῦ
690 3395 867 3464 ἔτους
920 3402 1052 3453 καθ’
1087 3400 1358 3469 ἑκάστην
1391 3402 1688 3472 ἐπαρχίαν
1741 3405 1927 3458 σύνο-

423 3485 538 3540 δον
562 3489 836 3557 γίνεσθαι
858 3505 872 3520 ⁸
895 3492 1045 3559 μίαν
1075 3493 1195 3563 μὲν
1246 3495 1359 3563 πρὸ
1395 3494 1506 3563 τῆς
1561 3498 1931 3564 Τεσσαρακο-

422 3576 604 3646 στῆς,
635 3580 847 3647 ἑτέραν
867 3581 936 3634 δὲ
968 3583 1101 3651 περὶ
1130 3584 1197 3638 τὸ
1222 3588 1594 3655 μετόπωρον.

422 3695 538 3758 Δεῖ,
577 3695 717 3747 κατά
744 3697 842 3765 τὴν
869 3699 1192 3769 παροιμίαν,
1210 3700 1300 3753 τὸν
1319 3704 1604 3772 τρώσαντα
1626 3704 1927 3774 ἐπαγαγεῖν

343 3787 452 3840 καὶ
476 3788 574 3857 τὴν
614 3787 757 3842 ἴασιν
777 3804 790 3819 ·
824 3790 918 3842 καὶ
965 3789 1040 3862 μὴ
1073 3791 1162 3844 τὸν
1195 3793 1298 3846 ὑπὸ
1345 3794 1437 3846 τοῦ
1474 3795 1604 3850 ίδίου
1627 3799 1925 3852 ἐπισκόπου

341 3878 738 3947 ἀφορισθέντα,
776 3880 864 3949 ὑφ’
903 3881 1105 3951 ἐτέρων
1131 3884 1534 3955 παραδεχθῆναι
1559 3885 1928 3951 ἀνεξετάστως

343 3971 522 4036 οὕτω,
556 3974 647 4026 καί¹
675 3975 843 4042 χωρὶς
875 3976 1262 4045 συζητήσεως·
1294 3977 1429 4032 ἁλλά
1458 3978 1555 4050 τὴν
1599 3980 1778 4033 αἰτίαν
1829 3982 1924 4034 τοῦ

341 4062 660 4133 ἀφορισμοῦ
722 4063 1193 4132 κατασκέψασθαι,
1251 4068 1463 4138 μήποτε
1535 4069 1638 4122 οὐκ
1687 4071 1924 4139 εὐλόγως

342 4155 634 4226 ἑπηνέχθη
663 4157 692 4208 6
723 4156 1028 4226 ἀφορισμός
1052 4173 1067 4187 ·
1113 4157 1211 4211 οὐκ
1240 4160 1302 4211 ἐκ
1337 4160 1724 4232 μικροψυχίας,
1760 4161 1792 4230 ἢ
1829 4163 1921 4231 cpi-

341 4247 639 4313 λονεικίας,
701 4249 734 4318 ἢ
783 4249 971 4319 ἐτέρας
1023 4251 1166 4313 τινὸς
1216 4252 1408 4322 ἀηδίας
1451 4252 1544 4306 τοῦ
1596 4254 1918 4311 ἐπισκόπου.

345 4341 476 4392 Ἵνα
507 4340 636 4407 γοῦν
674 4342 812 4412 μήτε
849 4344 897 4394 οἱ
929 4343 1336 4414 ἀφοριζόμενοι,
1372 4343 1448 4408 ὡς
1476 4345 1688 4417 ἔτυχεν,
1721 4347 1920 4419 ἀφορί-

342 4432 576 4498 ζωνται,
600 4435 733 4503 μήτε
756 4433 808 4486 οί
839 4434 1189 4503 ἀφορίζοντες
1224 4437 1420 4500 αὐτοὺς
1444 4440 1730 4492 ἐπίσκοποι
1758 4458 1921 4493 κατα-

344 4523 686 4591 φρονῶνται,
715 4523 919 4594 ἐτέρων
953 4525 1179 4588 τούτους
1239 4527 1556 4581 ἐπισκόπων
1612 4531 1912 4601 παραδεχο-

2103 3315 2192 3368 sit.
2255 3312 2550 3382 Eapropter
2579 3313 2715 3366 enim
2759 3313 2923 3366 visum
2968 3323 3062 3374 est,
3110 3322 3167 3366 ut
3210 3316 3284 3368 bis
3324 3317 3607 3384 quotannis

2104 3410 2158 3462 in
2208 3425 2519 3479 unaquaque
2563 3409 2832 3474 provincia
2879 3411 3109 3478 synodus
3143 3410 3445 3473 celebretur,
3501 3427 3608 3464 una

2098 3500 2307 3567 quidem
2352 3510 2473 3553 ante
2519 3500 2985 3568 Quadragesimam
3096 3501 3262 3554 altera
3313 3503 3455 3557 circa
3504 3519 3607 3556 au-

2103 3603 2367 3646 tumnum.

2101 3705 2345 3774 Oportet,
2383 3715 2442 3760 ut
2469 3705 2544 3758 ait
2576 3706 2939 3772 proverbium,
2970 3704 3339 3759 vulnerantem
3373 3706 3605 3772 adjicere

2029 3807 2084 3853 et
2131 3798 2416 3861 medelam,
2468 3809 2522 3852 et
2569 3814 2672 3853 non
2706 3813 2734 3850 a
2766 3799 2982 3866 proprio
3013 3798 3266 3867 episcopo
3295 3814 3604 3853 excommu-

2030 3891 2263 3946 nicatum
2299 3891 2634 3959 inexplorate
2666 3891 2798 3943 adeo
2835 3901 2887 3943 et
2931 3893 3046 3944 sine
3091 3892 3340 3946 examine
3380 3894 3448 3943 ab
3484 3893 3602 3946 aliis

2027 3983 2258 4050 admitti,
2286 3985 2376 4038 scd
2406 3984 2455 4036 in
2485 3985 3060 4039 excommunicationis
3084 3999 3301 4039 causam
3331 3985 3603 4053 inquirere

2027 4090 2094 4128 ne
2146 4075 2285 4127 forte
2323 4072 2522 4141 injuste
2558 4073 2703 4126 illata
2744 4074 2814 4127 sit
2861 4073 3365 4134 excommunicatio,
3417 4090 3486 4127 ne
3535 4089 3602 4128 ex

2025 4166 2469 4236 pusillanimitate
2501 4204 2514 4228 ,
2558 4174 2652 4218 aut
2708 4166 3072 4231 contentione,
3127 4174 3220 4218 aut
3260 4166 3362 4218 alia
3419 4165 3598 4233 aliqua

2024 4255 2263 4326 episcopi
2295 4255 2608 4309 acerbitate.
2668 4252 2738 4308 Ut
2773 4257 2954 4321 itaque
2996 4270 3093 4308 nec
3124 4253 3597 4318 exconununicati,

2023 4360 2084 4405 ut
2109 4350 2406 4416 contingat,
2461 4348 3022 4411 excommunicentur,
3075 4362 3172 4401 nec
3222 4347 3312 4414 qui
3365 4361 3458 4400 eos
3503 4361 3602 4399 ex-

2022 4438 2492 4494 communicarunt
2513 4449 2926 4492 contemnantur
2946 4438 3204 4505 episcopi,
3240 4438 3362 4490 dum
3390 4436 3476 4489 alii
3505 4450 3596 4490 eos

2021 4530 2257 4600 episc0pi
2306 4531 2424 4585 sine
2457 4531 2707 4586 examine
2738 4530 3052 4592 admittunt,
3101 4537 3302 4583 sanctae
3347 4528 3467 4580 huic
3499 4543 3594 4596 sy-

345 4614 531 4683 μένων
576 4613 966 4678 ἀνεξετάστως,
998 4614 1080 4678 δὶς
1122 4617 1218 4668 τοῦ
1289 4616 1443 4681 ἔτους
1495 4618 1621 4672 καθ’
1677 4620 1916 4691 ἑκάστην

2040 4623 2163 4678 lOdO
2191 4622 2274 4677 bis
2299 4624 2586 4692 quotannis
2611 4623 2662 4676 in
2685 4636 3006 4690 unaquaque
3030 4618 3301 4688 provincia
3326 4619 3592 4686 synodum

339 4706 624 4776 ἐπαρχίαν
653 4706 873 4760 σύνοδον
920 4708 1170 4776 γίνεσθαι
1195 4711 1259 4779 τῇ
1309 4710 1441 4781 ἁγίᾳ
1492 4712 1666 4784 ταύτῃ
1713 4715 1918 4784 συνόδῳ

335 4798 559 4864 εδοξενο
613 4798 702 4851 ἵνα
734 4800 886 4866 κοινῇ
918 4797 1111 4870 γνώμῃ
1167 4799 1387 4853 πάντων
1430 4801 1544 4854 τῶν
1599 4803 1916 4857 ἐπισκόπων

335 4891 448 4959 τῆς
486 4890 656 4961 αὐτῆς
690 4891 955 4960 ἐπαρχίας
990 4892 1098 4943 πᾶν
1163 4890 1385 4961 ζήτημα
1447 4894 1909 4963 ἐκκλησιαστικὸν

334 4983 444 5038 καὶ
471 4984 620 5036 πᾶσα
651 4982 953 5050 ἀμφιϐολία
980 4983 1174 5053 λύηται
1199 4999 1213 5014 ’
1268 4983 1450 5047 καθὼς
1507 4987 1602 5040 καὶ
1660 4987 1688 5039 6
1713 4987 1790 5051 λζ’
1812 5006 1912 5041 κα-

334 5069 450 5122 νὼν
485 5068 591 5120 τῶν
645 5070 816 5135 ἁγίων
871 5071 1184 5125 ἀποστόλων
1238 5072 1568 5143 διαγορεύει.
1618 5076 1785 5147 Πλὴν,
1837 5075 1913 5141 ὠς

333 5161 524 5213 ἐκεῖσε
557 5161 898 5231 ἐγράψαμεν,
947 5163 974 5214 6
1019 5161 1200 5230 ὄγδοος
1229 5164 1411 5217 κανὼν
1436 5167 1530 5236 τῆς
1576 5166 1632 5221 ἐν
1656 5167 1912 5240 Τροὺλλῳ

333 5253 510 5316 ἕκτης
543 5253 762 5306 συνόδου
789 5255 882 5306 καὶ
914 5256 942 5307 6
969 5255 1125 5317 ἕκτος
1158 5255 1258 5323 τῆς
1290 5257 1346 5308 ἐν
1378 5257 1583 5329 Νικαίᾳ
1630 5261 1689 5312 τὸ
1726 5259 1910 5314 δεύτε-

335 5360 438 5414 ρον
469 5343 557 5398 διὰ
595 5345 694 5415 τὴν
720 5346 1012 5416 συντριϐὴν
1060 5349 1157 5400 καὶ
1203 5348 1264 5402 τὸ
1321 5351 1514 5414 ἐνδεῶς
1572 5351 1718 5423 ἐχειν
1771 5355 1908 5424 πρὸς

329 5435 648 5507 ὁδοιπορίαν
674 5437 799 5502 τοὺς
830 5438 1357 5510 συναθροιζομένους
1380 5444 1716 5507 ἐπισκόπους
1761 5445 1909 5512 ἅπαξ

2025 4715 2215 4770 haberi
2269 4716 2439 4769 visum
2489 4725 2604 4780 est,
2669 4724 2726 4768 ut
2771 4714 3039 4768 con'tmuni
3102 4712 3340 4766 omnimn
3393 4713 3445 4765 in
3492 4711 3592 4765 ista
3667 4769 3671 4774 ,

2022 4807 2299 4877 provincia
2361 4807 2738 4876 episcoporum
2790 4804 3100 4870 sententia,
3151 4804 3327 4857 OllllllS
3366 4802 3591 4871 quaestio
3671 4808 3676 4811 “

2021 4899 2387 4955 ecclesiastica
2430 4909 2484 4953 et
2533 4898 2900 4954 controversia
2949 4898 3128 4951 omnis
3171 4896 3587 4950 determinetur:
3680 4891 3704 4919 ⁵

2020 5001 2078 5045 u-t
2107 5002 2157 5045 et
2190 4993 2256 5047 57
2283 5009 2452 5048 canon
2482 5003 2788 5048 sanctorum
2817 4994 3183 5061 apostolorum
3231 4993 3413 5046 edicit.
3481 4990 3588 5043 Sed

2017 5094 2070 5138 ut
2102 5085 2171 5139 ibi
2205 5085 2543 5154 scripsimus,
2593 5095 2816 5140 octavus
2859 5096 3024 5140 sextae
3063 5086 3252 5153 synodi
3303 5085 3357 5138 in
3405 5082 3586 5137 Trullo

2015 5191 2212 5237 cation,
2259 5187 2314 5230 et
2359 5186 2542 5230 sextus
2589 5176 2818 5231 Niczcnae
2859 5177 3108 5230 secunda:
3151 5177 3219 5230 ob
3257 5175 3583 5239 molestiam,

2015 5277 2069 5323 et
2114 5271 2260 5338 quod
2316 5269 2699 5324 insuliicienlcs
2747 5272 2854 5324 sint
2897 5272 2961 5324 ad
3017 5272 3116 5325 tale
3172 5270 3580 5338 suscipiendum

2016 5360 2118 5414 iter
2146 5361 2454 5430 congregati
2507 5361 2769 5429 episcopi,
2813 5363 2979 5416 semel
3011 5363 3302 5431 quotannis
3349 5363 3399 5415 in
3445 5377 3583 5413 unar

2014 5467 2226 5522 unaque
2264 5452 2540 5521 provincia
2574 5454 2686 5508 fieri
2720 5454 2983 5524 synodum
3035 5453 3409 5518 decreverunt,
3461 5452 3580 5506 loco

1574 5625 1760 5685 Guitl.
1788 5628 2111 5707 Beveregii
2145 5638 2336 5714 notae.

402 5767 525 5844 (48)
551 5771 776 5844 Τούτου
821 5771 932 5841 τὰρ
957 5773 1188 5828 ἕνεκεν.
1236 5773 1362 5830 "(eo
1421 5793 1590 5844 usque
1626 5781 1691 5833 ad
1748 5782 1906 5836 ﬁnem

321 5843 561 5896 omnis
604 5843 658 5892 in
709 5847 810 5895 hac
836 5844 1097 5909 Aristeni,
1155 5861 1362 5901 necnon
1415 5843 1686 5907 Simeonis
1718 5851 1888 5923 Lego-

1997 5784 2186 5910 dtheta:
2205 5786 2461 5853 epitomc,
2494 5797 2550 5841 ut
2582 5787 2633 5841 in
2659 5785 3207 5845 Justcllibibliotheca
3238 5788 3405 5852 edita,
3434 5784 3571 5842 dtsl-

2037 5871 2162 5909 cran
2192 5872 2275 5910 ur.
2519 5897 2528 5906 .

2037 5871 2275 5912 L‘l'allllﬂ'.
