3992 6480
380 436 383 437 ν
454 386 560 451 253

1699 392 1977 455 THEOD.
2012 395 2247 457 BALSA
2257 398 2335 458 Μ(
2347 398 2417 455 )Ν
2468 394 2484 403 ’

3615 408 3725 475 2U,

454 517 615 571 quem
681 502 1000 570 metropolis
1065 504 1448 572 approbaverit
1501 504 1828 575 episcopus,
1898 507 2035 560 intra

2164 508 2233 561 τοῦ
2262 509 2512 562 ἐνιαυτοῦ
2546 509 2762 563 σύνοδον
2801 509 3050 577 γίνεσθαι
3087 508 3401 577 διετάξαντο
3461 511 3541 572 είς
3602 512 3719 566 έκὰυ

456 605 698 648 sam-tum
726 594 949 649 Paschae
978 593 1170 650 festum
1201 602 1255 651 et
1292 612 1531 653 mensem
1559 595 1872 655 Octobrem.

995 859 1106 929 se
1134 859 1362 915 canon
1422 860 1505 919 γι.

454 949 674 1019 Antiqui
706 966 874 1003 mores
900 967 1167 1005 serventur
1208 956 1299 1023 qui
1327 964 1448 1007 sunt
1480 956 1534 1009 in
1566 954 1821 1027 zEgpr,
1875 956 2042 1028 Libya

522 1050 572 1095 et
624 1040 933 1110 Pentapoli,
987 1052 1044 1096 ut
1093 1046 1489 1102 Alexandrinus
1539 1050 1809 1117 episcopus
1854 1050 2039 1102 horum

525 1136 758 1189 omnium
825 1146 1135 1205 potestatem
1194 1139 1427 1205 habeat,
1505 1140 1926 1209 quandoquidem
1991 1152 2039 1196 et

527 1226 766 1295 episcopo
801 1226 1039 1283 Romano
1070 1229 1167 1283 hoc
1204 1241 1278 1284 est
1312 1241 1639 1288 consuetum.
1701 1231 1958 1286 Similiter
1987 1244 2037 1287 et

530 1316 581 1367 in
625 1314 908 1370 Antiochia
947 1329 995 1372 et
1039 1319 1091 1372 in
1127 1318 1250 1373 aliis
1280 1321 1583 1388 provinciis,
1629 1337 1727 1378 sua
1766 1322 2039 1391 privilegia

523 1406 776 1461 Ecclesiis
804 1420 1092 1467 serventur.
1146 1410 1290 1465 Illud
1323 1424 1495 1466 autem
1528 1424 1602 1466 est
1630 1414 1839 1467 omnino
1872 1414 2047 1467 mani-

524 1500 736 1569 festam,
762 1504 924 1572 quod,
950 1506 998 1558 si
1021 1507 1135 1571 quis
1154 1507 1347 1575 absque
1367 1507 1758 1575 metropolitani
1783 1506 2045 1561 sententia

520 1596 694 1661 factus
719 1596 789 1650 sit
825 1601 1118 1664 episcopus,
1171 1615 1287 1651 eum
1321 1615 1512 1669 magna
1542 1601 1773 1669 synodus
1806 1600 2042 1669 deﬁnivit

524 1703 630 1742 non
677 1706 787 1744 esse
840 1691 1159 1760 episcopum.
1230 1692 1383 1756 Quod
1425 1695 1471 1748 si
1516 1694 1725 1762 quidem
1779 1703 2046 1755 communi

524 1782 757 1835 omnium
789 1784 1046 1849 electioni,
1092 1801 1207 1853 qutc
1243 1796 1290 1839 et
1334 1785 1527 1839 rationi
1578 1794 1950 1848 consentanea,
1994 1794 2043 1837 et

2149 616 2280 669 στην
2307 601 2596 670 ἐπαρχίαν,
2629 600 2758 653 ἔνθα
2811 602 2877 654 ἂν
2910 603 2937 654 ὁ
2968 604 3069 671 τῆς
3121 601 3507 671 μητροπόλεως
3585 603 3727 657 δοκι-

2149 690 2297 763 μάσῃ
2330 691 2657 754 ἐπίσκοπος,
2704 693 2809 746 ἀνὰ
2848 694 3015 762 μέσον
3040 694 3141 761 τῆς
3165 693 3328 761 ἁγίας
3383 693 3476 748 τοῦ
3533 694 3723 765 Πάσχα

2145 782 2337 853 ἑορτῆς
2360 785 2455 837 καὶ
2487 785 2580 837 τοῦ
2621 783 2949 853 Ὀκτωὸρίου
2979 787 3169 857 μηνός.

2762 877 3001 929 KANnN
3064 880 3155 944 ς’.

2152 972 2228 1023 Τὰ
2259 969 2475 1037 ἀρχαῖα
2505 969 2611 1035 ἔθη
2642 970 2945 1037 κρατείτω,
2972 969 3043 1023 τὰ
3065 971 3135 1023 ἐν
3161 971 3457 1034 Αἰγύπτῳ,
3487 970 3584 1023 καί
3630 973 3730 1023 Λι-

2222 1064 2360 1129 ϐὐῃ,
2399 1062 2499 1115 καὶ
2560 1064 2955 1128 Πενταπόλει,
2999 1062 3202 1131 ὥσπερ
3229 1063 3337 1117 τὸν
3367 1062 3438 1117 ἐν
3459 1062 3735 1126 Ἀλεξαν-

2218 1154 2385 1223 δρείᾳ
2438 1153 2779 1208 ἐπίσκοπον
2828 1153 3074 1208 πάντων
3140 1155 3372 1209 τούτων
3408 1152 3577 1223 ἔχειν
3618 1152 3734 1221 τὴν

2218 1246 2538 1309 ἐξουσίαν’
2562 1246 2771 1315 ἐπειδὴ
2803 1246 2901 1301 καί
2934 1246 3013 1312 τῷ
3037 1247 3107 1300 ἐν·
3136 1245 3211 1313 τῇ
3250 1244 3443 1315 Ῥώμῃ
3474 1245 3728 1300 ἐπισκό-

2217 1350 2310 1401 πφ
2349 1335 2527 1390 τοῦτο
2564 1335 2836 1402 σύνηθές
2856 1335 3064 1389 ἐστιν·
3094 1335 3311 1403 ὁμοίως
3348 1332 3417 1388 δὲ
3447 1335 3547 1388 καὶ
3579 1333 3733 1387 κατὰ

2230 1426 2605 1497 ’Δντιόχειαν
2638 1427 2738 1481 καί
2786 1426 2855 1481 ἐν
2882 1426 3013 1493 ταῖς
3042 1427 3261 1492 ἄλλαις
3281 1426 3620 1495 ἐπαρχίαις,
3647 1424 3722 1478 τὰ

2218 1520 2503 1587 πρεσϐεῖα
2524 1518 2814 1580 σώζεσθαι
2853 1518 2983 1586 ταῖς
3020 1518 3428 1585 Ἐκκλησίαις.
3459 1518 3734 1573 Καθόλου

2222 1610 2291 1664 δὲ
2326 1611 2633 1681 πρόδηλον
2662 1611 2879 1677 ἐκεῖνο,
2910 1610 3024 1676 ὅτι,
3070 1610 3239 1677 εἴτις
3280 1610 3459 1680 χωρὶς
3491 1608 3734 1679 γνώμης

2219 1703 2326 1757 τοῦ
2356 1704 2804 1771 μητροπολίτου
2870 1702 3101 1773 γένοιτο
3179 1703 3560 1768 ἐπίσκοπος,
3623 1701 3734 1755 τὸν

2221 1794 2499 1850 τοιοῦτον
2526 1794 2566 1861 ἠ
2583 1793 2821 1864 μεγάλη
2853 1794 3120 1859 σύνοδος
3151 1793 3332 1861 ὥρισε
3353 1793 3438 1863 μὴ
3462 1793 3599 1847 δεῖν
3647 1788 3733 1846 ετ-

523 1889 590 1926 ea:
620 1875 800 1943 regula
817 1875 1172 1929 ecclesiastica
1190 1877 1333 1945 facta
1354 1890 1453 1938 est,
1483 1877 1587 1930 duo
1606 1876 1680 1930 vel
1704 1888 1808 1931 tres
1826 1886 2041 1946 propter

2212 1904 2312 1943 ναι
2338 1887 2709 1941 ἐπίσκοπον.
2752 1886 2894 1940 Ἐὰν
2924 1885 3132 1954 μέντοι
3162 1883 3238 1953 τῇ
3279 1883 3456 1953 κοινῇ
3482 1884 3733 1938 πάντων

525 1982 678 2021 suam
708 1983 812 2036 qua
857 1966 1185 2021 delectantur
1223 1968 1607 2023 contentionem
1648 1969 2036 2033 contradicunt,

525 2061 738 2116 vincant
766 2060 997 2131 plurium
1027 2060 1317 2130 siuﬂ'ragia,

525 2241 722 2297 BALS.
781 2240 1032 2297 Praesens
1063 2252 1119 2297 et
1150 2243 1414 2312 septimus
1434 2257 1610 2298 canon
1641 2250 1884 2298 statuunt
1907 2258 2043 2312 qua-

454 2345 578 2390 tuor
620 2333 987 2405 patriarchas,
1034 2334 1285 2390 videlicet
1345 2335 1672 2400 Romanum,
1726 2335 2046 2391 Alexandri-

451 2443 608 2492 num,
656 2427 1079 2483 Antiochensem
1109 2438 1163 2483 et
1192 2428 1738 2498 llierosolyioitanum
1784 2427 1874 2500 (de
1904 2428 2047 2483 Con-

452 2520 937 2589 stantinopolitano
955 2519 1098 2574 enim
1126 2520 1179 2574 in
1203 2520 1329 2575 aliis
1348 2521 1652 2575 eanonibus
1703 2511 2044 2589 tractabitur)

451 2626 521 2669 ex
577 2610 815 2680 antiquis
854 2611 1100 2667 moribus
1150 2611 1441 2668 honorari:
1510 2622 1566 2666 et
1620 2612 2045 2667 Alexandrinum

457 2704 676 2775 quidem
732 2703 1047 2773 episcopum
1102 2720 1336 2774 praeesse
1378 2704 1680 2775 provinciis
1730 2704 1947 2774 {Egypti
1994 2720 2050 2765 et

459 2795 650 2865 Libyae
688 2803 741 2849 et
773 2794 1114 2863 Pentapolis:
1152 2796 1549 2851 Antiochenum
1572 2796 1825 2851 similiter
1855 2796 2047 2865 Syriae,

453 2885 787 2957 Ctelesyriee,
820 2885 1219 2957 Mesopotamia:
1249 2898 1301 2941 et
1332 2886 1549 2955 utrique
1569 2885 1773 2943 Ciliciae
1802 2906 1815 2941 :
1852 2887 2049 2942 Hiero-

455 2978 843 3049 solymitanum
885 2988 1090 3042 autem,
1144 2979 1439 3049 provinciis
1468 2976 1790 3041 Palzestiure,
1838 2978 2050 3033 Arabia:

455 3081 509 3131 et
543 3070 850 3134 Phtenices,
888 3056 1176 3137 Quoniam,
1223 3071 1418 3142 inquit,
1480 3081 1537 3126 et
1594 3068 1872 3125 Romanus
1923 3070 2049 3139 epi—

457 3178 660 3231 Stzopos
689 3171 884 3232 praeest
923 3162 1343 3220 ot-ciduntalibus
1376 3162 1691 3233 provinciis.
1751 3162 1840 3218 Sic
1865 3176 2045 3217 au'em

455 3256 644 3313 volunt
672 3272 930 3317 canones,
963 3257 1302 3324 patr’archas
1331 3258 1446 3311 suis
1478 3272 1712 3325 praeesse
1739 3256 2050 3323 metrOpoli-
2074 3235 2118 3292 ε

455 3349 620 3415 tonis,
674 3357 727 3407 et
769 3364 954 3403 rursus
995 3348 1443 3417 metropolitanos
1490 3348 1604 3404 suis
1652 3349 1938 3418 episcopis,
1992 3356 2049 3403 ut

455 3442 589 3502 nihil
626 3457 875 3512 magnum
916 3452 969 3496 et
1001 3441 1227 3498 arduum
1266 3442 1387 3496 sine
1425 3443 1491 3498 iis
1543 3442 1634 3496 liat
1672 3442 1738 3495 ab
1781 3442 2049 3511 episcopis

454 3534 551 3602 qui
583 3535 714 3602 ipsis
747 3534 973 3604 subjeCti
1004 3545 1164 3588 sunt:
1219 3534 1474 3603 quocirca
1517 3536 1677 3588 etiam
1702 3535 1891 3606 jnbent
1923 3550 2045 3589 eum

457 3640 529 3681 ne
560 3641 681 3680 esse
706 3627 922 3693 quidem
954 3627 1290 3695 episcopum,
1327 3626 1416 3695 qui
1452 3626 1569 3681 sine
1588 3628 1747 3695 primi
1779 3628 2046 3684 sententia

462 3713 641 3769 lactus
693 3726 775 3770 est
822 3716 1131 3785 episcopus,
1184 3716 1465 3783 addentes,
1517 3716 1660 3785 quod
1711 3720 1754 3773 si
1790 3720 2048 3773 canonica

458 3805 599 3861 facta
620 3806 884 3862 electione
908 3806 1125 3875 quidam
1156 3806 1553 3869 contradicunt,
1586 3807 1831 3864 obtinere
1851 3810 2049 3865 debent

455 3897 606 3967 juxta
668 3899 812 3967 leges
870 3898 1105 3966 plurium
1156 3897 1435 3968 sull‘ragia.
1524 3898 1620 3954 His
1683 3901 1754 3955 ita
1813 3900 2047 3956 delinitis

458 3989 710 4058 quaesivit
760 3988 982 4059 aliquis,
1032 4002 1151 4041 cum
1209 4004 1447 4058 praesens
1491 4004 1663 4045 canon
1715 3990 1936 4045 detiniat
1990 3990 2046 4044 in

457 4082 713 4137 munibus
762 4082 942 4137 causis
1003 4083 1236 4152 plurium
1291 4082 1604 4151 suﬂragium
1656 4083 1891 4147 vincere,
1948 4080 2048 4137 No-

459 4174 599 4229 vella
661 4183 839 4228 autem
896 4174 1212 4228 constitutio
1276 4174 1511 4241 potentis
1564 4184 1619 4227 et
1675 4173 1818 4227 sacri
1877 4174 2045 4228 nostri

458 4264 811 4333 imperatoris
843 4264 1045 4318 domini
1079 4264 1347 4319 Manuelis
1396 4263 1655 4318 Conineni
1710 4280 1828 4331 quae
1860 4280 2048 4321 mense

457 4354 605 4419 Julio
660 4355 954 4411 indit-tione
1006 4356 1094 4418 Ν.
1143 4371 1283 4409 anno
1327 4356 1467 4411 6674
1511 4356 1719 4425 prolata
1762 4366 1874 4422 est,
1923 4372 2043 4410 eum

460 4446 674 4503 caeteris
741 4457 795 4502 et
843 4447 957 4502 haec
986 4447 1201 4502 disertis
1254 4449 1433 4502 verbis
1484 4448 1754 4504 deﬁniat:
1809 4450 1960 4515 Quod
1998 4448 2042 4504 si

2199 1980 2383 2050 ψήφῳ
2409 1980 2643 2048 εὐλόγῳ
2674 1978 2830 2045 οὔσῃ
2861 1978 2959 2031 καὶ
2984 1976 3135 2030 κατὰ
3165 1977 3393 2030 κανόνα
3410 1977 3735 2041 ἐκκλησια-

2212 2075 2428 2127 στικὸν
2452 2072 2563 2128 δύο
2592 2072 2630 2140 ἢ
2674 2070 2831 2141 τρεῖς
2860 2070 2937 2125 δι’
2966 2072 3196 2124 οικείαν
3217 2070 3595 2139 φιλονεικίαν
3615 2069 3735 2123 dr-

2212 2168 2512 2235 τιλέγωσι,
2548 2166 2833 2235 κρατείτω
2865 2165 2899 2232 ὴ
2926 2163 3047 2218 τῶν
3092 2164 3395 2220 πλειόνων
3416 2161 3651 2231 ψῆφος.

2216 2260 2415 2313 ΒΑΛΣ.
2456 2260 2518 2313 '0
2547 2257 2741 2327 παρὼν
2778 2255 2958 2311 κανὼν
2988 2258 3081 2309 καὶ
3110 2256 3139 2308 ὁ
3171 2254 3213 2320 ζ’
3233 2254 3565 2325 διορίζονται
3606 2252 3738 2316 τοὺς

2144 2351 2185 2407 δ’
2242 2352 2610 2422 πατριάρχας,
2667 2350 2866 2420 δηλαδὴ
2916 2350 3008 2402 τὸν
3045 2348 3284 2417 Ῥώμης,
3331 2348 3421 2400 τὸν
3476 2346 3738 2411 Ἀλεξαν-

2146 2445 2351 2513 δρείας,
2374 2444 2466 2495 τδν
2512 2441 2867 2511 Ἀντιοχείας,
2904 2440 3000 2494 καὶ
3028 2440 3119 2494 τὸν
3146 2438 3535 2509 Ἰεροσολύμων
3574 2437 3737 2509 (περὶ

2146 2536 2257 2606 γὰρ
2310 2534 2403 2588 τοῦ
2456 2533 3081 2594 Κωνσταντινουπόλεως
3146 2535 3204 2585 ὲν
3258 2531 3467 2595 ἑτέροις
3542 2530 3737 2583 κανόσι

2149 2626 2581 2697 διαληφθήσεται
2604 2631 2645 2693 ),
2677 2624 2825 2679 κατὰ
2852 2623 2922 2679 τὰ
2949 2623 3153 2677 παλαιὰ
3182 2622 3278 2693 ἔθη
3317 2623 3602 2692 τιμᾶσθαι,
3636 2622 3741 2674 καὶ

2147 2720 2239 2773 τὸν
2283 2720 2387 2788 μὲν
2458 2716 2873 2787 Ἀλεξανδρείας
2926 2716 3181 2787 προέχειν
3206 2714 3317 2768 τῶν
3353 2716 3412 2767 ὲν
3450 2713 3739 2783 Αἰγύπτῳ,

2148 2813 2242 2865 καὶ
2279 2810 2480 2881 Λιϐύῃ,
2513 2811 2607 2863 καὶ
2637 2808 2970 2862 Πενταπόλει
2999 2807 3284 2876 ἐπαρχιῶν
3313 2822 3328 2838 ’
3377 2806 3470 2859 τὸν
3526 2807 3743 2860 Ἀντιο-

2150 2904 2303 2974 χείας
2336 2902 2539 2973 ὁμοίως
2571 2901 2669 2971 τῆς
2694 2900 2916 2971 Συρίας,
2944 2900 3043 2969 τῆς
3087 2898 3293 2971 Κοίλης
3350 2899 3577 2970 Συρίας,
3632 2899 3742 2968 τῆς

2150 2996 2604 3066 Μεσοποταμίας,
2626 2993 2721 3048 καὶ
2750 2994 3015 3061 ἑκατέρας
3036 2991 3290 3055 Κιλικίας
3311 3007 3327 3024 '
3359 2992 3452 3045 τὸν
3474 2992 3530 3045 δὲ
3566 2991 3741 3061 Ἱερο-

2153 3090 2403 3160 σολύμων
2430 3088 2540 3142 τῶν
2585 3088 2643 3140 ὲν
2679 3088 2745 3156 τῇ
2799 3084 3132 3155 Παλαιστίνῃ
3180 3083 3487 3155 ἐπαρχιῶν,
3526 3083 3638 3137 τῶν
3682 3086 3741 3137 ιν

2165 3181 2391 3253 Ἀραϐίᾳ
2406 3180 2500 3234 καὶ
2518 3178 2626 3233 τῶν
2649 3178 2705 3231 ὲν
2730 3177 2973 3250 Φοινίκῃ,
3003 3175 3282 3245 atumat,
3315 3174 3410 3227 καὶ
3446 3175 3476 3228 ὁ
3507 3174 3738 3229 ἐπίσκο-

2150 3286 2252 3334 πος
2276 3270 2375 3340 τῆς
2421 3267 2643 3340 Ῥώμης
2690 3266 2913 3338 προέχει
2961 3264 3069 3319 τῶν
3104 3264 3374 3337 ἑσπερίων
3405 3264 3693 3335 ἐπαρχιῶν
3721 3282 3739 3301 ο

2152 3363 2308 3416 Οὕτω
2330 3362 2387 3415 δὲ
2417 3361 2660 3416 θέλουσιν
2692 3361 2741 3414 οἱ
2769 3360 2991 3420 κανόνες
3014 3359 3267 3429 προέχειν
3289 3357 3416 3419 τοὺς
3454 3356 3740 3428 πατριάρ-

2150 3471 2253 3524 χας
2296 3452 2407 3506 τῶν
2438 3454 2531 3506 ὑπ’
2555 3453 2754 3513 αὐτοὺς
2784 3449 3222 3520 μητροπολιτῶν,
3257 3450 3352 3503 καὶ
3385 3448 3552 3504 πάλιν
3598 3449 3740 3512 τοὺς

2153 3544 2552 3615 μητροπολίτας
2604 3543 2713 3596 τῶν
2777 3542 2866 3597 ὑπ’
2934 3542 3133 3595 αὐτοῦς
3181 3540 3528 3603 ἐπισκόπων,
3585 3536 3740 3591 ὥστε

2154 3636 2320 3708 μηδὲν
2348 3636 2516 3707 χωρὶς
2544 3634 2755 3688 τούτων
2794 3632 3039 3701 γίνεσθαι
3098 3631 3355 3701 περιττὸν
3412 3628 3566 3698 παρὰ
3617 3628 3740 3681 τῶν

2151 3727 2243 3779 ὑπ’
2270 3725 2467 3788 αὐτοὺς
2493 3723 2810 3777 ἐπισκόπων
2834 3739 2847 3752 ·
2879 3721 2966 3775 διὰ
2996 3721 3104 3791 γὰρ
3145 3719 3304 3773 τοῦτο
3328 3719 3423 3772 καὶ⁵
3474 3734 3739 3787 παρακε-

2149 3815 2392 3869 λεύονται
2450 3814 2585 3885 μηδὲ
2625 3808 2767 3866 εἶναι
2816 3811 3138 3875 ἐπίσκοπον,
3178 3809 3269 3861 τὸν
3318 3806 3442 3877 δίχα
3496 3807 3737 3878 γνώμης

2149 3907 2243 3959 τοῦ
2277 3906 2494 3976 πρώτου
2519 3905 2790 3973 γεγονότα
2839 3902 3161 3964 ἐπίσκοπον,
3204 3900 3585 3971 προτιθέμενοι
3623 3902 3737 3966 ὅτι,

2150 3998 2246 4051 ἐὰν
2275 3997 2580 4059 κανονικῶς
2609 3995 2910 4065 γενομένης
2936 3994 3033 4062 τῆς
3068 3993 3249 4063 ψήφου
3312 3992 3459 4054 τινες
3513 3991 3739 4045 ἀντιλέ-

2152 4107 2345 4159 γωσιν,
2390 4089 2600 4156 ὀφείλει
2658 4089 2882 4157 κρατεῖν
2927 4084 3069 4138 κατὰ
3116 4085 3243 4147 τοὺς
3297 4083 3496 4155 νόμους
3534 4084 3567 4153 ὴ
3623 4083 3742 4137 τῶν

2149 4183 2410 4236 πλειόνων
2455 4180 2667 4249 ψῆφοςο
2707 4177 2914 4232 τούτων
2965 4177 3108 4231 οὓτω
3148 4174 3545 4248 διορισθέντων,
3585 4174 3743 4246 ἡρώ-

2148 4275 2286 4342 τησέ
2314 4292 2397 4338 τις
2428 4274 2503 4336 ὡς
2536 4273 2627 4325 τοῦ
2664 4271 2763 4342 μὲν
2794 4270 3063 4341 παρόντος
3097 4270 3325 4332 κανόνος
3352 4268 3739 4339 διοριζομένου

2149 4366 2240 4417 ἐπὶ
2275 4364 2478 4426 πάσαις
2507 4363 2629 4425 ταῖς
2658 4360 2950 4414 ὑποθέσεσι
2978 4361 3077 4430 τὴν
3104 4359 3213 4413 τῶν
3241 4358 3503 4411 πλειόνων
3546 4358 3742 4428 ψῆφον

2150 4456 2306 4527 νικᾷν
2326 4472 2341 4487 ·
2372 4455 2472 4523 τῆς
2494 4454 2549 4506 δὲ
2596 4453 2815 4516 Νεαρᾶς
2851 4450 3172 4522 νομοθεσίας
3211 4449 3307 4503 τοῦ
3338 4445 3605 4515 κραταιοῦ
3640 4451 3743 4505 καὶ

460 4550 569 4590 non
623 4538 864 4590 omnium
902 4536 1092 4591 eadem
1145 4538 1410 4591 sententia
1466 4536 1648 4606 fuerit,
1692 4541 1783 4595 sed
1821 4541 1983 4611 aliqui
2015 4556 2044 4595 a

2164 4547 2310 4614 Ιιγίου
2375 4545 2530 4615 ἡμῶν
2558 4543 2820 4612 βασιλέως
2852 4540 3022 4612 κυροῦ
3051 4542 3308 4613 Μανουὴλ
3352 4541 3447 4595 τοῦ
3510 4542 3741 4612 Κομνησ-

459 4627 699 4700 plurium
735 4629 1005 4683 sententia
1040 4628 1361 4693 dissideant,
1407 4638 1499 4682 aut
1549 4646 1642 4699 par
1681 4631 1751 4686 sit
1791 4647 2045 4688 numerus

2164 4636 2243 4691 toﬁ
2305 4636 2405 4705 τῆς
2427 4634 2569 4688 κατὰ
2604 4633 2693 4687 τὸν
2720 4632 2943 4686 Ἰούλιον
2969 4633 3115 4702 μῆνα
3138 4632 3239 4700 τῆς
3291 4630 3356 4684 ιδ’
3400 4628 3742 4693 ίνδικτιῶνος

460 4732 652 4772 eorum
682 4717 773 4787 qui
811 4718 1117 4773 dissident:
1164 4733 1353 4773 eorum
1398 4721 1665 4775 sententia
1700 4721 2044 4791 praeferatur,

463 4811 792 4880 quibuscum
841 4810 888 4865 is
922 4810 1113 4871 sentit,
1162 4811 1252 4879 qui
1292 4810 1501 4880 judicio
1547 4825 1779 4883 praeest:
1830 4814 2044 4870 cuinam

464 4896 725 4953 debemus
759 4898 1082 4953 attendere?
1142 4899 1221 4954 Ac
1254 4900 1492 4953 nonnulli
1524 4901 1740 4970 quidem
1772 4901 2045 4968 dixerunt,

374 5063 379 5067 η
464 5008 576 5048 non
632 4993 880 5048 exaudiri
940 4992 1215 5049 Novellam
1280 4996 1332 5050 in
1397 4997 1573 5052 causis
1635 4997 2044 5065 ecclesiasticis,

466 5095 631 5155 atque
686 5086 895 5141 idcirco
943 5087 994 5140 in
1044 5088 1176 5156 ipsis
1226 5099 1407 5143 vetera
1450 5089 1573 5159 jura
1603 5089 1802 5153 valere,
1847 5104 2049 5160 eosque

466 5190 708 5231 canones
753 5176 846 5246 qui
895 5192 1019 5232 cum
1067 5178 1153 5233 his
1200 5180 1588 5235 convenientes
1638 5181 1831 5235 sanciti
1880 5192 2043 5237 sunt:

469 5267 561 5322 alii
592 5282 723 5323 vero
752 5278 938 5323 contra
969 5270 1239 5334 dixerunt,
1295 5270 1569 5325 Novellam
1594 5287 1689 5341 pro
1714 5282 1826 5327 toto
1850 5274 2047 5329 mundo

467 5367 523 5412 et
560 5358 707 5413 omni
750 5373 914 5414 causa
965 5357 1141 5413 locum
1183 5360 1409 5425 habere,
1466 5376 1528 5415 ac
1578 5363 1881 5432 generalem
1928 5380 2046 5420 esse

468 5448 679 5519 legem:
708 5448 839 5504 mihi
862 5465 992 5505 vero
1013 5451 1190 5506 locum
1224 5451 1427 5507 habere
1452 5468 1558 5508 non
1586 5455 1793 5510 videtur
1824 5456 2044 5513 Novella

466 5538 523 5596 in
572 5539 958 5598 ecclesiasticis
1004 5542 1378 5606 electionibus,
1432 5559 1531 5599 nec
1576 5546 1628 5600 in
1661 5539 2075 5604 ecclesiasticis

470 5633 895 5702 quaestionibus;
951 5637 1094 5705 quod
1157 5652 1329 5707 neque
1374 5637 1592 5694 traditio
1642 5639 1900 5694 canonica
1950 5656 2047 5710 per

465 5734 590 5783 mut
637 5727 712 5778 sit
758 5740 969 5782 eversa.
1030 5729 1219 5793 Qutere
1261 5729 1422 5783 etiam
1463 5743 1727 5784 canonem
1762 5730 1827 5785 i9
1855 5731 2045 5801 synodi

470 5815 848 5879 Amici-bonae.
920 5820 1065 5877 Sane
1106 5823 1323 5893 quidem
1372 5824 1683 5894 patriarcha
1736 5821 2047 5894 Hierosoly-

2148 4728 2243 4783 τοῦ
2276 4728 2425 4798 ςχοδ¹
2454 4727 2607 4789 ἔτους
2628 4724 3026 4796 ἐξενεχθείσης,
3048 4722 3424 4795 διοριζομένης
3455 4722 3595 4792 μετὰ
3622 4721 3742 4777 τῶν

2151 4821 2328 4877 ἄλλων
2359 4820 2452 4873 καὶ
2478 4818 2652 4873 ταῦτα
2690 4817 2893 4888 ῥητῶς.
2925 4817 2988 4869 Ei
3018 4816 3074 4869 δέ
3099 4832 3163 4884 γε
3213 4815 3288 4885 μὴ
3339 4812 3740 4884 ὀμογνωμονή-

2155 4930 2302 4966 σουσι
2332 4913 2555 4975 πάντες,
2584 4908 2721 4966 ἀλλά
2755 4925 2903 4971 τινες
2951 4906 3283 4977 διαφωνοῦσι
3314 4907 3429 4968 τοῖς
3463 4904 3742 4969 πλείοσιν,

2151 5005 2514 5076 ἢὲξισοῦνται
2553 5005 2603 5057 οἱ
2655 5002 3074 5070 διαφωνοῦντες,
3124 5001 3350 5053 ἐκείνων
3416 4996 3514 5068 τὴν
3544 4996 3740 5065 ψῆφον

2151 5095 2567 5168 προκρίνεσθαι,
2597 5088 2677 5158 οἷς
2728 5094 2823 5147 καὶ
2860 5093 2889 5145 ὁ
2922 5092 3015 5146 τοῦ
3042 5091 3397 5161 δικαστηρίου
3446 5087 3737 5158 προεστὼς

2156 5190 2472 5259 συμφωνεῖν
2507 5188 2611 5241 τίνι
2635 5187 2923 5257 προσέχειν
2949 5187 3275 5255 ὁφείλομενς
3317 5184 3410 5237 καί
3436 5198 3589 5244 τινες
3630 5181 3737 5251 μὲν

2152 5276 2305 5335 εἷπον
2337 5279 2412 5350 μὴ
2447 5277 2800 5344 ἐξακούεσθαι
2830 5278 2927 5350 τὴν
2946 5277 3168 5348 Νεαρὰν
3194 5276 3273 5339 είς
3302 5276 3400 5336 τὰς
3432 5272 3736 5342 ἐκκλησιασ

2154 5374 2344 5435 στικάς
2384 5370 2687 5434 ὑποθέσεις,
2722 5370 2817 5423 καὶ
2845 5368 2933 5422 διὰ
2965 5368 3123 5422 τοῦτο
3146 5369 3369 5437 κρατεῖν
3403 5364 3495 5418 ἐπ’
3531 5365 3736 5428 αὐταῖς

2149 5467 2216 5518 τὰ
2242 5464 2446 5517 παλαιὰ
2480 5462 2711 5532 νόμιμα,
2752 5460 2848 5515 καὶ
2874 5461 3000 5523 τοὺς
3026 5458 3308 5527 ἑπομένως
3337 5456 3552 5518 τούτοις
3612 5456 3736 5509 διο-

2155 5557 2436 5629 ρισθέντας
2467 5558 2737 5618 κανόνας·
2799 5554 2979 5624 ἕτεροι
3030 5552 3086 5605 δὲ
3136 5550 3571 5618 ἀντεφθέγξαντο
3624 5549 3736 5618 τὴν

2148 5648 2371 5717 Νεαρὰν
2392 5650 2469 5712 εἰς
2500 5651 2674 5701 πάντα
2706 5648 2909 5717 κόσμον
2938 5648 3031 5699 καὶ
3060 5647 3240 5699 πᾶσαν
3264 5644 3521 5696 ὑπόθεσιν
3547 5643 3737 5707 ἐκφω-

2150 5740 2397 5808 νηθῆναι,
2421 5741 2518 5791 καὶ
2550 5741 2628 5801 είς
2656 5739 2839 5807 κοινὴν
2868 5738 3228 5808 θεσμοθεσίαν
3251 5733 3413 5790 εἶναι.
3459 5732 3613 5799 Ἐμοὶ
3670 5730 3737 5783 δὲ

2150 5828 2299 5885 δοκεῖ
2326 5828 2401 5899 μὴ
2431 5827 2576 5899 ἔχειν
2610 5826 2797 5898 χώραν
2827 5826 2894 5883 τὰ
2918 5829 3015 5899 τῆς
3066 5826 3325 5897 τοιαύτης
3359 5824 3581 5895 Νεαρᾶς
3639 5824 3731 5887 εἰς
