3992 6480
381 404 492 472 263

1579 401 1892 465 ‘THEOD.
1924 399 2014 461 BA
2023 399 2328 464 LSAMON

3522 398 3632 464 ΞΜ

451 513 642 571 BALS.
700 511 946 570 Novatus
993 513 1087 570 ille
1126 520 1245 571 erat
1275 514 1646 569 Romanorum
1691 514 1943 568 Ecclesia!

2117 515 2314 568 ΒΛΛΣ.
2345 513 2403 567 ὀ
2416 513 2666 576 Ναυᾶτος
2683 511 2890 573 ικεΐνος
2910 507 3282 583 πρεσϐύτερος
3297 504 3366 581 ἦν
3391 510 3492 580 τῆς
3517 512 3634 564 τῶν

379 609 683 679 presbyter,
711 615 765 658 ut
791 605 979 659 scribit
997 605 1260 660 Eusebius
1283 604 1569 674 Pamphili.
1605 604 1740 659 Cum
1768 614 1948 658 autem

383 697 526 750 facta
580 701 724 748 esset
769 693 1116 762 persecutio,
1171 702 1226 746 et
1273 692 1426 746 multi
1482 701 1701 759 propter
1750 699 1950 742 metum

381 786 576 843 mortis
609 785 739 855 lapsi
772 793 972 850 essent,
1004 793 1058 838 et
1089 784 1459 853 ptenitentiam
1497 791 1740 850 agerent,
1776 782 1892 849 ipse
1921 795 1950 833 a

382 878 631 934 damnans
656 874 894 937 inﬂatus.
918 887 1015 929 eos
1040 876 1256 929 nolebat
1283 874 1604 939 admittere.
1642 871 1748 927 Sed
1779 885 1954 940 neque

379 986 505 1024 cum
534 969 781 1035 digamis,
804 978 858 1020 ut
880 968 1138 1037 quiesset
1173 968 1284 1034 ipse
1325 969 1630 1031 continens,
1653 965 1953 1020 communi-

379 1062 559 1116 cabat.
583 1060 682 1124 Qui
711 1072 838 1126 ergo
857 1059 1044 1112 eadem
1064 1067 1222 1127 atque
1243 1057 1354 1128 69
1370 1060 1472 1114 iste
1497 1058 1824 1121 sentiebant,
1845 1054 1954 1109 No-

381 1153 582 1206 vatiani
623 1152 913 1213 dicuntur,
960 1159 1018 1204 et
1056 1164 1153 1218 per
1191 1149 1419 1204 ironiam
1455 1148 1709 1220 καθαροὶ,
1750 1147 1802 1202 id
1846 1157 1951 1210 est,

380 1245 525 1314 puri.
592 1243 858 1310 Quoniam
907 1252 1087 1296 autem
1138 1244 1346 1313 synodo
1391 1242 1575 1296 Romae
1622 1241 1804 1296 habita
1853 1241 1954 1293 sub

375 1335 632 1391 Cornelio
682 1347 818 1401 papa
877 1333 1238 1386 Romanorum
1295 1333 1587 1395 Ecclesiae,
1655 1335 1955 1400 imperante

383 1427 564 1490 Decio,
586 1423 926 1478 anathemate
951 1438 1239 1492 percussus
1265 1435 1346 1478 est
1375 1422 1633 1486 Novatus.
1653 1435 1707 1478 et
1727 1424 1816 1492 qui
1836 1421 1954 1490 ejus

382 1520 631 1574 haeresim
662 1516 1046 1588 sequebantur,
1077 1517 1206 1571 dicit
1232 1532 1404 1572 canon
1441 1518 1584 1587 quod
1615 1517 1659 1571 si
1693 1516 1854 1584 aliqui
1886 1532 1953 1572 es

381 1607 450 1665 iis
481 1626 604 1665 cum
635 1610 844 1666 sincera
878 1610 1192 1681 pmultentia
1239 1623 1266 1662 ε
1303 1625 1401 1664 sua
1432 1609 1776 1676 improbitate
1809 1606 1957 1662 defe-

377 1701 579 1765 cerint,
609 1710 664 1755 et
699 1716 758 1756 se
791 1702 1072 1757 catholiCae
1111 1701 1365 1756 Ecclesiae
1398 1701 1612 1755 decreta
1641 1710 1955 1756 servaturos

379 1793 790 1857 aﬁirmaverint,
818 1793 1186 1863 suscipientur
1231 1810 1245 1845 :
1297 1801 1350 1847 et
1377 1794 1420 1848 si
1449 1795 1559 1847 sint
1590 1793 1806 1862 quidem
1843 1792 1952 1848 cle-

2063 605 2350 674 Ῥωμαίων
2375 601 2724 674 Ἔκκλησίας,
2749 599 2930 663 καθὼς
2954 602 3156 670 ἱστορεῖ
3179 602 3206 654 6
3226 601 3319 654 τοῦ
3337 602 3630 671 Παμφίλου

2051 691 2330 756 Εὐσέϐιος.
2363 692 2663 762 Γενομένου
2726 691 2785 744 δι
2813 690 3056 758 διωγμοῦ
3084 692 3178 742 καὶ
3208 690 3419 742 πολλῶν
3448 707 3630 761 παρα-

2051 783 2418 836 πεπτωκότων
2453 783 2542 836 διὰ
2590 782 2754 850 φόϐον
2789 781 3040 843 θανάτου,
3075 781 3170 834 καὶ
3195 781 3631 851 μετανοούντων,

2053 875 2250 940 αὐτὸς.
2311 876 2417 928 ὑπὸ
2449 875 2545 928 τοῦ
2583 873 2836 944 δαίμονος
2889 874 3272 943 φυσιούμενος,
3294 873 3453 944 ἦθελε
3501 872 3634 927 τού·-

2050 981 2176 1029 τους
2235 967 2312 1037 μὴ
2381 967 2818 1038 παραδέχεσθαι,
2889 964 3005 1019 ἀλλ’
3057 965 3180 1018 οὐδὲ
3237 965 3490 1034 διγάμοις
3551 966 3633 1030 ὡς

2048 1058 2209 1128 δῆθεν
2279 1057 2574 1126 σωφρονῶν
2623 1057 2922 1112 ὶκοινώνει.
2983 1059 3045 1109 Οί
3091 1055 3223 1124 γοῦν
3293 1057 3363 1110 τὰ
3409 1058 3624 1110 ἐκείνου

2053 1151 2422 1222 φρονήσαντες
2445 1150 2778 1205 Ναυατιανοὶ
2799 1149 3067 1219 λέγονται,
3094 1151 3187 1204 καὶ
3207 1149 3324 1203 κατ’
3347 1150 3636 1220 εἰρωνείαν

2053 1243 2322 1312 Καθαροί.
2395 1244 2548 1298 Ἐπεὶ
2598 1243 2655 1296 θλ
2707 1243 2928 1296 συνόδου
2988 1243 3286 1312 γενομένης
3322 1245 3382 1296 ιν
3439 1241 3633 1314 Ῥώμῃ

2054 1336 2150 1389 hri
2208 1333 2510 1406 Κορνηλίου
2568 1336 2725 1389 πάπα
2764 1335 2864 1404 τῆς
2895 1333 3006 1387 τῶν
3050 1333 3340 1404 Ῥωμαίων
3395 1334 3634 1404 Ἐκκλη-

2056 1427 2200 1493 σίας,
2243 1427 2620 1497 βασιλεύοντος
2651 1427 2868 1492 Δεκίου,
2922 1425 3327 1496 ἀκθεματίσθη
3370 1427 3401 1479 6
3439 1427 3632 1479 Ναυᾶ-

2055 1533 2152 1580 τος
2213 1518 2310 1571 καὶ
2351 1518 2401 1570 οί
2435 1516 2754 1588 αἱρεσιῶται
2786 1516 2978 1582 αὐτοῦ,
3013 1517 3178 1586 φησὶν
3213 1517 3242 1570 6
3288 1515 3472 1570 κανὼν
3519 1517 3628 1579 ὅτι,

2069 1607 2196 1662 Ἐάν
2225 1621 2374 1672 τινες
2423 1607 2488 1661 ικ
2535 1607 2742 1661 τούτων
2775 1607 2914 1678 μετά
2960 1605 3291 1678 εἰλικρινοῦς
3341 1607 3629 1677 μετανοίας

2055 1699 2338 1759 ἀποστῶσι
2367 1701 2464 1770 τῆς
2499 1700 2774 1770 προτέρας
2808 1700 3028 1764 κακίας,
3061 1702 3154 1754 καὶ
3202 1701 3620 1770 ἀσφαλίσωντιι

2057 1787 2348 1852 φυλάττειν
2398 1787 2468 1840 τὰ
2500 1789 2601 1858 τῆς
2642 1787 2938 1859 καθολικῆς
2999 1789 3327 1859 Ἐκκλησίας
3358 1791 3628 1859 δόγματα,

383 1887 508 1952 rici,
545 1886 790 1955 proprios
822 1861 1026 1956 gradus
1057 1886 1353 1950 habebunt,
1386 1895 1443 1938 ut
1471 1885 1562 1954 qui
1593 1861 1699 1938 non
1729 1887 1873 1954 quod
1900 1885 1946 1938 in

2053 1879 2428 1949 δεχθήσονται.
2468 1880 2580 1934 Καὶ
2605 1881 2655 1932 εί
2685 1881 2786 1949 μέν
2828 1882 2938 1934 είσι
2976 1881 3250 1953 κληρικοὶ,
3281 1881 3465 1946 ἕξουσι
3496 1884 3633 1937 πάν-

379 1975 484 2034 ﬁde
510 1990 729 2044 errent,
768 1980 862 2033 sed
899 1978 1098 2032 fratres
1129 1977 1256 2032 odio
1286 1976 1553 2042 habeant,
1589 1981 1953 2033 condemnem

379 2081 488 2127 tur.
545 2069 601 2126 Si
629 2080 807 2125 autem
839 2071 1199 2141 episcopalem
1231 2071 1546 2141 dignitatem
1588 2070 1858 2132 habeant',
1905 2071 1949 2125 si

377 2163 469 2216 alii
513 2163 856 2217 inveniantur
900 2161 1139 2234 episcOpi
1183 2161 1235 2214 in
1289 2162 1544 2232 regione,
1600 2161 1652 2216 in
1697 2177 1800 2231 qua
1847 2161 1949 2230 ipsi

376 2254 533 2309 eli-eti
565 2261 710 2317 sunt,
734 2254 835 2324 ipsi
865 2254 1079 2321 quidem
1109 2253 1241 2307 nihil
1268 2253 1571 2322 episcopale
1589 2258 1948 2308 exerceimnt:

375 2345 471 2400 sed
506 2345 810 2414 providebit
831 2346 1116 2414 episcopus
1147 2353 1208 2399 ut
1236 2346 1319 2400 vel
1346 2345 1421 2400 illi
1451 2348 1624 2400 solum
1647 2347 1954 2416 episcopale

377 2451 574 2490 nomen
617 2437 891 2502 habeant,
943 2440 1026 2491 vel
1067 2439 1173 2492 allo
1218 2438 1434 2492 nomine
1477 2437 1833 2506 appellentur.
1892 2439 1948 2492 Si

374 2538 556 2582 autem
591 2542 694 2582 non
726 2527 835 2582 sint
870 2528 924 2582 in
951 2543 1012 2584 ea
1041 2529 1264 2600 regione
1294 2528 1556 2598 episcopi,
1602 2530 1703 2599 ipsi
1731 2544 1951 2602 quoque

373 2620 744 2690 episcOpatum
767 2621 1249 2676 administrabant.
1289 2621 1421 2676 Illud
1443 2631 1648 2686 autem,
1677 2621 1731 2677 in
1758 2623 1951 2692 quibus

371 2718 430 2765 et
457 2719 670 2780 tempus
693 2711 1049 2767 constitutum
1071 2719 1175 2778 est,
1200 2722 1252 2767 et
1269 2715 1644 2784 opportunitas
1665 2715 1948 2784 prmlinita,

372 2801 443 2856 de
471 2801 538 2857 iis
573 2803 663 2870 qui
721 2812 964 2873 tempore
997 2805 1394 2874 persecutionis
1423 2805 1556 2874 lapsi
1586 2813 1746 2874 sunt,
1791 2815 1847 2864 et
1885 2810 1951 2864 de

371 2893 621 2966 digamis,
659 2893 860 2950 dictum
890 2907 1014 2951 est:
1044 2898 1139 2953 sed
1165 2905 1219 2953 et
1246 2899 1426 2955 clerici
1462 2939 1479 2964 ,
1531 2909 1817 2973 postquam
1860 2917 1950 2957 su-

373 2985 546 3056 scepti
579 2985 950 3050 luerint,tunc
987 2986 1132 3045 clero
1175 2994 1712 3049 connumerabuntur
1749 2993 1802 3048 in
1840 3007 1950 3065 quo

373 3076 525 3144 prius
558 3077 792 3132 ordinati
831 3077 1072 3145 fuerant,
1124 3081 1341 3152 quando
1385 3097 1483 3152 pro
1528 3084 1594 3139 iis
1641 3085 1730 3141 alii
1759 3084 1944 3142 clerici

371 3167 608 3224 ordinati
647 3184 750 3225 non
788 3169 1010 3226 fuerint.
1073 3170 1129 3227 Si
1164 3184 1347 3230 autem
1393 3177 1528 3231 tales
1571 3176 1942 3243 inveniantur,
1973 3211 2016 3271 ο

370 3259 465 3316 ﬁet
511 3271 568 3316 et
616 3262 761 3332 quod
807 3263 1063 3333 superius
1105 3264 1174 3320 de
1215 3267 1488 3337 episcOpis
1530 3269 1792 3340 scriptum
1841 3281 1942 3326 est.

371 3353 565 3420 Quaero
609 3363 787 3408 autem
827 3349 925 3410 :Si
957 3358 1047 3428 qui
1081 3372 1267 3412 eorum
1303 3360 1368 3413 ad
1413 3361 1671 3431 majorem
1722 3365 1944 3432 gradum

372 3446 592 3513 provehi
621 3445 908 3510 voluerint,
943 3463 1008 3502 au
1034 3450 1465 3518 proliibcbuntur
1489 3467 1554 3506 ex
1589 3454 1688 3507 hoc
1718 3470 1941 3518 canone,

369 3540 463 3607 qui
505 3537 636 3593 dicit
678 3539 730 3592 in
776 3539 1044 3610 principio
1079 3559 1093 3597 :
1138 3541 1323 3597 Visum
1371 3555 1688 3602 estsanctae
1717 3549 1942 3619 synodo.

369 3640 430 3684 ut
455 3631 535 3686 eis
566 3631 838 3702 impositis
870 3635 1116 3690 manibus
1149 3635 1226 3690 sic
1261 3636 1312 3689 in
1342 3636 1491 3691 clero
1538 3650 1789 3693 maneant
1825 3657 1838 3693 :
1877 3657 1943 3694 an

368 3721 508 3774 citra
586 3722 1027 3790 impedimentum
1111 3729 1616 3794 promovebantur?
1709 3728 1941 3785 Salutio.

369 3811 447 3866 Ex
476 3812 544 3868 80
576 3828 699 3868 can.
732 3826 908 3883 apost.
938 3823 994 3871 et
1016 3818 1049 3871 5
1076 3833 1199 3872 can.
1229 3822 1508 3889 praesentis
1538 3836 1658 3891 syn.
1684 3832 1941 3878 statutum

365 3911 451 3954 est
477 3910 537 3955 ut
558 3905 722 3956 etiam
753 3905 846 3973 qui
880 3917 1006 3960 sunt
1028 3909 1251 3963 omnino
1295 3910 1538 3964 inﬁdeles
1563 3949 1578 3973 ,
1623 3928 1716 3977 per
1745 3917 1941 3980 gradus

367 3989 434 4042 ad
461 3991 824 4045 sacerdotium
854 3993 1226 4052 admittantur.
1265 3998 1458 4063 Quidni
1485 4014 1612 4070 ergo
1634 4000 1939 4068 Novatiani,

368 4089 421 4135 et
450 4083 540 4151 qui
561 4081 780 4137 Catliari
813 4084 1091 4152 dicuntur,
1122 4091 1603 4157 promovebantur,
1629 4097 1745 4162 qui,
1769 4105 1826 4149 ut
1859 4097 1942 4150 di-

365 4185 513 4227 ctum
553 4184 660 4240 est,
702 4175 754 4230 in
791 4176 896 4231 ﬁde
927 4192 1032 4233 non
1077 4192 1296 4245 errant,
1341 4183 1436 4237 sed
1474 4192 1726 4255 tanquam
1763 4188 1943 4244 immi-

365 4265 676 4322 sericordes
703 4267 1072 4324 damnantur?
1137 4273 1289 4340 Quod
1328 4286 1508 4331 autem
1556 4278 1677 4333 illos
1714 4280 1766 4334 in
1793 4281 1940 4337 clero

368 4371 590 4412 manere
626 4363 977 4416 constitutum
1010 4373 1127 4430 est,
1179 4366 1231 4420 id
1265 4369 1395 4422 mihi
1429 4384 1525 4438 pro
1549 4371 1628 4426 eis
1663 4374 1831 4444 magis
1857 4373 1937 4429 fa-

363 4460 492 4500 cere
520 4448 732 4504 videtur
762 4465 776 4504 :
822 4453 1116 4510 verisimile
1148 4460 1292 4512 enim
1321 4470 1438 4514 erat
1486 4463 1666 4517 dicere
1702 4465 1932 4534 aliquos,

2050 1988 2158 2034 τως
2188 1973 2316 2034 τοὺς
2357 1973 2599 2036 οίκείους
2633 1972 2900 2044 βαθμοὺς,
2934 1972 3011 2036 ὡς
3047 1973 3122 2043 μὴ
3159 1974 3632 2044 σφάλλοντεςπερὶ

2051 2068 2150 2132 τὴν
2181 2063 2388 2130 πίστιν,
2415 2063 2530 2116 ἀλλ’
2564 2063 2641 2127 ὡς
2672 2063 2991 2134 μισάδελφοι
3022 2066 3515 2136 κατακρινόμενοιι
3570 2067 3624 2120 εί

2050 2156 2108 2210 δὲ
2159 2158 2518 2211 ἔπισκοπικδν
2569 2157 2789 2228 ἀξίωμα
2837 2157 3074 2228 ἔχουσιν,
3127 2158 3305 2212 ἄλλων
3337 2160 3438 2230 μιν
3487 2162 3631 2215 κατά

2052 2250 2240 2322 χώραν
2286 2253 2368 2314 είς
2400 2252 2469 2323 ἢν
2499 2246 2646 2306 οὗτοι
2677 2252 3159 2324 ἑπεκηρύχθησαν,
3221 2254 3631 2326 εὑρισκομένων

2049 2344 2391 2410 ἐπισκόπων,
2441 2347 2598 2400 αὐτοὶ
2629 2347 2992 2401 ἐπισκοπικόν
3038 2365 3092 2401 τι
3113 2348 3217 2402 οὐκ
3241 2348 3626 2419 ὲνεργήεουσι,

2050 2439 2188 2492 ἀλλά
2221 2437 2497 2508 φροντίσει
2529 2439 2558 2492 6
2585 2440 2884 2504 ἐπίσκοπος
2917 2440 2950 2510 ἢ
3003 2442 3165 2511 μόνον
3194 2441 3369 2510 ὄνομα
3403 2441 3630 2505 τούτους

2050 2528 2196 2599 ἔχειν
2219 2529 2543 2593 latex/mou,
2590 2531 2624 2602 ἢ
2680 2530 2748 2584 δι’
2799 2531 2990 2604 ιτέρου
3032 2531 3317 2584 καλεῖσθαι
3341 2531 3628 2601 ὀνόματος.

2051 2624 2141 2694 Μὴ
2169 2623 2338 2678 ὄντων
2367 2623 2425 2678 δὲ
2452 2624 2736 2695 ἐγχωρίων
2786 2624 3127 2690 ἑπισκόπων,
3162 2625 3619 2695 οἱκονομήσουσιν

2051 2715 2206 2768 αὐτοὶ
2235 2717 2336 2769 καὶ
2365 2715 2437 2769 τά
2469 2716 2572 2783 τῆς
2603 2716 2932 2787 ιπισκοπῆς.
2986 2717 3061 2770 1‘6
3087 2717 3142 2770 εδ
3172 2715 3257 2786 ἐφ’
3282 2711 3358 2772 ὧν
3387 2717 3482 2769 καὶ
3508 2715 3632 2786 χρό-

2049 2823 2138 2870 νος
2154 2805 2406 2877 ὥρισται,
2432 2810 2528 2862 καὶ
2562 2808 2755 2880 καιρὸς
2777 2808 3059 2871 τέτακται,
3093 2807 3290 2880 ἐρρέθη
3327 2809 3461 2880 περὶ
3506 2812 3629 2862 τῶν

2049 2902 2574 2970 παραπεπτιινκότων
2615 2903 2675 2956 εν
2725 2902 2908 2973 καιρῷ
2935 2900 3182 2972 διωγμοῦ
3214 2903 3307 2955 καὶ
3343 2903 3452 2956 τῶν
3473 2903 3630 2970 διγά-

2051 3001 2192 3060 μων.
2225 2988 2388 3043 Ἀλλά
2415 2993 2510 3044 καὶ⁵
2541 2991 2594 3044 oi
2637 2990 2916 3063 κληρικοὶ,
2944 2991 3083 3061 μετά
3111 2991 3172 3044 τὸ
3197 2991 3475 3062 δεχθῆναι,
3502 2991 3630 3045 τότε

2047 3076 2126 3146 τῷ
2155 3076 2344 3149 κλήρῳ
2377 3080 2901 3151 συναριθμήοονται,
2926 3069 3078 3149 ιφίῷ
3106 3082 3632 3153 προεχειροτονήθη-

2050 3185 2172 3233 σαν,
2197 3171 2285 3224 ὅτε
2303 3171 2405 3223 οὐκ
2428 3171 2736 3242 ἐτάχθησαν
2765 3171 2888 3225 ἀντὶ
2914 3170 3120 3227 τούτων
3147 3173 3323 3244 ιτεροι
3353 3173 3624 3245 κληρικοίι

2057 3258 2328 3314 Τοιούτων
2352 3261 2411 3315 δέ
2438 3278 2600 3316 τινων
2622 3263 3050 3334 εὑρισκομένων,
3071 3264 3366 3335 γενήσεται
3393 3264 3421 3318 6
3459 3280 3511 3318 τι
3530 3264 3630 3317 καὶ

2060 3356 2191 3426 περὶ
2245 3356 2355 3409 τῶν
2427 3355 2747 3410 ιπισκόπων
2805 3356 3024 3429 ἐγράφη
3092 3357 3321 3412 ἀνωθεν.
3399 3355 3622 3426 Ἐρωτῶ

2051 3446 2106 3499 δέ
2135 3459 2152 3478 ⁶
2197 3447 2323 3501 Ἐάν
2378 3463 2520 3510 τινες
2569 3448 2632 3498 ικ
2678 3445 2882 3500 τούτων
2938 3448 3074 3518 πρὸς
3129 3447 3350 3517 μείζονα
3418 3446 3631 3516 βαθμὸν

2057 3538 2606 3609 προαναὸισαεθῆναι
2681 3539 2982 3610 θελήσωσιν
3021 3576 3039 3602 ,
3127 3538 3624 3609 ιμποδισθήσονται

2050 3633 2159 3684 ἀπὸ
2207 3631 2301 3684 τοῦ
2344 3631 2564 3694 κανόνος
2596 3631 2786 3685 τούτου
2821 3631 3069 3699 λεγοντος
3099 3631 3241 3685 κατὰ
3290 3635 3388 3693 τὰς
3424 3630 3626 3701 ἀρχάςο

2053 3720 2240 3786 Ἔδοξε
2267 3725 2333 3792 τῇ
2364 3722 2494 3793 ἀγίᾳ
2532 3723 2753 3793 συνόδῳ,
2781 3721 2922 3776 ὥστε
2958 3719 3469 3794 χειροθετουμένσυ,
3521 3721 3627 3773 αύ-

2049 3813 2174 3876 τοὺς
2209 3813 2390 3883 μένειν
2414 3815 2587 3878 οὕτως
2615 3816 2675 3868 ἑν
2719 3815 2798 3885 τῷ
2831 3814 3020 3884 κλήρῳ
3044 3829 3058 3843 ·
3096 3815 3129 3884 ἢ
3161 3813 3453 3876 ἀκωλύτως
3485 3829 3622 3882 προ-

2049 3905 2302 3974 κόψουσιν
2325 3922 2340 3970 ;
2367 3908 2579 3972 Λύσις.
2623 3907 2759 3960 Ἀπὸ
2803 3907 2899 3960 τοῦ
2931 3911 2986 3960 π’
3018 3905 3372 3960 ἀποστολικοῦ
3403 3903 3628 3967 κανόνος

2049 3995 2143 4047 καὶ
2167 3994 2261 4048 τοῦ
2319 3997 2363 4065 β’
2408 3999 2629 4060 κανόνος
2657 3997 2756 4066 τῆς
2807 3996 3088 4066 παρούσης
3120 3996 3338 4048 συνόδου
3377 3995 3601 4048 δέδοκτα

2048 4085 2146 4136 καὶ⁸
2200 4085 2328 4148 τοὺς
2362 4085 2536 4156 πάντη
2573 4087 2838 4150 ἀπίστους
2875 4089 3016 4140 κατὰ
3053 4087 3294 4156 βαθμοὺς
3345 4085 3600 4154 ἱερᾶσθαι

2049 4177 2168 4230 Ἵνα
2219 4177 2272 4230 τί
2327 4179 2456 4247 γοῦν
2485 4179 2532 4230 oi
2561 4179 2892 4234 Ναυατιανοὶ
2929 4181 3022 4232 καὶ
3050 4177 3294 4248 Καθαροί
3338 4177 3624 4246 λεγόμενοι

2045 4268 2108 4322 οὐ
2142 4270 2802 4340 προαναειὸασθήσονται,
2831 4270 2960 4341 περὶ
2992 4270 3088 4341 τὴν
3123 4273 3326 4334 πίστιν,
3364 4267 3439 4332 ὡς
3467 4268 3622 4338 εἴρη-

2044 4375 2158 4424 ται,
2191 4363 2265 4430 μὴ
2295 4361 2675 4430 σφαλλόμενοι,
2725 4362 2839 4414 ἀλλ’
2867 4363 2940 4425 ὼς
2967 4361 3316 4430 ἀσυμπαθεῖς
3355 4377 3621 4430 κατακρι

2046 4451 2300 4521 νόμενοις
2339 4453 2412 4505 Τὸ
2455 4453 2512 4506 δὲ
2572 4453 2752 4524 μένειν
2803 4453 3000 4516 αὐτοὺς
3029 4453 3201 4516 οὕτως
3231 4455 3289 4506 ὲν
3324 4452 3403 4522 τῷ
3436 4451 3622 4524 κλήρῳ

359 4539 562 4593 debere
597 4541 814 4609 quidem
858 4545 1008 4615 ipsos
1050 4549 1274 4618 suscipi,
1327 4552 1420 4606 sed
1460 4568 1584 4608 esse
1619 4555 1940 4624 simpliciter

2050 4544 2247 4613 μᾶλλον
2273 4545 2411 4615 ὑπὲρ
2464 4544 2688 4598 ἐκείνων
2742 4544 3023 4616 ὁρισθῆναι
3052 4543 3250 4598 νοεῖταί
3318 4561 3430 4614 μοι.
3460 4544 3623 4607 Εἰκὸς

361 4639 424 4683 ut
459 4629 644 4688 ﬁdeles
684 4633 850 4691 laicos
874 4676 889 4701 ,
935 4649 994 4694 et
1025 4654 1132 4694 non
1163 4641 1376 4710 priores
1402 4659 1531 4699 suos
1555 4646 1755 4713 gradus
1785 4660 1945 4703 exer-

358 4733 487 4776 cere
535 4739 551 4777 :
594 4726 738 4793 quod
780 4729 988 4798 synodo
1029 4747 1137 4786 non
1174 4732 1378 4800 placuit
1426 4751 1443 4790 :
1493 4739 1588 4792 sed
1621 4752 1941 4795 concessum

359 4819 445 4866 est
479 4823 540 4867 ut
569 4813 670 4882 ipsi
703 4817 756 4871 in
795 4823 996 4889 gradus
1031 4837 1158 4877 suos
1187 4825 1627 4884 restituerentur.
1694 4829 1942 4886 Restitu-

364 4905 530 4961 tionis
572 4917 756 4964 autem
787 4912 1006 4969 nomine
1049 4929 1158 4969 una
1186 4914 1278 4986 jus
1318 4930 1535 4987 quoque
1582 4920 1942 4990 promotionis

361 4999 696 5058 ostenditur.

432 5264 683 5322 ZONAR.
715 5268 936 5325 Cathari
968 5271 1094 5344 (hoc
1117 5283 1202 5328 est
1239 5275 1380 5346 puri)
1407 5276 1693 5334 Novatiani
1735 5283 1926 5339 dicun-

361 5365 475 5411 tur.
536 5358 662 5412 Fuit
713 5371 892 5416 autem
935 5362 1173 5420 Novetus
1226 5367 1480 5424 llomanze
1515 5371 1769 5428 Ecclesia:
1818 5390 1937 5444 pre-

362 5450 570 5522 sbyter,
635 5453 728 5522 qui
794 5453 846 5508 in
925 5460 1300 5525 persecutione
1347 5460 1543 5532 lapsos,
1589 5467 1758 5535 culpa:
1806 5469 1931 5524 licet

359 5548 638 5611 pertaesos,
676 5543 988 5613 repellebat,
1033 5557 1196 5618 atque
1241 5565 1271 5604 a
1320 5552 1655 5622 digamorum
1689 5572 1931 5613 commu-

359 5631 524 5686 nione
606 5633 820 5702 penitus
879 5638 1222 5696 abhorrebat.
1285 5639 1619 5713 Propterea,
1680 5650 1929 5716 quamvis

356 5722 508 5779 nullo
557 5737 742 5781 errore
786 5726 840 5782 in
887 5727 955 5784 iis
999 5729 1091 5800 qui
1139 5731 1261 5788 ﬁdei
1307 5745 1472 5802 sunt,
1520 5742 1818 5804 teneretur,
1857 5740 1928 5796 ob

361 5825 575 5869 morum
657 5822 836 5872 tamen
895 5817 1388 5892 implacabilitatem
1421 5864 1438 5892 ,
1522 5823 1928 5898 fraternumque

2048 4637 2160 4707 γάρ
2197 4633 2266 4707 ἦν
2317 4637 2500 4704 λέγειν
2538 4637 2692 4698 τινάς
2719 4637 2956 4705 ὀφείλειν
2983 4636 3244 4706 δεχθῆναι
3274 4636 3372 4706 μὲν
3396 4637 3620 4702 αὐτοὺς,

2045 4727 2188 4797 πλὴν
2213 4719 2352 4779 εἶναι
2372 4725 2447 4793 ὡς
2474 4725 2661 4790 ἁπλῶς
2681 4729 2908 4791 πιστοὺς
2940 4727 3183 4793 λαῖκοὺς,
3221 4729 3318 4781 καὶ
3366 4727 3442 4797 μὴ
3470 4728 3623 4798 ἐνερ-

2044 4820 2162 4888 γεῖν
2211 4820 2354 4874 κατὰ
2397 4820 2523 4882 τοὺς
2575 4817 2875 4889 προτέρους
2905 4819 3112 4872 τούτων
3148 4818 3428 4889 βαθμούς·
3478 4818 3618 4888 ὅπερ

2044 4911 2198 4979 παρά
2226 4909 2325 4980 τῆς
2357 4909 2578 4963 συνόδου
2622 4909 2723 4962 οὐκ
2743 4908 2955 4980 ἐδέχθη,
2986 4909 3102 4962 ἀλλ’
3135 4908 3353 4978 ἐνεδόθη
3375 4908 3620 4962 ἀποκαθο

2045 5000 2300 5055 ίστασθαι
2351 4999 2576 5064 τούτους
2633 5003 2712 5062 είς
2777 5002 2905 5059 τοὺς
2958 4999 3194 5061 οίκείους
3226 4999 3501 5069 βαθμούς·
3537 4998 3619 5066 τῷ

2037 5091 2096 5145 δὲ
2127 5093 2351 5162 ὀνόματι
2379 5094 2476 5162 τῆς
2511 5090 3008 5156 ἀποκαταστάσεως
3065 5091 3158 5142 καὶ
3182 5092 3244 5143 τὸ
3273 5090 3487 5144 δίκαιον
3513 5090 3614 5159 τῆς

2032 5184 2318 5255 προκοπῆς
2345 5184 2824 5252 συναναφαίνεται.

2108 5273 2355 5329 ΖΩΝΔΡ.
2393 5276 2637 5345 Κοιθαρο)⁵
2672 5276 2922 5343 λέγονται
2955 5275 3005 5327 οί
3055 5274 3404 5329 Ναυατιανοί.
3444 5274 3504 5328 Ὀ
3553 5274 3613 5327 δὲ

2032 5365 2283 5430 Ναυᾶτος
2311 5366 2681 5438 πρεσὸύτερος
2709 5361 2780 5436 ἦν
2804 5369 2901 5436 τῆς
2932 5365 3221 5437 Ῥωμαίων
3263 5366 3612 5435 Ἑκκλησίας,

2032 5460 2092 5523 ὃς
2117 5460 2243 5522 τοὺς
2273 5464 2330 5514 ὲν
2350 5460 2426 5530 τῷ
2447 5461 2671 5530 διωγμῷ
2695 5460 3200 5528 παραπεπτωκότας
3220 5459 3612 5529 μετανοοῦντας
3721 5474 3728 5478 ·

2033 5552 2132 5603 οὐκ
2160 5551 2392 5620 edixere,
2430 5550 2555 5603 οὕτε
2583 5551 2832 5620 διγάμοις
2873 5552 3164 5603 ἐκοινώνει.
3202 5550 3317 5615 Διὸ,
3379 5551 3482 5604 κᾶν
3536 5549 3614 5622 μὴ

2035 5644 2270 5714 περὶτὴν
2296 5644 2477 5696 πίστιν
2505 5643 2817 5712 ἐσφάλλετο,
2845 5643 2981 5696 ἀλλά
3011 5657 3072 5710 γε
3094 5643 3182 5696 διά
3210 5643 3270 5695 τὸ
3293 5643 3613 5715 ἀσυμπαθὲς

2033 5734 2197 5789 αὑτοῦ
2219 5742 2310 5788 καὶ
2337 5737 2688 5806 μισάδελφον,
2718 5736 2938 5790 συνόδου
2967 5736 3270 5807 γενομένης
3299 5739 3357 5790 ὲν
3422 5739 3611 5806 Ῥώμῃ

2032 5829 2126 5882 ἐπὶ
2145 5828 2444 5897 Κορνηλίου
2459 5829 2556 5897 τῆς
2571 5825 2789 5896 Ῥώμης
2804 5830 2985 5894 πάπα,
3005 5830 3194 5884 Δεκίου
3213 5827 3613 5894 Βασιλεύοντος,
