3992 6480
349 405 459 466 “263

1428 397 1510 458 ΙΝ
1543 395 1708 456 CAN.
1740 392 1884 453 VIII
1920 389 2133 452 CONC.
2171 388 2442 452 NICAZN.
2483 386 2536 451 I.

3497 384 3603 445 266

349 519 664 588 ἀπεϐλήθη,
701 519 796 572 καὶ
844 515 1271 586 ἀνεθεματίσθη,
1325 514 1398 578 ὡς
1435 515 1462 565 ὸ
1503 514 1592 568 τοῦ
1648 513 1930 584 Παμφίλου

2046 511 2236 579 )dium,
2271 512 2327 566 in
2356 510 2580 582 synodo,
2615 525 2734 581 quae
2767 509 3018 566 Cornelio
3047 508 3419 566 Romanorum
3439 521 3596 578 papa,

347 613 611 675 Εὑσέὗιος
642 612 871 682 ἱστορεῖ.
899 610 1035 670 Τοὺς
1064 609 1194 677 γοῦν
1223 606 1548 679 αίρεσιὼτας
1578 605 1770 660 τούτου
1801 621 1932 673 προ-

347 704 683 776 ερχομένους
706 702 954 773 δέχεσθαι
972 703 999 753 ό
1018 701 1196 754 κανὼν
1217 694 1373 763 οὗτος
1396 700 1586 770 ὁρίζει,
1605 697 1930 769 ὁμολογοῦν-

342 811 443 857 τας
461 794 758 863 ἐγγράφως
784 793 865 846 ὅτι
881 792 954 852 τὰ,
977 791 1077 860 τῆς
1101 790 1394 858 καθολικῆς
1411 790 1737 860 Ἐκκλησίας
1764 808 1828 859 τη
1840 790 1934 860 ρή-

348 901 505 936 σουσι
549 884 820 951 δόγματα,
851 881 945 933 καὶ
971 881 1096 943 τοὺς
1120 881 1188 932 δι’
1233 880 1480 950 ἀνάγκην
1510 879 1928 949 ἀρνησαμένους

345 976 439 1028 τὸν
459 975 698 1044 Χριστὸν
713 974 975 1039 δέξονται,
995 972 1086 1024 καὶ
1115 971 1369 1039 οίκονομή
1380 986 1560 1022 σουσιν
1576 969 1773 1032 αὐτοὺς
1791 969 1931 1021 κατὰ

346 1070 475 1128 τοὺς
500 1066 727 1136 καιροὺς
775 1065 1110 1133 ὡρισμένους
1135 1065 1198 1132 τῇ
1237 1062 1494 1133 μετανοίᾳ.
1537 1062 1646 1114 τῶν
1680 1079 1931 1132 παραπε-

347 1159 672 1214 πτωκότων·
688 1155 842 1209 τοῦτο
855 1156 964 1226 γάρ
977 1158 1094 1208 ἐστι
1107 1155 1166 1207 τὺ
1180 1156 1266 1222 ἐφ’
1283 1149 1356 1207 ὧν
1372 1153 1662 1224 καὶχρὸνος
1679 1151 1929 1223 ὥρισται,

351 1253 450 1305 καὶ
472 1252 661 1321 καιρὸς
686 1249 944 1302 τέτακται
965 1264 977 1277 ’
1003 1249 1224 1310 καὶτοῖς
1243 1247 1492 1315 διγάμοις
1516 1247 1930 1317 κοινωνήσουσι,

350 1345 450 1396 καὶ
509 1345 556 1395 εί
619 1340 1122 1412 κεχειροτονημένοι
1180 1338 1320 1391 εἰσὶν
1371 1340 1450 1402 είς
1505 1338 1841 1401 ἐπισκόπους
1895 1339 1928 1409 ἦ

348 1434 827 1507 πρεσϐυτέρουςῆ
874 1432 1154 1493 διακόνους
1202 1432 1255 1482 oi
1288 1431 1344 1497 ἐξ
1396 1430 1573 1484 αὐτῶν
1616 1432 1934 1501 προσιόντες

346 1532 415 1595 τῇ
453 1527 778 1597 Ἐκκλησία,
818 1525 998 1593 μένειν
1030 1523 1224 1580 αὐτοὺς
1248 1525 1305 1576 ἐν
1328 1522 1403 1592 τῷ
1436 1522 1620 1593 κλήρῳ
1645 1525 1786 1576 κατὰ
1808 1525 1932 1588 τοὺς

343 1619 590 1679 οἰκείους
623 1617 888 1687 βαθμοὺς,
928 1615 1023 1668 ἐὰν
1054 1614 1184 1676 ἴσως
1233 1613 1291 1664 ἐν
1319 1614 1440 1673 ταῖς
1485 1611 1824 1676 ἐκκλησίαις,
1874 1614 1932 1665 ἐν

342 1704 438 1772 αἷς
470 1710 983 1779 ἐχειροτονήθησαν,
1015 1707 1113 1760 οὐκ
1153 1704 1292 1757 εἰσὶν
1323 1703 1525 1773 ἕτεροι.
1563 1703 1686 1755 ’Ὁτι
1717 1704 1823 1773 γὰρ
1869 1705 1929 1757 οὐ

346 1804 484 1872 περὶ
515 1803 614 1871 τὴν
647 1802 831 1852 πίστιν
885 1799 1236 1869 ἐσφάλλοντο,
1273 1796 1390 1850 ἀλλ’
1439 1797 1518 1858 είς
1575 1796 1930 1866 μισαδελφίαν

344 1896 445 1945 καὶ
494 1894 719 1964 ἄρνησιν
781 1891 1065 1962 μετανοίας
1119 1892 1229 1953 τοῖς
1289 1887 1765 1958 παραπεπτωκόσι
1835 1890 1931 1942 καὶ

342 1986 767 2056 ἐπιστρέφουσι,
799 1985 888 2038 διὰ
923 1984 1080 2036 τοῦτο
1113 1984 1207 2036 καὶ
1240 1983 1340 2051 τὴν
1372 1982 1709 2050 χειροτονίαν
1750 1982 1932 2037 αὐτῶν

343 2080 382 2138 ἡ
443 2078 658 2140 σύνοδος
691 2077 931 2142 ἐδέξατο,
982 2077 1076 2129 καὶ
1131 2075 1316 2144 μένειν
1357 2073 1554 2136 αὐτοὺς
1602 2075 1660 2127 ἐν
1697 2076 1810 2137 τοῖς
1857 2077 1934 2129 οἰ-

344 2170 522 2231 κείοις
572 2169 801 2241 βαθμοῖς
858 2170 1169 2241 διωρίσατο,
1245 2168 1294 2220 εί
1361 2165 1436 2237 μὴ
1490 2161 1789 2231 ἐπίσκοπος
1845 2169 1930 2239 εἴη

345 2260 410 2311 ἐν
439 2261 506 2328 τῇ
538 2260 796 2330 καθολικῇ
849 2262 948 2325 τῆς
981 2259 1189 2320 πόλεως
1219 2258 1433 2328 ἐκείνης
1470 2258 1759 2331 ἐκκλησίᾳ.
1787 2261 1848 2312 Εἰ
1874 2261 1932 2312 δὲ

346 2352 410 2402 ἐν
440 2349 710 2419 ἐκκλησία
748 2351 886 2402 είσὶν
939 2350 1067 2402 ἔνθα
1098 2351 1398 2416 ἐπίσκοπος
1448 2355 1481 2425 ἢ
1534 2353 1929 2423 πρεσϐύτερος,

342 2442 380 2493 ὁ
404 2442 506 2510 μέν
541 2443 841 2502 ἐπίσκοπος
861 2441 970 2505 ἕξει
993 2441 1053 2494 τὸ
1072 2443 1170 2510 τῆς
1196 2443 1503 2514 ἐπισκοπῆς
1526 2445 1744 2515 ἀξίωμα
1759 2446 1851 2498 καὶ
1873 2444 1932 2498 τὸ

347 2535 530 2605 ὄνομα
555 2551 568 2565 ·
599 2537 626 2588 ὁ
661 2535 716 2588 δὲ
754 2535 906 2604 παρὰ
943 2533 1055 2596 τοῖς
1098 2535 1377 2605 Καθαροῖς
1427 2538 1763 2608 κεκλημένος
1817 2539 1934 2592 ἐπί-

351 2643 556 2690 σκοπος
605 2628 637 2697 ἢ
706 2627 1078 2698 πρεσδυτέρου
1138 2629 1250 2694 ἕξει
1294 2631 1499 2700 τιμὴν,
1540 2632 1746 2704 ἢτέως
1793 2650 1934 2704 χωρ-

359 2723 694 2786 ιπισκόπου,
724 2723 810 2774 ἵνα
837 2722 914 2792 τῷ
956 2723 1142 2793 κλήρῳ
1182 2725 1681 2796 συγκαταλὲγηται,
1725 2730 1819 2781 καὶ
1857 2728 1932 2799 μὴ

347 2814 547 2867 τούτου
589 2815 833 2886 ἐκπέσῃ·
874 2815 923 2867 εί
958 2817 1030 2884 μή
1085 2832 1187 2868 που
1234 2818 1688 2890 συγκαταϐαίνων
1736 2821 1764 2871 ό
1811 2821 1933 2872 ἐπί-

353 2918 559 2966 σκοπος
613 2904 711 2974 τῆς
768 2904 1065 2974 καθολικῆς
1128 2904 1454 2976 Ἐκκλησίας
1506 2908 1723 2979 θελήσει
1769 2909 1931 2962 αὐτὸν

346 2994 529 3063 δνομα
576 2995 668 3047 καὶ
723 2994 886 3067 τιμὴν
941 2996 1242 3050 ἐπισκόπου
1296 2996 1464 3066 ἔχειν.
1499 3000 1573 3053 Οὐ
1620 3001 1801 3069 μέντοι
1839 2992 1934 3054 καὶ

348 3085 431 3144 ὡς
457 3086 753 3150 ἐπίσκοπος
787 3075 1094 3157 ἐνεργῆσει,
1142 3088 1230 3140 ἵνα
1262 3088 1338 3158 μὴ
1391 3090 1449 3142 ἐν
1483 3092 1549 3160 τῇ
1604 3091 1739 3161 αὐτῇ
1779 3091 1932 3144 πόλει

345 3175 450 3230 δύο
477 3170 609 3231 ὦσιν
635 3178 943 3233 ἐπίσκοποι.

2035 605 2198 660 Decio
2245 607 2570 674 imperante,
2616 602 2799 658 Romae
2825 603 3007 658 habita
3040 603 3167 666 fuit,
3218 611 3277 656 ut
3335 602 3601 656 Eusebius

2033 693 2298 763 Pamphili
2355 699 2662 758 memorat,
2715 691 2922 761 ejectus
3021 675 3184 760 atque
3258 691 3606 745 anathemate

2035 788 2322 842 damnatus
2359 796 2464 842 est.
2520 786 2598 840 Ex
2642 785 2732 840 illo
2775 785 2938 854 igitur
2984 785 3360 840 haereticorum
3402 797 3600 852 grege,

2033 881 2126 952 qui
2159 894 2279 934 cum
2305 878 2544 934 Ecclesia
2571 879 2622 932 in
2655 877 2884 948 gratiam
2921 876 3095 931 redire
3122 876 3362 945 cupiant,
3386 888 3479 930 eos
3511 873 3601 928 hic

2035 988 2207 1028 canon
2260 971 2600 1040 recipiendos
2633 984 2754 1025 esse
2797 969 3062 1024 decernit:
3121 969 3280 1022 modo
3320 981 3380 1022 se
3427 976 3603 1021 tamen

2033 1067 2102 1121 ab
2141 1065 2395 1121 Ecclesiae
2431 1064 2710 1118 catholicae
2753 1062 2966 1132 placitis
3010 1076 3116 1116 nou
3158 1063 3513 1127 discessuros,
3543 1076 3606 1114 ac

2033 1173 2148 1224 eos,
2198 1161 2290 1227 qui
2333 1157 2661 1212 necessitate
2691 1156 2862 1211 coacti
2891 1153 3166 1209 Christum
3196 1162 3250 1209 et
3285 1154 3451 1208 Deum
3506 1168 3607 1208 ne-

2034 1259 2293 1322 gaverunt
2346 1249 2438 1304 ubi
2481 1255 2680 1304 statuta
2714 1246 3035 1302 criminibus
3065 1245 3345 1314 expiandis
3369 1253 3607 1313 tempora

2033 1340 2385 1410 expleverint,
2449 1339 2528 1410 (id
2583 1353 2816 1408 namque
2859 1337 3021 1392 verba
3081 1337 3171 1391 illa
3224 1337 3502 1403 indicant,
3551 1335 3608 1390 in

2034 1434 2230 1502 quibus
2290 1441 2345 1485 et
2411 1442 2622 1500 tempus
2667 1430 3023 1485 constitutum
3075 1436 3178 1494 est,
3235 1437 3290 1482 et
3344 1427 3608 1498 pmﬁnita

2033 1529 2168 1600 dies)
2196 1527 2552 1592 admissuros,
2582 1535 2635 1580 et
2660 1539 2782 1579 cum
2822 1524 3051 1596 digamis
3107 1526 3610 1578 communicaturos

2033 1635 2174 1684 esse,
2215 1618 2557 1689 chirographi
2613 1616 2694 1672 sui
2746 1616 3052 1672 testimonio
3093 1614 3471 1685 proﬁteantur.
3532 1615 3612 1669 Ac

2033 1714 2336 1785 siquidem,
2395 1712 2488 1781 qui
2536 1724 2602 1764 ex
2651 1710 2783 1779 ipsis
2837 1709 2902 1762 ad
2959 1705 3255 1762 Ecclesiam
3297 1707 3606 1768 accedunt,

2034 1805 2269 1876 episcopi
2307 1805 2441 1874 jam,
2496 1811 2589 1856 aut
2637 1799 2972 1871 presbyteri,
3028 1806 3121 1851 aut
3175 1795 3386 1851 diaconi
3441 1798 3610 1851 creati

2034 1907 2160 1956 sunt
2217 1909 2394 1966 neque
2434 1893 2692 1948 Ecclesiae
2726 1891 2888 1956 forte,
2943 1904 3172 1959 quarum
3215 1886 3518 1942 ministerio
3573 1885 3609 1942 ii

2040 2000 2164 2047 sunt
2205 1987 2449 2057 ascripti,
2482 1986 2614 2040 alios
2648 1985 2866 2046 habent,
2901 1990 3055 2036 auum
3108 1981 3158 2035 in
3191 1979 3337 2035 clero
3373 1979 3613 2048 dignita-

2036 2085 2106 2139 tis
2135 2083 2379 2139 ordinem
2413 2079 2671 2134 retinere.
2713 2075 2864 2142 Quod
2894 2074 3039 2129 enim
3078 2072 3130 2127 in
3167 2072 3274 2128 ﬁde
3293 2071 3428 2125 nihil
3467 2071 3615 2138 ejus-

2035 2175 2178 2231 modi
2271 2172 2517 2229 homines
2569 2169 2907 2233 oﬂenderint,
2960 2165 3052 2221 sed
3111 2173 3318 2220 tantum
3373 2163 3617 2218 fraterno

2035 2269 2195 2334 odio,
2226 2267 2489 2334 veniaque
2542 2262 2708 2332 lapsis
2740 2269 2794 2315 et
2815 2252 3255 2329 resipiscentibus
3302 2257 3614 2325 deneganda

2038 2359 2336 2431 peccarint,
2387 2364 2672 2427 propterea
2717 2352 3112 2408 ordinationem
3153 2364 3341 2404 eorum
3394 2346 3616 2402 admisit

2038 2447 2296 2519 synodus,
2333 2453 2388 2499 et
2424 2445 2474 2497 in
2506 2455 2606 2497 suo
2644 2453 2969 2510 quemquam
3014 2437 3204 2507 gradu,
3234 2435 3339 2491 nisi
3365 2449 3486 2489 cum
3531 2433 3613 2487 al-

2040 2550 2119 2595 ter
2145 2541 2198 2594 in
2237 2539 2425 2593 eadem
2460 2534 2595 2589 urbe
2622 2532 3014 2589 catholicarum
3054 2529 3292 2600 partium
3326 2529 3615 2598 episcopus

2039 2634 2200 2698 foret,
2251 2642 2472 2684 manere
2500 2627 2692 2682 voluit.
2744 2626 2814 2678 At
2855 2624 2899 2678 si
2945 2624 2998 2678 in
3028 2622 3269 2677 Ecclesia
3302 2630 3448 2683 sunt,
3493 2634 3611 2688 quae

2038 2727 2371 2796 episcopum,
2411 2730 2505 2774 aut
2545 2718 2922 2789 presbyterum
2973 2715 3191 2779 habeat,
3244 2712 3483 2783 episcopi
3515 2727 3615 2771 no-

2038 2830 2187 2880 men,
2234 2829 2297 2869 ac
2344 2812 2658 2883 dignitatem
2708 2808 2816 2878 70
2856 2808 2970 2877 ipse
3029 2806 3314 2872 retinebit;
3361 2805 3452 2875 qui
3489 2819 3618 2859 vero

2041 2908 2178 2976 apud
2205 2905 2468 2959 Catharos
2502 2900 2786 2970 episcopus
2824 2899 3000 2952 dictus
3045 2895 3243 2961 fuerat,
3285 2897 3616 2968 presbyteri.

2039 3008 2133 3052 aut
2180 2991 2555 3064 chorepiscopi
2597 2992 2665 3046 ad
2686 3005 2959 3044 summum
3003 2989 3209 3044 honore
3244 2989 3520 3058 fungetur,
3556 3001 3617 3042 ut

2040 3090 2092 3144 in
2119 3088 2265 3144 clero
2297 3090 2736 3146 connumeretur,
2781 3094 2952 3148 eoque
2986 3094 3094 3134 non
3139 3079 3373 3144 excidat,
3403 3078 3510 3134 nisi
3540 3079 3618 3134 ei-

1962 3174 2004 3231 C
2047 3184 2166 3237 dem
2199 3179 2446 3238 catholici
2478 3176 2714 3247 episc0pi
2747 3172 3101 3242 indulgentia,
3140 3172 3379 3244 episcopi
3417 3186 3613 3227 nomen

355 3270 734 3340 honoremque
772 3271 1070 3339 permittat.
1107 3270 1147 3326 F
1155 3271 1437 3328 unctiones
1484 3279 1662 3329 tamen
1699 3276 1938 3345 episcOpi
1969 3276 2238 3346 proprias,
2285 3290 2350 3328 ne
2381 3271 2486 3327 duo
2519 3270 2677 3324 unius
2707 3267 2856 3324 urbis
2891 3266 3127 3336 episcopi
3203 3266 3313 3321 sint
3338 3306 3356 3334 ,
3409 3281 3618 3335 nequa-

351 3376 518 3428 quam
543 3371 812 3418 exerceat.

351 3452 582 3507 ΔΡΙΣΤ.
663 3457 727 3508 Οἱ
761 3458 1076 3527 λεγόμενοι
1135 3461 1392 3528 Καθαροί
1460 3464 1937 3533 προσερχόμενοι

414 3543 655 3610 πρῶτον
735 3549 1223 3617 όμολογείτωσαν
1246 3552 1773 3621 ὄτισυνθήσονται
1813 3557 1939 3624 τοῖς

422 3635 762 3703 ἐκκλησίας
811 3637 1076 3706 θεσμοῖς,
1131 3641 1231 3693 καὶ
1279 3641 1730 3708 κοινωνήσουσι
1775 3645 1939 3710 διγά-

420 3743 586 3794 μοις,
613 3729 712 3780 καί
749 3729 1225 3798 συγχωρήσουσι
1257 3733 1380 3798 τοῖς
1417 3737 1936 3801 παραπεπτωκόσι.

429 3820 537 3872 Καὶ
589 3818 779 3885 οὕτως
809 3823 842 3874 ὁ
894 3822 1320 3891 εὑρισκόμενος
1372 3826 1939 3896 κεχειροτονημένος

423 3910 608 3978 ετηὲν
649 3910 729 3976 τῷ
777 3911 975 3966 αὐτῶν
1022 3912 1268 3982 τάγματι
1291 3955 1306 3981 ,
1349 3909 1481 3969 οἷον
1516 3919 1549 3969 ό
1579 3918 1697 3985 μὲν
1724 3921 1942 3986 κυρίως

421 4005 761 4072 ἐπίσκοπος
789 4007 882 4072 εἵη
906 4006 1268 4074 ἐπίσκοπος.
1304 4009 1368 4061 '0
1397 4007 1464 4061 δὲ
1483 4013 1642 4079 παρὰ
1671 4012 1795 4078 τοῖς
1825 4016 1938 4067 Κα-

431 4096 630 4162 οαροῖς
686 4097 1024 4164 ἐπίσκοπος
1075 4101 1114 4168 ἢ
1166 4101 1620 4170 χωρεπίσκοπος
1659 4107 1836 4171 ἔστω,
1895 4108 1934 4177 ἢ

433 4194 840 4263 προσουτέρου
884 4196 1064 4264 τιμὴν
1112 4196 1150 4265 ἢ
1213 4197 1552 4253 ἐπισκόπου
1581 4201 1892 4266 κεκτήσθω
1917 4218 1931 4232 ·

435 4282 509 4333 οὐ
529 4280 639 4349 τὰρ
664 4281 903 4344 ἔσονται
924 4290 1033 4345 δύο
1053 4294 1137 4357 εἰς
1159 4293 1304 4362 μίαν
1322 4292 1665 4361 ἐκκλησίαν
1685 4294 1932 4348 ἐπίσκοο

434 4383 555 4421 ποι.

450 4461 582 4514 Ἀπὸ
615 4461 725 4516 τῶν
751 4461 1203 4532 προσερχομένων
1228 4473 1295 4541 τῇ
1322 4471 1452 4542 ἁγίᾳ
1480 4471 1574 4524 τοῦ
1604 4470 1740 4524 Θεοῦ
1776 4471 1936 4525 καθο-

368 4554 495 4622 λικῇ
527 4554 620 4606 καὶ
651 4554 982 4624 ἀποστολικῇ
1021 4554 1319 4629 Ἐκκλησία
1351 4563 1400 4612 οἱ
1430 4564 1528 4631 μὲν
1558 4562 1934 4632 βαπτίζονται,

368 4647 418 4698 oi
458 4645 514 4698 δὲ
575 4647 734 4716 μύρῳ
782 4644 1049 4717 χρίονται,
1102 4648 1153 4700 οἱ
1195 4648 1250 4701 δὲ
1287 4651 1446 4718 μόνον
1477 4652 1932 4724 ἀναθεματίξουσι

368 4737 470 4806 τὴν
498 4736 631 4789 ἰδίαν
661 4737 755 4788 καὶ
785 4739 970 4788 πᾶσαν
997 4735 1164 4807 ἄλλην
1201 4737 1435 4808 αἵρεσιν.
1467 4743 1530 4795 Οἱ
1577 4743 1708 4809 γοῦν
1753 4743 1938 4797 δελεα-

370 4828 586 4889 σθέντες
617 4828 721 4880 ὑπὸ
769 4827 864 4881 τοῦ
891 4828 1166 4891 Ναυάτου,
1201 4829 1298 4882 καλ⁸
1329 4831 1575 4902 Καθαροί
1606 4833 1736 4903 παρ’
1769 4834 1934 4887 αὐτοῦ

366 4919 782 4987 ὀνομασθέντες,
814 4919 888 4982 ὡς
924 4918 998 4990 μὴ
1027 4920 1445 4990 καταδεχόμενοι
1498 4922 1594 4993 τὴν
1644 4925 1936 4994 μετάνοιαν

365 5010 474 5060 τῶν
482 5010 699 5081 ἁμαρτη
707 5012 934 5075 σάντων,
954 5012 1046 5064 καὶ
1062 5012 1148 5064 τὸν
1160 5012 1411 5085 δεύτερον
1423 5016 1599 5086 γάμον
1615 5017 1934 5083 κωλύοντες,

365 5098 463 5152 ἐὰν
486 5103 550 5170 τῇ
589 5100 882 5171 Ἐκκλησία
910 5101 1260 5170 προσέλθωσι,
1288 5103 1383 5155 καὶ
1419 5104 1798 5174 ὁμολογήσωσι
1839 5106 1935 5158 καὶ

365 5189 629 5258 διγάμους
645 5192 1065 5260 παραδέχεσθαι,
1097 5194 1189 5245 καὶ
1213 5196 1324 5258 τοῖς
1351 5195 1716 5266 ἁμαρτήμασι
1767 5213 1934 5266 μετα-

362 5281 590 5348 νοήσασι
630 5283 956 5349 συγχωρεῖν,
989 5281 1084 5334 καὶ
1112 5281 1298 5346 ἁπλῶς
1328 5287 1461 5338 πᾶσι
1499 5288 1612 5348 τοῖς
1635 5285 1932 5358 ἐκκλησια-

363 5370 567 5430 στικοῖς
603 5369 989 5422 ἐπακολουθεῖν
1024 5371 1284 5441 δόγμασι,
1321 5376 1416 5444 τὴν
1468 5374 1606 5429 ἰδίαν
1653 5375 1934 5445 ἀναθεμαο

360 5460 604 5524 τίζοντες
664 5462 875 5530 αἰρεσιν
905 5465 1001 5517 καὶ
1049 5466 1144 5529 τὰς
1173 5467 1358 5532 ἄλλας,
1413 5468 1928 5540 προσδεχθήσονται,

360 5553 457 5601 καὶ
489 5550 638 5619 μόνῳ
667 5551 744 5620 τῷ
773 5554 914 5623 ἁγίῳ
948 5555 1105 5625 μύρῳ
1146 5557 1555 5626 χρισθήσονται.
1589 5559 1700 5612 Καὶ
1731 5561 1780 5611 εί
1830 5559 1932 5628 μέν

357 5657 502 5704 τινες
539 5643 720 5697 αὐτῶν
748 5647 886 5698 είσιν
922 5647 954 5716 ἢ
1012 5649 1360 5718 ἐπίσκοποιῆ
1418 5649 1841 5722 χωρεπίσκοποι,
1871 5651 1930 5702 ἐν

359 5734 427 5801 τῇ
461 5733 596 5804 αὑτῇ
631 5735 793 5787 πάλιν
819 5735 944 5808 ἀξίᾳ
980 5738 1252 5808 μενοῦσιν,
1287 5742 1333 5792 εἰ
1365 5742 1437 5810 μή
1469 5758 1571 5793 που
1605 5743 1662 5794 ἐν
1692 5744 1757 5811 τῇ
1788 5743 1925 5812 αὐτῇ

362 5825 513 5878 πόλει
574 5826 765 5892 ἔτερος
818 5829 1111 5892 ἐπίσκοπος
1171 5829 1271 5898 τῆς
1337 5830 1630 5902 καθολικῆς
1696 5832 1925 5901 Ἐκκλη-

717 5921 986 5982 l’srnon.
1028 5926 1141 5982 Gn.
1189 5922 1529 5984 CXXXVII.

2046 3461 2276 3519 ARIST.
2312 3457 2535 3514 Cat/rari
2565 3455 2696 3508 dicti
2719 3455 3018 3508 accedentes
3045 3453 3212 3519 primo
3248 3452 3616 3520 proﬁteantur,

2115 3555 2253 3625 quod
2283 3550 2540 3605 Ecclesiae
2567 3547 2928 3602 sanctionibus
2960 3529 3269 3609 assentient,
3315 3553 3364 3598 et
3400 3560 3518 3598 cum
3540 3547 3623 3598 di-

2116 3647 2280 3716 gamis
2315 3640 2808 3704 communicabunt,
2842 3636 3148 3706 veniamque
3213 3636 3380 3704 lapsis
3430 3651 3617 3690 conce-

2117 3742 2260 3796 dent.
2299 3738 2367 3793 Et
2394 3738 2468 3791 sic
2492 3737 2581 3806 qtti
2611 3743 2844 3805 repertus
2895 3741 2971 3787 est
3000 3731 3298 3795 ordinatus,
3347 3731 3402 3784 in
3442 3731 3622 3783 eodem

2117 3833 2301 3888 ordine
2331 3830 2679 3884 constituatur
2719 3841 2736 3879 :
2779 3834 2833 3878 ut
2881 3826 2926 3878 si
2964 3839 3077 3877 uere
3117 3830 3194 3876 est
3238 3822 3530 3890 episc0pus,
3555 3822 3622 3873 sit

2117 3924 2408 3993 episcopus.
2451 3919 2554 3985 Qui
2599 3933 2714 3972 vero
2745 3919 2883 3984 apud
2907 3912 3166 3968 Catharos
3192 3915 3464 3982 episcopus
3497 3912 3620 3980 fuit,

2119 4019 2189 4071 sit
2225 4015 2626 4084 citat-episcopus
2674 4009 2752 4064 uel
2781 4008 3094 4078 presbyteri,
3139 4007 3218 4061 uel
3244 4007 3472 4076 episcopi
3521 4006 3620 4058 ho-

2117 4124 2242 4163 nore
2271 4109 2516 4177 gaudeat.
2546 4102 2613 4157 In
2645 4118 2749 4157 una
2781 4102 2920 4156 enim
2949 4100 3169 4156 ecclesia
3201 4100 3306 4154 duo
3331 4114 3434 4152 non
3465 4106 3618 4154 erunt

2114 4199 2364 4272 episcopi.

2119 4464 2195 4518 Ex
2245 4463 2309 4518 iis
2359 4462 2449 4533 qui
2493 4461 2559 4516 ad
2608 4468 2849 4515 sanctam
2899 4459 3223 4515 catholicam
3265 4466 3320 4514 et
3362 4457 3618 4528 apostoli-

1970 4546 2016 4602 Ι)
2044 4567 2165 4608 cam
2203 4552 2294 4606 Dei
2325 4549 2622 4606 Ecelesiam
2650 4549 2896 4615 veniunt,
2925 4547 3166 4603 nonnulli
3196 4546 3414 4617 quidam
3445 4544 3623 4614 bapti-

2041 4653 2256 4711 zantur,
2302 4643 2389 4698 alii
2432 4653 2609 4697 autem
2665 4649 2941 4711 unguento
2992 4639 3294 4703 illinuntur,
3342 4636 3433 4692 alii
3496 4650 3622 4692 vero

2041 4736 2216 4790 solum
2255 4751 2408 4790 suam
2442 4744 2497 4789 et
2524 4733 2685 4788 aliam
2707 4748 2920 4787 onmem
2964 4731 3216 4786 haeresim
3247 4738 3618 4785 exsecrantur.

2041 4825 2142 4892 Qui
2211 4827 2394 4895 itaque
2456 4840 2487 4879 a
2531 4823 2736 4879 Novato
2789 4822 2999 4892 decepti
3048 4832 3102 4878 et
3150 4821 3373 4877 Cathari
3433 4821 3500 4875 ab
3556 4836 3622 4874 eo

2040 4917 2306 4974 nominati
2343 4925 2471 4972 sunt
2503 4925 2562 4970 ut
2600 4916 3028 4986 resipiscentiam
3061 4929 3248 4969 eorum
3287 4911 3380 4981 qui
3433 4925 3624 4980 pecca-

2040 5018 2168 5063 runt
2208 5022 2315 5064 non
2364 5008 2686 5077 recipientes
2737 5014 2792 5061 et
2839 5006 3104 5061 secundas
3137 5005 3484 5076 prohibentes
3518 5019 3624 5058 nu-

2039 5101 2202 5170 ptias,
2237 5099 2281 5155 si
2309 5103 2375 5154 ad
2417 5099 2712 5154 Ecclesiam
2746 5098 3013 5163 venerint,
3051 5107 3106 5152 et
3139 5096 3374 5152 confessi
3416 5093 3618 5150 iuerint

2039 5204 2098 5245 se
2120 5197 2176 5244 et
2219 5190 2460 5259 digamos
2487 5187 2818 5242 admissuros
2838 5226 2853 5251 ,
2882 5197 2935 5243 et
2969 5188 3034 5242 iis
3079 5200 3218 5256 quos
3265 5193 3608 5255 peccatorum

2037 5282 2288 5351 paenituit
2319 5282 2528 5336 veniam
2563 5283 2781 5336 daturos
2802 5289 2856 5336 et
2904 5281 3082 5334 omnia
3117 5293 3339 5347 prorsus
3370 5276 3623 5332 ecclesia.

2037 5375 2172 5430 stica
2219 5376 2601 5430 observaturos
2647 5375 2920 5444 dogmata,
2955 5383 3009 5429 et
3051 5388 3206 5429 suam
3259 5379 3315 5427 et
3345 5371 3482 5426 alias
3529 5385 3623 5424 ex-

2036 5474 2317 5523 secrantes
2361 5467 2595 5524 hmreses
2643 5468 3015 5533 admittentur,
3073 5477 3127 5523 et
3178 5475 3387 5522 tantum
3437 5475 3626 5521 sancto

2035 5569 2311 5626 unguento
2343 5559 2640 5615 illineutur.
2672 5560 2740 5615 Et
2772 5561 2816 5616 si
2849 5561 3066 5628 quidem
3092 5559 3260 5628 aliqui
3293 5572 3478 5614 eorum
3511 5557 3626 5616 sint

2033 5650 2270 5722 episcopi
2299 5660 2394 5706 aut
2411 5651 2804 5723 chorepiscOpi,
2831 5653 2882 5706 in
2901 5651 3086 5707 eadem
3106 5665 3295 5706 rursus
3325 5650 3617 5704 manebunt

2035 5741 2324 5811 dignitate,
2354 5743 2455 5798 nisi
2493 5743 2630 5798 forte
2665 5744 2718 5798 in
2754 5742 2942 5798 eadem
2989 5742 3210 5798 civitate
3250 5741 3388 5797 alius
3436 5740 3625 5794 catho-

2041 5834 2157 5890 licae
2188 5833 2442 5892 Ecclesia:
2487 5837 2796 5894 inveniatur
2829 5836 3139 5906 episcopus,
3179 5843 3304 5888 ante
3339 5833 3625 5894 adventum

3267 5921 3301 5986 9
