3992 6480
338 398 442 461 267

1606 379 1890 442 THEOD.
1932 381 2328 443 BALSAMON

3490 385 3595 450 278

339 516 577 574 ipsorum
609 506 909 563 ordinatus.
939 504 1029 559 Sic
1060 501 1207 559 enim
1240 497 1562 572 prmferetur
1586 476 1677 565 qui
1714 494 1782 549 ab
1815 493 1919 548 ini-

2043 495 2149 556 ria;
2185 494 2503 567 εὑρίσκεται
2564 495 2670 566 πρδ
2715 493 2813 563 τῆς
2864 492 3130 558 ἑλεῐσεως
3176 494 3363 557 αὑτηῖλν
3416 514 3598 567 χειρο-

342 606 417 659 tio
466 600 682 671 proprio
728 608 845 654 erat
898 598 1207 667 episcopus,
1255 601 1311 648 et
1356 590 1504 647 solus
1572 588 1921 658 episcopatus

343 696 595 748 thronum
632 690 903 747 retinebit.
958 688 1223 754 Quoniam
1260 700 1365 739 non
1396 689 1610 751 oportet
1637 680 1775 734 duos
1801 691 1924 733 esse

338 786 626 856 episcopos
649 784 700 837 in
724 782 914 837 eadem
943 780 1181 834 civitate.
1212 776 1306 831 llle
1339 783 1517 829 autem
1547 771 1637 843 qui
1664 786 1693 823 a
1721 768 1922 825 Catba-

278 866 285 875 ’
340 878 417 930 ris
450 875 644 929 dicitur
670 875 956 943 episcopus
995 880 1052 925 ut
1080 868 1362 939 presbyter
1395 863 1749 920 honorabitur
1770 901 1785 927 ,
1836 859 1922 914 vel

339 969 385 1022 si
413 967 665 1036 episcopo
714 962 1011 1033 placuerit,
1070 968 1122 1014 et
1168 958 1406 1029 episcopi
1454 954 1691 1010 nominis
1751 950 1923 1022 parti-

340 1072 470 1124 ceps
517 1056 662 1119 erit,
728 1060 783 1106 at
826 1052 917 1122 jus
972 1050 1189 1119 aliquod
1232 1046 1539 1117 episcopale
1590 1058 1698 1099 non
1762 1055 1923 1098 exer-

340 1148 501 1205 cebit.

954 1318 1186 1377 CANON
1224 1318 1317 1372 IX.

343 1419 649 1489 Quicunque
685 1418 819 1469 citra
864 1414 1308 1470 nominationem
1348 1409 1578 1478 promoti
1626 1416 1747 1464 sunt
1800 1423 1922 1477 pre-

414 1486 722 1579 ιὺῃθεθυεί
778 1505 1070 1560 examinati
1122 1520 1219 1558 sua
1256 1508 1468 1570 peccata
1510 1498 1735 1568 confessi
1778 1508 1922 1562 sunt,

413 1603 587 1668 eisque
626 1598 908 1665 confessis,
954 1604 1148 1666 prater
1206 1608 1460 1647 canonem
1513 1591 1643 1643 moti
1687 1590 1924 1643 homines

416 1706 604 1743 manus
628 1690 1008 1758 imposuerunt,
1041 1703 1128 1739 eos
1155 1702 1323 1739 canon
1355 1699 1455 1737 non
1479 1681 1732 1735 admittit.
1770 1680 1923 1746 Quod

414 1791 490 1837 est
538 1783 676 1836 enim
724 1796 755 1834 a
800 1779 1196 1848 reprehensione
1227 1776 1481 1840 alienum,
1540 1772 1773 1842 defendit
1819 1772 1924 1826 Ec-

418 1875 602 1928 clesia.

412 2052 609 2109 BALS.
649 2052 809 2107 Multa
845 2062 972 2107 sunt
1002 2066 1124 2121 quae
1157 2053 1224 2106 ad
1263 2052 1629 2107 sacerdotium
1686 2067 1757 2105 ne
1800 2064 1925 2119 per-

344 2149 613 2211 veniatur,
652 2146 981 2216 prohibent,
1020 2159 1141 2198 cum
1180 2144 1378 2213 quibus
1419 2154 1499 2198 est
1534 2152 1586 2198 et
1616 2143 1919 2201 iornicatio.

348 2239 406 2294 Si
462 2241 585 2307 quis
642 2252 770 2307 ergo
820 2234 982 2290 fuerit
1031 2235 1409 2289 fornicationis
1453 2237 1760 2299 damnatus,
1810 2235 1927 2291 sive

343 2340 631 2398 antequam
676 2335 1115 2390 consecraretur,
1167 2326 1283 2379 sive
1356 2336 1565 2394 postea,
1611 2326 1921 2397 deponitur.

344 2420 502 2476 Unde
526 2419 657 2473 dicit
689 2432 881 2482 canon,
910 2416 1064 2487 quod-
1084 2416 1127 2470 si
1157 2417 1276 2484 quis
1301 2417 1437 2469 citra
1461 2419 1923 2474 examinationem

342 2524 426 2570 est
473 2522 821 2569 consecratus
846 2510 999 2566 velet
1017 2518 1141 2564 ante
1161 2508 1560 2564 ordinationem
1587 2510 1805 2580 quidem
1845 2518 1928 2565 est

343 2613 624 2675 peccatum
656 2600 960 2663 confessus,
1003 2597 1099 2652 sed
1142 2605 1338 2666 praeter
1366 2610 1629 2652 canonem
1655 2607 1739 2651 est
1776 2597 1923 2652 ordi-

344 2706 525 2758 natus,
574 2708 641 2747 ex
688 2690 1027 2746 ordinatione
1075 2703 1180 2743 non
1226 2686 1467 2757 juvatur,
1507 2687 1601 2742 sed
1638 2697 1925 2758 postquam

345 2787 399 2841 id
444 2786 717 2854 cognitum
748 2781 911 2836 fuerit
941 2780 1251 2850 deponitur.
1298 2780 1561 2836 Dicebant
1602 2780 1747 2834 enim
1788 2796 1927 2835 non-

346 2880 498 2943 nulli,
557 2876 1007 2948 quemadmodum
1072 2874 1339 2945 baptisma
1405 2890 1598 2930 novum
1652 2876 1922 2933 hominem

346 2972 477 3025 facit
506 2983 629 3023 eum
660 2969 748 3038 qui
776 2966 1082 3038 baptizatus
1110 2975 1223 3033 est,
1263 2966 1337 3021 ita
1374 2976 1429 3021 et
1465 2967 1835 3022 sacerdotibus
1860 2980 1926 3022 ea

346 3077 466 3128 quae
515 3061 667 3129 prius
714 3059 949 3114 admissa
980 3068 1105 3114 sunt
1147 3068 1372 3129 peccata
1406 3060 1672 3130 abstersit
1715 3076 1729 3114 :
1782 3061 1927 3130 quod

347 3155 647 3206 canonihus
679 3165 783 3203 non
813 3161 895 3204 est
924 3165 1246 3203 consonum.

418 3241 672 3297 ZONAB.
711 3242 813 3308 Qui
863 3241 929 3294 ad
972 3255 1159 3294 sacros
1190 3241 1406 3294 ordines
1450 3242 1772 3308 evehuntur,
1804 3241 1929 3296 vita).

347 3336 613 3402 integros,
650 3350 751 3388 nec
789 3334 908 3387 ullis
938 3333 1188 3385 vitiorum
1220 3333 1466 3397 maculis,
1510 3333 1707 3400 quibus
1741 3332 1928 3388 infecti

349 3428 417 3482 ab
477 3426 759 3480 ordinibus
802 3434 1080 3487 arcentur,
1146 3433 1362 3478 notatos
1416 3438 1539 3477 esse
1593 3438 1662 3477 ac
1716 3424 1929 3478 illorum

349 3530 635 3589 propterea
664 3517 829 3569 vitam
871 3526 927 3569 et
972 3529 1152 3569 mores
1204 3514 1390 3568 scdulo
1423 3514 1726 3568 examinari
1754 3530 1929 3569 canon

344 3613 521 3681 jubet.
573 3609 726 3677 Quod
773 3608 817 3663 si
856 3607 947 3676 qui
992 3607 1150 3673 forte,
1198 3606 1394 3675 inquit,
1439 3615 1643 3662 temere
1677 3606 1934 3676 nulloque

350 3704 562 3758 delectu
593 3703 659 3757 ad
687 3713 876 3756 sacros
914 3700 1132 3753 ordines
1180 3698 1556 3763 admittuntur,
1594 3708 1686 3752 aut
1724 3708 1935 3755 suamet

354 3797 481 3849 vitia
525 3793 626 3864 ipsi
662 3792 1008 3855 conﬁtentes,
1035 3801 1221 3844 contra
1266 3790 1491 3845 canonis
1535 3794 1929 3860 praescriptum,

352 3886 635 3939 ordinibus
676 3882 920 3951 iusiguiti
960 3881 1187 3947 iuerint,
1232 3896 1343 3934 non
1380 3880 1745 3935 admittendos
1787 3895 1928 3947 esse,

354 3992 452 4032 nec
475 3976 768 4045 quidquam
794 3974 902 4028 illis
938 3973 1271 4042 illegitimam
1309 3974 1639 4028 creationem
1668 3974 1772 4044 71
1800 3988 1927 4042 pro.

356 4068 516 4125 desse
540 4068 800 4122 decernit.
833 4065 1178 4135 Depositione
1213 4079 1444 4134 namque
1471 4064 1858 4119 multabuntur.

358 4159 589 4213 ABIST.
623 4158 724 4224 Qui
754 4160 866 4212 sine
889 4159 1279 4211 examinatione
1314 4157 1651 4221 ordinantur,
1681 4158 1724 4209 si
1756 4168 1933 4225 postea

426 4251 804 4302 convincantur
859 4246 998 4315 quod
1062 4260 1241 4299 revera
1294 4254 1617 4315 peccarunl,
1657 4246 1933 4301 deturben-

426 4353 533 4398 tur.

429 4431 485 4484 Si
535 4430 657 4501 quis
688 4430 832 4485 enim
868 4430 1007 4485 clam
1039 4423 1301 4500 peccavit,
1329 4441 1382 4485 et
1407 4429 1542 4485 citra
1578 4432 1933 4488 examinatio-

2024 586 2289 655 τονηθείς,
2365 586 2838 657 Προτιμηθήσεται
2894 583 3003 656 γὰρ
3061 586 3236 649 οὕτως
3290 588 3319 641 ό
3374 586 3436 652 ἕξ
3487 590 3593 658 ἀρ-

2023 676 2123 746 χῆς
2158 678 2363 747 κυρίως
2391 677 2711 741 ἐπίσκοπος,
2735 677 2827 730 καί⁸
2853 677 3013 747 μόνος
3045 678 3139 732 τὸν
3168 679 3264 749 τῆς
3290 680 3599 750 ἐπισκοπῆς

2023 769 2210 839 θρόνον
2238 770 2477 836 καθέξει,
2509 770 2596 823 διὰ
2622 770 2683 823 τὸ
2712 770 2787 841 μὴ
2816 770 2937 824 δέον
2963 766 3103 825 εῖναι
3131 772 3224 824 δύο
3254 774 3597 835 ἐπισκόπους

2022 858 2081 910 ὲν
2116 858 2217 927 μιᾷ
2241 857 2392 910 πόλει
2420 858 2712 928 τυγχάνειν
2737 875 2752 891 ο
2784 859 2946 923 αὐτὸς
2976 860 3032 913 δὲ
3060 862 3213 931 παρὰ
3244 863 3359 925 τοῖς
3412 863 3601 916 Καθα-

2028 952 2139 1020 ροίς
2167 949 2568 1019 ὀνομαζόμενος
2599 949 2899 1012 ἐπίσκοπος
2928 951 3002 1013 ὡς
3031 952 3407 1023 πρεσϐύτερος
3436 972 3603 1027 τιμη-

2024 1040 2272 1111 θήσεται,
2301 1040 2358 1109 ῆ,
2393 1042 2441 1093 εί
2476 1040 2627 1093 δοκεῖ
2648 1040 2727 1112 τῷ
2757 1042 3061 1112 ὲπισκόπῳ,
3087 1044 3183 1097 καὶ
3210 1043 3301 1095 τοῦ
3333 1044 3602 1112 ὀνόματος

2027 1130 2250 1202 μεθέξει
2285 1131 2379 1184 τοῦ
2408 1131 2711 1185 ἐπισκόπου
2739 1149 2752 1162 ·
2783 1135 3147 1187 ὲπισκοπικδν
3177 1134 3236 1187 δέ
3289 1151 3344 1186 τι
3385 1134 3602 1188 δίκαιον

2022 1224 2123 1276 οὐκ
2152 1223 2462 1294 ἐνεργήσει.

2647 1316 2887 1370 ΚΛΝΩΝ
2918 1316 2998 1371 Θ’.

2082 1404 2155 1459 El
2170 1414 2332 1472 τινες
2348 1406 2759 1473 ἀνεξετάστως
2775 1408 2927 1476 προή
2936 1414 3173 1478 χθ-ησαν
3188 1411 3602 1479 πρεσϐύτεροι,

2089 1497 2127 1567 ἢ
2161 1499 2615 1569 ἀνακρινόμενοι
2646 1501 3048 1571 ὡμολόγησαν
3106 1504 3176 1557 τὰ
3214 1502 3608 1572 ἁμαρτήματα

2092 1592 2320 1658 αὐτοῖς,
2356 1592 2454 1646 καί
2502 1594 3013 1664 ὁμολογησάντων
3055 1594 3255 1649 αὐτῶν
3300 1595 3460 1664 παρὰ
3501 1611 3610 1649 κα·

2094 1684 2245 1738 νόνα
2296 1684 2638 1753 κινούμενοι
2693 1688 2746 1740 οἱ
2788 1686 3089 1754 ἅνθρωποι
3134 1687 3259 1753 τοῖς
3310 1688 3609 1752 τοιούτοις

2095 1776 2265 1846 χεῖρα
2282 1776 2703 1842 ἐπιτεθεικασι,
2738 1778 2988 1844 τούτους
3018 1782 3051 1833 ό
3081 1780 3286 1833 κανὼν
3313 1782 3385 1833 οὐ
3420 1794 3611 1847 προσ-

2097 1872 2265 1923 ίεται.
2344 1868 2414 1924 Τὸ
2472 1868 2582 1939 γὰρ
2640 1869 3060 1938 ἀνεπίληπτον
3102 1870 3333 1925 ἐκδικεῖ
3384 1871 3424 1925 ’ἡ
3482 1869 3610 1925 Ἑκ-

2096 1964 2349 2028 κλησία.
2812 1966 2815 1973 '

2097 2055 2295 2109 ΒΑΔΣ.
2326 2055 2570 2126 Διάφορά
2602 2055 2711 2107 είσι
2740 2056 2810 2107 τὰ
2844 2053 3121 2108 κωλύοντα
3148 2055 3247 2126 τὴν
3279 2057 3607 2125 ἱερωσύνην,

2029 2144 2153 2212 μεθ’
2177 2136 2252 2198 ὧν
2283 2146 2401 2197 ἐστι
2430 2146 2525 2198 καὶ
2557 2145 2590 2216 ἡ
2624 2145 2871 2215 πορνεία.
2922 2146 2987 2198 Εί
3016 2144 3149 2214 γοῦν
3192 2145 3495 2215 κατακριθῇ
3522 2163 3611 2207 τις

2026 2239 2287 2309 πορνείαν
2326 2237 2692 2310 ἡμαρτηκὼς,
2750 2240 2853 2296 κᾶν
2902 2257 2963 2293 τε
3005 2238 3114 2311 πρὸ
3170 2236 3267 2291 τοῦ
3319 2238 3612 2309 ίερωθῆναι

2027 2332 2132 2385 κᾶν
2165 2348 2226 2385 τε
2262 2332 2401 2403 μετὰ
2423 2331 2619 2398 ταῦτα,
2646 2332 3017 2403 καθαιρεῖται.
3053 2330 3216 2384 Ὅθεν
3242 2332 3409 2402 φησὶν
3436 2333 3465 2384 ό
3511 2347 3613 2383 κα-

2028 2425 2137 2480 νὼν
2178 2425 2273 2479 τὸν
2316 2425 2695 2491 ἀνεξετάστως
2743 2425 3062 2496 ίερωθέντα,
3091 2423 3124 2495 ἢ
3156 2425 3251 2478 καὶ
3278 2421 3611 2493 ἐξομολογη-

2026 2520 2262 2590 σάμενον
2312 2517 2413 2588 μὲν
2453 2518 2563 2589 πρὸ
2619 2518 2717 2588 τῆς
2772 2517 3111 2588 χειροτονίας
3158 2516 3219 2569 τὸ
3278 2516 3609 2584 ἁμάρτημα,

2025 2609 2180 2680 παρὰ
2218 2609 2277 2662 δὲ
2324 2608 2557 2671 κανόνας
2591 2606 3037 2679 χειροτονηθέντα
3077 2606 3153 2676 μὴ
3192 2604 3520 2673 ὠφελεῖσθαι
3545 2606 3613 2657 ὲκ

2023 2703 2123 2774 τῆς
2154 2702 2515 2773 χειροτονίας,
2542 2702 2680 2757 ἀλλὰ
2714 2699 2851 2768 μετὰ
2879 2698 3169 2767 διάγνωσιν
3202 2695 3609 2769 καθαιρεῖσθαι.

2028 2796 2255 2865 Ἔλεγον
2286 2795 2395 2865 γάρ
2429 2813 2572 2858 τινες
2600 2794 2714 2865 (55)
2740 2794 2844 2857 ὅτι,
2877 2792 3069 2862 ὥσπερ
3089 2791 3148 2846 τὸ
3180 2791 3465 2862 βάπτισμα
3491 2790 3615 2845 νέον

2024 2889 2315 2959 ἄνθρωπον
2365 2890 2514 2942 ποιεῖ
2541 2888 2632 2941 τδν
2665 2887 2733 2957 βα
2747 2886 3064 2951 πτισθέντα,
3094 2884 3235 2938 οὕτω
3265 2884 3360 2948 καὶ
3386 2886 3417 2952 ἡ
3454 2884 3616 2952 ἱερω-

2026 2980 2160 3050 σύνη
2190 2980 2258 3031 τὰ
2288 2979 2395 3050 πρὸ
2417 2977 2514 3047 τῆς
2543 2974 2843 3045 ίερωσύνης
2876 2973 3255 3044 ἁμαρτήματα
3286 2970 3609 3038 ἀπαλείφει,

2024 3072 2162 3142 ὅπερ
2199 3071 2315 3133 τοίς
2361 3067 2583 3122 κανόσιν
2619 3066 2717 3120 οὐκ
2754 3065 2954 3131 ἔδοξεν.
3012 3054 3027 3071 ⁸

2100 3251 2347 3307 ΖΩΝΑΡ.
2392 3248 2824 3319 Ἀνεπιλήπτους
2860 3246 2957 3300 καὶ
2984 3243 3393 3317 καθαρεύοντας
3436 3227 3633 3295 αίτιαξ

2037 3346 2223 3416 μάτων
2274 3337 2595 3397 κωλυόντων
2629 3340 2883 3413 ἱερᾶσθαι
2930 3337 3180 3409 βούλεται
3212 3339 3240 3390 ό
3268 3333 3447 3389 κανὼν
3482 3332 3615 3394 τοὺς

2034 3440 2113 3500 είς
2145 3435 2447 3508 ἱερωσύνην
2482 3433 2896 3505 προαγομένους
2928 3426 3093 3493 εἶναι,
3115 3429 3210 3482 xui.
3245 3427 3338 3480 τὸν
3374 3424 3489 3496 βίον
3519 3425 3619 3479 καὶ

2031 3530 2129 3599 τὴν
2183 3527 2463 3596 διαγωγὴν
2488 3526 2669 3579 αὐτῶν
2716 3521 3087 3589 ἐξετάζεσθαι.
3120 3521 3183 3574 Εί
3222 3520 3266 3573 δ’
3291 3522 3420 3582 ἴσως
3445 3516 3617 3582 τινες,

2035 3622 2221 3691 φησιν,
2252 3618 2622 3682 ἀνεξετάστως
2650 3615 3006 3686 προαχθῶσιν
3039 3616 3118 3676 είς
3151 3612 3452 3683 ἱερωσύνης
3481 3610 3617 3680 βαθ-

2038 3713 2221 3783 μὸν,ἢ
2272 3710 2499 3763 ἐκείνων
2557 3708 3009 3777 ὁμολογησάντων
3072 3706 3141 3759 τὰ
3188 3704 3401 3757 ἑαυτῶν
3455 3702 3619 3753 ἐλατ-

2033 3804 2284 3874 τώματα,
2314 3802 2363 3856 οί
2390 3800 2828 3871 χειροτονοῦντες
2856 3799 3055 3860 αὐτοὺς
3086 3798 3242 3867 παρὰ
3273 3796 3473 3850 κανόνα
3498 3811 3619 3863 χει-

2038 3895 2449 3966 ροτονήσουσιν,
2478 3893 2883 3963 ἁπροσδέκτους
2919 3889 3117 3953 αὐτοὺς
3164 3884 3308 3942 εἶναι
3345 3885 3618 3950 θεσπίζει,

2034 3989 2129 4042 καὶ
2161 3988 2329 4059 μηδὲν
2358 3988 2424 4039 ἐκ
2451 3986 2553 4056 τῆς
2582 3985 2916 4056 χειροτονίας
2939 3986 3041 4056 τῆς
3098 3983 3343 4054 ἀθέσμου
3386 3981 3619 4052 ὠφελεῖ-

2036 4078 2159 4132 σθαι
2193 4094 2208 4111 ο
2231 4078 2728 4149 καθαιρεθήσονται
2752 4077 2884 4147 γάρ.

2034 4171 2259 4226 ΔΡΙΣΤ.
2316 4170 2373 4226 οι
2457 4170 2874 4236 ἀνεξετάστως
2952 4169 3487 4239 χειροτονούμιτοιο
3555 4158 3613 4209 ει

2106 4261 2253 4330 ἑξῆς
2278 4260 2628 4332 ἐλέγχοιντο
2654 4261 2745 4315 ὅτι
2767 4261 3039 4331 ἥμαρτον
3106 4260 3309 4316 ὄντως,
3372 4246 3613 4301 πεπαύ“

2106 4356 2375 4406 σθωσαν.

2122 4443 2250 4497 Ἐὰν
2287 4442 2395 4511 γὰρ
2436 4442 2767 4513 ἁμαρτήσας
2796 4448 2877 4496 τις
2917 4429 3150 4494 διέλαθε,
3176 4430 3272 4483 καὶ
3354 4428 3613 4494 ἀνεξετά-

358 4523 593 4607 nem’ad
628 4521 865 4591 episc0pi
898 4530 992 4575 aut
1024 4521 1324 4591 presbyteri
1367 4522 1590 4593 gradum
1645 4532 1923 4593 provectus

2043 4550 2180 4597 στως
2210 4536 2293 4596 είς
2345 4528 2714 4597 ὲπισκόπουῆ
2781 4522 3157 4595 πρεσϐυτέρου
3217 4521 3426 4593 βαθμὸν
3469 4539 3611 4593 προ-

356 4613 482 4679 fuit,
533 4614 579 4667 si
631 4623 758 4684 post
811 4615 1207 4669 ordinationem
1278 4617 1559 4671 convictus
1597 4615 1932 4687 fueritquod

358 4706 629 4772 peccavit,
656 4705 965 4761 sacerdotio
994 4705 1316 4760 movebitur.

938 4796 1163 4850 CANON
1213 4794 1278 4851 X.

360 4888 673 4957 Quicunque
695 4903 760 4942 ea:
779 4889 842 4942 iis
869 4889 959 4956 qui
986 4890 1119 4957 lapsi
1143 4902 1260 4943 sunt
1280 4930 1293 4954 ,
1325 4892 1405 4945 vel
1438 4909 1529 4961 per
1548 4893 1931 4963 ignorantiam,

431 4981 510 5035 uel
527 4980 806 5035 scientibus
827 4981 892 5034 iis
908 4982 997 5051 qui
1014 4997 1393 5050 promoverunt,
1421 4987 1655 5039 ordinati
1670 4994 1812 5049 sunt,
1831 4986 1931 5037 hoc

2038 4624 2182 4695 ήχθη
2215 4640 2228 4655 ·
2272 4624 2367 4677 ἐὰν
2449 4622 2590 4690 μετὰ
2648 4620 2747 4688 τὴν
2802 4616 3136 4687 χειροτονίαν
3198 4616 3474 4685 ἐλέγχοιτο
3525 4616 3613 4668 ὅτι

2036 4717 2278 4785 ἥμαρτε,
2302 4716 2401 4785 τῆς
2434 4711 2735 4784 ἱερωσύνης
2764 4709 3129 4779 παυθήσεται.

2164 4854 2169 4859 .
2442 4864 2448 4869 ,
2624 4800 2863 4855 ΚΑΝΩΝ
2894 4799 2952 4853 ι’.

2039 4896 2205 4951 Ὅσοι
2266 4894 2810 4965 προεχειρίσθησαν
2869 4889 2989 4943 τῶν
3050 4891 3614 4957 παραπεπτωκότων

2108 4989 2260 5042 κατὰ
2277 4991 2542 5057 ἄγνοιαν,
2577 4986 2614 5053 ἢ
2646 4984 2745 5040 καὶ
2769 4982 3127 5053 προειδότων
3172 4980 3291 5037 τῶν
3318 4996 3614 5051 προχειρι-

1590 5119 1776 5181 Guill.
1810 5121 2132 5201 Beveregii
2164 5127 2354 5183 noue.

434 5244 547 5315 (55)
587 5244 837 5315 Ἔλεγον
868 5243 979 5315 γάρ
1024 5262 1201 5312 τινες.
1255 5245 1554 5302 Nonnulios
1605 5261 1701 5302 sua
1753 5248 1917 5304 etiam

358 5326 519 5388 aetate
544 5318 614 5369 ita
643 5318 899 5388 sensisse.
927 5326 1155 5371 testatus
1186 5328 1269 5372 εει
1299 5318 1649 5373 Ιιιηοοεηιὶυε
1674 5316 1715 5383 1,
1767 5320 1915 5388 Papa

362 5387 658 5450 Romanus,
688 5387 775 5454 qui
801 5388 960 5440 etiam
996 5390 1197 5455 optime
1235 5390 1565 5452 observavit,
1591 5395 1720 5456 quot
1779 5387 1918 5442 mala

361 5472 425 5511 ex
463 5456 561 5509 ista
592 5456 841 5523 opinione
869 5458 1033 5511 semel
1062 5458 1297 5511 admissa
1332 5469 1817 5524 consequerentur.
1848 5458 1915 5509 At

360 5527 578 5596 dicitur,
618 5527 811 5592 inquit,
842 5544 966 5581 uera
992 5543 1053 5579 ac
1086 5528 1222 5586 iusta
1264 5528 1486 5596 legitimi
1511 5528 1802 5581 sacerdotis
1831 5528 1922 5581 be-

362 5595 611 5659 nedictio,
647 5596 854 5666 auferre
889 5613 1037 5651 omne
1065 5598 1271 5662 vitium,
1296 5595 1433 5666 quod
1467 5614 1498 5650 a
1534 5599 1718 5650 vitioso
1745 5597 1921 5665 fuerat

362 5666 631 5729 injectum.
668 5664 807 5734 Ergo
834 5668 879 5719 si
905 5670 981 5719 ita
1004 5680 1100 5729 est,
1120 5664 1451 5734 applicentur
1515 5670 1582 5719 ad
1630 5664 1927 5720 ordinatio-

365 5750 482 5788 nem
509 5737 779 5803 sacrilegi,
806 5737 1052 5800 adulteri,
1087 5751 1240 5805 atque
1265 5738 1497 5790 omnium
1518 5738 1799 5789 criminum
1826 5736 1921 5800 rei,

360 5808 488 5868 quia
524 5806 875 5860 benedictione
905 5809 1251 5861 ordinationis
1284 5808 1506 5861 crimina
1536 5807 1615 5860 vel
1669 5806 1793 5860 vitia
1825 5821 1923 5873 pu-

2024 5258 2207 5303 tantur
2245 5249 2467 5318 auferri.
2494 5246 2689 5302 Nullus
2719 5247 2777 5315 ﬁt
2799 5246 3117 5318 panitentice
3146 5244 3313 5312 locus,
3371 5244 3500 5318 quia
3549 5246 3609 5318 id

2022 5329 2189 5387 potest
2242 5315 2495 5385 privstare
2548 5315 2835 5382 ordinatio,
2891 5319 3030 5386 quod
3069 5316 3247 5387 longa
3306 5315 3609 5387 satisfactio

2022 5384 2280 5456 prwstare
2310 5392 2594 5442 consuevit.
2632 5389 2847 5441 Nostra
2904 5384 3025 5440 ivero
3058 5385 3143 5439 lex
3195 5384 3443 5456 Ecclesia:
3502 5398 3607 5449 est,

2024 5454 2347 5512 uenientibus
2389 5462 2451 5511 ab
2483 5459 2764 5523 hwreticis,
2808 5459 2896 5527 qui
2937 5468 3109 5509 tamen
3173 5456 3287 5508 illic
3348 5454 3615 5527 baptizats‘

2024 5531 2147 5590 sint,
2179 5543 2271 5595 per
2301 5546 2486 5581 manus
2505 5526 2885 5594 impositionem
2914 5529 3108 5580 laicam
3137 5535 3346 5579 tantum
3375 5526 3612 5579 tribuere

2025 5600 2441 5651 communionem
2469 5614 2559 5651 nec
2592 5614 2655 5650 ea:
2684 5598 2764 5650 liis
2789 5597 3013 5665 aliquem
3050 5600 3103 5649 in
3136 5596 3415 5665 clericatus
3443 5595 3613 5648 hono-

2034 5683 2140 5791 Sim
2171 5670 2246 5792 Ἧι
2276 5670 2522 5745 caiguum
2552 5664 3169 5737 subrogare.'lnnocent.
3216 5664 3310 5733 2‘2,
3340 5666 3408 5722 ad
3432 5668 3607 5736 episc.

2092 5751 2185 5792 ace
2226 5751 2385 5792 omse.

2092 5751 2385 5792 aceuomre.
