3992 6480
461 403 568 467 269

1409 375 1416 380 ’
1494 397 1576 459 IN
1615 395 1779 458 CAN.
1821 393 1906 456 x1
1943 378 2152 458 conc;
2192 395 2464 458 manu.
2504 398 2556 461 1.

3603 393 3710 454 270

531 513 837 583 σιιμένων,
871 511 1049 566 τοῦτο
1079 513 1151 567 οὺ
1200 514 1508 580 προκρίνει
1554 511 1635 577 τῷ
1689 512 1901 564 κανόνι
1963 509 2026 575 tt}

2214 511 2565 564 ecclesiastico
2618 509 2808 564 canoni
2870 525 2972 564 non
3064 507 3416 579 prwjudicat.
3472 505 3522 559 li
3571 508 3707 560 enim

529 603 1021 671 ἐκκλησιαστικῷ
1054 602 1188 672 (56).
1221 600 1618 668 Γωσθέντες
1665 601 1777 672 γὰρ
1829 605 2034 657 καθαι-

522 697 797 763 ροῡνται.

527 790 724 843 ΒΑΛΣ.
753 791 895 853 Τοὺς
919 788 1277 860 ἀρνησιθέους
1294 786 1692 859 μετανοοῦντας
1723 786 2034 857 εἰλικρινῶς

451 878 741 949 δεχόμεθα,
781 881 1030 950 ἱερᾶσθαι
1063 882 1118 933 δὲ
1151 881 1210 935 οὐ
1255 880 1718 950 παραχωροῦμεν,
1767 879 1902 933 ἀλλὰ
1941 879 2034 931 καὶ

451 971 755 1039 κληρικοὺς
795 972 957 1035 ὄντας
989 971 1590 1043 καθαιρούμεν,καθὼς
1651 969 1810 1024 τοῦτό
1869 988 2034 1039 φησιν

453 1064 483 1113 ὁ
515 1062 590 1131 ξβ¹
615 1063 980 1127 ἀποστολικὺς
1020 1064 1220 1117 κανών.
1258 1063 1325 1115 Ei'
1348 1081 1493 1125 τινες
1523 1061 1654 1130 γοῦν
1707 1064 1773 1114 ἐκ
1829 1061 2033 1116 τούτων

455 1153 971 1223 ἐχειροτονήθησαν,
1001 1153 1343 1222 ἀγνοούντων
1443 1153 1552 1205 τῶν
1622 1152 2032 1221 χειροτονησάν-

451 1261 582 1306 των,
649 1244 802 1312 ﬁxa).
827 1245 1070 1308 εἰδότων,
1151 1245 1289 1312 μετὰ
1349 1244 1644 1311 διάγνωσιν
1697 1241 2032 1311 καθαιρεθή-

453 1352 659 1399 σονται,
688 1337 762 1399 ὡς
799 1339 872 1406 μὴ
895 1336 1268 1405 ὠφελούμενοι
1305 1336 1367 1388 ὲκ
1401 1336 1497 1404 τῆς
1535 1334 1894 1405 χειροτονίας,
1927 1334 2031 1385 κᾶν

449 1425 751 1495 ὲνείδήσει
834 1427 928 1479 τοῦ
1016 1424 1697 1496 χειροτονήσαντος.αὖτη
1787 1424 2027 1491 γέγονεν.

455 1520 618 1582 Ἴσως
677 1522 786 1590 γὰρ
844 1515 967 1572 εἴπέ
1000 1538 1078 1583 τις
1135 1520 1460 1588 ὡφελεῖσθαι
1508 1518 1703 1580 αὐτοὺς
1756 1518 1863 1569 ἀπὸ
1935 1516 2029 1569 τού

449 1615 901 1682 χειροτονηθῆναι
934 1613 1086 1683 παρὰ
1133 1612 1440 1683 ἀνθρώπων
1496 1612 1714 1665 εἰδότων
1741 1610 1799 1663 τὸ
1823 1609 2029 1662 τούτων

447 1706 780 1775 ἁμάρτημα,
813 1708 904 1758 καὶ
926 1700 1036 1759 οἷον
1065 1705 1540 1775 συγχωρησάντων
1572 1704 1703 1758 αὐτὸ
1781 1702 1869 1756 διὰ
1919 1704 2019 1772 τῆς

447 1798 808 1867 χειροτονίας.
839 1798 1024 1850 Ταῦτα
1086 1798 1143 1850 δὲ
1199 1797 1327 1868 περὶ
1355 1799 1544 1867 ίερέων
1634 1796 1726 1850 καὶ
1767 1794 2028 1848 διακόνων

2209 603 2402 671 cogniti
2429 605 2780 671 deponuntur.

2205 783 2402 838 BALS.
2459 783 2564 838 Eos
2606 784 2695 853 qui
2765 783 2932 838 Deum
2995 792 3345 854 negaverunt,
3389 780 3437 837 si
3495 781 3708 837 sincere

2136 873 2510 943 pmnitentiam
2558 883 2744 944 agunt,
2787 874 3113 943 recipimus,
3168 875 3231 928 ad
3289 888 3472 929 sacros
3527 880 3706 926 autem

2134 963 2354 1017 ordines
2388 976 2480 1017 eos
2513 977 2617 1017 non
2652 963 3012 1028 admittimus,
3045 963 3140 1018 sed
3183 973 3256 1024 et,
3293 963 3336 1017 si
3368 960 3707 1025 sintclerici,

2135 1048 2453 1121 deponimus
2479 1093 2493 1117 ,
2543 1062 2601 1107 ut
2643 1053 2773 1107 dicit
2811 1053 2880 1107 6‘2
2910 1054 3236 1124 apostolicus
3288 1068 3482 1108 canon.
3517 1051 3574 1106 Si
3614 1053 3707 1120 qui

2133 1158 2262 1213 ergo
2299 1158 2364 1197 ex
2392 1145 2509 1198 istis
2543 1143 2781 1199 ordinati
2821 1155 2969 1212 sunt,
3003 1145 3192 1200 insciis
3221 1146 3325 1200 illis
3356 1146 3446 1216 qui
3481 1145 3705 1200 ordina-

2133 1243 2287 1299 runt,
2344 1234 2428 1287 vel
2459 1235 2619 1288 etiam
2659 1235 2973 1300 scientibus,
3016 1243 3301 1305 postquam
3342 1235 3395 1290 id
3437 1236 3706 1306 cognitum

2134 1324 2315 1384 fuerit.
2348 1325 2703 1393 deponentur,
2735 1335 2791 1378 ut
2817 1327 2908 1395 qui
2931 1341 2993 1381 ex
3020 1327 3360 1382 ordinatione
3383 1341 3486 1381 non
3514 1327 3709 1396 juven-

2132 1421 2242 1480 tnr,
2299 1417 2424 1470 licet
2467 1418 2580 1486 ipsa
2627 1417 2834 1472 sciente
2887 1417 2979 1472 illo
3024 1418 3118 1487 qui
3167 1418 3402 1478 ordinat.
3436 1416 3578 1472 facta
3613 1417 3705 1470 sit.

2131 1503 2323 1562 Posset
2343 1508 2484 1562 enim
2504 1507 2736 1564 fortasse
2759 1509 2958 1580 aliquis
2979 1510 3161 1566 dicere
3179 1510 3302 1565 illos
3326 1510 3526 1578 juvari,
3551 1524 3614 1564 ex
3643 1523 3708 1563 eo

2131 1598 2274 1667 quod
2306 1600 2373 1654 ab
2410 1599 2718 1654 hominibus
2753 1610 2934 1656 essent
2972 1601 3227 1666 ordinati,
3275 1602 3469 1670 quibus
3518 1614 3706 1654 eorum

2130 1700 2414 1760 peccatum
2440 1692 2712 1758 cognitum
2736 1691 2856 1757 fuit,
2876 1695 3030 1762 etqui
3054 1708 3150 1762 per
3165 1693 3556 1748 ordinationem
3576 1692 3704 1746 illud

2130 1783 2526 1852 quodammodo
2557 1785 2942 1852 permiserunt.
2973 1783 3100 1838 Hac
3129 1793 3307 1839 autem
3357 1784 3423 1838 de
3453 1783 3709 1838 sacerdo-

447 1890 545 1938 καὶ
574 1887 779 1940 λοιπῶν
834 1887 1156 1957 ἐκληπτέον,
1222 1888 1281 1939 ού
1336 1886 1441 1957 μὴν
1494 1888 1624 1956 περὶ
1682 1883 2022 1937 ἐπισκόπων.

2149 1874 2275 1930 ibus
2308 1882 2364 1929 et
2411 1873 2653 1930 diaconis
2679 1884 2734 1930 et
2765 1874 2989 1946 reliquis
3028 1883 3156 1930 sunt
3194 1875 3561 1946 intelligenda,
3601 1889 3706 1928 non

447 1978 586 2046 Περὶ
633 1976 839 2029 τούτων
872 1981 980 2048 γὰρ
1010 1980 1164 2047 ζήτει
1186 1978 1280 2030 τὸν
1313 1978 1382 2047 ιβ’
1415 1977 1617 2029 κανόνα
1642 1976 1742 2046 τῆς
1772 1977 1832 2028 ἐν
1903 1976 2027 2043 Ἀγ-

446 2072 594 2142 κύρα
626 2073 845 2126 συνόδου
877 2074 975 2126 καὶ
1012 2074 1080 2125 τὰ
1111 2076 1168 2126 ὲν
1194 2073 1344 2142 αὐτῷ
1372 2072 1676 2144 γραφέντα.

521 2166 764 2218 ΖΩΝΛΡ.
792 2166 930 2228 Τοὺς
954 2165 1046 2218 τὸν
1083 2165 1292 2237 Κύριον
1321 2166 1477 2235 ἡμῶν
1524 2165 1734 2235 Ἰησοῦν
1791 2164 2028 2232 Χριστὸν

443 2257 887 2327 ἀρνησαμένους,
920 2255 1040 2312 εἶτα
1086 2258 1529 2329 μετανοήσαντας
1590 2257 1668 2320 εἰς
1729 2257 2029 2327 ἱερωσύνην

444 2352 798 2418 προάγεσθαι
830 2352 890 2403 ού
927 2355 1052 2421 χρή.
1084 2353 1204 2416 Πῶς
1232 2353 1340 2423 γὰρ
1368 2353 1549 2421 ἱερεὺς
1578 2351 1783 2416 ἔσεται,
1833 2349 1891 2412 ὃς
1917 2350 2027 2405 τῶν

445 2442 814 2510 ἁγιασμάτων
840 2442 926 2494 διὰ
963 2443 1079 2512 βίου
1113 2445 1214 2496 οὐκ
1262 2443 1536 2509 ἀξιοῦται,
1589 2444 1638 2495 εἰ
1698 2441 1773 2512 μὴ
1830 2442 1889 2494 ὲν
1948 2439 2026 2511 τῷ

445 2535 668 2604 θανάτῳ
701 2536 865 2588 αὑτοῦ
897 2551 911 2600 ;
951 2539 1000 2587 εί
1030 2536 1074 2588 δ’
1119 2537 1248 2594 ἴσως
1276 2537 1599 2604 ἀγνοοῦντος
1659 2534 1754 2588 τοῦ
1787 2551 2027 2605 χειροτοο

442 2626 669 2689 νοῦντος
700 2624 732 2692 ἥ
768 2629 862 2680 uati.
898 2628 1103 2690 εἰδότος
1145 2629 1448 2699 ἱερωσύνης
1478 2627 1766 2697 ἀξιωθείη,
1835 2627 2029 2679 καθαι-

400 2728 410 2738 ’
447 2714 672 2784 ρεθῆναι
697 2716 881 2777 αὑτὸν,
906 2719 953 2768 εἰ
982 2719 1122 2786 μετά
1152 2717 1326 2770 ταῦτα
1389 2718 1684 2789 γνωσθείη,
1745 2720 1774 2771 ό
1834 2717 2028 2788 παρὼν

443 2807 630 2858 κανὼν
654 2807 1025 2862 διατάττεται.
1054 2807 1128 2861 Τὸ
1160 2809 1269 2880 γὰρ
1305 2810 1564 2879 ὰθέσμως
1619 2811 1917 2880 γενόμενον
1949 2810 2028 2880 τῷ

442 2898 633 2951 κανόνι
665 2899 726 2951 ού
750 2901 1060 2970 προκρίνει,
1122 2901 1246 2955 ἀντὶ
1271 2902 1389 2966 τοῦ,
1449 2902 1551 2956 ούκ
1609 2903 1916 2972 ἐμποδίζει,
1966 2903 2026 2956 ού

443 2990 698 3059 βλάπτει.

441 3175 674 3228 ΑΡΙΣΤ.
723 3179 788 3229 Ol
835 3178 1384 3245 παραπεπτωκότες
1445 3176 1558 3247 (57)
1626 3175 1664 3244 ἢ
1722 3173 1935 3243 ἀγνοίᾳ
1987 3172 2025 3240 ἢ

517 3268 737 3334 γνώσει
765 3265 885 3320 τῶν
905 3268 1494 3336 χειροτονησάντων,
1540 3267 1638 3320 καί
1692 3265 2024 3334 προαχθέν-

516 3377 632 3424 τες,
669 3362 1215 3426 καθαιρείσθωσαν.

520 3454 635 3507 Κᾶν
663 3455 939 3525 ἠγνόησαν
969 3455 1018 3507 oi
1050 3453 1536 3525 χειροτονήσαντες
1576 3451 1684 3506 τῶν
1707 3467 2021 3524 χειροτονη-

443 3545 647 3597 θέντων
675 3547 745 3596 τὰ
771 3546 1117 3614 πταίσματα,
1142 3544 1174 3615 ἢ
1197 3548 1289 3597 καὶ
1309 3547 1366 3598 ὲν
1395 3544 1598 3613 είδήσει
1619 3544 1822 3596 τούτων
1851 3542 2024 3608 ὄντες,

443 3637 872 3708 παρεϐλέψαντο
946 3635 1142 3698 ταῦτα,
1192 3635 1269 3705 τῷ
1326 3633 1770 3705 ἐκκλησιαστικῴ
1843 3635 2025 3687 κανόνι

441 3731 602 3783 τοῦτο
629 3731 688 3783 ού
725 3730 880 3800 φέρει
910 3730 1235 3800 κατάκριμα
1267 3745 1281 3758 ο
1328 3726 1467 3780 ἀλλὰ
1515 3727 1607 3779 καὶ
1676 3726 1816 3795 μετὰ
1868 3725 2028 3778 τοῦτο

442 3821 782 3890 γνωσθέντες
829 3822 878 3874 ol
929 3819 1426 3890 χειροτονηθέντες,
1473 3817 1547 3881 ὼς
1579 3818 2024 3889 ἁμαρτήσαντες,

441 3912 964 3982 καθαιρεθήσονται.

1057 4005 1298 4060 ΚΑΝΩΝ
1322 4005 1424 4059 ΙΑ’.

445 4093 585 4156 Περὶ
612 4096 728 4150 τῶν
764 4100 1157 4167 παραϐάντων
1207 4095 1388 4167 χωρὶς
1443 4092 1717 4164 ἀνάγκης
1751 4094 1790 4163 ἣ
1847 4093 2026 4164 χωρὶς

521 4184 886 4257 ἀφαιρέσεως
931 4193 1346 4260 ὑπαρχόντων,
1379 4187 1418 4256 ἢ
1455 4188 1635 4257 χωρὶς
1712 4187 2026 4252 κινδύνου,

529 4275 567 4343 ἧ
593 4294 756 4342 τινος
777 4283 1067 4349 τοιούτου,
1099 4282 1129 4335 ὃ
1162 4281 1408 4352 γέγονεν
1428 4281 1526 4334 ἐπὶ
1548 4279 1657 4348 τῆς
1673 4278 2027 4347 τυραννίδος

522 4368 810 4420 Λικινίου·
840 4367 1014 4431 ἔδοξε
1047 4373 1115 4436 τῇ
1138 4373 1399 4436 συνόδῳ,
1418 4375 1465 4426 εἰ
1485 4372 1583 4427 καὶ
1601 4370 1835 4435 ἀνάξιοι
1867 4367 2028 4442 ἦσαν

524 4462 994 4528 φιλανθρωπίας,
1021 4460 1176 4530 ὅμως
1207 4467 1705 4532 χρηστεύσασθαι
1757 4467 1842 4528 είς
1915 4465 2024 4518 αὺ-

525 4552 685 4616 τούς.
732 4553 908 4605 Ὅσοι
933 4552 1046 4606 οὖν
1076 4556 1339 4623 γνησίως
1381 4556 1851 4626 μεταμελῶνται,
1893 4557 2025 4625 τρία
2058 4561 2103 4618 ι)

525 4642 629 4710 ἔτη
664 4643 735 4695 ἐν
794 4645 1197 4714 ἀκροωμένοις
1244 4648 1616 4716 ποιήσουσιν
1673 4650 1753 4716 ὡς
1799 4648 2022 4712 πιστοὶ,

528 4737 623 4789 καὶ
668 4735 820 4788 ἑπτὰ
894 4738 1000 4806 ἔτη
1058 4741 1512 4795 ὐποπεσοῦνται
1552 4759 1566 4774 ο
1623 4742 1734 4796 δύο
1805 4741 1874 4795 δὲ
1920 4743 2023 4810 ἐτη

523 4830 702 4897 χωρὶς
746 4831 1095 4900 προσφορᾶς
1156 4834 1606 4901 κοινωνήσουσι
1651 4833 1732 4898 τῷ
1757 4834 1884 4899 λαῷ
1906 4835 2025 4888 τῶν

523 4938 591 4975 ευ
595 4941 740 4990 χων.

2128 1976 2310 2021 autem
2349 1966 2414 2022 de
2461 1966 2760 2036 episcopis,
2808 1966 2878 2021 de
2913 1967 2980 2021 iis
3031 1967 3173 2021 enim
3238 1981 3421 2037 quaere
3468 1982 3593 2022 can.
3641 1968 3709 2022 l2

2127 2057 2319 2129 synodi
2351 2057 2404 2112 in
2440 2057 2676 2128 Ancyra,
2709 2067 2762 2112 et
2786 2073 2904 2126 quae
2930 2058 2983 2112 in
3018 2071 3084 2114 eo
3123 2058 3324 2128 scripta
3354 2068 3499 2115 sunt.

2199 2169 2451 2227 ZONAB.
2485 2171 2584 2239 Qui
2614 2171 2893 2228 Christum
2931 2174 3220 2228 Dominum
3269 2173 3437 2229 semel
3471 2175 3710 2245 abnega-
3749 2204 3754 2208 -

2130 2273 2342 2329 verunt,
2378 2262 2502 2317 licet
2539 2264 2924 2332 resipiscentes
2944 2304 2960 2331 ,
2992 2265 3057 2318 ad
3089 2279 3275 2320 sacros
3309 2264 3527 2320 ordines
3553 2268 3707 2321 evehi

2131 2368 2235 2407 non
2276 2363 2508 2424 oportet.
2554 2355 2672 2421 Quo
2713 2363 2875 2426 pacto
2915 2370 3149 2427 namque
3183 2357 3480 2412 sacerdotis
3534 2359 3710 2413 oliicia

2130 2445 2312 2512 obeat,
2361 2448 2446 2502 cui
2481 2459 2840 2519 prauerquam
2871 2457 3174 2504 extremum
3218 2449 3467 2520 spiritum
3504 2452 3707 2522 agenti,

2131 2537 2199 2592 ad
2234 2553 2516 2593 sacrorum
2549 2555 2832 2596 munerum
2875 2540 3281 2611 perceptionem
3315 2542 3556 2611 aspirare
3592 2543 3712 2598 nul-

2130 2629 2342 2684 latentis
2400 2629 2574 2685 licet?
2623 2630 2776 2699 Quod
2814 2632 2868 2687 si
2914 2632 3039 2704 quis
3086 2633 3246 2700 forte,
3280 2648 3346 2689 eo
3380 2634 3471 2704 qui
3508 2634 3713 2689 creavit

2131 2723 2325 2789 inscio,
2356 2732 2450 2778 aut
2489 2723 2654 2779 etiam
2684 2725 2920 2790 sciente,
2954 2727 3258 2782 sacerdotio
3289 2727 3482 2797 dignus
3515 2726 3712 2782 habea-

2132 2822 2238 2880 tur,
2290 2816 2589 2882 hominem,
2648 2832 2706 2871 re
2749 2818 3042 2888 patefacta,
3073 2818 3160 2872 hic
3191 2834 3365 2874 canon
3407 2818 3711 2889 deponiju-

2130 2906 2244 2962 bet.
2278 2905 2464 2976 Neque
2491 2908 2635 2962 enim
2662 2910 2803 2977 quod
2836 2918 3024 2964 contra
3069 2909 3244 2980 legum
3294 2910 3584 2966 interdicta
3630 2911 3710 2965 el-

2130 2995 2330 3051 fectum
2386 3007 2489 3061 est,
2542 2999 2736 3053 canoni
2791 2998 3165 3068 pracjudicium
3194 2998 3392 3066 all'ert,
3456 3002 3558 3056 hoc
3601 3013 3705 3065 est,

2131 3089 2274 3146 illius
2304 3091 2685 3146 auctoritatem
2724 3107 2827 3147 non
2868 3093 3134 3156 retundit,
3175 3109 3276 3148 nec
3302 3093 3463 3146 laedit.

2131 3181 2356 3236 AliIST.
2377 3179 2478 3246 Qui
2509 3181 2644 3250 lapsi
2674 3190 2816 3245 sunt,
2871 3184 2977 3237 sive
3013 3184 3222 3249 insciis,
3250 3186 3353 3238 sive
3394 3187 3613 3239 consciis
3642 3187 3708 3239 iis

2252 3266 2348 3328 aui
2377 3291 2464 3328 eos
2489 3275 2827 3340 ordinarunt,
2857 3287 2902 3329 et
2935 3278 3182 3346 promoti,
3218 3278 3567 3343 deponantur.

2199 3453 2458 3520 Quamvis
2502 3455 2592 3523 qui
2641 3470 2735 3510 cos
2779 3457 3034 3511 ordinant
3077 3473 3264 3513 eorum
3308 3460 3398 3528 qui
3452 3460 3710 3515 ordinan-

2132 3557 2220 3602 tur
2249 3546 2444 3602 delicta
2479 3547 2761 3617 ignorant,
2799 3549 2878 3603 vel
2910 3549 3070 3604 etiam
3114 3551 3347 3619 cognitis
3390 3554 3705 3619 connivent,

2130 3642 2232 3695 hoc
2271 3640 2477 3694 nullum
2506 3640 2875 3696 ecclesiastico
2906 3643 3096 3697 canoni
3118 3643 3274 3698 aﬂ‘ert
3317 3644 3707 3713 pra-judicium,

2131 3734 2224 3787 sed
2281 3744 2334 3787 et
2380 3743 2568 3802 postea
2611 3733 2702 3803 qui
2745 3735 2981 3788 ordinati
3035 3745 3182 3802 sunt,
3228 3751 3481 3806 peccasse
3542 3739 3710 3808 depo-

2130 3837 2346 3880 nentur.

2727 4005 2958 4062 CANON
3016 4007 3105 4063 XI.

2129 4097 2208 4152 De
2252 4099 2317 4151 iis
2358 4099 2446 4169 qui
2491 4099 2602 4152 sine
2665 4101 3012 4165 necessitate,
3076 4101 3157 4154 vel
3224 4102 3339 4155 sine
3392 4101 3707 4172 facultatum

2202 4206 2420 4243 suarum
2462 4190 2748 4256 ablatione,
2784 4191 2862 4244 vel
2887 4193 3000 4245 sine
3040 4193 3150 4246 ullo
3186 4194 3438 4262 periculo,
3487 4196 3564 4248 vel
3604 4197 3706 4248 ali-

2200 4299 2301 4353 quo
2354 4282 2612 4352 ejusmodi
2654 4285 2968 4352 transgressi
3009 4294 3152 4347 sunt,
3201 4286 3340 4354 quod
3383 4287 3477 4339 sub
3513 4284 3710 4340 Licinii

2203 4375 2481 4447 tyrannide
2525 4375 2731 4445 factum
2793 4388 2902 4439 est,
2966 4377 3166 4446 synodo
3230 4378 3398 4430 visum
3449 4386 3564 4441 est,
3610 4381 3709 4431 etsi

2201 4469 2528 4521 humanitate
2561 4467 2765 4537 indigni
2809 4477 2971 4532 sunt;
3014 4468 3291 4520 clementia
3333 4475 3507 4521 tamen
3540 4469 3592 4519 in
3618 4484 3704 4522 eos

2202 4561 2299 4614 uti.
2341 4560 2649 4629 Quicunque
2677 4576 2798 4628 ergo
2823 4575 3064 4630 germane
3090 4559 3390 4627 pcenitentia
3419 4560 3707 4622 ducuntur,

2205 4667 2307 4704 tres
2337 4667 2503 4704 annos
2546 4651 2683 4703 inter
2716 4651 2985 4704 auditores
3023 4651 3264 4720 exigent,
3312 4657 3366 4701 ut
3399 4649 3604 4718 ﬁdeles,
3659 4661 3705 4702 et

2203 4751 2395 4808 septem
2420 4742 2572 4795 annis
2603 4750 2998 4810 prosternentur
3021 4756 3040 4794 :
3085 4739 3286 4794 duobus
3322 4748 3497 4793 autem
3530 4740 3704 4801 annis,

2204 4840 2398 4907 absque
2433 4836 2716 4900 oblatione,
2773 4846 2925 4890 erunt
2972 4836 3276 4890 orationum
3345 4850 3461 4888 cum
3513 4833 3704 4902 povulo

2201 4927 2496 4997 participes.

1684 5061 1875 5123 Guill.
1919 5060 2242 5140 Beveregii
2275 5066 2466 5122 nota).

549 5186 635 5256 56)
669 5190 750 5240 Οὐ
799 5189 1107 5257 προκρίνει
1164 5188 1244 5254 τῷ
1308 5189 1518 5242 κανόνι
1564 5185 1644 5252 τῷ
1688 5187 2018 5254 ἐκκλησια-

448 5257 656 5322 στικῷ.
688 5259 761 5311 Ex
795 5262 876 5313 his
894 5263 1071 5313 verbis
1113 5265 1246 5314 satis
1285 5271 1471 5327 aperte
1522 5267 1732 5314 constat
1782 5259 2014 5324 aliquem

450 5343 715 5380 CettIOIlcm
753 5330 1172 5383 ceclesiasticuni
1205 5342 1327 5383 ante
1359 5332 1498 5383 hanc
1556 5329 1819 5397 synodum
1879 5343 2013 5379 con-

451 5407 698 5450 stitutum
731 5413 872 5463 esse,
898 5415 1001 5467 quo
1032 5412 1247 5453 cautum
1283 5399 1477 5461 fuerat,
1533 5409 1592 5451 ut
1631 5398 1812 5450 clerici
1876 5397 2010 5464 lapsi

452 5469 708 5533 gradibus
739 5472 852 5522 suis
880 5470 1298 5537 deponerentur.
1335 5469 1443 5521 Hoc
1478 5478 1659 5522 autem
1707 5467 1853 5520 nullo
1903 5467 2011 5518 alio

452 5548 772 5606 praesentem
829 5541 1199 5603 antecedente,
1260 5549 1616 5608 praeterquam
1677 5537 2018 5608 seraqesimo

452 5611 693 5660 secundo
723 5610 1086 5678 apostolorum
1162 5623 1372 5662 canone
1429 5607 1700 5663 sancitum
1750 5607 2014 5674 legimus:

453 5684 519 5728 ad
555 5693 714 5744 quem
759 5691 1036 5746 propterea
1078 5681 1262 5733 Patres
1302 5683 1401 5734 hoc
1433 5680 1549 5733 loco
1583 5687 1888 5742 respectum
1925 5678 2018 5727 lia-

455 5747 654 5809 liuisse,
687 5751 964 5827 cuipiam,‘
1002 5751 1099 5802 nisi
1139 5751 1304 5803 nimio
1333 5751 1562 5827 partium
1618 5747 1810 5827 ’studio
1838 5760 2021 5827 occae-

455 5828 595 5883 cato,
629 5817 802 5885 primo
837 5819 1025 5873 intuitu
1059 5829 1234 5888 patet;
1266 5835 1436 5887 usque
1465 5821 1618 5884 adeo,
1644 5817 1714 5871 'ut
1761 5817 2015 5884 antiquus

2128 5186 2232 5240 iste
2259 5200 2431 5239 canon
2468 5182 2873 5237 ecclesiasticus
2901 5182 2987 5236 hic
3036 5186 3213 5240 denuo
3238 5184 3591 5242 conﬁrmatus
3647 5202 3703 5244 et

2127 5256 2360 5324 ulterius
2416 5254 2715 5320 explicatus
2781 5252 3040 5324 ivideatur
3117 5258 3590 5324 (quemadmodum
3646 5261 3701 5313 in

2125 5323 2446 5393 praefatione
2476 5326 2542 5396 ad
2585 5323 2912 5396 apostolicos
2968 5323 3204 5379 canones
3258 5328 3701 5396 praenotavimus)

2122 5392 2284 5461 quem
2305 5392 2555 5462 c0usulas
2591 5395 2770 5456 velim,
2806 5408 2908 5446 una
2966 5411 3087 5448 cum
3127 5392 3574 5450 annotationibus
3627 5392 3695 5450 ad

2121 5466 2321 5516 dictum
2357 5471 2531 5530 apost.
2562 5477 2682 5515 can.
2715 5463 2809 5514 62.

2200 5533 2312 5602 (57)
2357 5535 2422 5584 Οἱ
2450 5534 3010 5599 παραπεπτωκότες.
3055 5533 3180 5588 llaec
3235 5533 3408 5589 Alexii
3465 5534 3700 5591 Aristeni

2128 5603 2287 5668 hujus
2321 5605 2544 5655 canonis
2571 5602 2817 5669 Epitome
2847 5606 2898 5655 in
2925 5604 3135 5657 Justclli
3178 5605 3378 5659 Codice
3419 5606 3709 5660 desidera-"-

2132 5682 2239 5743 tur.
2268 5671 2472 5743 AVerum
2504 5674 2554 5725 in
2587 5676 2873 5740 Symeonis
2904 5674 3188 5742 logotheta:
3219 5675 3450 5743 Synopsi
3507 5675 3697 5729 iisdem

2129 5740 2312 5814 verbis
2344 5743 2674 5814 concipitur,
2702 5758 2820 5810 quae
2849 5745 2932 5796 hic
2963 5740 3382 5811 imprimuntur,
3424 5743 3525 5798 nisi
3554 5747 3699 5814 quod

2129 5811 2223 5865 καί
2254 5823 2379 5867 ante
2412 5811 2781 5882 προαχθέντες
2814 5814 2862 5864 iu
2884 5828 2944 5867 ca
2980 5814 3284 5866 omittatur.
