3992 6480
266 378 363 442 ΞΗ

1514 370 1791 429 'IHEOD.
1835 368 2019 427 BALS
2038 367 2231 427 AMON

3389 373 3498 435 2'32

350 444 542 543 BALS.
607 486 678 542 6‘2
730 500 902 542 canon
964 481 1293 554 apostolicus
1346 489 1539 536 tractat
1603 481 1667 535 de
1721 478 1826 533 cle-

2008 477 2210 531 ΒΑΛΣ.
2280 476 2337 531 Ὀ
2370 477 2445 549 ξβ¹
2502 479 2861 543 ἀποστολικδς
2910 479 3087 535 κανὼν
3152 481 3509 553 διαλαμϐάνει

262 582 390 636 ricis
417 579 506 648 qui
534 593 629 648 per
660 578 767 631 vim
803 574 1124 645 transgressi
1174 580 1333 627 sunt:
1380 584 1618 642 prmsens
1648 580 1826 622 autem

262 686 458 735 canon,
496 669 564 723 de
594 668 659 722 iis
688 666 777 735 qui
810 667 925 721 sine
963 667 1011 720 vi
1045 665 1320 721 Christum
1358 670 1733 733 negaverunt:
1779 669 1833 713 et

264 762 399 815 dicit
430 774 524 815 eos
556 768 808 829 oportere
838 758 1040 826 recipi,
1075 758 1117 811 si
1149 770 1403 827 germane
1427 794 1443 817 ,
1485 753 1540 809 id
1567 762 1649 808 est
1686 765 1830 815 vere,

268 852 637 921 pmnitentiam
679 858 879 917 agant:
926 857 983 902 et
1022 847 1195 902 tribus
1235 846 1450 914 quidem
1482 843 1641 898 annis
1690 849 1834 895 stare

266 953 418 997 extra
456 942 708 1010 templum
741 957 757 1006 ;
804 949 858 994 et
896 940 989 994 Dei
1040 939 1146 1009 72
1188 937 1415 1007 hymnos
1454 935 1642 990 audire
1680 950 1694 987 :
1744 948 1833 987 se-

269 1042 410 1101 ptem
459 1040 636 1085 autem
676 1030 835 1083 annis
892 1029 1167 1083 substerni
1202 1027 1317 1080 sive
1358 1026 1497 1078 intra
1548 1023 1831 1078 ecclesiam

268 1129 443 1183 stare,
489 1118 583 1172 sed
644 1126 763 1186 post
810 1116 1112 1180 ambonem,
1146 1126 1200 1169 et
1260 1128 1381 1168 cum
1434 1110 1835 1166 catechumenis

266 1211 436 1264 exire.
487 1210 765 1277 Completo
822 1218 1000 1262 autem
1050 1206 1367 1275 septennio,
1422 1218 1542 1258 curn
1591 1202 1834 1255 ﬁdelibus

267 1303 483 1369 quidem
509 1316 613 1355 una
646 1298 1357 1368 comprecahunturintegre
1380 1313 1393 1350 :
1416 1304 1538 1364 post
1562 1293 1835 1348 biennium

268 1411 396 1450 vero
435 1394 579 1464 digni
610 1391 951 1447 habebuntur
977 1388 1352 1445 sacramentis.

342 1571 597 1627 ZONAR.
648 1571 723 1625 De
760 1571 824 1626 iis
880 1570 968 1640 qni
1004 1570 1074 1624 ob
1135 1566 1444 1623 violentiam
1495 1562 1719 1620 multam
1785 1571 1840 1617 et

272 1665 651 1721 necessitatem
685 1663 843 1716 ﬁdem
884 1670 1167 1732 negarunt,
1203 1660 1289 1714 alii
1328 1674 1564 1712 canones
1599 1663 1836 1711 exstant.

270 1757 367 1811 llic
421 1768 599 1809 autem
646 1771 739 1809 eus
784 1756 977 1823 tangit,
1032 1753 1121 1821 qui
1164 1768 1259 1807 sua
1300 1752 1577 1805 voluntate
1633 1764 1661 1802 a
1713 1746 1836 1801 ﬁdei

269 1847 547 1918 proposito
593 1821 956 1899 desciverunt.
1012 1844 1088 1897 Ac
1123 1844 1429 1910 huiusmodi
1466 1842 1683 1910 quidem
1736 1840 1838 1894 lto-
1872 1821 1914 1875 Β

270 1941 465 2002 mines,
497 1938 637 2002 licet,
682 1938 881 2005 inquit,
915 1935 1164 2002 indignos
1201 1934 1377 1999 venia,
1416 1932 1463 1987 si
1509 1942 1687 1987 tamen
1723 1944 1843 2001 ger-

274 2045 427 2082 mana
468 2031 811 2097 pmnitentia,
848 2028 947 2080 hoc
976 2036 1092 2090 est,
1142 2040 1305 2089 vera,
1361 2040 1467 2079 non
1516 2024 1639 2077 ﬁcta
1670 2030 1723 2077 et
1766 2022 1839 2076 si-

275 2121 471 2175 Inulalu
509 2122 627 2174 duci
662 2129 895 2183 constet,
936 2119 1293 2185 ardoremque
1323 2117 1485 2171 animi
1520 2130 1628 2169 non
1657 2114 1841 2184 vulga-

273 2228 384 2265 rem
416 2226 525 2281 pra:
568 2226 625 2265 se
669 2210 866 2274 ferant,
903 2224 971 2263 ex
1009 2208 1341 2277 indulgentia
1389 2207 1646 2261 videlicet
1704 2222 1840 2275 qua‘

1937 568 2072 639 περὶ
2100 569 2209 621 τῶν
2248 569 2387 621 κατὰ
2416 569 2538 639 βίαν
2567 571 2937 641 παραϐάντων
2990 573 3273 644 κληρικῶν
3300 590 3315 604 ·
3349 577 3377 627 ὁ
3451 576 3511 628 δὲ

1934 660 2134 731 παρὼν
2166 662 2297 734 περὶ
2325 662 2436 717 τῶν
2466 664 2637 733 χωρὶς
2665 664 2786 733 βίας
2841 668 3237 739 ἀρνησαμένων
3254 669 3347 722 τὸν
3374 671 3513 739 Χρι-

1936 752 2061 807 στόν
2091 768 2105 783 ⁸
2138 752 2229 806 καί
2256 771 2389 823 φησι
2410 752 2660 823 δέχεσθαι
2686 756 2932 821 τούτους,
2966 760 3208 828 γνησίως
3235 763 3353 832 ἦτοι
3381 764 3517 832 άληο

1936 844 2043 908 θῶς
2086 846 2525 913 μετανοοῦνταςο
2559 848 2652 901 καὶ
2684 848 2811 919 τρία
2872 849 2973 919 μὲν
3038 850 3131 920 ἐτη
3195 852 3301 916 ἔξω
3358 854 3510 908 ἵστα-

1939 937 2061 989 σθαι
2090 935 2185 988 τοῦ
2215 934 2369 999 ναοῦ,
2403 938 2497 990 καὶ
2546 940 2854 1008 ἀκροᾶσθαι
2901 940 3009 994 τῶν
3058 940 3341 1011 ὑμνῳδιῶν
3414 945 3513 997 τοῦ

1937 1028 2090 1089 Θεοῦ,
2115 1027 2258 1080 ἑπτὰ
2292 1026 2347 1079 δὲ
2379 1027 2473 1098 ἔτη
2501 1030 2854 1095 ὑποπίπτειν,
2905 1032 3025 1102 ἤτοι
3075 1032 3329 1087 ἵστασθαι
3363 1035 3515 1097 ἐντὸς

1857 1178 1861 1182 ἡ
1936 1120 2036 1183 τῆς
2073 1118 2395 1187 ἐκκλησίας,
2428 1120 2653 1174 ὄπισθεν
2696 1123 2881 1192 μέντοι
2943 1123 3037 1175 τοῦ
3094 1123 3376 1192 άμὸωνος,
3418 1127 3515 1179 καὶ

1938 1208 2256 1280 ἑξέρχεσθαι
2289 1213 2564 1279 μετὰτῶν
2620 1215 3068 1284 κατηχουμένων.
3124 1216 3516 1287 Πληρωθείσης

1937 1300 1994 1353 δὲ
2018 1302 2117 1371 τῆς
2149 1303 2449 1366 ἑπταετίας
2481 1304 2829 1368 συνεύξονται
2873 1306 2972 1375 μὲν
2998 1307 3136 1376 μετά
3167 1308 3272 1359 τῶν
3304 1311 3517 1363 πιστῶν

1939 1391 2370 1461 καθολὸκληρον,
2426 1392 2533 1445 τῶν
2579 1392 2637 1445 δὲ
2682 1394 3041 1463 ἁγιασμάτων
3096 1394 3237 1464 μετὰ
3311 1393 3516 1447 διετίαν

1938 1482 2363 1550 ἀξιωθήσονται.

2013 1571 2261 1626 ΖΩΝΑΡ.
2290 1573 2508 1644 ’Ἐτεροι
2548 1576 2647 1643 μὲν
2689 1575 2913 1638 κανόνες
2942 1576 3069 1646 περὶ
3140 1576 3250 1631 τῶν
3303 1576 3368 1629 ὲκ
3397 1575 3517 1646 βίας

1943 1663 2147 1733 πολλῆς
2178 1664 2273 1717 καὶ
2301 1665 2546 1735 ἀνάγκης
2580 1668 2983 1737 ἀρνησαμένων
3043 1667 3142 1738 τὴν
3174 1669 3359 1721 πίστιν
3401 1670 3519 1722 δια-

1943 1757 2261 1826 γορεύουσιν
2289 1773 2300 1785 ·
2336 1759 2364 1810 ὁ
2392 1759 2449 1811 δὲ
2476 1758 2668 1828 παρὼν
2704 1761 2833 1830 περὶ
2863 1761 2972 1813 τῶν
3032 1762 3203 1832 χωρὶς
3270 1762 3518 1833 ἀνάγκης

1942 1847 2309 1917 παραϐάντων
2339 1849 2723 1918 διαλαμϐάνει,
2757 1850 2852 1914 οῦς
2915 1853 3013 1905 καὶ
3079 1853 3332 1916 ἀναξίους
3382 1849 3521 1908 εἶναι

1942 1938 2358 2008 φιλανθρωπίας
2403 1938 2589 2007 φησίν.
2609 1939 2749 1991 Ἀλλ’
2787 1940 2935 2009 ὅμως
2969 1942 3065 1993 καὶ
3090 1941 3216 2003 τοὺς
3244 1942 3522 2004 τοιούτους

1943 2028 2032 2082 διὰ
2062 2030 2406 2099 χρηστότητα
2432 2031 2665 2100 δέχεται,
2697 2034 2745 2083 εί
2776 2034 3011 2102 γνησίως
3103 2033 3521 2102 μεταμέλονται,

1942 2117 2225 2169 τουτέστιν
2265 2117 2500 2189 ἀληθῶς,
2532 2118 2647 2171 ἀλλ’
2674 2120 2735 2171 οὐ
2764 2120 2935 2183 νόθως
2993 2122 3087 2173 καὶ
3148 2122 3520 2191 ἐψευσμένως,

1946 2208 2087 2277 μετά
2112 2208 2444 2281 θερμότητος
2479 2211 2534 2263 δὲ
2582 2211 2675 2264 καὶ
2765 2213 3076 2283 προθυμίας
3126 2213 3353 2283 πολλῆς.
3412 2212 3527 2266 Καὶ

273 2304 415 2366 dum,
452 2303 681 2356 ﬁdelium
715 2317 939 2356 numero
982 2301 1259 2371 aggregari
1289 2295 1485 2369 placet.
1526 2299 1590 2352 Et
1623 2302 1841 2353 mandat

1960 2301 2069 2371 :pia.
2104 2300 2201 2369 μὲν
2239 2301 2333 2370 ἐτη
2389 2302 2692 2371 ἀκροᾶσθαι
2744 2304 3138 2370 διακελεύεται,
3210 2306 3379 2375 ἤγουν
3419 2302 3526 2369 ἔξω

273 2404 333 2447 ιιι
383 2393 668 2447 triennium
725 2392 941 2461 quidem
981 2393 1119 2447 inter
1164 2391 1446 2445 audientes
1481 2400 1674 2458 agunt,
1717 2406 1839 2444 cum

275 2484 472 2552 quibus
512 2483 719 2539 scilicet
759 2492 912 2536 extra
949 2482 1204 2550 templum
1259 2482 1470 2553 religati
1529 2484 1582 2535 in
1633 2483 1839 2551 porticu

276 2577 595 2639 consistant,
640 2575 943 2645 divinisque
974 2574 1271 2643 Scripturis
1301 2575 1582 2630 audiendis
1614 2584 1840 2641 Vacent,

276 2679 479 2735 septem
506 2669 662 2723 annis
701 2668 755 2722 in
794 2668 1160 2723 substratione
1198 2667 1326 2730 sint,
1362 2668 1461 2722 hoc
1501 2676 1606 2732 est,
1655 2668 1706 2721 in
1750 2682 1845 2722 ec-

277 2760 494 2814 clesiam
519 2760 737 2829 quidem
770 2760 1162 2830 ingrediantur,
1198 2775 1384 2814 verum
1416 2761 1840 2829 postambonem

278 2860 447 2916 stent,
487 2860 540 2906 et
587 2867 707 2907 cum
754 2852 1159 2907 catechumenis
1212 2863 1442 2919 exeant;
1498 2852 1716 2907 biennio
1761 2853 1848 2907 deo

1942 2378 2043 2462 τῆς
2076 2392 2378 2462 ἐκκλησίας
2435 2393 2689 2446 ἵστασθαι
2760 2396 2818 2448 ἐν
2864 2394 2942 2465 τῷ
2993 2394 3227 2465 νάρθηκι
3271 2397 3365 2447 καὶ
3417 2394 3529 2446 τῶν

1947 2485 2110 2537 θείων
2143 2484 2364 2539 ἀκούειν
2398 2486 2655 2556 Γραφῶν,
2684 2488 2825 2541 ὲπτά
2882 2488 2939 2540 δὲ
2991 2488 3088 2557 ἐτη
3172 2488 3527 2551 ὑποπίπτειν,

1947 2576 2067 2645 ἦτοι
2112 2575 2263 2637 ἐντὸς
2299 2576 2397 2645 μὲν
2426 2577 2522 2644 τῆς
2554 2576 2848 2647 ἐκκλησίας
2883 2576 3251 2648 εἰσέρχεσθαι,
3272 2577 3333 2628 ὲν
3361 2576 3417 2629 δὲ
3450 2574 3531 2644 τῷ

1948 2666 2173 2721 ὄπισθεν
2202 2668 2480 2737 μέρειτοῦ
2500 2671 2750 2740 ἄμϐωνος
2783 2670 3034 2724 ἵστασθαι
3060 2672 3152 2723 καὶ
3171 2671 3368 2736 ἐξιέναι
3395 2668 3533 2738 μετά
3596 2720 3599 2723 η

1949 2758 2063 2813 τῶν
2098 2763 2327 2826 πιστῶν,
2351 2763 2425 2832 μὴ
2457 2764 2643 2833 μέντοι
2673 2767 2765 2815 καὶ
2793 2763 2889 2833 τῆς
2913 2765 3022 2817 τῶν
3055 2764 3405 2835 ἀγιασμάτων
3433 2777 3531 2833 με·

1955 2844 2245 2923 ταλήψεως
2278 2852 2589 2921 ἀξιοῦσθαι,
2619 2855 2726 2918 ἓως
2752 2855 2816 2911 ἂν
2846 2858 2880 2925 ἡ
2904 2856 3074 2911 διετία
3094 2855 3361 2929 παρέλθῃ.

282 2960 426 2997 mum
468 2959 586 2998 cum
655 2945 898 3001 ﬁdelibus
954 2947 1239 3000 stationem
1293 2946 1562 3007 habeant,
1611 2958 1845 3012 cumque
1882 2942 1947 2997 iis
1996 2943 2297 3013 precationi
2373 2954 2601 3010 vacent,
2660 2958 2764 2998 non
2823 2954 3002 2998 tamen
3071 2943 3139 2997 ad
3220 2954 3530 3001 sanctorum

278 3037 696 3105 perceptionem,
735 3038 835 3092 nisi
863 3038 1048 3108 elapso
1090 3038 1336 3115 decennii
1373 3046 1632 3105 tempore,
1673 3037 2053 3090 admittuntur.
3016 3036 3021 3041 ’

276 3129 500 3186 AlllST.
584 3129 846 3202 Quotquot
923 3131 1057 3184 citra
1111 3130 1473 3185 necessitatem
1541 3138 1845 3196 transgressi

1961 3128 2185 3182 ΑΡΙΣΤ.
2226 3129 2397 3182 Ὅσοι
2425 3127 2602 3197 χωρίς
2633 3128 2899 3196 ἀνάγκης
2942 3128 3315 3197 παρέϐησαν,
3350 3131 3404 3183 εί
3434 3125 3533 3184 καὶ

348 3238 487 3291 sunt,
531 3227 736 3279 etiamsi
774 3225 923 3279 venia
966 3226 1066 3277 sint
1101 3224 1338 3295 indigni,
1412 3224 1631 3295 aliquali
1681 3234 1853 3277 tamen

348 3322 499 3374 renia
522 3319 724 3388 dignati
748 3316 1022 3370 duodecim
1049 3332 1213 3370 annos
1238 3325 1665 3386 prosternuntur.

350 3412 673 3481 Quicunque
698 3411 855 3463 iidem
888 3409 1023 3462 citra
1066 3409 1445 3463 necessitatem
1484 3409 1849 3475 abnegarunt,

288 3518 598 3575 quanquam
644 3503 982 3556 humanitate
1052 3500 1158 3554 sint
1216 3500 1456 3570 indigni,
1503 3499 1857 3554 nihilominus

281 3593 460 3660 aliqua
498 3591 825 3660 indulgentia
866 3598 1156 3645 censentur
1201 3590 1385 3660 digni,
1435 3600 1493 3643 ut
1533 3592 1625 3661 qui
1677 3606 1744 3644 ex
1791 3590 1858 3645 iis

283 3683 519 3749 legitime
566 3683 936 3751 ptenitentiam
997 3680 1231 3750 egerint,
1274 3689 1384 3735 tres
1432 3682 1647 3750 quidem
1684 3697 1857 3737 annos

286 3780 426 3833 inter
478 3778 758 3831 audientes
806 3774 919 3829 sive
960 3774 1014 3828 in
1059 3774 1268 3828 foribus
1305 3782 1449 3829 stent
1486 3774 1752 3839 basilicis,
1802 3784 1858 3829 et

286 3870 495 3924 divinas
527 3867 836 3936 Scripturas
869 3867 1107 3920 audiant.
1138 3866 1243 3920 Sed
1262 3874 1379 3934 post
1407 3866 1537 3921 illud
1562 3867 1855 3921 triennium

287 3961 429 4015 intra
482 3959 724 4014 ecclesiae
788 3957 1048 4012 ambitum
1109 3957 1564 4022 introducantur,
1624 3969 1679 4013 et
1732 3974 1854 4013 cum

285 4050 764 4107 succumbentibus
810 4050 863 4103 in
911 4048 1116 4119 postica
1156 4050 1402 4105 antbonis
1448 4059 1598 4121 parte
1649 4062 1853 4121 septem

287 4158 460 4197 annos
488 4151 861 4210 permaneant,
900 4155 1003 4196 una
1046 4156 1168 4196 cum
1205 4142 1719 4198 catechumenorum
1762 4157 1857 4197 ex-

287 4235 609 4290 clamatione
628 4242 907 4290 exeuntes.
935 4233 1003 4288 Et
1032 4244 1152 4303 post
1184 4234 1518 4305 septennium
1561 4236 1852 4304 expletura,

288 4343 386 4396 per
421 4328 557 4382 alios
595 4327 728 4382 duos
759 4342 930 4384 annos
963 4344 1067 4384 una
1096 4343 1218 4383 cum
1252 4328 1498 4383 ﬁdelibus
1533 4328 1852 4392 consistant,

288 4418 573 4488 participes
602 4434 724 4474 cum
769 4421 851 4476 eis
886 4422 1253 4492 precationum
1283 4435 1453 4489 usque
1482 4419 1549 4474 ad
1579 4431 1853 4490 mystago-

2028 3216 2390 3287 συγγνώμης
2437 3214 2599 3287 ἦσαν
2658 3216 2918 3280 ἀνάξιοι,
2958 3218 3322 3287 συγγνώμης
3369 3222 3531 3286 τινὸς

2028 3310 2393 3379 ἀξιούμενοι,
2425 3309 2651 3363 δώδεκα
2706 3309 2810 3374 ἐτη
2837 3310 3352 3364 ὐποπιπτέτωσαν
3382 3311 3527 3381 (58).

2030 3401 2309 3472 Ὀσοιτὴν
2370 3402 2553 3455 πίστιν
2611 3402 3004 3473 ἀπηρνήσαντο
3064 3404 3232 3474 χωρὶς
3287 3403 3533 3474 ἀνάγκης

1958 3493 2064 3547 κᾶν
2098 3494 2310 3560 ἀνάξιοι
2380 3493 2796 3564 φιλανθρωπίας
2830 3490 2991 3563 ἦσαν,
3024 3495 3173 3563 ὅμως
3202 3495 3531 3567 συγγνώμης

1957 3581 2101 3646 τινὸς
2136 3582 2412 3649 ἀξιοῦνται
2449 3599 2462 3613 ·
2489 3582 2631 3637 ὥστε
2678 3584 2805 3647 τοὺς
2834 3583 3070 3654 γνησίως
3128 3586 3188 3652 ἐξ
3214 3586 3391 3641 αὐτῶν
3433 3605 3533 3656 με-

1958 3676 2194 3747 ταμελου
2204 3676 2396 3746 μένους
2415 3676 2537 3747 τρία
2558 3676 2655 3747 μὲν
2677 3677 2769 3747 ἔτη
2790 3680 2846 3730 ὲν
2865 3680 2975 3741 τοῖς
3000 3680 3390 3749 ἀκροωμένοις,
3415 3680 3533 3749 ἦτοι

1958 3771 2015 3823 ὲν
2044 3772 2156 3833 τοῖς
2174 3770 2467 3839 βασιλικοῖς
2495 3771 2714 3824 ἑστάναι
2742 3771 2973 3839 πυλῶσι,
3006 3774 3101 3825 καὶ
3137 3774 3245 3826 τῶν
3286 3774 3443 3826 θείων
3477 3773 3534 3826 δὲ

1958 3862 2259 3933 ἀκροᾶσθαι
2278 3862 2529 3934 Γραφῶν.
2552 3863 2708 3916 Μετά
2730 3862 2824 3916 καὶ
2849 3863 2941 3917 τὸν
2965 3864 3149 3934 τριετῆ
3168 3865 3357 3935 χρόνον
3386 3864 3535 3917 ἔνδον

1957 3953 2053 4006 τοῦ
2100 3953 2395 4024 περιϐόλου
2430 3953 2532 4024 τῆς
2562 3953 2865 4023 ἐκκλησίας
2886 3953 3234 4024 εἰσαχθῆναι,
3267 3954 3361 4009 καὶ
3395 3954 3536 4025 μετά

1955 4043 2065 4096 τῶν
2090 4044 2507 4097 ὑποπιπτόντων
2525 4045 2583 4097 ὲν
2613 4042 2690 4113 τῷ
2712 4042 2945 4114 ὀπισθίῳ
2978 4046 3136 4116 μέρει
3157 4046 3251 4098 τοῦ
3280 4046 3537 4114 ἀμϐωνος

1957 4134 2100 4187 ἑπτά
2131 4133 2227 4204 ἔτη
2247 4132 2580 4199 διατελέσαι,
2608 4136 2677 4204 τῇ
2709 4134 2818 4190 τῶν
2868 4136 3301 4206 κατηχουμένων
3352 4136 3531 4197 ἐκφω-

1956 4226 2112 4296 νήσει
2144 4224 2645 4296 συνεξερχομένους
2676 4241 2690 4256 ·
2717 4225 2811 4280 καὶ
2832 4227 2974 4295 μετά
3056 4227 3380 4296 παρέλευσιν
3432 4221 3527 4273 τοῦ

1960 4316 2262 4380 ἑπταετοῦς
2292 4316 2487 4387 χρόνου
2516 4317 2782 4372 ὲπὶδυσὶν
2805 4317 2987 4380 ἀλλοις
3021 4316 3169 4365 ἔτεσι
3212 4311 3350 4380 μετὰ
3414 4310 3525 4364 τῶν

1960 4410 2165 4465 πιστῶν
2186 4408 2284 4479 τὴν
2331 4409 2590 4462 σύστασιν
2620 4408 2896 4474 δέξασθαι,
2919 4402 3313 4466 κοινωνοῦντας
3344 4404 3527 4468 αὐτοῖς

286 4511 428 4579 giam
479 4512 835 4578 completam,
879 4512 1074 4567 divina:
1118 4521 1296 4566 autem
1329 4511 1721 4566 communionis
1762 4526 1845 4565 net

1965 4500 2075 4554 τῶν
2150 4499 2474 4569 προσευχῶν
2548 4498 2710 4569 μέχρι
2769 4494 3224 4566 συμπληρώσεως
3285 4494 3383 4562 τῆς
3433 4512 3533 4565 μυ-

290 4604 409 4658 istis
449 4605 653 4660 duobus
688 4608 846 4661 annis
889 4606 1184 4676 participes
1216 4606 1374 4660 ﬁant.
1416 4604 1520 4660 Sed
1555 4604 1621 4659 iis
1660 4606 1864 4659 exactis

290 4704 346 4752 et
368 4696 751 4766 mysteriorum
779 4698 1194 4769 participatione
1221 4698 1365 4769 digni
1395 4698 1758 4755 habebuntur.

887 4950 1110 5006 CANON
1165 4952 1278 5009 Xll.

296 5041 399 5108 Qui
429 5053 601 5097 autem
624 5062 656 5098 a
689 5045 864 5115 gratia
887 5047 1093 5114 quidem
1122 5049 1338 5114 evocati,
1374 5060 1421 5103 et
1449 5050 1676 5117 primunt
1707 5066 1860 5104 suum

364 5133 606 5187 ardorem
663 5134 1029 5199 ostenderunt,
1093 5146 1140 5189 et
1195 5136 1405 5205 cingula
1477 5139 1857 5207 deposuerunt,

360 5232 543 5293 postea
587 5238 763 5281 autem
803 5237 861 5280 ut
903 5244 1057 5282 canes
1087 5227 1157 5281 ad
1194 5243 1345 5282 suum
1379 5231 1627 5283 vomitum
1668 5231 1857 5284 reversi

1961 4588 2274 4656 σταγωγίας
2305 4588 2406 4657 τῆς
2435 4588 2583 4651 θείας
2615 4587 2865 4656 μέντοιγε
2897 4585 3253 4656 μεταλήψεως
3281 4584 3402 4637 οὐδὲ
3436 4583 3531 4636 ἐπὶ

1959 4682 2071 4741 τοῖς
2091 4678 2216 4731 δυσὶ
2262 4680 2476 4741 τούτοις
2538 4678 2882 4748 μετασχῶσιν
2932 4677 3129 4731 ἐτεσιν.
3179 4676 3347 4730 Ἀλλά
3394 4674 3535 4746 μετά

1957 4770 2119 4824 τοῦτο
2150 4770 2372 4839 καὶτῆς
2443 4768 2681 4840 μετοχῆς
2735 4768 2844 4821 τῶν
2878 4768 3240 4839 ἀγιασμάτων
3294 4765 3533 4837 ἀξιωθήο

1961 4879 2167 4915 σονται.
2762 4877 2769 4885 “

2603 4947 2843 5002 ΚΑΝΩΝ
2874 4946 2972 5001 lB'.

1970 5046 2035 5097 οι
2071 5043 2137 5097 δὲ
2166 5040 2655 5112 προσκληθέντες
2689 5039 2809 5108 μὲν
2828 5040 2949 5094 ἀπὸ
2975 5039 3088 5107 τῆς
3145 5040 3409 5109 χάριτος,
3436 5036 3538 5090 και

2035 5136 2148 5202 τὴν
2176 5136 2415 5204 πρώτην
2452 5132 2647 5200 ὁρμὴν
2677 5129 3109 5198 ἐνδειξάμενοι,
3161 5129 3262 5184 καὶ
3312 5127 3533 5184 ἀποθέ-

2030 5244 2202 5297 μενοι
2233 5228 2337 5293 τὰς
2368 5226 2550 5293 ζώνας
2582 5224 2715 5293 (59),
2759 5225 2908 5293 μετὰ
2945 5225 3013 5277 δὲ
3066 5223 3252 5279 ταῦτα
3303 5222 3402 5277 ἐπὶ
3428 5223 3536 5277 τὸν

1522 5342 1709 5403 Guill.
1742 5342 2065 5420 Beveregii
2103 5348 2293 5404 notae.

366 5436 477 5508 (58)
523 5436 1072 5496 ’Υποπιπτέτωσαν.
1100 5440 1212 5495 Vox
1245 5441 1349 5496 ista
1401 5441 1488 5495 hic
1517 5441 1625 5496 late
1670 5442 1839 5496 sumi-

292 5518 382 5580 t_ur
412 5520 511 5580 pro
530 5511 674 5562 onmi
724 5523 880 5576 ptPua
908 5512 1295 5579 paenitentibus
1334 5512 1602 5580 imposita,
1637 5527 1829 5579 usque-

292 5577 419 5629 dum
446 5577 512 5650 _ad
552 5577 982 5650 communionem
1017 5582 1348 5650 recipiantur
1383 5577 1568 5634 {adeo
1622 5592 1674 5633 ut
1709 5577 1842 5634 ὑπο-

292 5645 644 5721 πιπτέτωσαν
673 5646 760 5721 hic
796 5650 932 5704 idem
965 5645 1255 5721 signiﬁcat,
1286 5650 1435 5721 quod
1470 5650 1841 5719 ἀφοριζέσθω-

296 5732 414 5769 σαν.
447 5716 567 5779 Quo
599 5717 812 5785 quidem
849 5716 1234 5775 sensu'uuetor
1264 5716 1537 5788 Epitomes
1578 5716 1840 5773 canonum

295 5801 356 5839 ea
388 5799 514 5839 voce
541 5788 737 5856 saepius
780 5790 966 5848 utitur.
1010 5788 1161 5844 Unde
1197 5790 1288 5845 ubi
1335 5788 1526 5844 Patres
1566 5788 1769 5844 Niczeni
1796 5789 1851 5843 in

1944 5441 2190 5522 proximo
2246 5455 2452 5522 canone
2476 5440 2683 5505 dicunt,
2709 5440 2844 5522 δέκα
2874 5439 2969 5521 ἔτη
2993 5510 3003 5522 _
3028 5440 3538 5522 Ommmértuca‘v,

1947 5510 1999 5565 in
2027 5514 2259 5577 epitome
2297 5511 2541 5579 ejusdem
2576 5512 2804 5565 canonis
2864 5510 2966 5565 vis
2990 5510 3218 5565 istorum
3248 5514 3538 5568 verborum

1948 5581 2392 5649 exprimiturper
2418 5580 2899 5649 ἀφοριζέσθωσαν.

2022 5648 2143 5718 (59)
2179 5648 2291 5702 Καὶ
2311 5649 2669 5718 ἀποθέμενοι
2712 5651 2818 5714 τὰς
2852 5648 3065 5714 ζώνας.
3098 5649 3195 5704 Hic
3231 5650 3538 5707 ἀποθέσθαι

1960 5720 2062 5780 τάς
2091 5717 2289 5783 ζώνας,
2328 5719 2471 5787 idem
2504 5717 2622 5781 est,
2657 5720 2798 5787 quod
2823 5719 3029 5774 militia:
3055 5720 3382 5787 renuntiare;
3424 5723 3538 5775 haec

1960 5798 2141 5845 autem
2168 5786 2686 5871 loquendii‘ormula
2721 5789 2918 5844 exinde
2948 5800 3067 5845 orta
3095 5800 3204 5855 est,
3233 5786 3379 5859 quod
3406 5806 3534 5845 cum
