3992 6480
307 361 402 421 277

377 580 470 627 τις
495 565 770 628 ἐξοδεύοι
798 568 1034 621 τελείου
1058 569 1155 622 καὶ
1209 570 1687 638 ἀναγκαιοτάτου
1743 572 1881 639 ἐφο-

374 659 506 711 δίοιι
544 658 632 727 μὴ
668 660 1157 729 ἀποστερεῖσθαι.
1200 667 1271 719 Ei
1307 665 1396 730 δὲ,
1459 666 1880 735 ἁπογνωσθείς

378 749 481 803 καὶ
538 754 849 819 κοινωνίας
904 754 1093 809 πάλιν
1148 757 1349 825 τυχὼν
1389 759 1522 830 (601,
1577 759 1766 813 πάλιν
1813 761 1882 815 ἐν

372 843 498 909 τοῖς
528 841 712 902 ζῶσιν
732 846 1051 915 ἐξετασθῇ,
1068 850 1220 918 μετὰ
1257 850 1374 904 τῶν
1426 855 1883 908 κοινωνούντων

368 932 480 999 τῆς
516 935 708 1003 εὐχῆς
743 939 941 1006 μόνης
968 941 1123 993 ἔστω
1166 939 1302 1012 (61).
1349 945 1617 997 Καθόλου
1675 943 1745 997 δὲ
1786 945 1882 998 καί

371 1027 505 1094 περὶ
536 1028 757 1091 παντὸς
791 1024 1032 1095 οὗτινος
1062 1026 1176 1086 οὖν
1206 1033 1617 1101 ἑξοδεύοντος,
1646 1035 1884 1089 αἰτοῦν-

375 1134 477 1182 τος
545 1117 652 1170 τοῦ
707 1120 1041 1188 μετασχεῖν
1085 1124 1500 1191 εὐχαριστίας,
1560 1129 1593 1179 ό
1637 1126 1885 1182 ἐπίσκο-

373 1222 489 1271 πος
533 1208 686 1274 μετὰ
719 1208 1078 1278 δοκιμασίας
1125 1214 1494 1281 μεταδιδότω
1558 1215 1667 1286 τῆς
1698 1232 1884 1287 προσ-

370 1315 586 1365 φορεῖς.

372 1391 567 1445 ΒΛΛΣ.
587 1384 756 1455 Οὗτος
785 1394 811 1445 ὁ
837 1393 1015 1448 κανὼν
1034 1398 1249 1461 γενικός
1270 1403 1407 1454 ἐστι.
1434 1402 1882 1472 Παρακελεύεται

302 1483 414 1553 γὰρ
460 1483 639 1536 πάντα
707 1486 1131 1554 ἐπιτιμηθέντα,
1184 1494 1279 1547 καὶ
1348 1495 1456 1546 τῶν
1528 1496 1885 1564 ἁγιασμάτων

302 1574 686 1643 στερούμενον,
713 1578 997 1644 ἀξιοῦσθαι
1034 1582 1126 1635 τοῦ
1151 1583 1319 1638 καλοῦ
1343 1587 1555 1655 ἐφοδίου
1586 1590 1685 1657 τῆς
1716 1589 1879 1657 ἁγίας

304 1665 662 1736 μεταλήψεως
708 1669 766 1723 ἐν
816 1673 934 1734 ταῖς
977 1673 1315 1738 τελευταίαις
1374 1678 1671 1743 ἀναπνοαῖς
1734 1681 1878 1750 μετὰ

298 1755 624 1825 δοκιμασίας
666 1760 758 1813 τοῦ
793 1762 1118 1819 ἐπισκόπου.
1147 1767 1236 1837 Μὴ
1268 1766 1426 1832 ὄντος
1471 1769 1527 1822 δὲ
1578 1771 1879 1825 ἐπισκόπου

310 1848 450 1913 μετά
486 1849 812 1917 δοκιμασίας
839 1856 1049 1926 ἱερέων,
1091 1857 1178 1911 ἵνα
1208 1860 1283 1929 μὴ
1312 1860 1551 1931 στερηθῇ
1583 1860 1677 1914 τοῦ
1712 1862 1878 1917 καλοῦ

302 1938 519 2003 ἐφοδίου
552 1942 579 1993 ὁ
612 1942 904 2013 ἄνθρωπος
942 1946 1029 2000 διὰ
1074 1948 1174 2018 τὴν
1202 1948 1514 2019 ἀποδημίαν
1536 1951 1629 2005 τοῦ
1658 1954 1879 2008 ἐπισκόο

302 2045 424 2085 που,
448 2031 780 2103 Προστίθησι
807 2036 860 2091 δὲ
878 2037 972 2103 ὡς,
996 2036 1154 2110 εἴπερ
1181 2040 1207 2092 ό
1230 2041 1470 2106 τοιοῦτος
1495 2042 1630 2112 μετά
1650 2045 1747 2116 τὴν
1779 2063 1878 2115 με-

299 2119 530 2191 τάληψιν
559 2122 668 2175 τῶν
690 2124 1043 2196 ἀγιασμάτων
1069 2130 1307 2203 διαφύγῃ
1332 2130 1422 2186 τὸν
1451 2132 1702 2198 θάνατον,
1737 2137 1879 2205 μετὰ

300 2210 410 2261 τῶν
444 2214 654 2267 πιστῶν
683 2217 783 2286 μὲν
810 2219 1146 2288 συνεύξεται,
1174 2225 1283 2278 τῶν
1311 2225 1367 2278 δὲ
1401 2228 1755 2297 ἀγιασμάτων
1775 2229 1877 2283 οὐκ

304 2303 669 2373 ἐπιτεύξεται,
703 2310 849 2381 εἰμὴ
915 2312 1177 2386 πληρωθῇ
1238 2317 1451 2381 πάντως
1487 2322 1515 2373 ό
1547 2321 1874 2391 νενομισμέ-

310 2412 399 2458 νος
493 2399 686 2468 χρόνος
754 2392 847 2455 τοῦ
910 2406 1204 2476 ἐπιτιμίου.
1252 2410 1479 2480 Νομίζω
1552 2412 1611 2466 δὲ
1645 2415 1727 2467 ὅτι
1756 2416 1877 2470 τότε

307 2489 448 2556 μετὰ
470 2490 569 2560 τὴν
607 2493 816 2562 ὑγιείαν
851 2499 1199 2570 συνεύχεσθαι
1240 2506 1353 2567 τοῖς
1384 2509 1593 2567 πιστοῖς
1621 2525 1881 2578 παραχω-

308 2581 609 2650 ρηθήσεται
663 2587 691 2639 ό
734 2589 1103 2659 ἐπιτιμηθεὶς,
1148 2595 1236 2648 ὅτε
1315 2598 1408 2650 καὶ
1466 2598 1691 2671 πρὸτῆς
1719 2602 1877 2655 νόσου

302 2673 515 2737 τούτοις
554 2678 869 2748 συνηύχετο.
926 2682 989 2736 Ei
1028 2686 1136 2756 γὰρ
1193 2688 1250 2741 ἐν
1311 2691 1458 2757 τόπῳ
1509 2693 1877 2764 ἀκροωμένων

306 2765 514 2827 ἵστατο.
548 2770 639 2823 τὸν
669 2772 829 2826 αὐτὸν
857 2773 967 2840 ἔξει
1012 2779 1175 2834 τόπον
1207 2784 1298 2836 καὶ
1343 2783 1481 2853 μετά
1514 2784 1610 2856 τὴν
1634 2786 1870 2855 ὑγίειαν.

377 2943 641 3000 ΖΩΝΑΡ.’
700 2950 1089 3022 Διαταξάμενοι
1147 2955 1196 3007 οἱ
1247 2957 1384 3026 ἱεροὶ
1441 2959 1687 3029 Πατέρες
1753 2961 1882 3032 περὶ

303 3038 624 3105 ἐπιτιμίων,
660 3038 757 3091 καὶ
781 3041 928 3107 ὅπως
952 3046 1046 3099 καὶ
1081 3047 1166 3115 ἐφ’
1197 3048 1319 3101 ὅσον
1348 3050 1396 3101 oi
1429 3050 1880 3118 παραπίπτοντες

1358 370 1436 430 ΙΝ
1474 370 1646 433 CAN.
1678 370 1831 429 XIII
1863 369 2076 434 CONC.
2113 371 2381 433 NICASN.
2429 375 2476 433 Ι.

375 469 479 535 κὸς
512 471 694 540 νόμος
722 474 1284 545 διαφυλαχθήσεται
1314 480 1410 533 καὶ
1440 479 1575 540 νῦν,
1616 477 1794 540 ὥστε,
1822 478 1879 531 εἴ
1907 482 1955 535 Α

3451 374 3555 436 278

2054 481 2137 534 lea:
2172 498 2308 536 nunc
2326 499 2525 552 quoque
2545 484 2857 548 servabitur,
2882 492 2937 537 ut
2962 484 3009 539 si
3035 485 3153 555 quis
3177 485 3285 540 uita
3310 488 3553 547 excedat.

2054 576 2236 627 ultimo
2265 586 2311 628 et
2345 576 2572 630 maxime
2612 577 2908 631 necessario
2946 578 3137 630 uiatico
3189 594 3252 631 ne
3298 579 3552 647 privetur.

2053 664 2112 720 Si
2160 676 2334 719 autem
2373 665 2677 734 deploratus
2718 674 2769 719 et
2811 668 3227 721 communionem
3257 678 3553 736 assecutus,

2054 773 2239 810 rursus
2267 757 2318 810 in
2343 758 2475 811 vivos
2499 756 2696 812 relatus
2718 759 2789 812 sit
2815 774 2929 811 cum
2958 758 3022 813 iis
3042 758 3106 812 sit
3132 758 3222 829 qui
3254 760 3555 813 orationum

2052 856 2170 899 sunt
2234 855 2437 900 tantum
2485 848 2867 901 communionis
2924 849 3224 915 participes.
3256 847 3319 901 In
3344 865 3553 903 summa

2052 946 2246 998 autem,
2266 938 2328 990 de
2340 936 2561 1004 quolibet
2589 936 2883 1000 excedente,
2915 935 3315 990 etEucliaristia:
3335 938 3552 1004 partici-

2052 1029 2310 1097 pationem
2341 1037 2563 1097 petente,
2589 1028 2856 1098 episcopus
2879 1043 2997 1081 cum
3022 1030 3406 1084 examinatione
3437 1046 3553 1085 eum

1981 1138 1987 1146 '
2053 1120 2315 1175 oblatione
2371 1121 2657 1189 impertiat.

2055 1386 2246 1442 BALS.
2272 1386 2373 1442 llic
2401 1395 2483 1441 est
2504 1401 2675 1442 canon
2711 1386 2999 1458 generalis.
3036 1382 3199 1439 iubet
3244 1384 3407 1449 enim,
3438 1398 3559 1439 om-

1983 1494 2106 1535 nem
2139 1482 2220 1535 cui
2249 1494 2405 1550 pmna
2446 1480 2695 1548 imposita
2733 1487 2837 1537 est.
2867 1489 2919 1534 et
2950 1477 3303 1532 sacramentis
3334 1486 3417 1531 est
3444 1477 3558 1545 pri-

1985 1583 2167 1638 vatus,
2206 1574 2468 1641 praeclaro
2506 1579 2707 1626 sanctas
2752 1568 3148 1625 communionis
3189 1567 3389 1622 viatico
3450 1582 3557 1621 non

1988 1665 2208 1735 privari,
2235 1666 2287 1719 in
2320 1674 2563 1719 extremo
2592 1662 2804 1732 spiritu,
2851 1677 2974 1717 cum
3011 1661 3413 1716 examinatione
3441 1660 3564 1728 cpi.

1989 1757 2159 1825 scopi.
2186 1756 2240 1809 Si
2267 1772 2371 1811 non
2391 1755 2459 1810 sit
2482 1765 2660 1811 autem
2681 1756 2991 1825 cpiscopus,
3012 1769 3133 1809 cum
3156 1753 3561 1809 examinatione

1910 1820 1956 1879 Β
1984 1850 2361 1914 sacerdotum,
2408 1863 2476 1903 ne
2516 1848 2655 1902 bono
2711 1847 2907 1902 viatico
2951 1847 3192 1916 privetur
3242 1844 3426 1911 homo,
3490 1842 3563 1898 ob

1984 1940 2221 2010 episconi
2283 1940 2607 1995 absentiam.
2666 1938 2831 2003 Addit
2875 1945 3100 2002 autem,
3156 1938 3302 2007 quod
3343 1938 3387 1992 si
3440 1935 3564 1990 talis

1983 2043 2104 2102 post
2138 2039 2602 2087 sacramentorum
2639 2029 3110 2099 participationem
3132 2069 3149 2094 ,
3182 2036 3410 2081 mortem
3435 2041 3565 2081 eva-

1984 2127 2138 2190 serit,
2196 2139 2298 2177 una
2351 2138 2470 2178 cum
2528 2121 2778 2177 ﬁdelibus
2826 2121 3161 2192 precabitur.
3206 2118 3561 2174 Sacramenta

1984 2227 2164 2273 autem
2195 2232 2298 2272 non
2323 2223 2662 2281 assequetur,
2697 2213 2798 2268 nisi
2823 2212 3184 2280 praestitutum
3211 2224 3385 2279 pinnae
3416 2219 3557 2265 tem-

1983 2326 2083 2381 pus
2142 2308 2364 2364 omnino
2408 2306 2689 2373 impletum
2742 2303 2922 2358 fuerit.
2964 2301 3101 2356 Puto
3159 2311 3361 2363 autem,
3418 2300 3562 2368 quod

1987 2413 2113 2458 tunc
2160 2412 2282 2470 post
2318 2399 2605 2455 sanitatem
2644 2412 2747 2450 una
2780 2410 2903 2450 cum
2939 2394 3193 2449 ﬁdelibus
3234 2408 3393 2449 orare
3434 2406 3560 2461 per-

1984 2493 2233 2546 mittetur
2262 2490 2311 2544 ei
2343 2489 2430 2543 cui
2469 2503 2629 2558 paena
2660 2487 2911 2556 imposita
2942 2494 3045 2549 est,
3081 2484 3297 2552 quando
3337 2491 3392 2537 et
3438 2490 3564 2536 ante

1985 2583 2230 2643 morbum
2265 2596 2371 2635 una
2406 2595 2527 2634 cum
2558 2580 2637 2633 eis
2680 2578 3028 2645 precabatur.
3066 2575 3121 2629 Si
3154 2575 3298 2629 enim
3348 2576 3399 2629 in
3449 2575 3567 2628 loco

1984 2672 2316 2730 audientium
2373 2672 2574 2738 stabat,
2613 2670 2860 2727 eumdem
2909 2667 3130 2724 habebit
3174 2667 3353 2722 locum
3398 2666 3565 2721 etiam

1984 2774 2105 2837 post
2131 2765 2441 2821 sanitatem.

2055 2945 2311 3003 ZONAR.
2356 2943 2489 2998 Cum
2516 2941 2582 2995 iis
2615 2938 2702 3006 qui
2731 2935 2860 3006 lapsi
2893 2934 3126 3000 fuerant,
3147 2933 3213 2988 ad
3238 2931 3569 2988 constitutas

1984 3054 2174 3112 poenas
2199 3077 2213 3102 ,
2261 3044 2407 3090 certa
2456 3046 2671 3102 quoque
2700 3038 2943 3096 tempora
2979 3024 3361 3080 communione
3392 3022 3564 3077 absti-

304 3130 670 3203 ἁκοινώνητοι
703 3131 940 3200 ἔσονται,
972 3137 1215 3208 ὁρίζουσι
1268 3140 1356 3194 διὰ
1430 3115 1525 3195 τού
1615 3144 1881 3214 παρόντος

2001 3131 2142 3186 ιθηὸἰ
2187 3127 2359 3185 sancti
2393 3125 2582 3179 Patres
2616 3119 3010 3183 deﬁnivissent,
3054 3117 3246 3171 iisdem
3291 3115 3568 3169 nihilomi-

305 3226 555 3289 κανόνος,
593 3227 697 3279 κᾶν
720 3227 825 3279 ὑπὸ
855 3228 1127 3299 ἐπιτίμιον
1158 3230 1554 3300 ἁκοινωνησίας
1582 3226 1683 3287 ὧσί
1714 3252 1878 3301 τινες,

303 3318 607 3371 τελευτῶσι
631 3319 709 3383 δὲ,
748 3321 1122 3390 μεταδίδοσθαι
1148 3324 1330 3387 αὐτοῖς
1366 3325 1475 3376 τῶν
1497 3326 1875 3397 ἁγιασμάτων·

306 3409 396 3462 ἶνα
424 3410 639 3478 ἐφόδιον
667 3412 797 3464 αὐτὸ
822 3411 1008 3482 ἔχωσι,
1045 3414 1141 3467 καὶ
1183 3415 1259 3483 μὴ
1313 3417 1620 3487 στερηθῶσι
1672 3420 1767 3472 τοῦ
1817 3421 1883 3474 ἐκ

297 3501 514 3554 τούτων
552 3503 853 3569 ἁγιασμοῦ.
886 3505 948 3558 Ei
973 3505 1029 3559 δέ
1062 3523 1147 3570 τις
1177 3508 1304 3578 περὶ
1341 3509 1442 3580 τὴν
1494 3510 1639 3581 ζωὴν
1698 3511 1878 3565 κινδυ-

302 3590 482 3644 νεύων
510 3594 793 3663 ἀξιωθείη,
824 3596 897 3660 ὡς
920 3596 1167 3669 θνήσκων
1207 3600 1308 3670 τῆς
1383 3603 1690 3667 κοινωνίας,
1759 3598 1880 3658 εἷτα

301 3683 546 3755 διαφύγῃ
572 3685 663 3738 τὸν
693 3686 943 3755 θάνατον,
981 3690 1119 3759 μετά
1168 3691 1279 3744 τῶν
1324 3692 1529 3746 πιστῶν
1560 3696 1660 3763 μὲν
1689 3695 1876 3751 συνεύ-

307 3776 487 3843 ξεται,
513 3779 574 3831 οὐ
611 3780 793 3848 μέντοι
826 3782 918 3835 καὶ
955 3782 1062 3835 τῶν
1096 3783 1451 3854 ἀγιασμάτων
1484 3787 1875 3858 μεταλήψεται.

307 3872 423 3923 Καὶ
463 3872 570 3934 πᾶς
612 3871 669 3926 δὲ
738 3874 796 3925 ἐν
853 3875 1115 3946 ἐπιτιμίῳ
1182 3873 1256 3928 ὢν
1288 3878 1415 3948 περὶ
1438 3876 1537 3949 τὴν
1564 3879 1881 3933 τελευταίαν

302 3964 622 4031 γενόμενος,
661 3964 838 4030 ἐξοδόν
879 3983 1042 4035 φησιν
1079 3968 1107 4020 ὀ
1168 3968 1368 4031 κανὼν,
1423 3970 1474 4022 εί
1534 3968 1687 4038 ζητεῖ
1716 3990 1883 4042 μετα-

303 4052 496 4104 λαϐεῖν
524 4053 627 4123 τῆς
674 4054 834 4121 ἁγίας
866 4057 1201 4128 προσφορᾶς,
1238 4057 1718 4129 μεταλαμϐανέτω,
1751 4063 1887 4133 μετὰ

304 4146 659 4213 δοκιμασίας,
703 4147 871 4218 ἦγουν
938 4148 1187 4219 γνώμης,
1251 4151 1346 4204 τοῦ
1427 4153 1724 4207 ἐπισκόπου
1784 4159 1878 4211 καὶ

305 4237 639 4301 ἐξετάσεως.

307 4411 536 4463 ΑΡΙΣΤ.
567 4414 631 4465 Oi
658 4410 1075 4480 ἐξοδευόμενοι
1101 4414 1601 4469 κοινωνείτωταν’
1632 4414 1769 4470 εὶδέ
1796 4434 1888 4482 τις

1992 3239 2093 3281 nus
2144 3223 2197 3278 in
2238 3230 2484 3277 extremo
2529 3216 2652 3270 vitae
2697 3211 3008 3267 discrimine
3053 3208 3268 3278 positis,
3319 3208 3579 3277 quamvis.

1991 3316 2175 3372 multa:
2203 3312 2423 3368 nomine
2463 3305 2841 3384 communione
2878 3300 3224 3356 interdictum
3254 3298 3344 3364 sit,
3374 3313 3563 3354 sacra-

1998 3416 2179 3463 menta
2217 3400 2512 3471 impartiri,
2568 3407 2626 3451 ut
2667 3411 2733 3452 eo
2762 3393 2913 3464 quasi
2951 3393 3148 3447 viatico
3188 3389 3438 3446 instructi
3468 3390 3576 3444 (18--

1992 3500 2208 3562 cedant,
2244 3510 2347 3551 nec
2373 3508 2434 3548 ea
2467 3505 2585 3561 qua:
2620 3504 2688 3543 ex
2724 3488 2833 3543 illis
2871 3485 3103 3541 efﬁcitur
3137 3483 3423 3539 sanctitate
3452 3482 3563 3552 prio

1993 3599 2206 3654 ventur,
2240 3588 2343 3643 hoc
2382 3596 2593 3641 canone
2638 3581 2827 3637 Patres
2859 3579 3075 3649 iubent.
3120 3575 3177 3632 Si
3228 3576 3315 3631 cui
3354 3588 3481 3628 vero
3510 3573 3579 3628 in»

1992 3699 2060 3740 eo
2089 3682 2212 3737 vitae
2237 3678 2569 3745 discrimine,
2608 3673 2921 3731 communio
2947 3671 3101 3741 quasi
3140 3666 3394 3723 morienti
3432 3680 3567 3722 con-

1993 3790 2143 3831 cessa
2194 3783 2295 3837 est,
2349 3784 2518 3840 seque
2559 3769 2604 3823 is
2646 3775 2827 3837 postea
2860 3763 3019 3818 morti
3054 3760 3408 3822 subtraxerit,
3439 3772 3571 3813 cum.

1996 3866 2242 3922 ﬁdelibus
2265 3863 2484 3933 quidem
2517 3872 2695 3923 orare,
2738 3873 2840 3912 non
2876 3864 3055 3910 tamen
3092 3853 3285 3906 iterum
3323 3863 3567 3904 commuo

1994 3958 2179 4013 nicare
2217 3951 2574 4009 sacramentis
2615 3949 2817 4003 licebit.
2870 3946 2937 3999 Et
2987 3959 3115 3998 vero
3157 3942 3467 4010 quicunque
3508 3939 3573 3992 in

1993 4059 2236 4108 extremo
2292 4045 2504 4113 spiritu,
2562 4042 2738 4110 inquit
2780 4054 2977 4101 canon,
3014 4034 3225 4090 luendis
3253 4034 3428 4107 poenis
3470 4032 3573 4084 ob-

1995 4141 2225 4205 noxius,
2290 4145 2489 4193 sanctae
2551 4131 2810 4189 oblationi
2868 4126 3270 4184 communicare
3324 4137 3384 4179 se
3429 4122 3568 4177 velle

1993 4232 2255 4297 ostendit,
2279 4229 2326 4284 ei
2354 4242 2478 4282 cum
2512 4221 2900 4294 approbatione
2935 4218 3195 4288 episcopi,
3233 4215 3333 4269 hoc
3359 4224 3463 4280 est,
3506 4228 3573 4268 re-

1993 4340 2089 4395 per
2114 4325 2263 4377 illum
2293 4318 2598 4374 examinata
2626 4322 2683 4368 et
2712 4312 2959 4382 probata,
2999 4311 3091 4364 tiat
3130 4307 3385 4363 facultas.

1994 4412 2223 4472 ARIST.
2265 4411 2386 4466 Vita
2409 4407 2669 4465 excessuri
2703 4404 3102 4460 communicent.
3134 4400 3197 4455 Si
3228 4400 3345 4470 quis
3389 4406 3573 4451 autem

384 4501 588 4556 αὐτῶν
636 4504 891 4572 ύγιάνοι,
952 4505 1108 4558 ἔστω
1158 4507 1310 4575 μετὰ
1378 4524 1496 4560 των
1540 4507 1650 4577 τῆς
1696 4508 1883 4579 εὐχῆς

2063 4521 2244 4563 eorum
2290 4499 2639 4562 convalescat,
2693 4510 2812 4550 cum
2852 4496 2917 4549 iis
2940 4494 3010 4548 sit
3063 4491 3155 4562 qui
3200 4505 3411 4562 precum
3441 4495 3571 4542 sunt

384 4599 839 4651 κοινωνούντων
857 4599 956 4652 καὶ
979 4599 1192 4669 μόνον.

2067 4596 2347 4669 participes
2370 4600 2417 4647 et
2445 4607 2562 4645 cum
2592 4589 2660 4642 iis
2678 4585 2851 4642 solum

1544 4713 1731 4775 Guill.
1770 4715 2096 4796 Beveregii
2126 4720 2316 4778 notes.

388 4835 501 4905 (60)
530 4838 596 4892 El
637 4836 707 4907 δὲ
738 4837 1153 4907 ἀπογνωσθεὶς
1191 4839 1289 4892 καὶ
1334 4840 1649 4905 κοινωνίας
1699 4840 1892 4896 πάλιν

311 4904 538 4973 τυχών.
571 4907 629 4961 lu
659 4904 882 4963 Joannis
907 4910 1226 4964 Antiocheni
1260 4907 1590 4964 Cullectione
1617 4904 1885 4966 canonum

319 4978 488 5030 πάλιν
532 4977 620 5030 hic
663 4994 766 5030 non
809 4978 1002 5047 legitur
1027 4998 1047 5048 ι
1085 4989 1137 5033 et
1169 4992 1290 5047 post
1321 4978 1500 5048 τυχών
1545 4979 1760 5034 additur
1794 4981 1892 5035 καὶ

294 5049 639 5116 ,προτφορᾶς
673 5049 979 5116 μετασχών,
1012 5047 1132 5103 Joh.
1174 5047 1432 5104 Antiovlt.
1468 5050 1604 5104 Coll.
1648 5065 1770 5103 can.
1801 5052 1884 5104 tit.

317 5119 391 5170 {8
434 5134 447 5169 :
478 5134 597 5184 (line
641 5116 804 5169 verba
839 5130 991 5171 vetus
1013 5120 1174 5173 etiam
1218 5121 1483 5186 interpres
1515 5120 1664 5185 legit,
1702 5121 1890 5173 vertit-

318 5202 431 5255 que
454 5195 507 5258 e_t
537 5186 801 5241 oblatione
852 5198 1095 5256 percepta
1140 5189 1384 5252 can.12,
1427 5205 1633 5243 necnon
1692 5190 1890 5258 Diony-

320 5258 441 5393 ῗὶιιῗ
468 5256 728 5325 Exiguus,
763 5260 854 5326 qui
887 5260 1182 5324 transtulit,
1220 5259 1606 5329 oblationisque
1630 5256 1892 5328 particeps

346 5342 414 5378 ac
441 5343 519 5381 us.

346 5335 519 5381 actus.

398 5396 506 5463 (6|)
540 5396 701 5450 Μετὰ
738 5396 856 5450 τῶν
876 5398 1325 5451 κοινωνούντων
1356 5398 1465 5467 τῆς
1489 5398 1679 5467 εὐχῆς
1704 5399 1896 5467 μόνης

325 5466 502 5520 ἔστω.
562 5467 794 5520 Verbum
856 5467 1014 5527 ἔστω,
1052 5470 1193 5534 quod
1246 5469 1333 5521 hic
1385 5471 1438 5521 in
1496 5466 1635 5532 ﬁne,
1676 5471 1727 5521 in
1770 5466 1890 5522 Joh.

323 5536 581 5591 Antioch.
616 5537 943 5590 Collectione
974 5538 1057 5589 tit.
1094 5539 1181 5597 18,
1209 5538 1362 5590 initio
1385 5539 1573 5590 horum
1604 5540 1891 5592 verborum

325 5604 640 5670 collocatur,
692 5607 887 5675 quibus
939 5612 1100 5660 etiam
1142 5608 1243 5660 alia
1283 5609 1579 5669 adduntur,
1618 5609 1703 5661 hic
1740 5608 1884 5660 desi-

326 5676 511 5748 derata
542 5675 824 5748 nimirum,
864 5677 1025 5748 ἀχρις
1074 5676 1140 5730 ἂν
1172 5677 1432 5748 πληρωθῇ
1466 5677 1751 5748 οίὸρισθεὶς
1779 5676 1884 5729 ὑπὸ

335 5743 436 5810 τῆς
484 5745 724 5815 μεγάλης
794 5743 1313 5817 καὶοῑκουμενικῆς
1370 5743 1589 5802 συνόδου
1647 5747 1833 5818 χρόνος
1864 5786 1878 5812 ,

1992 4857 2280 4914 quousque
2305 4834 2654 4914 animpteatur
2685 4840 2884 4914 tempus
2916 4846 2948 4883 a
2983 4824 3570 4914 magnoet-uniuersali-

1993 4901 2217 4968 conrilio
2249 4901 2550 4977 deﬁnitum.
2589 4901 2721 4977 [Iac
2745 4910 2949 4977 autem,
2990 4913 3088 4951 nec
3112 4913 3147 4977 _a
3171 4901 3350 4977 _vet_eri
3384 4901 3558 4977 inter-

1995 4964 2177 5054 prete,
2196 4964 2370 5035 inec'a
2400 4973 2656 5054 Dionysio
2679 4970 2916 5054 Exiguo,
2951 4984 3049 5023 nec
3076 4967 3143 5054 ab
3171 4964 3555 5054 lsidoroILIer-

1995 5036 2179 5109 ἔπιοτέ
2221 5052 2477 5119 leguntur
2505 5036 2653 5098 z'sed
2678 5036 2965 5119 Balsamon
2992 5055 3056 5119 ea
3092 5037 3287 5105 legisse
3318 5036 3557 5119 videtur,

1992 5106 2057 5179 eo
2096 5106 2248 5191 quod
2275 5106 2660 5191 “constitutum
2715 5112 2803 5165 hic
2854 5115 3086 5191 asserat,
3113 5122 3259 5191 _cum
3291 5106 3383 5174 qui
3434 5113 3559 5191 post.

2001 5179 2269 5260 receptam
2334 5182 2785 5260 communionem
2798 5179 3169 5260 fon-valescit,
3213 5185 3559 5260 sacramenta

2002 5244 2104 5316 non
2129 5244 2350 5323 assequi
2387 5257 2434 5307 εί
2465 5250 2828 5327 μὴᾼπληρωθῇ
2854 5249 3141 5327 πάντωςρ
3169 5244 3566 5327 νενομισμένης

2000 5333 2189 5401 χρόνος
2222 5317 2316 5381 τοῦ
2340 5317 2642 5401 ἐπιτιμίου.
2663 5317 2745 5373 Ἐι
2777 5317 3021 5401 quidem,
3045 5318 3253 5401 et‘iatnsi
3288 5317 3423 5401 let-(ta
3454 5327 3560 5366 non

2000 5386 2204 5462 essent,
2247 5386 2553 5449 necessario
2589 5399 2765 5445 tamen
2799 5386 3146 5459 intelligenda
3179 5393 3329 5462 sunt.
3365 5386 3563 5438 Sacra-

2003 5456 2352 5524 menta'enim
2386 5474 2508 5515 tunc
2537 5463 2795 5528 temporis
2822 5456 3060 5528 recepta,
3102 5456 3235 5510 nulli
3262 5467 3396 5528 esse
3434 5468 3563 5528 pose

2001 5551 2125 5594 sunt
2175 5533 2565 5605 pmniteutibus
2614 5526 3039 5605 impedimento,
3092 5526 3380 5605 quominus
3442 5527 3565 5605 post

1999 5588 2255 5676 elapsum
2276 5603 2611 5675 paenitentiae
2660 5588 2870 5673 tempus
2901 5600 2968 5655 ad
2999 5588 3564 5654 comnmnionem'ad-

1992 5680 2295 5735 mittantur.
