3992 6480
332 363 443 434 279

1588 354 1867 418 THEOD.
1911 347 2312 412 BALSAMON

3469 332 3583 395 280

399 475 589 536 Omnis
615 474 789 532 ﬁdelis
815 475 871 529 in
896 478 1141 529 extremo
1173 469 1367 542 spiritu
1401 467 1530 524 boni
1564 465 1746 523 viatici
1779 476 1903 535 par-
1930 507 1934 518 .

2080 459 2194 522 Πᾶς
2220 456 2414 517 πιστὸς
2440 454 2550 527 (62)
2584 454 2643 507 ιν
2689 453 2811 518 ταῖς
2864 448 3203 511 τελευταίοις
3282 441 3589 504 ἀναπνοαῖς

331 571 504 641 ticeps
550 567 660 633 ﬁet,
716 565 933 622 sanitati
987 573 1168 619 autem
1211 561 1492 618 restitutus
1537 573 1657 614 cum
1697 556 1764 611 lis
1798 556 1904 610 erit

331 662 424 732 qui
464 660 771 716 orationum
813 665 938 712 sunt
969 655 1280 726 participes,
1318 653 1411 707 sed
1461 650 1767 707 divinorum
1810 661 1901 702 sa-

333 755 733 801 cramentorum
775 752 986 814 partem
1058 756 1163 796 non
1227 740 1469 795 habebit.
1528 737 1634 795 Sed
1686 736 1904 807 expleto

336 846 579 908 tempore
607 850 714 907 quo
744 836 798 891 in
821 832 1160 889 orationibus
1183 831 1481 887 consistere
1505 829 1685 894 debet,
1717 836 1904 898 postea

333 941 388 987 et
425 930 518 986 illa
549 929 719 1001 gratia
750 928 946 999 dignus
980 924 1287 982 habebitur.

916 1105 1151 1163 CANON
1186 1104 1329 1161 XIV.

337 1198 415 1254 De
443 1198 852 1263 eatechumenis.
875 1208 924 1253 et
952 1199 1041 1269 qui
1076 1198 1211 1269 lapsi
1244 1206 1389 1263 sunt,
1410 1196 1579 1251 visum
1606 1204 1681 1251 est
1710 1205 1907 1251 saneta:

405 1302 457 1347 et
496 1296 705 1364 magne
743 1292 966 1362 synodo,
1008 1301 1062 1345 ut
1099 1291 1138 1346 ii
1182 1290 1348 1346 tribus
1386 1289 1541 1344 annis
1567 1297 1770 1344 tantum
1806 1306 1907 1343 au»

408 1386 628 1453 dientes,
663 1393 839 1453 postea
860 1392 1008 1439 orent
1032 1398 1149 1436 cum
1178 1382 1580 1437 catechumenis.

410 1562 606 1618 BALS.
656 1562 791 1618 Eum
837 1564 931 1634 qui
976 1577 1040 1617 ex
1084 1562 1401 1618 inﬁdelitate
1430 1563 1497 1617 ad
1534 1575 1713 1616 veram
1750 1558 1908 1615 ﬁdem

342 1656 592 1720 accessit,
612 1663 666 1709 et
692 1654 938 1709 initiatus
960 1664 1041 1709 est
1069 1672 1085 1709 :
1120 1664 1173 1710 et
1205 1664 1326 1724 post
1357 1652 1719 1708 initiationem
1751 1652 1911 1707 aber-

2007 554 2295 625 γινόμενος
2321 549 2418 606 τοῦ
2468 549 2676 619 ἀγαθοῦ
2707 546 2923 619 ἔφοδίου
2974 542 3347 608 ὲπιτεύξετᾳι.
3394 537 3595 606 ’Υγιάο

2010 665 2110 709 νας
2144 646 2222 711 δὲ,
2251 644 2394 715 μετά
2423 642 2534 697 τῶν
2564 639 2967 696 κοινωνούντων
2993 636 3104 690 τῶν
3132 633 3310 705 εὐχῶν
3373 631 3526 684 ἔσται
3568 642 3593 662 ⁸

2008 741 2071 795 οὐ
2105 738 2292 809 μέντοι
2333 754 2397 805 γε
2432 736 2532 790 καὶ
2558 733 2669 788 τῶν
2696 733 2857 787 θείων
2889 729 3250 800 ἁγιασμάτων
3283 724 3591 796 μετάσχοιο

2010 832 2146 886 ἀλλὰ
2172 829 2468 900 πληρώσας
2494 827 2552 881 ἐν
2583 826 2702 890 ταῖς
2727 825 2919 894 εὐχαῖς
2963 823 3055 876 τὸν
3104 820 3206 890 τῆς
3271 816 3598 878 συστάσεως

2011 924 2224 996 χρόνον,
2261 921 2453 975 ἔκτοτε
2491 920 2585 973 καὶ
2649 918 2749 987 τῆς
2814 916 3037 987 χάριτος
3091 911 3295 981 ταύτης
3349 906 3599 976 ἀξιωθὴ-

2014 1030 2186 1069 σεται.

2655 1099 2894 1154 ΚΑΝΩΝ
2920 1094 3020 1151 ῐΔ’.

2014 1196 2155 1265 Περὶ
2222 1195 2344 1251 τῶν
2406 1191 2872 1263 κατηχουμένων
2957 1190 3057 1243 καὶ
3114 1184 3601 1256 παραπεσόντων

2085 1286 2255 1351 ἔδοξε
2288 1280 2361 1358 τῇ
2382 1284 2519 1354 ἁγίᾳ
2542 1283 2640 1339 καί
2667 1281 2903 1351 μεγάλῃ
2923 1279 3184 1347 συνόδῳ,
3211 1277 3387 1343 ὥστε,
3414 1272 3601 1344 τριῶν

2084 1379 2237 1434 ἐτῶν
2261 1378 2485 1444 αὐτοὺς
2510 1373 2932 1446 ἀκροωμένους
2983 1373 3194 1442 μόνον,
3225 1368 3376 1441 μετὰ
3405 1367 3600 1425 ταῦτα

2084 1469 2371 1540 εὔχεσθαι
2392 1469 2543 1539 μετὰ
2567 1464 2684 1521 τῶν
2721 1464 3211 1533 κατηχουμένων.

2086 1563 2283 1618 ΒΑΛΣ.
2314 1562 2419 1616 Τὸν
2439 1559 2498 1627 ἐξ
2529 1560 2786 1622 ἀπιστίας
2816 1561 2882 1630 τῇ
2939 1557 3133 1627 ἀληθεῖ
3195 1555 3376 1608 πίστει
3426 1568 3597 1623 προσ-

2017 1657 2262 1722 ελθόντα,
2344 1655 2441 1710 καὶ
2465 1652 2875 1725 κατηχηθέντα,
2911 1651 3007 1705 καὶ
3037 1648 3176 1720 μετὰ
3250 1648 3351 1716 τὴν
3420 1646 3603 1716 κατήο

341 1746 507 1811 ravit,
538 1754 594 1801 et
621 1746 856 1815 priorem
886 1746 1332 1816 superstitionem
1370 1745 1613 1815 repetiit,
1643 1759 1747 1800 non
1777 1743 1913 1799 sim-

2063 1765 2183 1819 ησιν
2246 1742 2613 1816 πλανηθέντα,
2678 1742 2777 1797 καὶ
2828 1741 2928 1812 τὴν
3002 1739 3225 1809 πρώτην
3301 1735 3603 1806 θρησκείαν

344 1836 560 1906 pliciter
603 1839 671 1892 ad
717 1837 1236 1893 catechumenorum
1290 1836 1473 1892 locum
1514 1850 1707 1891 rursus
1750 1834 1918 1905 recipi

2063 1818 2357 1909 ητήσαντα,
2382 1834 2456 1907 μὴ
2483 1833 2671 1896 ἁπλῶς
2704 1829 2957 1902 δέχεσθαι
2988 1831 3069 1891 είς
3126 1828 3216 1881 τὸν
3270 1826 3434 1880 τόπον
3490 1823 3603 1877 τῶν

344 1928 661 1984 redeuntem
718 1931 892 1986 sancti
948 1929 1138 1985 Patres
1211 1930 1475 1985 deﬁniunt
1526 1945 1541 1983 :
1614 1927 1710 1983 sed
1768 1927 1923 1998 prius

345 2020 577 2077 triennio
616 2029 768 2076 extra
807 2021 1060 2091 templum
1103 2031 1249 2077 stare
1276 2036 1396 2077 cum
1428 2020 1813 2076 audientibus:
1858 2033 1923 2075 eo

346 2121 524 2167 autem
578 2113 819 2183 impleto,
858 2114 910 2168 in
939 2114 1179 2184 priorem
1214 2121 1417 2170 statum
1461 2121 1519 2172 et
1552 2113 1796 2170 ordinem
1828 2127 1924 2169 ca-

348 2200 797 2257 techumenorum
825 2204 1015 2273 recipi.

424 2462 677 2522 ZONAR.
715 2465 815 2533 Qui
850 2466 919 2521 ob
956 2466 1075 2523 ﬁdei
1101 2464 1492 2536 anipiectandas
1515 2467 1756 2523 studium
1785 2468 1929 2524 inter

351 2557 777 2613 catechumenos
808 2558 983 2622 relati,
1025 2566 1209 2628 postea
1245 2558 1383 2629 lapsi
1421 2557 1660 2623 fuerunt,
1701 2574 1793 2615 eos
1837 2574 1928 2615 or-

338 2646 487 2706 ,dine
532 2656 589 2702 et:
629 2649 862 2704 statione
903 2651 1422 2705 catechumenorum
1458 2651 1753 2706 movendos
1783 2665 1926 2716 esse,

352 2753 419 2793 ac
466 2739 757 2795 triennium
812 2741 954 2796 inter
999 2741 1280 2797 audientes
1332 2743 1569 2813 exigere,
1614 2757 1678 2798 eo
1722 2742 1927 2813 elapso,

356 2832 591 2898 priorem
616 2833 860 2889 ordinem
892 2843 946 2888 et
976 2833 1080 2905 75
1112 2834 1403 2890 stationem
1436 2845 1700 2905 repetere,
1724 2844 1777 2891 et
1803 2851 1928 2891 cum

356 2922 763 2980 eatechumenis
827 2938 1026 2993 orare,
1081 2934 1396 2982 sanctorum
1436 2923 1657 2981 Patrum
1711 2919 1930 2982 decreto

358 3022 576 3067 cautum
612 3025 713 3069 εει.

2026 1930 2481 2002 κατηχουμένων,
2516 1927 2681 1982 πάλιν
2716 1924 3157 1995 ὑποστρέφοντα,
3187 1922 3237 1975 οἱ
3293 1919 3441 1989 ἅγιοι
3489 1919 3604 1971 Παλ

2025 2024 2183 2095 τέρες
2207 2020 2560 2093 διορίζονται,
2592 2017 2728 2072 ἀλλὰ
2758 2017 3033 2088 πρότερον
3064 2013 3159 2067 ἐπὶ
3224 2011 3436 2084 τριετίᾳ
3469 2010 3605 2077 ἔξω·

2028 2118 2120 2172 θεν
2153 2116 2248 2170 τοῦ
2301 2115 2431 2169 ναοῦ
2491 2112 2744 2167 ἵστασθαι
2802 2111 2943 2182 μετὰ
3017 2108 3126 2162 τῶν
3189 2107 3603 2179 ἀκροωμένωνο

2028 2204 2421 2275 πληρωθείσης
2503 2202 2560 2256 δὲ
2636 2201 2863 2268 ταύτης,
2968 2197 3442 2253 ἀποκαθίστασθαι
3525 2197 3608 2260 είς

2026 2298 2127 2368 τὴν
2203 2296 2476 2371 προτέραν
2564 2293 2720 2361 τάξιν
2768 2293 2860 2347 καὶ
2943 2293 3136 2347 στάσιν
3194 2291 3302 2345 τῶν
3344 2306 3609 2361 κατηχου·

2031 2390 2231 2460 μένων.
2432 2378 2443 2400 ⁸

2103 2479 2353 2533 ΖΩΝΔΡ.
2388 2478 2515 2533 Ἐάν
2547 2494 2695 2542 τινες
2728 2475 3121 2549 προσελθόντες
3168 2476 3234 2546 τῇ
3276 2474 3483 2538 πίστει,
3513 2472 3611 2526 καὶ

2030 2570 2314 2640 γενόμενοι
2349 2569 2781 2641 κατηχούμενοι,
2857 2567 3274 2639 παραπέσωσιν,
3344 2563 3611 2619 ύποὸιῆἀο

2032 2656 2221 2723 ζεσθαι
2245 2658 2344 2728 τῆς
2377 2657 2584 2723 τάξεως
2615 2657 2711 2711 καὶ
2738 2657 2837 2727 τῆς
2887 2655 3132 2718 στάσεως
3166 2651 3278 2707 τῶν
3331 2669 3609 2724 κατηχού-

2038 2751 2218 2821 μένων
2262 2749 2580 2821 ὡρίσθησαν
2601 2749 2754 2820 παρὰ
2785 2748 2893 2801 τῶν
2925 2748 3099 2818 ἁγίων
3120 2746 3411 2815 Πατέρων,
3441 2745 3535 2797 καὶ
3553 2745 3614 2798 ὲν

2032 2843 2109 2912 τῷ
2130 2843 2237 2896 τῶν
2260 2843 2632 2911 ἀκροωμένων
2657 2840 2920 2912 ἐπιτιμίῳ
2947 2840 3191 2908 γίνεσθαι
3225 2840 3316 2892 ἐπὶ
3345 2837 3614 2908 τριετίαν,

2039 2929 2159 2987 είτα
2227 2932 2390 2985 πάλιν
2448 2931 2848 3002 ἐπανέρχεσθαι
2872 2928 3009 2999 πρὸς
3041 2930 3141 2999 τὴν
3167 2928 3437 2999 προτέραν
3460 2927 3615 3003 τάξιν

2034 3021 2128 3075 καὶ
2168 3021 2379 3086 στάσιν,
2452 3021 2549 3074 καὶ
2594 3018 2952 3089 συνεύχεσθαι
3006 3019 3119 3081 τοῖς
3152 3016 3609 3087 κατηχουμένοις.

359 3104 589 3160 ARIST.
625 3104 683 3161 Si
729 3107 847 3177 quis
880 3108 1273 3164 eatechumenus
1300 3110 1473 3179 lapsus
1490 3112 1669 3179 fuerit,
1705 3119 1806 3169 tres
1835 3114 1930 3168 iste

2063 3112 2255 3166 ιΡΙΣΤ.
2286 3111 2361 3164 Εἴ
2396 3128 2485 3178 τις
2514 3111 2852 3179 παραπέσοι
2902 3109 3389 3177 κατηχούμενος,
3436 3102 3617 3172 οὗτος

429 3215 595 3254 annos
631 3200 812 3254 audiat
840 3199 992 3271 idque
1035 3202 1226 3267 solum,
1250 3204 1435 3258 deinde
1502 3220 1621 3258 cum
1684 3207 1930 3260 catechu-

432 3291 597 3345 mem’s
643 3302 777 3345 oret.

435 3380 564 3436 Duae
611 3394 737 3437 sunt
797 3384 1008 3454 species
1061 3385 1624 3441 catechumenorum:
1691 3386 1935 3443 nonnulii

366 3474 513 3528 enim
546 3474 704 3530 modo
732 3473 1091 3539 advenerunt,
1123 3476 1210 3531 alii
1241 3487 1533 3533 evaserunt
1560 3479 1935 3549 perfectiores,

370 3563 423 3618 in
462 3563 566 3619 ﬁde
602 3565 933 3621 suﬁicienter
964 3567 1188 3622 initiati.
1238 3568 1534 3625 l’erfectior
1579 3572 1757 3640 itaque
1786 3580 1937 3627 cate-

371 3659 670 3713 chumeuus
697 3657 881 3728 lapsus
912 3667 965 3714 et
987 3674 1215 3726 peccans
1242 3660 1361 3717 sine
1387 3662 1809 3730 reprehensione
1836 3679 1938 3719 non

370 3749 718 3818 relinquitur,
773 3752 984 3806 tametsi
1038 3767 1250 3807 sacrum
1287 3754 1554 3823 baptisma
1611 3756 1679 3810 ad
1725 3771 1940 3812 onmem

374 3845 689 3901 diluendam
736 3851 951 3901 sordem
1000 3846 1277 3902 sulliciens
1299 3849 1386 3915 sit,
1416 3850 1511 3903 sed
1551 3849 1693 3904 inter
1716 3852 1944 3905 audien-

378 3948 460 3993 tes
493 3937 812 4005 collocatur,
843 3948 895 3991 et
926 3947 1045 4006 post
1069 3939 1355 3994 triennium
1392 3956 1514 3996 cum
1540 3942 1946 3999 catechumenis

377 4043 596 4083 rursum
647 4038 923 4097 precatur.
956 4028 1150 4096 Quare
1181 4039 1238 4087 et
1272 4032 1469 4103 synodi
1489 4033 1947 4091 Neocmsarieusis

378 4134 503 4174 can.
537 4120 591 4175 5.

970 4210 1201 4269 CANON
1241 4212 1357 4269 XV.

380 4304 606 4373 Propter
648 4303 872 4359 multum
914 4307 1216 4374 tumultum,
1256 4316 1304 4361 et
1335 4307 1617 4363 seditiones
1644 4322 1760 4377 qute
1793 4307 1949 4376 ﬁunt,

451 4399 661 4453 omnino
690 4399 857 4452 visunt
898 4409 995 4463 est,
1020 4409 1079 4454 ut
1101 4402 1420 4454 consuetudo
1436 4417 1552 4471 quae
1583 4411 1773 4468 praeter
1789 4416 1947 4454 cano-

2101 3201 2304 3270 τρισίν
2357 3200 2670 3269 ἀκροάσθω
2714 3200 2813 3253 καί
2865 3200 3087 3269 μόνον’
3134 3197 3262 3251 εἶτα
3311 3198 3459 3269 μετὰ
3497 3194 3619 3250 τῶν

2106 3293 2568 3364 κατηχουμένων
2607 3292 2900 3361 εὐχέσθω.

2107 3388 2211 3440 Δύο
2260 3386 2374 3455 εῐδη
2439 3384 2549 3438 τῶν
2612 3385 3063 3454 κατηχουμένων.
3110 3384 3173 3439 Οί
3224 3381 3326 3453 μὲν
3358 3382 3468 3451 γὰρ
3493 3380 3619 3451 ἄρτι

2040 3479 2451 3552 προσέρχονται,
2508 3478 2557 3530 οἱ
2592 3476 2646 3529 δὲ
2669 3475 3281 3545 γεγόνασιτε).εὼτεροι,
3316 3475 3401 3543 ἐφ’
3438 3472 3623 3526 ίκανδν

2040 3572 2107 3625 τὰ
2134 3572 2233 3641 τῆς
2271 3572 2506 3632 πίστεως
2537 3570 2859 3641 μυηθέντες.
2900 3570 2958 3623 Ὀ
2992 3570 3123 3638 γοῦν
3156 3563 3486 3639 τελεώτερος
3515 3584 3617 3620 κα-

2041 3664 2400 3733 τηχούμενος,
2424 3662 2758 3734 παραπεσὼν
2789 3662 2883 3715 καὶ
2916 3662 3253 3738 ἁμαρτήσας
3288 3657 3622 3727 ἀνεπιτίμη-

2042 3772 2134 3819 τος
2160 3756 2260 3809 ούκ
2291 3757 2476 3821 ἐᾶται,
2521 3756 2625 3809 κᾶν
2666 3757 2759 3809 καὶ
2789 3755 2850 3808 τὸ
2902 3756 3059 3822 ἅγιον
3108 3754 3395 3823 βάπτισμα
3435 3750 3631 3805 ἱκανόν

2046 3850 2160 3903 ἔστι
2214 3849 2393 3903 πάντα
2436 3849 2605 3921 ῥύπον
2646 3849 2877 3918 ψυχικὸν
2922 3847 3268 3901 ἀποπλῦναι·
3310 3844 3445 3898 ἀλλὰ
3484 3842 3627 3910 μετὰ

2046 3942 2156 3995 τῶν
2208 3939 2575 4012 ἀκροωμένων
2622 3940 3007 4006 συντάττεται,
3062 3939 3159 3993 καὶ
3209 3937 3345 4008 μετά
3387 3935 3629 4007 τριετίαν

2052 4035 2190 4105 μετά
2231 4035 2338 4087 τῶν
2367 4034 2791 4105 κατηχουμένων
2822 4027 2975 4094 αὖθις
3005 4018 3345 4101 συνεύχεται.
3377 4030 3488 4084 Καὶ
3521 4026 3623 4097 ζὴ·

2048 4144 2132 4182 τει
2169 4129 2265 4197 τῆς
2293 4127 2351 4180 ἐν
2376 4125 2779 4196 Νεοκαισαρείᾳ
2814 4124 3032 4178 συνόδου
3060 4121 3261 4178 κανόνα
3283 4120 3345 4176 ε’.

2648 4218 2887 4272 ΚΑΝΩΝ
2928 4216 3025 4271 ιε’.

2054 4313 2158 4369 Διὰ
2206 4312 2314 4365 τὸν
2359 4310 2561 4365 πολὺν
2613 4310 2879 4380 τάραχον
2932 4308 3029 4362 καί
3076 4310 3184 4374 τὰς
3227 4306 3476 4372 στάσεις
3525 4305 3635 4373 τὰς

2124 4404 2444 4475 γινομένας
2517 4402 2692 4465 ἔδοξε
2771 4401 3120 4455 παντάπασι
3194 4398 3638 4468 περιαιρεθῆναι

452 4507 567 4545 nem
596 4492 649 4545 in
680 4492 945 4546 nonnullis
970 4493 1208 4562 partibus
1238 4493 1518 4558 invenitur,
1560 4490 1802 4555 tollatur,
1836 4502 1891 4544 ut
1924 4511 1934 4543 ι

2133 4495 2246 4563 τὴν
2263 4494 2598 4561 συνήθειαν
2642 4493 2757 4561 τὴν
2789 4494 2947 4563 παρὰ
2976 4495 3081 4547 τὸν
3126 4493 3354 4548 κανόνα
3385 4492 3638 4561 supatis?-

452 4584 664 4638 civt’tate
709 4584 762 4636 in
802 4584 1062 4637 ciuitatem
1094 4596 1184 4637 nec
1213 4584 1505 4651 episcopus,
1544 4598 1635 4636 nec
1660 4583 1951 4652 presbyter,

454 4692 545 4729 nec
585 4673 840 4729 diaconus
872 4684 1131 4729 transeat.
1168 4672 1227 4729 Si
1252 4675 1368 4743 quis
1405 4682 1579 4726 autem
1615 4683 1732 4742 post
1755 4682 1955 4727 sancta:

454 4778 504 4821 et
545 4783 750 4838 magna:
797 4769 987 4837 synodi
1018 4767 1373 4836 deﬁnitionem
1419 4764 1523 4819 tale
1561 4766 1832 4834 quidpiam
1864 4782 1958 4834 ag-

456 4875 665 4927 gressus
704 4858 884 4927 fuerit,
927 4859 1004 4913 vel
1041 4874 1095 4913 se
1153 4858 1227 4911 rei
1267 4857 1527 4926 ejusmodi
1564 4855 1783 4919 dederit,
1819 4855 1959 4925 quod

458 4952 655 5021 factum
709 4948 807 5001 erit
878 4949 1089 5001 omnino
1152 4946 1512 5016 inﬁrmabitttr
1547 4984 1561 5010 ,
1620 4955 1668 5000 et
1730 4945 1960 5000 ecclesia:

458 5041 765 5094 restituetur
818 5040 905 5095 cui
946 5041 1216 5110 episcopus
1255 5044 1331 5095 vel
1370 5039 1638 5110 presbyter
1689 5039 1964 5093 ordinatus

461 5129 639 5199 fuerit.

2130 4603 2251 4641 σαν
2296 4586 2366 4639 ἕν
2422 4602 2545 4640 τισι
2592 4586 2864 4655 μέρεσιν,
2915 4585 3073 4640 ὥστε
3114 4584 3229 4639 ἀπὸ
3280 4586 3514 4649 πόλεως
3546 4585 3639 4649 είς

2132 4681 2314 4732 πόλιν
2366 4678 2450 4748 μὴ
2475 4678 2858 4747 μεταϐαίνειν
2896 4678 3049 4747 μήτε
3100 4678 3459 4742 ἐπίσκοπον,
3480 4677 3639 4747 μήτε

2134 4769 2562 4838 πρεσϐύτερον.
2600 4768 2753 4837 μήτε
2793 4768 3101 4822 διάκονον.
3164 4770 3231 4821 El
3262 4766 3450 4832 δέ’τις
3486 4766 3641 4835 μετὰ

2131 4862 2239 4915 τὸν
2267 4861 2379 4931 τῆς
2422 4861 2596 4928 ἁγίας
2626 4860 2723 4914 καὶ
2771 4858 3034 4929 μεγάλης
3067 4859 3333 4913 συνόδου
3360 4859 3501 4926 ὅρον
3524 4876 3640 4912 tos-

2140 4952 2294 5019 οὐτφ
2352 4952 2465 5004 τινί
2511 4948 2987 5019 ἐπιχειρήσειεν,
3047 4948 3085 5016 ἢ
3138 4949 3371 5014 ἐπιδοίη
3420 4948 3641 5002 ἑαυτὸν

2130 5041 2425 5111 πράγματι
2450 5042 2717 5105 τοιούτῳ,
2747 5038 3192 5109 ἁκυρωθήσεται
3208 5038 3543 5105 ἑξάπαντος
3567 5039 3633 5093 τὸ

2138 5136 2632 5204 κατασκεύασμα,
2704 5134 2802 5187 καὶ
2863 5132 3503 5197 ἀποκατασταθήσεται
3563 5129 3640 5201 τῇ

2144 5229 2460 5295 ἐκκλησίᾳ,
2490 5228 2560 5280 ἐν
2586 5220 2625 5298 ᾗ
2649 5228 2681 5282 ό
2710 5226 3043 5291 ἐπίσκοπος
3078 5224 3115 5293 ἣ
3166 5226 3199 5279 ό
3230 5224 3638 5293 πρεσϐύτερος.
3706 5253 3711 5261 υ

2137 5318 2587 5389 ἐχειροτονήθη.

1626 5409 1818 5473 Guill.
1856 5411 2178 5492 Beveregii
2216 5422 2406 5475 notae.

489 5517 580 5589 62‘,
616 5515 740 5589 Πᾶς
767 5516 1007 5581 πιστός.
1044 5512 1144 5589 llic
1170 5522 1407 5589 erratum
1443 5513 1495 5566 in
1530 5513 1770 5589 Aristeni
1801 5512 1967 5589 scho-

398 5593 468 5646 lia
506 5582 794 5657 irrepsisse
831 5601 989 5640 nemo
1040 5584 1298 5657 ambigat.
1336 5582 1519 5639 Canon
1553 5584 1719 5657 enim,
1743 5597 1861 5657 Anon
1896 5586 1963 5657 de

401 5653 674 5721 ﬁdelibus,
703 5658 796 5713 sed
827 5664 1034 5709 tantum
1064 5657 1130 5709 de
1168 5655 1353 5721 lapsis,
1388 5664 1443 5708 et
1474 5654 1845 5723 paenitentiam
1903 5653 1957 5707 in

400 5731 545 5783 exitu
597 5728 721 5783 vitae
771 5728 1054 5797 agentibus
1113 5725 1371 5797 loquitur.
1419 5725 1482 5797 Et
1544 5732 1802 5797 praeterea
1850 5724 1959 5787 πᾶς

405 5804 611 5865 πιστὸς,
648 5793 831 5855 omnes
847 5796 1027 5869 ﬁdeles
1064 5793 1228 5854 etiam
1259 5796 1477 5853 sanitati
1506 5793 1739 5853 restituti
1771 5807 1957 5850 sacra-

2079 5530 2385 5571 mentorum
2440 5516 2735 5583 participes
2772 5521 2970 5579 erunt;
3010 5522 3197 5568 contra
3231 5527 3295 5567 ac
3325 5510 3414 5565 hic
3444 5508 3645 5583 asseri-

2078 5594 2203 5641 tur:
2244 5588 2384 5654 quod
2418 5579 2599 5649 itaque
2620 5579 2795 5640 codici
2829 5600 2927 5638 ms.
2963 5599 3071 5652 quo
3105 5583 3185 5638 usi
3222 5595 3436 5654 sumus,
3458 5579 3643 5654 potius

2071 5671 2231 5724 quam
2264 5647 2380 5725 'ipsi
2413 5647 2666 5709 Arisleno
2709 5647 3111 5708 attribueu'dum
3138 5663 3241 5709 est.
3289 5650 3471 5718 Neque
3490 5647 3640 5705 cuius

2070 5727 2181 5784 haec
2209 5740 2316 5783 tam
2351 5727 2513 5784 obvia
2535 5726 2851 5781 AriStenum
2886 5726 3051 5781 latere
3082 5728 3395 5796 potuerunt.
