3992 6480
256 312 341 378 281
1274 318 1363 378 IN
1398 317 1567 381 CAN.
1635 318 1739 380 XV
1771 317 1818 378 C‘

1920 320 1981 379 C.
2022 319 2294 386 NICEN.
2341 325 2388 386 Ι.

312 428 504 484 ΒΔΛΣ.
565 430 621 484 '0
650 427 753 501 μὲν
793 432 1150 498 ἀποστολικδς
1208 439 1275 489 ιε’
1330 436 1547 497 κανὼν,
1599 433 1808 504 Μηκέτι
1839 440 1882 494 Α

252 523 637 593 λειτουργείτω,
668 526 860 596 φησὶν,
885 526 912 578 ὁ
935 524 1195 595 κληρικδς
1216 528 1244 581 ὁ
1271 527 1424 597 παρά
1459 525 1684 596 γνώμην
1714 525 1806 579 τοῦ

252 615 436 669 οίκείου
460 616 763 669 ἐπισκόπου
796 619 902 671 ἀπὸ
930 618 1138 684 πόλεως
1166 621 1243 682 εἰς
1279 620 1433 672 πόλιν
1476 617 1810 689 μεθιστάμε-

264 721 361 769 νος·
410 708 439 758 ό
481 707 540 760 δὲ
592 708 785 776 παρὼν
814 710 992 763 κανὼν
1018 711 1084 764 τὰ
1130 710 1269 764 αὐτά
1303 711 1398 765 καὶ
1430 712 1558 781 περὶ
1592 708 1811 763 ἐπισκό-

252 810 357 844 πων
385 793 757 863 διοριζόμενος
791 797 993 852 ἄκυοον
1024 795 1162 852 εἷναί
1187 817 1317 871 φησι
1347 801 1405 854 τὸ
1434 802 1583 872 παρὰ
1624 800 1797 855 ταῦτα

253 887 370 947 ίσως
391 902 527 956 γενη
536 888 783 958 σόμενον.

754 980 957 1049 Ἑτέρα
991 978 1292 1050 ἑρμηνεία.

315 1067 415 1120 Τοῦ
438 1065 501 1121 ιδ’
552 1071 909 1126 ἀποστολικοῦ
963 1076 1183 1140 κανόνος
1215 1077 1312 1147 τὴν
1363 1076 1460 1147 μὲν
1503 1077 1611 1131 ἀπὸ
1667 1094 1808 1151 παρ-

253 1158 415 1219 οικίας
439 1162 520 1223 είς
552 1164 847 1230 παροικίαν
887 1165 1143 1219 ἐπίϐασιν
1175 1165 1294 1238 ⁴ἤτοι
1344 1170 1676 1241 ἐπιπήδησιν
1702 1173 1810 1226 τῶν

253 1251 551 1306 ἐπισκόπων
574 1255 901 1322 κωλύοντος,
926 1259 1022 1329 τὴν
1039 1258 1095 1313 δὲ
1118 1260 1404 1329 μετάθεσιν
1425 1264 1811 1333 ἐπιτρέποντος

253 1344 329 1396 6ιᾶ
359 1345 599 1416 μεγάλην
630 1348 725 1400 καὶ
748 1348 970 1417 εῠλογον
1010 1350 1190 1404 αἰτίαν
1217 1367 1232 1382 ο
1283 1353 1375 1405 καὶ
1419 1352 1516 1406 τοῦ
1572 1353 1647 1419 ις’
1705 1373 1808 1409 κα-

255 1436 389 1498 νόνος
428 1437 531 1507 τῆς
582 1441 643 1493 ἐν
702 1441 1003 1512 Ἀντιοχείᾳ
1058 1444 1273 1498 συνόδου
1304 1445 1676 1516 διοριζομένου
1720 1448 1810 1501 τὸν

256 1526 575 1594 σχοὶάξοντα
618 1530 711 1582 ἐπὶ
735 1532 1108 1602 σχολάζουσαν
1144 1537 1497 1602 μεταϐαίνειν
1526 1538 1663 1608 μετά
1691 1539 1810 1592 δια-

256 1616 486 1683 γνιὶλσεως
514 1620 612 1672 καὶ
632 1622 1032 1692 παρακλήσεως
1061 1625 1275 1690 τελείας
1306 1626 1567 1695 συνόδου·
1631 1626 1812 1681 ὡσαύ-

254 1727 345 1772 τως
371 1711 464 1763 καὶ
492 1712 592 1766 τοῦ
626 1712 674 1767 α’
714 1717 807 1769 καὶ
830 1716 1082 1787 δευτέρου
1113 1719 1336 1781 κανόνος
1364 1719 1465 1787 τῆς
1492 1722 1549 1773 ἐν
1575 1720 1807 1792 Σαρδικῇ

256 1805 451 1858 συνόδου
507 1809 768 1876 μεγάλως
818 1777 1157 1874 κολαζόντων
1200 1814 1290 1864 τὸν
1313 1777 1431 1867 διὰ.
1445 1777 1673 1883 μεθόδου
1713 1777 1810 1867 καῖ
1846 1778 1887 1838 Β

256 1895 552 1965 οἰκονομίας
582 1897 793 1969 φαύλης
827 1900 926 1969 τὴν
966 1902 1240 1971 λαχοῦσαν
1272 1903 1434 1957 αὑτὸν
1458 1904 1813 1976 καταλιμπά-

256 2002 413 2051 νοντα,
447 1988 552 2041 καὶ
585 1989 811 2059 μείζονα
852 1992 1149 2061 ἐκκλησίαν
1185 1995 1520 2064 ἁρπάζοντα,
1573 1998 1669 2049 καὶ
1717 1996 1809 2050 τοῦ

258 2077 498 2145 παρόντος
554 2086 615 2131 ιε’
655 2082 883 2145 κανόνος
953 2083 1051 2153 τῆς
1106 2082 1155 2138 α’
1228 2086 1448 2140 συνόδου
1494 2088 1813 2143 παντάπασι

263 2169 343 2236 ph
373 2169 676 2236 κωλύοντος
704 2172 801 2244 τὴν
850 2174 957 2228 ἀπὸ
990 2175 1197 2240 πόλεως
1221 2179 1300 2240 είς
1327 2179 1484 2233 πόλιν
1513 2181 1813 2250 μετάϐασιν

258 2256 348 2307 τῶν
362 2260 695 2327 ἐπισκόπων,
718 2260 827 2316 τῶν
847 2265 1255 2333 πρεσϐυτέρων,
1274 2270 1368 2322 καὶ
1389 2268 1496 2322 τῶν
1519 2270 1804 2340 διακόνων,

262 2347 323 2417 μὴ
372 2350 693 2415 κολάζοντος
734 2353 791 2406 δέ
824 2354 1047 2425 ταύτην,
1098 2356 1232 2410 ἀλλὰ
1260 2359 1631 2430 διοριζομένου
1678 2362 1815 2415 ἀκυ-

262 2440 464 2507 ροῦσθαι
505 2442 573 2495 τὸ
620 2446 1077 2516 κατασκεύασμα,
1104 2449 1198 2503 καὶ
1223 2452 1699 2511 ἀποκαθίστασθαι
1742 2460 1811 2529 τῇ

263 2533 480 2604 προτέρα
511 2536 783 2609 ἐκκλησίᾳ
804 2539 896 2593 τὸν
925 2541 1248 2607 ἐπίσκοπον,
1306 2544 1339 2615 ἢ
1387 2545 1479 2599 τὸν
1506 2548 1815 2616 πρεσϐύτε-

264 2639 360 2691 ρον,
387 2624 533 2694 ἢτὸν
561 2627 809 2683 διάκονον
832 2632 909 2692 είς
936 2632 1002 2703 ἣν
1032 2634 1541 2707 ἐχειροτονήθησαν,
1563 2640 1710 2695 εἴποι
1731 2659 1813 2707 τις

260 2715 617 2773 ἐναντιοῦσθαι
643 2722 768 2784 τοὺς
788 2722 1020 2787 κανόνας
1050 2726 1318 2797 ἀλλήλοις,
1351 2709 1489 2784 ἄλλα
1538 2732 1634 2785 καὶ
1677 2732 1815 2787 ἄλλα

262 2805 729 2877 θεσμοθετῶντας.
773 2813 913 2869 Ἀλλ’
939 2818 1037 2871 οὐκ
1072 2820 1191 2872 ἐστι
1220 2822 1398 2875 τοῦτο.
1431 2824 1674 2894 Διαφορὰ
1706 2826 1816 2896 γάρ

267 2901 394 2956 ἐστιν
418 2903 673 2972 ἀλλήλοις
694 2909 1057 2977 μεταθέσεως,
1094 2914 1466 2983 μεταϐάσεως,
1505 2918 1599 2970 καὶ
1628 2918 1819 2972 ἐπιϐα-

262 2991 384 3054 σὶας.
433 2995 744 3059 Μετάθεσις
800 3000 908 3070 γάρ
961 3004 1110 3056 ἐστιν
1165 3007 1197 3074 ἡ
1244 3006 1351 3057 ἀπὸ
1405 3009 1699 3077 παροικίας
1736 3010 1816 3074 είς

3381 321 3491 386 292

1988 436 2179 493 BALS.
2217 440 2558 509 Apostolicns
2585 440 2801 511 quidem
2850 437 3096 494 decimus
3139 436 3361 506 quintus
3395 451 3490 490 ca—

1910 544 2039 593 non,
2095 528 2173 583 Ne
2218 530 2447 598 amplius
2481 530 2782 597 ministret,
2824 529 3035 596 inquit,
3110 525 3343 582 clericus
3397 525 3490 592 qui

1909 628 2106 689 pra:ter
2154 621 2357 689 proprii
2399 621 2636 690 episcopi
2684 623 3048 685 sententiam,
3092 635 3119 673 a
3161 618 3382 672 civitate
3435 616 3487 669 in

1909 711 2188 766 civitatem
2246 712 2466 767 transit.
2530 710 2777 767 Praesens
2823 723 3001 765 autem
3056 725 3231 765 canon
3299 707 3488 761 cadent

1908 800 2071 853 etiam
2130 800 2197 854 de
2240 800 2515 870 episcopis
2538 799 2823 863 deﬁniens,
2873 798 3088 851 irritum
3130 809 3251 850 esse
3301 792 3489 847 Statuit

1910 893 2049 963 quod
2081 901 2278 964 praater
2306 895 2418 947 haec
2454 891 2685 946 fortasse
2713 892 2913 947 factum
2956 890 3138 943 fuerit.

2446 1004 2629 1059 Altera
2666 1003 2944 1068 expositio.

1981 1097 2114 1153 Cum
2162 1094 2229 1152 id
2272 1112 2446 1152 canon
2478 1095 2802 1167 apostolicus
2834 1108 2862 1145 a
2900 1090 3157 1161 parochia
3215 1088 3268 1141 in
3326 1101 3488 1154 paro-

1912 1191 2090 1246 chiam
2147 1190 2489 1244 invasionem
2551 1203 2643 1243 seu
2706 1184 3064 1254 irruptiouem
3133 1180 3414 1250 prohibeat
3471 1194 3487 1232 :

1914 1282 2327 1338 translationem
2359 1290 2537 1335 autem
2568 1287 2788 1349 propter
2824 1290 3074 1345 magnam
3122 1283 3174 1327 ct
3204 1273 3485 1325 honestam

1913 1389 2132 1428 causam
2168 1373 2469 1443 permittat,
2500 1382 2551 1426 et
2583 1369 2647 1424 16
2679 1383 2847 1423 canon
2884 1363 3139 1420 Antioch.
3183 1361 3368 1432 synodi
3397 1360 3491 1413 dc-

1912 1474 2211 1532 cernat,ut
2239 1464 2329 1533 qui
2377 1471 2528 1518 vacat
2580 1463 2630 1517 in
2684 1467 2961 1514 vacantem
2991 1455 3272 1512 ecclesiam
3309 1461 3489 1504 trans-

1913 1567 2020 1621 eat,
2092 1573 2213 1613 cum
2271 1553 2650 1621 dijudicatioue
2700 1562 2754 1606 et
2794 1548 3195 1604 examinatione
3235 1543 3490 1616 perfecta:

1911 1644 2107 1718 synodi
2138 1665 2155 1700 :
2182 1643 2430 1699 similiter
2448 1644 2652 1711 primus
2678 1649 2731 1696 et
2757 1640 3027 1695 secundus
3074 1652 3246 1691 canon
3275 1633 3486 1689 Sardir.

1914 1740 2105 1811 synod.
2140 1754 2264 1792 eum
2298 1737 2449 1791 valde
2475 1730 2664 1804 puniat
2688 1734 2778 1802 qui
2806 1732 3045 1799 improba
3069 1729 3152 1782 via
3173 1743 3231 1782 ac
3254 1726 3487 1788 ratione,

1913 1847 2031 1885 eam
2059 1844 2179 1900 qum
2219 1830 2391 1899 ipsum
2426 1828 2614 1881 sortita
2656 1832 2773 1891 est,
2812 1823 3100 1891 relinquit,
3137 1830 3190 1875 et
3230 1817 3488 1887 majorem

1911 1921 2193 1979 ecclesiam
2233 1928 2462 1988 occupat
2518 1927 2571 1971 et
2635 1917 2830 1987 arripit
2869 1933 2882 1968 :
2928 1924 2981 1967 et
3032 1910 3363 1983 prmsenlei
3394 1924 3490 1964 ca-

1913 2024 2018 2062 non
2059 2008 2243 2078 primae
2282 2007 2471 2079 synodi
2525 2006 2810 2059 transitum
2840 2004 3237 2073 episcoporum,
3267 2000 3491 2070 presby-

1914 2110 2157 2155 terorum
2223 2106 2279 2153 et
2340 2096 2688 2152 diaconorum
2745 2110 2774 2148 a
2827 2095 3045 2149 civitate
3105 2095 3157 2146 in
3212 2091 3489 2146 civitatem

1912 2192 2133 2245 omnino
2184 2189 2504 2260 prohibeat,
2560 2202 2680 2242 cum
2734 2196 2910 2240 autem
2965 2198 3067 2237 non
3121 2183 3346 2252 puniat,
3393 2180 3489 2236 sed

1917 2284 2128 2338 irritum
2174 2297 2297 2337 esse
2340 2283 2596 2337 decernat
2649 2280 2700 2334 id
2738 2278 2877 2348 quod
2940 2276 3137 2332 factum
3195 2275 3379 2341 fuerit,
3433 2282 3490 2328 et

1911 2375 2079 2445 priori
2129 2373 2375 2430 ecclesia:
2407 2372 2618 2428 restitui
2657 2374 2969 2442 episcopum
3001 2378 3052 2422 et
3084 2367 3488 2439 presbyterum,

1911 2467 1996 2522 vel
2040 2466 2351 2531 diaconum,
2409 2464 2460 2518 in
2489 2477 2649 2533 quam
2677 2461 2907 2515 ordinati
2931 2470 3105 2526 erant,
3131 2457 3494 2527 dixeritquis-

1918 2561 2060 2629 piam
2118 2561 2356 2614 canones
2401 2556 2503 2611 sibi
2548 2555 2779 2609 invicem
2810 2567 3132 2625 repugnare,
3169 2551 3355 2606 utalia
3401 2560 3493 2604 ειη

1914 2666 2021 2723 que
2050 2649 2155 2704 alia
2189 2648 2517 2704 sancientes.
2544 2647 2611 2700 At
2649 2662 2754 2701 non
2785 2646 2858 2700 ita
2890 2654 2995 2700 est.
3034 2642 3167 2698 Nam
3213 2652 3300 2699 est
3336 2641 3494 2697 diffe-

1914 2744 2091 2800 rentia
2120 2743 2261 2797 inter
2287 2739 2697 2795 translationem
2723 2779 2735 2801 ,
2776 2738 3149 2793 transitionem
3180 2745 3234 2791 et
3258 2733 3494 2790 invasio-

1914 2848 2058 2887 nem.
2090 2829 2400 2885 Translatio
2440 2830 2583 2885 enim
2612 2837 2715 2891 est,
2751 2845 2872 2900 quae
2899 2830 2955 2882 tit
2977 2844 3003 2881 a
3029 2827 3281 2898 parochia
3321 2827 3373 2880 in
3399 2841 3495 2896 pa-

1914 2924 2156 2979 rochiam
2190 2923 2727 2993 traductiozquando
2758 2920 2989 2975 fortasse
3022 2921 3310 2988 episcOpus
3345 2918 3492 2972 varia

1914 3033 1976 3072 ac
2021 3015 2296 3083 multiplici
2350 3014 2570 3069 scientia
2635 3014 2936 3067 instructus
3001 3012 3068 3066 ab
3109 3011 3490 3081 episcoporum

263 3088 538 3155 mpctxiav
561 3092 861 3159 μετένεξις,
904 3096 1033 3148 ὅταν
1056 3098 1215 3166 τυχὸν
1242 3098 1539 3163 ἐπίσκοπος
1580 3102 1811 3172 παντοίᾳ

1920 3106 2263 3162 multitudine
2284 3145 2299 3171 ,
2335 3105 2387 3159 in
2422 3103 2592 3173 majus
2624 3103 2863 3158 ecclesiae
2904 3102 3077 3157 viduae
3115 3103 3179 3157 de
3210 3116 3338 3155 vera
3370 3099 3497 3156 reli-

262 3178 402 3248 σοσίᾳ
440 3184 861 3251 κεκοσμημένος
891 3187 1204 3258 μετακληθῇ
1242 3190 1394 3260 παρὰ
1426 3190 1663 3260 πλήθους
1692 3195 1813 3246 ἐπι-

265 3268 458 3322 σκόπων
488 3274 571 3335 είς
607 3274 833 3342 μείζονα
863 3276 1158 3346 ἐκκλησίας
1196 3280 1537 3351 χηρευούσης
1566 3281 1816 3352 βοήθειαν

264 3359 661 3433 κινδυνευούσης
696 3367 822 3435 περὶ
865 3367 964 3437 τὴν
993 3370 1295 3424 εὐσέϐειαν.
1340 3369 1466 3426 Οἴόν
1507 3391 1562 3427 τι
1594 3374 1816 3443 γέγονεν

264 3454 330 3512 εἰς
387 3455 473 3508 τὸν
534 3459 707 3526 μέγαν
754 3461 1053 3533 Γρηγόριον
1097 3466 1187 3520 τὸν
1230 3467 1508 3536 Θεολόγον,
1557 3470 1665 3523 ἀπὸ
1708 3470 1819 3526 τῶν

264 3542 497 3615 Σασίμων
525 3549 605 3611 είς
634 3552 1208 3610 Κωνσταντινούπολιν
1252 3559 1633 3626 μετατεθέντα.
1700 3561 1814 3614 Καὶ

265 3629 391 3686 ἐστιν
438 3635 579 3705 αὕτη
627 3640 1019 3710 συγχωρητέα,
1072 3642 1253 3704 καθὼς
1319 3645 1653 3715 παρίσταται
1709 3646 1818 3699 ἀπὸ

262 3722 345 3775 τοῦ
414 3724 474 3778 ιδ’
530 3728 756 3794 κανόνος
806 3731 915 3785 τῶν
951 3730 1126 3801 ἁγίων
1175 3736 1510 3792 ἀποστόλων.
1564 3737 1820 3792 Μετάϐα-

264 3818 338 3880 σίς
386 3822 556 3888 ἐστιν,
610 3825 741 3879 ὅταν
791 3844 877 3891 τις
930 3827 1228 3898 σχολάζων,
1270 3833 1509 3903 δηλονότι
1554 3832 1629 3903 μὴ
1679 3833 1819 3903 ἔχων

266 3916 561 3984 παροικὶαν,
593 3917 670 3976 ὡς
715 3919 820 3972 ὑπὸ
862 3919 1030 3975 ἐθνῶν
1056 3924 1456 3995 κατεχομένην,
1500 3926 1817 3997 ἀναγκασθῇ

265 4005 401 4072 παρὰ
441 4008 758 4063 ἐπισκόπων
803 4012 1018 4067 πολλῶν
1075 4015 1155 4078 είς
1188 4015 1553 4085 σχολάζουσαν
1607 4018 1820 4081 ἐκκλη-

267 4095 374 4149 σίαν
418 4102 721 4171 μεταϐῆναι
759 4105 846 4158 διὰ
874 4108 934 4159 τὸ
970 4109 1100 4179 περὶ
1141 4108 1241 4178 τὴν
1288 4108 1599 4178 όρθοδοξίαν
1630 4111 1727 4163 καὶ
1750 4110 1820 4163 τὰ

266 4183 412 4240 λοιπά
440 4190 872 4261 ἐκκλησιαστικά
900 4197 1319 4267 χρησιμώτατον
1344 4199 1530 4253 αὐτοῦ.
1567 4199 1676 4254 Καὶ
1704 4200 1818 4254 ἐστι

268 4280 351 4330 καὶ
375 4279 509 4351 αὕτη
538 4282 731 4337 δεκτέα
760 4287 911 4357 παρὰ
935 4291 1046 4352 τοῖς
1070 4289 1236 4354 θείοις
1268 4292 1454 4345 κανόσι
1481 4291 1587 4345 τῶν
1608 4294 1666 4346 ἐν
1698 4292 1820 4347 Ἀν-

270 4372 461 4442 τιοχεία
505 4376 868 4432 συνελθόντων
890 4380 1062 4448 ἁγίων
1106 4383 1386 4454 Πατέρων.
1425 4384 1709 4447 Ἑπίϐασις
1764 4385 1821 4439 δέ

1916 3201 2075 3268 gione
2115 3199 2169 3252 in
2218 3196 2518 3265 periculum
2568 3196 2849 3260 adductm,
2883 3194 3143 3249 auxilium
3190 3193 3493 3249 accersitus

1918 3288 2101 3343 fuerit.
2135 3287 2285 3354 Quod
2334 3301 2530 3356 magno
2578 3284 2842 3353 Gregorio
2889 3285 3160 3352 Thcologo
3193 3298 3288 3338 usu
3324 3280 3493 3348 venit,

1917 3378 2007 3449 qui
2042 3395 2071 3432 a
2106 3377 2334 3433 Sasimis
2374 3377 2885 3447 Constantinopolin
2939 3376 3233 3431 translatus
3259 3382 3342 3429 est
3373 3391 3386 3428 :
3439 3383 3497 3429 et

1917 3486 1979 3526 ea
2032 3480 2115 3526 est
2177 3469 2560 3540 permittenda,
2617 3468 3051 3539 quandoquidem
3102 3482 3132 3520 a
3182 3473 3495 3519 sanctorum

1919 3560 2283 3631 apostolorum
2336 3560 2402 3614 14
2438 3574 2647 3615 canone
2696 3559 2995 3614 inducitur.
3059 3557 3335 3611 Transitio
3389 3566 3495 3622 est,

1920 3651 2134 3721 quando
2184 3666 2385 3707 vacans
2449 3652 2701 3707 videlicet
2750 3652 3055 3720 quispiam,
3126 3665 3231 3703 non
3293 3647 3498 3703 habens

1918 3746 2234 3815 parochiam
2289 3760 2409 3815 qua:
2460 3762 2489 3799 a
2540 3744 2831 3812 gentilibus
2878 3741 3175 3808 detinetur,
3230 3756 3259 3795 a
3314 3739 3499 3794 multis

1919 3838 2186 3907 episcopis
2243 3839 2296 3892 in
2340 3846 2619 3892 vacantem
2671 3835 2957 3892 ecclesiam
2992 3833 3226 3888 transire
3274 3840 3499 3886 coactus

1921 3928 2083 3982 fuerit
2128 3938 2349 3999 propter
2381 3929 2498 4000 ejus
2529 3930 2579 3983 in
2621 3936 2765 3985 recta
2818 3930 2883 3983 de
2928 3926 3035 3983 ﬁde
3077 3926 3400 3981 sententiam
3432 3933 3500 3979 ιρι

1922 4019 2145 4088 reliquis
2192 4019 2578 4074 ecclesiasticis
2618 4019 2907 4073 utilitatem
2955 4036 2969 4072 :
3020 4026 3075 4072 et
3105 4026 3189 4071 est
3219 4017 3332 4072 hac
3359 4026 3499 4083 qua-

1921 4124 2025 4178 que
2054 4109 2455 4179 suscipiendaa
2487 4110 2681 4165 divinis
2714 4110 3012 4165 canonibus
3041 4114 3360 4163 sanctorum
3394 4103 3500 4158 Pa-

1923 4205 2061 4250 trum
2099 4196 2189 4265 qui
2220 4196 2274 4250 in
2311 4197 2595 4250 Antiochia
2627 4206 3015 4251 convenerunt.
3055 4192 3269 4250 lnvasio
3318 4201 3498 4247 autem

1923 4296 2007 4341 est
2052 4287 2245 4352 libera,
2284 4288 2370 4341 vel
2402 4288 2563 4341 etiam
2606 4301 2728 4341 cum
2771 4285 2931 4340 matis
2974 4284 3185 4339 artibus
3229 4283 3501 4351 improbo-

1923 4392 2028 4447 que
2068 4376 2293 4432 consilio
2324 4417 2341 4441 ,
2400 4377 2518 4446 ejus
2555 4377 2646 4447 qui
2704 4385 2854 4430 vacat
2886 4416 2901 4443 ,
2947 4374 3030 4429 vel
3071 4374 3159 4442 qui
3203 4373 3364 4427 etiam
3403 4371 3501 4426 ha-

271 4462 449 4534 ἐστινὴ
476 4466 771 4539 αὐτόνομος
802 4471 950 4542 ἢκαὶ
982 4474 1121 4544 μετά
1153 4476 1462 4546 οἰκονομίας
1499 4477 1706 4548 φαύλης
1727 4478 1818 4532 τοῦ

1932 4470 2022 4524 bet
2088 4469 2373 4525 ecclesiam
2440 4468 2721 4539 episcopi,
2791 4467 2857 4521 ad
2928 4467 3142 4521 viduam
3211 4462 3498 4518 ecclesiam

275 4555 637 4624 σχολάζοντος,
699 4562 732 4633 ἢ
786 4564 884 4617 καὶ
935 4566 1029 4619 τοῦ
1083 4566 1301 4636 ἔχοντος
1356 4569 1654 4639 ἐκκλησίαν
1705 4572 1826 4623 ἐπι-

274 4646 480 4713 σκόπου,
508 4653 643 4722 πρὸς
671 4654 1005 4724 χηρεύουσαν
1029 4658 1326 4728 ἐκκλησίαν
1356 4661 1666 4732 παράλογος
1695 4679 1828 4732 μετ-

274 4737 469 4804 ένεξις·
524 4744 591 4811 ἢν
633 4745 885 4801 τοσοῦτον
954 4750 1004 4801 oi
1062 4750 1121 4805 ἐν
1187 4750 1423 4822 Σαρδικῇ
1481 4751 1826 4816 συνελθόντες

275 4827 405 4895 ᾶγιοι
453 4834 691 4905 Πατέρες
741 4838 1112 4905 ἐϐδελύξαντο,
1156 4841 1297 4895 ὥστε
1332 4842 1429 4894 καὶ
1458 4841 1825 4911 ἀκοινώνητον

275 4914 410 4974 εἶναι
442 4928 603 4979 παντὶ
655 4930 967 5000 Χριστιανῷ
1015 4933 1107 4986 τὸν
1148 4933 1390 5003 ἐργάτην
1437 4935 1639 5002 ταύτης
1694 4934 1825 4987 διω-

278 5012 511 5082 ρίσαντο,
566 5022 661 5073 καὶ
711 5021 845 5092 μηδὲ
893 5025 952 5076 ἐν
991 5028 1111 5088 ταῖς
1148 5026 1484 5088 τελευταίαις
1525 5027 1825 5089 ἀναπνοαῖς

276 5102 453 5176 λαῑκῆς
499 5110 782 5175 κοινωνίας
809 5112 1092 5178 ἀξιοῦσθαι
1123 5116 1301 5169 αὐτόν.
1347 5115 1405 5169 Ὀ
1427 5115 1485 5169 δὲ
1524 5117 1585 5168 ιε’
1639 5116 1824 5170 κανὼν

275 5194 362 5261 τῆς
387 5206 430 5249 α’
480 5202 721 5267 συνόδου,
764 5205 891 5272 περὶ
951 5206 1178 5275 μηδενὸς
1202 5206 1446 5261 τοιούτου
1479 5208 1670 5276 μνείαν
1705 5225 1826 5263 ποι-

274 5284 506 5353 οὐμενος,
569 5291 681 5344 οὐδ’
705 5293 1052 5347 ἐναντιοῦταί
1079 5312 1188 5349 τινι
1216 5296 1326 5348 ⁸ἑῶν
1350 5297 1613 5366 ἀνωτέρω
1650 5314 1824 5351 κατα-

280 5380 607 5444 στρωθέντων
654 5384 917 5439 κανόνων.
970 5385 1107 5441 Οὔτε
1142 5388 1250 5459 γὰρ
1277 5389 1406 5458 περῒ⁵
1455 5389 1820 5459 μεταθέσεως.

279 5466 390 5521 οὔτε
450 5475 575 5545 περὶ
643 5476 1017 5544 μεταϐάσεως,
1070 5478 1194 5533 οὔτε
1237 5479 1365 5550 περὶ
1408 5479 1702 5542 ἐπιϐασίας
1745 5479 1819 5533 δι·

279 5555 470 5615 δᾶισκει·
521 5564 656 5618 ἀλλά
686 5565 885 5619 κωλύει
932 5567 992 5621 τὸ
1024 5568 1385 5637 μεταπίπτειν
1427 5567 1750 5634 ἐπίσκοπον,
1788 5566 1821 5640 ἢ

284 5652 650 5723 πρεσϐύτερον,
691 5657 723 5725 ἢ
765 5657 1009 5712 διάκονον
1038 5658 1146 5713 ἀπὺ
1176 5659 1382 5719 πόλεως
1412 5660 1494 5721 είς
1536 5658 1687 5711 πόλιν
1710 5659 1823 5711 ἐτέ-

288 5742 690 5816 ρανάνὴκουσαν
721 5751 784 5819 τῇ
836 5750 972 5822 αὐτῇ
1030 5750 1310 5822 παροικίᾳ,
1364 5749 1554 5821 ὥσπερ
1605 5749 1736 5803 ποτὲ
1789 5747 1818 5800 ό

1932 4563 2128 4633 injusta
2175 4562 2472 4632 aggressio.
2536 4562 2745 4628 Quam,
2806 4558 2895 4629 qui
2963 4558 3015 4611 in
3069 4553 3279 4609 Sardic.
3342 4566 3501 4623 syno-

1930 4654 1997 4708 do
2048 4655 2158 4725 76
2231 4660 2603 4709 convenerunt
2663 4651 2839 4707 sancti
2900 4650 3125 4712 Patres,
3192 4646 3328 4711 adeo
3407 4642 3503 4698 ad-

1928 4747 2129 4801 versati
2205 4754 2387 4812 sunt,
2458 4754 2516 4799 ut
2580 4744 2676 4814 qui
2749 4757 2868 4796 eam
2956 4738 3295 4803 admiserit,
3376 4750 3499 4791 eum

1928 4852 2051 4890 cum
2100 4835 2249 4891 nullo
2293 4849 2450 4904 posse
2482 4833 2802 4887 Christiano
2849 4828 3256 4886 communicare
3290 4835 3502 4881 statue-

1930 4927 2060 4992 rint,
2096 4936 2150 4982 et
2180 4941 2279 4981 nec
2301 4927 2365 4995 fin
2397 4936 2638 4980 extremo
2677 4924 2892 4993 quidem
2946 4921 3137 4991 spiritu
3188 4933 3310 4973 eum
3362 4916 3499 4972 laica

1926 5020 2305 5075 communione
2347 5018 2568 5087 dignum
2617 5017 2948 5081 censuerint,
3000 5013 3065 5067 i5
3110 5020 3286 5066 autem
3308 5010 3499 5080 prima

1928 5114 2119 5183 synodi
2149 5128 2321 5168 canon
2352 5113 2416 5167 de
2439 5110 2585 5164 nullo
2614 5108 2875 5180 ejusmodi
2898 5107 3225 5161 mentionem
3257 5103 3499 5169 faciens,

1929 5201 2061 5256 nulli
2087 5217 2300 5267 eorum,
2325 5201 2414 5270 qui
2440 5201 2689 5270 superius
2720 5199 2875 5269 positi
2909 5207 3057 5263 sunt,
3087 5197 3277 5251 canoui
3303 5194 3499 5249 adver-

1927 5277 2078 5349 satur
2106 5311 2120 5348 :
2147 5309 2321 5364 neque
2351 5293 2494 5348 enim
2540 5293 2607 5347 de
2656 5290 3038 5355 translatione,
3073 5303 3174 5342 nec
3199 5288 3265 5341 de
3299 5285 3500 5342 transi.

1926 5381 2097 5445 tione,
2133 5396 2234 5436 nec
2269 5382 2337 5435 de
2370 5380 2649 5436 invasioue
2693 5382 2848 5435 docet
2888 5396 2904 5433 :
2949 5378 3042 5433 sed
3090 5376 3337 5446 prohibet
3381 5375 3498 5444 epio

1926 5486 2170 5540 scopum,
2220 5471 2304 5527 vel
2356 5474 2764 5543 presbyterum,
2812 5470 2893 5525 vel
2943 5470 3227 5523 diaconum
3260 5467 3327 5520 ab
3363 5466 3499 5520 urbe

1927 5562 1980 5616 in
2020 5563 2206 5618 urbem
2253 5566 2320 5618 ad
2360 5580 2515 5620 suam
2551 5564 2861 5635 parochiam
2900 5564 3257 5632 pertinentem
3308 5568 3503 5614 traul-

1926 5668 2107 5709 meare
2132 5670 2196 5712 ac
2221 5656 2514 5722 transilire,
2556 5657 2698 5711 sicut
2739 5656 2826 5710 ille
2892 5654 3042 5711 Derci
3072 5653 3357 5724 episcopus
3395 5650 3493 5703 do-

1926 5750 2104 5807 minus
2139 5748 2393 5821 Joannes,
2417 5758 2640 5808 conatus
2683 5757 2765 5806 est
2800 5747 2955 5805 Derci
3010 5749 3263 5811 thronum
3311 5751 3492 5801 trans-
