3992 6480
199 353 276 412 2:35

1203 349 1284 410 IN
1320 348 1482 410 CAN.
1526 349 1657 408 XVI
1683 349 1893 412 CONC.
1927 353 2197 415 NICEN.
2246 357 2294 416 Ι.

3289 363 3396 426 2τ6

256 461 428 513 ΒᾹᾹΣ.
448 459 576 511 ‘Aa’.
606 457 698 512 τοῦ
722 459 907 520 τέλους
933 459 1025 511 τοῦ
1047 465 1106 511 ιε’
1151 461 1370 522 κανόνος
1391 477 1719 528 πσρισταται

1890 465 2090 519 BALS.
2145 467 2216 520 Ex
2267 470 2371 522 tine
2418 469 2609 526 decimi
2663 474 2837 541 quinti
2876 477 3102 531 canonis
3151 481 3396 533 ostendi-

199 561 255 607 ἱτι
325 553 517 613 πάντες
591 553 638 603 οἱ
695 551 1229 623 χειροτονούμενοιῆ
1284 555 1362 615 εἰς
1425 555 1725 616 ἐπισκοπὰς

200 641 504 711 ἐκληροῦντο,
564 641 683 708 ἤτοι
735 641 1183 710 ἐχειροτονοῦντο,
1237 642 1269 712 ἢ
1323 645 1401 705 εἰς
1465 643 1730 712 μοναστή-

199 756 281 804 a1,
327 735 353 802 ἦ
411 734 491 794 εἰς
536 731 711 794 θείους
766 731 957 791 ναούς·
1025 732 1145 783 ὅθεν
1209 733 1518 795 ἀκολούθως
1557 735 1729 802 τούτῳ

197 830 266 878 zz‘:
300 829 322 878 ὁ
356 833 405 888 ς’
451 823 632 876 κανὼν
652 824 751 892 τῆς
779 825 834 874 ὲν
890 823 1192 892 Χαλκηδόνι
1224 825 1443 878 συνόδου
1479 826 1571 878 καὶ
1629 827 1656 878 ὁ
1698 823 1727 877 ι’

194 918 481 984 ξορίζονται
535 915 676 985 οὕτω
723 916 845 976 τοὺς
880 915 1174 984 κληρικοὺς
1203 916 1472 982 γίνεσθαι,
1503 917 1596 968 καὶ
1631 916 1730 986 τὴν

199 1011 318 1075 παρὰ
352 1006 524 1057 ταῦτα
557 1005 929 1073 γενησομένην
976 1004 1317 1072 χειροθεσίαν
1368 1003 1725 1074 ἀκυροῦσθαι.

193 1101 264 1150 Διὸ
315 1097 402 1148 καὶ
434 1097 680 1148 δέδοκται
709 1096 780 1163 μὴ
809 1095 953 1165 ἔχειν
983 1096 1068 1147 ἐπ’
1101 1095 1285 1157 ἁδείας
1313 1096 1433 1148 τινὰ
1469 1095 1729 1166 κληρικὸν

194 1190 279 1242 ἀπὸ
313 1187 600 1256 παροικίας
633 1189 715 1248 είς
747 1187 1045 1256 παροικίαν
1074 1186 1420 1254 μεταϐαίνειν
1450 1187 1545 1240 καὶ
1572 1188 1729 1256 άμείο

193 1283 289 1333 ὕειν
321 1281 400 1331 τὸν
435 1279 635 1347 κλῆρον
663 1281 789 1331 ἄνευ
813 1279 1032 1348 γραφῆς
1062 1280 1396 1347 ὰπολυτικῆς
1424 1278 1517 1332 τοῦ
1546 1297 1728 1349 χειρο-

194 1371 485 1440 τονήσαντος
536 1371 747 1422 τοῦτον.
785 1371 920 1431 Τοὺς
945 1371 1001 1422 δὲ
1042 1371 1551 1439 μετακαλουμένους
1600 1371 1730 1440 κλη-

201 1465 355 1532 ptumi»;
389 1463 539 1530 παρὰ
573 1463 680 1514 τῶν
710 1463 1205 1533 χειροτονησάντων
1254 1463 1472 1528 αὐτοὺς,
1523 1464 1617 1516 καὶ
1654 1463 1727 1534 μὴ

199 1557 548 1623 πειθομένους,
644 1555 1010 1624 ἀναστρέφειν
1078 1557 1478 1626 ἁκοινωνήτους
1546 1557 1730 1619 αὐτοῖς

200 1646 327 1713 εἶναι,
407 1649 577 1717 ἤγουν
655 1648 729 1717 μὴ
801 1650 1249 1719 παραχωρεῖσθαι
1325 1651 1729 1719 συνιερουργεῖν

197 1742 386 1802 τούτοις.
430 1742 530 1802 Εἰς
562 1739 722 1792 τοῦτο
752 1741 858 1809 γὰρ
909 1740 970 1792 τὸ
1022 1741 1094 1810 μὴ
1128 1743 1402 1794 κοινωνεῖν
1452 1741 1726 1810 ἐκλαμϐά-

1834 562 1940 613 tur,
1972 557 2114 622 quod
2138 574 2324 610 omnes
2354 559 2440 623 qni
2471 560 2812 626 ordinantur,
2842 567 2921 615 vel
2945 565 3011 618 ad
3053 567 3397 633 episcopatus

1831 648 2221 716 elignntnr77
2241 650 2355 702 sive
2382 651 2726 714 ordinantur,
2751 652 2830 707 vel
2855 654 2921 706 ad
2951 657 3298 716 monasteria,
3316 657 3398 708 vel

1831 739 1894 790 ad
1929 739 2139 792 divinas
2181 739 2339 793 anlcs.
2385 739 2536 795 Unde
2569 743 2615 794 ei
2651 755 3040 811 consequenter
3069 757 3120 797 et
3167 746 3200 800 (‘-
3225 763 3397 799 canon

1831 829 2085 884 Chalced.
2114 846 2234 900 syn.
2272 841 2326 884 et
2377 832 2441 884 10
2492 841 2738 886 statuunt
2780 834 3003 888 clericos
3051 836 3130 890 sic
3167 837 3300 898 fieri,
3349 849 3403 888 ct

1829 938 1948 990 qua:
1993 923 2147 975 aliter
2177 923 2314 975 facta
2349 924 2526 985 fuerit,
2563 940 2814 977 manuum
2841 926 3236 995 impositionem
3272 930 3401 980 irri-

1834 1024 1937 1066 tam
1993 1015 2201 1068 haberi.
2262 1015 2524 1080 Quocirca
2549 1017 2710 1069 etiam
2769 1019 2966 1085 placuit
3031 1035 3133 1072 non
3178 1036 3296 1073 esse
3348 1020 3400 1071 in

1829 1106 2010 1159 clerici
2051 1115 2316 1173 potestate
2348 1122 2374 1157 a
2399 1107 2619 1160 civitate
2653 1108 2705 1160 in
2744 1110 3021 1161 civitatem
3059 1111 3311 1176 migrare,
3351 1117 3405 1162 ct

1829 1198 2034 1252 clerum
2068 1205 2400 1251 commutare
2428 1197 2544 1250 sine
2577 1198 2904 1251 dimissoriis
2938 1199 3131 1252 litteris
3168 1198 3281 1263 ejus
3313 1198 3405 1265 qui

1829 1290 2101 1344 ordinavit
2135 1306 2148 1342 :
2185 1290 2412 1343 clericos
2442 1300 2616 1343 autem
2655 1292 2744 1359 qui
2776 1292 2841 1346 ab
2867 1292 2945 1346 eis
2975 1292 3062 1360 qni
3089 1294 3408 1345 ordinarunt

1831 1383 1997 1452 ipsos,
2030 1394 2344 1444 evocantur,
2379 1392 2432 1435 et
2479 1383 2655 1436 redire
2692 1400 2793 1435 non
2837 1383 3251 1449 pet-suadentur,
3288 1398 3408 1438 esse

1831 1489 1856 1525 a
1879 1475 2260 1526 communione
2282 1482 2580 1542 separatos,
2597 1473 2647 1525 id
2672 1483 2748 1527 est
2773 1491 2876 1526 non
2901 1473 3136 1542 permitti
3158 1475 3234 1527 eis
3260 1485 3309 1525 ut
3333 1473 3412 1526 si-

1831 1564 1936 1615 mnl
1953 1565 2274 1619 sacrificent.
2295 1565 2348 1618 In
2374 1580 2434 1618 ea
2454 1565 2594 1618 enim
2616 1564 3008 1634 signiﬁcatione
3030 1579 3131 1618 noo
3158 1580 3410 1619 οοιιιιιιιη

1831 1658 2014 1710 nicare
2046 1656 2310 1725 accipitur
2338 1676 2350 1711 :
2377 1673 2480 1710 non
2505 1666 2682 1712 autem
2711 1658 2762 1710 in
2789 1673 2847 1710 ett
2881 1673 2998 1726 quin
3023 1667 3127 1720 est,
3152 1658 3203 1711 in
3228 1658 3410 1712 eccle-

1833 1750 1967 1801 siatn
1989 1763 2092 1800 non
2118 1750 2398 1810 accedere,
2426 1749 2504 1803 vel
2525 1760 2859 1803 sacramenta
2891 1764 2993 1802 non
3039 1750 3366 1818 participare
3392 1767 3406 1802 :

196 1833 408 1893 νεται,οὖ
444 1833 556 1902 μὴν
586 1834 664 1894 είς
698 1833 757 1885 τὸ
805 1833 879 1900 μὴ
932 1833 1341 1902 ἐκκλησιάζειν,
1383 1833 1412 1903 ἢ
1443 1835 1524 1896 είς
1559 1834 1618 1886 τὸ
1653 1834 1726 1905 μὴ

1845 1842 1995 1910 idque
2044 1842 2266 1895 omnino
2305 1843 2360 1893 lit
2399 1851 2800 1910 consequenter
2845 1841 2911 1894 15
2950 1842 3142 1895 canoni
3194 1852 3410 1908 apt)le-

201 1924 603 1994 μεταλαμὸάνειν
671 1925 780 1975 τῶν
841 1925 1226 1993 ἁγιασμάτων,
1257 1925 1564 1988 ἀκολούθως
1598 1926 1732 1979 πάν-

201 2032 280 2075 τως
301 2014 369 2080 τῷ
400 2011 454 2063 ιε’
491 2013 839 2081 ἀποστολικῴ
877 2014 1079 2075 κανόνι,
1108 2013 1186 2083 τῷ
1231 2014 1588 2085 διοριζομένῳ
1653 2015 1728 2085 μὴ

1074 2107 1133 2158 'O
1162 2107 1216 2159 δὲ
1250 2112 1326 2171 ις’
1370 2106 1730 2168 ἀποστολικδς

201 2198 343 2249 κανὼν
370 2198 664 2267 ἀφορισμῷ
706 2197 1111 2252 καθυποϐάλλει
1157 2199 1250 2251 τὸν
1279 2199 1576 2267 δεξάμενον
1601 2199 1724 2251 ὲπίο

204 2308 364 2342 σκοπόν
393 2291 448 2354 ἐξ
477 2292 681 2360 ἐτέρας
726 2293 1024 2361 παροικίας
1050 2291 1314 2362 κληρικὸν
1356 2293 1484 2344 ἄνευ
1520 2293 1723 2344 ἀπολυ-

200 2383 325 2447 τικῆς
366 2384 588 2454 γραφῆς
626 2383 722 2436 τοῦ
788 2384 1272 2454 χειροτονήσαντος
1330 2384 1513 2438 αὐτόν.
1564 2384 1728 2436 Ὥστε

200 2475 347 2535 καλῶς
374 2478 524 2527 ποιεῖ
567 2478 594 2528 ό
646 2476 787 2530 κατὰ
843 2475 1070 2542 καιροὺς
1110 2477 1209 2545 τῆς
1241 2475 1499 2544 Μεγάλης
1538 2475 1731 2545 ἐκκλη-

201 2569 295 2627 aia;
319 2568 682 2638 χαρτοερύλαξ,
720 2569 794 2638 μὴ
841 2567 1194 2638 παραχωρῶν
1235 2570 1347 2629 τοῖς
1384 2566 1733 2638 ἐξωχειροτο-

200 2662 347 2727 νήτοις
390 2661 633 2729 ίερεῦσιν
668 2664 996 2732 ἱερουργεῖν,
1051 2661 1125 2732 μὴ
1180 2662 1575 2731 προκομίζουσι
1635 2679 1734 2715 συ-

201 2755 423 2816 στατικὰς
445 2757 543 2808 καὶ
565 2756 904 2817 ἀπολυτικάς
945 2755 1165 2824 γραφὰς
1187 2753 1294 2807 τῶν
1320 2757 1737 2826 χειροτονησάν-

200 2108 498 2174 ὶειτουργεῖν
539 2107 664 2167 τοὺς
697 2106 1005 2166 τοιούτους.

202 2865 284 2898 ’ων
326 2849 537 2910 αὐτούς.
590 2849 888 2916 Ἀνάγνωθι
944 2850 1037 2901 καὶ
1101 2849 1190 2902 τὸν
1223 2848 1296 2901 λε’
1347 2851 1721 2919 άποστολικδν,
1783 2853 2007 2919 κανόνα,
2051 2855 2270 2908 συνόδου
2335 2854 2664 2926 Ἀντιοχείας
2726 2853 2955 2916 κανόνας
3003 2858 3070 2921 ιγ’

205 2945 387 2996 cumaea
430 2945 664 3013 Ἐφέσου
702 2944 902 2998 κανόνα
936 2951 1006 3014 η’.

256 3082 465 3137 ΖΩΝΑΡ.
513 3081 572 3136 Ὀ
616 3082 711 3151 μὲν
744 3080 845 3148 πρὸ
882 3080 1070 3132 τούτου
1096 3076 1277 3132 κανὼν
1325 3080 1452 3142 τοὺς
1519 3080 1735 3150 ἀναχω-

1825 1931 1957 1995 'lico,
2019 1932 2105 1999 qui
2131 1931 2382 1985 decernit
2432 1948 2526 1987 eos
2573 1948 2678 1986 non
2725 1933 3057 1987 ministrare.
3110 1933 3174 1986 16
3227 1943 3404 1985 autem

1832 2039 2004 2078 canon
2050 2024 2379 2094 apostolicus
2425 2026 2781 2096 segregationi
2838 2025 3054 2092 subjicit
3098 2026 3258 2078 etiam
3297 2025 3410 2092 epi—

1832 2134 2050 2188 sc0pnm
2084 2120 2172 2188 qni
2203 2136 2267 2174 ex
2296 2120 2398 2172 alia
2433 2120 2688 2189 parochia
2719 2119 2974 2172 clericum
3014 2117 3233 2183 recipit,
3291 2115 3408 2169 sine

1832 2210 2158 2266 dimissoriis
2208 2211 2402 2266 litteris
2450 2210 2565 2280 eius
2605 2211 2693 2278 qui
2741 2225 2861 2263 eum
2900 2209 3187 2263 ordinavit.
3231 2207 3410 2272 Quare

1834 2313 1978 2358 recte
2010 2303 2138 2356 facit
2187 2303 2230 2355 is
2273 2303 2360 2370 qni
2401 2317 2496 2371 pro
2522 2312 2760 2371 tempore
2807 2311 2887 2355 est
2916 2300 3118 2368 Magna:
3158 2299 3412 2353 Ecclesiae

1835 2394 2247 2464 chart0phylax,
2291 2411 2397 2450 non
2426 2395 2724 2464 permitens
2752 2393 2817 2447 iis
2843 2394 2932 2462 qui
2977 2403 3130 2447 extra
3169 2391 3403 2446 ordinati

1836 2496 1981 2550 sunt,
2024 2489 2420 2552 sacerdotibus,
2459 2486 2790 2548 sacrificare,
2830 2486 2931 2539 nisi
2973 2495 3025 2539 et
3062 2487 3412 2539 commenda-

1842 2579 1989 2632 titias
2033 2587 2086 2632 et
2135 2580 2472 2633 dimissorias
2511 2578 2719 2632 litteras
2753 2592 2939 2631 eorum
2989 2593 3017 2630 a
3055 2577 3249 2643 quibus
3287 2587 3416 2629 sunt

1841 2669 2078 2723 ordinati
2129 2669 2380 2725 all'erant.
2432 2671 2570 2738 Lege
2620 2680 2670 2724 et
2711 2669 2777 2723 55
2826 2684 2951 2724 can.
2999 2677 3170 2735 apost.
3223 2667 3415 2736 synod.

1841 2760 2094 2815 Antioch.
2125 2776 2246 2815 can.
2283 2763 2348 2816 l5
2376 2770 2428 2814 et
2451 2761 2542 2821 2‘2.
2574 2771 2624 2812 et
2648 2762 2837 2829 synod.
2877 2761 3070 2829 Ephes.
3097 2775 3219 2813 can.
3255 2758 3309 2812 8.

3175 2852 3268 2904 καὶ
3336 2846 3420 2904 κ6⁹

1915 3081 2168 3136 ZONAR.
2227 3081 2548 3148 Quicunque
2604 3078 2719 3133 suis
2780 3077 2984 3130 relictis
3033 3074 3302 3134 ecclesiis,
3361 3074 3414 3125 in

208 3179 392 3246 ρτιῦντας
423 3178 773 3232 τῶνοίκείων
809 3175 1113 3242 ἐκκλησιῶν
1172 3174 1267 3228 καὶ
1326 3175 1510 3237 ἄλλαις
1571 3193 1739 3243 προσ-

1847 3175 1982 3228 alias
2014 3173 2381 3236 divertissenl,
2412 3169 2658 3224 ecclesiae
2686 3169 2738 3223 in
2764 3185 2864 3234 qua
2886 3169 3115 3236 quisque
3141 3167 3422 3219 ordinatus

208 3268 507 3338 ερχομένους
547 3264 1020 3319 ἀποκαθίστασθαι
1055 3266 1121 3334 τῇ
1153 3262 1420 3333 ἐκκλησίᾳ
1451 3258 1747 3331 διορίζεται

206 3363 249 3414 ἐν
331 3358 766 3431 κεχειροτόνηται
796 3358 1026 3420 ἕκαστος
1060 3373 1074 3388 ο
1135 3349 1291 3419 οὗτος
1347 3353 1404 3407 δὲ
1459 3357 1587 3418 τοὺς
1671 3355 1748 3424 μὴ

205 3451 525 3522 πειθομένους
555 3449 909 3515 ἐπανελθεῖν,
973 3449 1066 3502 καὶ
1145 3447 1539 3517 ἀκοινωνήτους
1607 3440 1747 3498 εἶναι

209 3544 439 3607 θεσπίζει.
479 3545 699 3596 Ἔοικεν
727 3537 818 3595 οὖν
894 3540 1268 3594 ἐναντιοῦσθαι
1306 3537 1382 3608 τῷ
1442 3536 1502 3590 ιε’
1561 3538 1748 3591 κανόνι

208 3638 291 3690 τῶν
315 3639 465 3707 ἱερῶν
510 3635 851 3690 ἀποστόλων.
900 3635 1138 3695 Ἐκεῖνος
1160 3631 1269 3701 γὰρ
1302 3630 1432 3693 τοὺς
1484 3629 1742 3682 καταλεί-

205 3722 380 3789 ψαντας
411 3726 714 3793 κληρικοὺς
744 3722 843 3786 τὰς
873 3721 1082 3775 ἑαυτῶν
1126 3720 1447 3787 παροικίας,
1506 3719 1600 3772 καὶ
1665 3721 1746 3780 εἰς

206 3815 343 3884 ἄλλην
372 3816 670 3886 παροικίαν
703 3813 984 3877 παντελῶς
1012 3814 1388 3884 μεταστάντας
1421 3809 1575 3881 παρὰ
1602 3803 1750 3879 γνῶ-

209 3924 294 3976 μην
324 3908 407 3960 τοῦ
440 3908 747 3960 ἐπισκόπου
779 3906 958 3960 αὐτῶν
1017 3904 1216 3973 μηκέτι
1293 3904 1626 3973 λειτουργεῖν
1655 3919 1749 3955 κε-

207 3997 351 4062 λεύει,
407 4001 483 4062 ὡς
540 4000 599 4052 δὲ
659 3999 878 4061 λαϊκοὺς
924 4000 1197 4051 κοινωνεῖν
1257 3997 1542 4067 ἐπιτρέπει
1615 3996 1748 4050 ἐκεῖ.

206 4085 343 4160 Οἶμαι
370 4091 550 4143 τοίνυν
581 4090 672 4142 ἐπὶ
703 4089 796 4142 τοῦ
849 4090 1116 4159 παρόντος
1147 4087 1372 4150 κανόνος
1402 4087 1463 4139 τὸ
1523 4087 1752 4139 ἀκοινω-

205 4184 372 4252 νήτους
423 4184 563 4236 εἶναι
597 4183 767 4247 οὕτως
799 4183 1060 4246 νοεῖσθαι,
1103 4183 1271 4252 ήγουν
1329 4180 1402 4253 μὴ
1441 4197 1751 4245 συγκοινω-

205 4277 295 4325 νείν
323 4275 500 4338 αὐτοῖς
537 4276 662 4338 τοὺς
691 4273 1001 4344 ἱερατικοὺς
1073 4273 1299 4342 δηλαδή.
1384 4272 1547 4325 Ἀλλὰ
1609 4272 1749 4324 ἁπο-

206 4368 476 4434 τρέπεσθαι
519 4367 580 4420 τὸ
608 4369 1021 4435 συνιερουργεῖν
1062 4365 1246 4427 αὐτοῖς
1269 4364 1395 4427 τοὺς
1424 4361 1702 4425 τοιούτους
1734 4377 1749 4392 ⁸

1849 3277 1951 3331 est,
2007 3265 2278 3336 superiori
2327 3278 2535 3317 canone
2583 3262 2789 3317 restitui
2835 3260 3109 3328 jnbentnr.
3155 3259 3251 3312 llic
3298 3273 3423 3310 vero

1849 3377 1942 3418 eos
1974 3361 2065 3430 qui
2106 3375 2210 3413 non
2247 3357 2523 3427 paruerint
2559 3354 2782 3415 reverti,
2825 3369 2888 3406 ac
2937 3362 3220 3420 prepterea
3270 3364 3424 3401 com-

1853 3455 2109 3508 munione
2139 3453 2375 3520 privatos
2402 3464 2522 3503 esse
2561 3446 2822 3501 decernit.
2859 3444 2993 3497 llinc
3023 3458 3153 3512 ergo
3203 3441 3423 3509 aliquis,

1850 3557 2158 3600 sanctorum
2223 3542 2589 3612 apostolorum
2653 3538 2863 3592 decimo
2925 3536 3114 3604 quinto
3185 3531 3422 3596 canoui,

1851 3635 2299 3692 constitutionem
2359 3635 2496 3687 hanc
2555 3628 2828 3683 adversari
2888 3626 3046 3680 facile
3097 3626 3425 3693 suspicetur.

1851 3729 1982 3782 Nam
2021 3729 2111 3783 illo
2138 3741 2377 3794 quoque,
2405 3724 2717 3793 quicunque
2749 3720 2931 3774 clerici
2964 3720 3013 3772 in
3057 3719 3221 3771 aliam
3252 3732 3430 3785 parm-

1851 3824 2013 3886 ciam,
2047 3835 2144 3874 sua
2177 3817 2384 3880 relicta,
2408 3815 2575 3869 invito
2603 3815 2862 3882 episcopo
2888 3827 2988 3864 suo
3016 3810 3428 3874 transmearint,

1854 3913 2026 3967 sat-ris
2053 3925 2290 3979 unquam
2325 3908 2561 3976 operari,
2592 3907 2733 3960 facta
2765 3905 3116 3959 nihilominus
3168 3904 3427 3957 laicornm

1853 4001 2293 4058 communicandi
2361 4000 2675 4067 potestate3,
2738 3994 3114 4064 prohibentur.
3179 3992 3433 4047 Comum-

1843 4093 2028 4147 nionis
2052 4092 2216 4158 igitur
2242 4089 2598 4158 privationem
2621 4089 2722 4140 hoc
2742 4087 2857 4140 loco
2883 4101 3000 4139 eam
3033 4084 3429 4154 intelligendam

1853 4200 1972 4240 esse
2002 4183 2263 4245 arbitror,
2301 4195 2405 4250 qua
2434 4179 2628 4232 initiati
2660 4177 2915 4231 videlicet
2950 4177 3014 4230 iis
3043 4191 3194 4231 sacra
3228 4174 3434 4230 facien-

1857 4277 2001 4331 tibus
2037 4275 2188 4329 nullo
2218 4273 2383 4328 modo
2411 4268 2844 4332 communicare,
2887 4267 2981 4322 sed
3033 4282 3127 4322 eos
3177 4267 3229 4320 in
3278 4281 3434 4321 sacro

1858 4367 2163 4423 ministerio
2193 4366 2406 4435 penitus
2454 4362 2692 4417 aversari
2740 4361 3025 4430 jnbentur.
3078 4360 3432 4420 Communio-

211 4460 468 4512 κοινωνίαν
498 4457 736 4512 ἐνταῦθα
759 4456 867 4510 τῶν
917 4457 1089 4524 ἁγίων
1145 4455 1406 4522 Πατὲρων
1490 4455 1609 4523 οὑχὶ
1654 4452 1739 4522 τὴη

1862 4462 2059 4528 nisque
2091 4460 2333 4519 nomine,
2371 4469 2479 4510 non
2535 4468 2816 4508 sacrorum
2873 4453 3252 4523 mysteriorum
3304 4464 3430 4516 per-

212 4553 487 4622 μετάὶηψιν
521 4553 630 4606 τῶν
664 4554 828 4620 ἁγιασ
840 4551 1023 4622 μάτων
1049 4549 1457 4618 ὀνομασάντων,
1486 4547 1623 4600 ἀλλὰ
1655 4547 1753 4614 τὴν

209 4642 297 4693 τῶν
315 4643 470 4713 ἱερῶν
509 4640 1002 4713 συμμεταχείρισιν
1033 4639 1129 4693 καὶ
1193 4637 1601 4708 κοινοπραξίαν,
1662 4637 1754 4690 καὶ

213 4732 259 4782 τι
293 4735 715 4803 συλλειτουργεῖν
773 4735 886 4796 τοῖς
957 4728 1154 4800 οἷσπερ
1207 4731 1539 4800 προσῆλθον.
1598 4727 1756 4782 Οὕτω

213 4824 300 4894 γὰρ
329 4826 612 4895 νοούμενος
654 4826 681 4876 ὁ
710 4826 902 4894 παρὼν
943 4821 1146 4889 κανὼν,
1186 4822 1246 4875 οὐ
1283 4821 1572 4890 διαφωνεῖν
1615 4820 1756 4888 πρὸς

211 4916 284 4966 τὸν
309 4919 656 4970 ἀποστολικὸν
676 4919 878 4970 κανόνα
909 4916 1050 4979 δόξει
1086 4917 1213 4970 τινί.
1251 4911 1385 4966 Εἶτα
1430 4913 1625 4980 ἐπάγει
1657 4912 1752 4975 ὡς,

211 5009 250 5058 εἰ
274 5010 556 5074 ἐπίσκοπός
581 5028 666 5073 τις
690 5010 780 5063 τὸν
820 5009 915 5077 ἀφ’
946 5009 1140 5078 ἑτέρας
1172 5007 1381 5068 πόλεως
1431 5006 1512 5068 είς
1562 5005 1756 5073 ἑτέραν

217 5101 704 5168 μεταναστεύσαντα
766 5101 1026 5170 κληρικδν
1078 5101 1469 5169 χειροτονήσει,
1514 5114 1758 5167 προαγα-

211 5191 305 5250 γὼν
332 5194 456 5256 ἴσως
479 5194 638 5246 αὐτὸν
663 5194 745 5255 εἰς
773 5193 980 5262 βαθμὸν
1016 5192 1240 5262 μείζονα
1294 5191 1369 5260 μὴ
1424 5189 1756 5260 βουλομένου

210 5285 287 5336 τιι]
312 5288 619 5352 ἐπισκόπου,
656 5287 716 5352 ἐξ
746 5277 810 5338 οὗ
854 5286 1224 5356 ἀνεχώρησεν,
1269 5283 1476 5355 ἄκυρος
1523 5281 1676 5336 ἔσται
1709 5283 1742 5353 ή

214 5379 518 5447 χειροτονία.

219 5512 422 5567 ΑΡΙΣΤ.
482 5516 654 5569 Ὅσοι
725 5514 1117 5582 πρεσϐύτεροι
1167 5510 1267 5563 καὶ
1321 5509 1588 5563 διάκονοι
1649 5508 1758 5577 τῆς

268 5604 578 5672 ἐκκλησίας
609 5605 1138 5675 ἀναχωρήσουσιν,
1162 5602 1399 5656 ἄδεκτοι
1433 5603 1519 5667 εἰς
1549 5600 1759 5669 ἑτέραν

267 5693 588 5760 ἐκκλησίαν
614 5695 972 5765 γενήσονται
999 5711 1013 5725 ·
1047 5691 1186 5747 ἀλλ’
1232 5689 1760 5758 ἐπιστρεφέτωσαν

271 5787 349 5850 εὶς
386 5786 495 5854 τὴν
521 5791 713 5844 αὐτῶν
753 5787 1089 5856 παροικίαν.
1126 5787 1190 5840 Ei
1219 5783 1286 5837 δέ
1313 5801 1401 5848 τις
1434 5783 1542 5837 τὸν
1575 5781 1760 5850 ἑτέρῳ

1864 4553 2185 4621 ceptionem,
2217 4547 2312 4605 sed
2348 4550 2398 4604 in
2434 4549 2604 4604 sacris
2647 4545 2960 4600 muneribus
3005 4559 3067 4598 ac
3116 4541 3432 4596 ministeriis

1865 4657 1970 4696 una
2001 4656 2120 4695 cum
2158 4641 2225 4694 iis
2254 4639 2321 4693 ad
2351 4653 2490 4707 quos
2520 4638 2787 4690 accedunt
2813 4632 3074 4687 obeundis
3112 4630 3431 4684 societatent

1865 4733 1954 4787 hic
1980 4749 2010 4788 a
2027 4732 2277 4786 Patribus
2299 4745 2424 4784 reor
2448 4744 2568 4783 esse
2621 4726 2998 4794 signiﬁcatam.
3026 4721 3138 4775 Hac
3165 4720 3433 4789 siquidem

1866 4825 2076 4878 ratione
2134 4823 2506 4891 explicatum,
2580 4817 2716 4871 nihil
2784 4819 2927 4869 hunc
2985 4817 3051 4868 ab
3132 4811 3435 4881 apostolico

1864 4931 2074 4971 canone
2125 4915 2461 4980 discrepare,
2511 4911 2670 4965 facile
2703 4908 3002 4977 apparebit.
3055 4907 3252 4960 Deinde
3302 4905 3432 4957 sub-

1857 5007 2000 5075 jicit,
2040 5008 2181 5076 quod
2209 5005 2253 5058 si
2276 5004 2396 5072 quis
2421 5003 2706 5071 episcopus
2733 5002 2984 5055 clericum
3017 5000 3108 5068 qni
3150 4999 3217 5051 ab
3247 5012 3350 5050 una
3378 4997 3436 5049 in

1865 5101 2025 5154 aliam
2056 5100 2241 5153 urbem
2281 5095 2529 5150 transivit
2572 5092 2927 5156 ordinaverit,
2958 5105 3286 5160 promovens
3321 5088 3436 5140 for-

1865 5192 2026 5245 tassis
2056 5204 2177 5244 eum
2230 5188 2280 5241 in
2314 5186 2579 5254 majorem
2635 5184 2886 5254 gradum,
2940 5182 3195 5252 episcopo
3239 5197 3266 5232 a
3325 5193 3435 5248 quo

1865 5275 2136 5340 discessit,
2169 5289 2274 5328 non
2315 5271 2710 5337 consentiente,
2747 5271 2896 5325 irrita
2925 5271 3030 5324 erit
3068 5271 3360 5324 ordinatio.

1865 5501 2092 5568 ARIST.
2129 5499 2393 5566 Quotquot
2423 5496 2712 5566 presbyteri
2748 5494 2822 5549 vel
2848 5492 3062 5546 diaconi
3103 5489 3166 5543 ab
3213 5487 3431 5541 ecclesia

1939 5592 2267 5653 recesserint,
2321 5590 2376 5642 in
2413 5589 2579 5641 aliam
2621 5587 2895 5641 ecclesiam
2937 5600 3040 5637 non
3079 5590 3196 5634 sunt
3246 5577 3435 5628 admit—

1939 5686 2102 5750 tendi,
2156 5683 2224 5735 ad
2272 5697 2421 5735 suam
2475 5695 2594 5733 vero
2637 5679 2918 5746 par-(eciam
2969 5679 3315 5727 revertantur.
3371 5665 3431 5717 Si

1939 5781 2055 5850 quis
2089 5786 2262 5833 autem
2297 5790 2412 5829 eum
2443 5775 2530 5842 qui
2564 5769 2633 5825 ad
2666 5770 2830 5825 aliam
2873 5769 3115 5837 pertinet,
3161 5764 3271 5817 sine
3304 5773 3434 5827 pro-
