3992 6480
183 407 261 468 g9;
1188 391 1271 451 ΙΝ
1310 387 1479 451 CAN.
1518 386 1689 446 XVII
1751 386 1962 448 CONC.
2000 388 2273 450 NICEN.
2325 389 2378 448 Ῐ.

3297 392 3402 455 2M

186 526 351 576 5:33;»
402 508 776 578 ἀπηγόρευσε.
819 503 955 575 Φησὶ
989 501 1119 573 γάρ,
1154 502 1273 554 Οὐκ
1328 497 1622 563 amoma;
1667 498 1732 550 τὸ

1844 502 2106 556 universis
2143 501 2260 555 fuit.
2300 500 2434 555 Dicit
2473 500 2636 562 cnim.
2672 498 2952 555 Pecuniam
2985 499 3144 569 fratri
3178 512 3264 555 tuo
3302 520 3406 555 una

184 606 431 679 ἀίτύριόν
458 619 578 656 σου
607 601 683 665 τῷ
710 597 950 667 ἀδελρῷ
979 614 1115 649 σου.
1157 595 1218 647 Εἰ
1239 592 1293 645 δὲ
1322 595 1349 645 ὁ
1380 592 1727 679 άτελέστερος

184 678 309 755 τὸῦτο
342 693 735 764 ἐνομοθέτησε,
772 687 975 757 πολῷῷ
1018 684 1176 738 ¹πλέον
1203 685 1229 735 ό
1262 681 1591 749 τελεώτερος
1640 678 1732 731 καὶ

182 782 749 855 ὀπνευματικώτερος.
784 776 1057 849 Ἰδοὺηγάρ
1086 773 1248 826 πλέον
1279 771 1373 825 τοῦ
1425 771 1571 841 ἱεροῦ
1602 764 1727 821 ὦδε.

181 884 351 934 Ἅπασι
380 875 483 944 μὲν
498 869 593 925 οῦν
620 871 1035 938 άποτέτραιτται
1066 867 1126 918 τὸ
1154 865 1246 917 ἐπὶ
1272 866 1417 934 τόκῳ
1439 863 1728 927 δανείζειν·

177 972 276 1027 εἶδ’
303 970 501 1031 ἅπασι,
542 964 746 1034 μᾶλλον
782 962 846 1014 ἂν
877 962 960 1032 εἴη
1012 960 1124 1021 τοῖς
1183 957 1503 1027 ίερωμένοις
1572 957 1732 1009 τοῦτο

179 1063 526 1128 ἀνάρμοστον,
562 1058 611 1109 οἳ
648 1058 741 1109 καὶ
771 1058 883 1116 τοῖς
920 1055 1133 1115 λαῖκοῖς
1165 1055 1243 1116 είς
1270 1053 1577 1122 ὑπόδειγμα
1633 1052 1731 1105 καὶ

177 1150 513 1225 παροξυσμὸν
574 1151 653 1211 είς
702 1148 904 1217 ἀρετὴν
942 1142 1083 1198 εἶναι
1135 1144 1434 1211 ὀφείλουσι.
1494 1145 1585 1196 Διὸ
1636 1145 1732 1197 καὶ

176 1246 397 1299 ὁκανὼν
422 1241 764 1311 ἀπαγορεύει
799 1241 908 1301 τοῖς
942 1240 999 1290 ὲν
1027 1236 1104 1306 τῷ
1152 1237 1341 1289 κανόνι
1400 1234 1731 1304 ἐξεταζομέ-

174 1355 287 1399 νοις,
314 1336 443 1403 ἦτοι
504 1334 617 1394 τοῖς
649 1334 707 1383 ὲν
737 1331 923 1400 κλήρῳ
998 1326 1360 1396 τεταγμένοις
1428 1327 1731 1389 ὲκαστοκὰς

175 1430 433 1490 ἀπαιτεῖν,
464 1425 660 1487 τόκους
689 1422 889 1494 δηλαδὴ
944 1420 1376 1482 ἐκατοστιαίους.
1431 1419 1732 1489 Πολυαρίθ-

178 1539 275 1590 μων
293 1519 407 1589 γὰρ
433 1519 603 1571 όντων
655 1516 762 1569 τῶν
784 1516 982 1577 τόκων,
1010 1514 1303 1584 βαρύτεροι
1333 1513 1442 1565 τῶν
1480 1512 1654 1564 ἄλλων
1684 1513 1731 1563 οί

179 1611 529 1665 ὲκατοστιαῖοί
564 1611 725 1662 εἰσιν.
772 1608 985 1674 Ὠσπερ
1014 1608 1120 1674 γὰρ
1142 1608 1256 1665 τοῖς
1287 1604 1381 1657 νῦν
1440 1606 1496 1657 αἱ
1546 1604 1730 1673 λίτραι

181 1706 319 1775 μέχρι
362 1703 474 1755 τῶν
506 1701 882 1770 ἐϐδομήκοντα
912 1698 1005 1751 δύο
1036 1697 1420 1768 ἀριθμοῦνται,
1451 1696 1594 1751 οὕτω
1612 1699 1725 1760 τοῖς

1835 595 2174 664 [ωηρῖαὺρνὶδ
2197 594 2263 647 ".
2317 592 2468 659 Quod
2517 593 2561 647 si
2612 594 2699 646 illa
2752 595 2936 648 minus
2997 594 3233 663 perfecta
3294 596 3403 650 Lex

1834 691 2033 755 Sanxit,
2067 690 2237 744 multo
2276 690 2447 759 magis
2490 700 2673 743 ucstra
2710 707 2826 759 quae
2874 692 3167 761 perfectior
3213 703 3295 747 est
3351 703 3405 746 ct

1835 782 2151 851 spiritalior.
2201 780 2342 837 Ecce
2388 783 2530 836 enim
2564 782 2765 850 aliquid
2817 783 3014 851 templo
3057 784 3288 849 amplius
3323 795 3407 837 cst

1835 875 1940 929 hic.
1982 874 2245 929 Omnibus
2285 875 2499 943 quidem
2536 874 2696 942 igitur
2755 872 3080 928 {mucratitio
3119 876 3269 929 lucro
3319 876 3403 927 ii-

1838 969 2154 1033 terdictum,
2190 968 2281 1021 sed
2318 966 2386 1021 ab
2434 982 2622 1019 eorum
2668 967 2934 1030 instituto,
2972 968 3059 1035 qui
3114 983 3409 1022 Sacroor-

1838 1058 1950 1112 diui
1982 1060 2296 1128 mancipati.
2371 1059 2619 1127 excuplo
2658 1058 2808 1111 laicis
2848 1069 3009 1127 atque
3056 1060 3409 1114 invitamen'o

1839 1151 1905 1204 ad
1941 1154 2194 1205 virtutem
2226 1167 2344 1205 esse
2381 1152 2597 1215 debent,
2635 1152 2964 1204 alienissima
3015 1167 3076 1205 ea
3114 1154 3251 1207 ratio
3301 1165 3405 1211 est.

1838 1239 2095 1305 Proinde,
2139 1241 2448 1312 quicunque
2506 1242 2555 1294 in
2610 1257 2819 1295 canone
2875 1254 3247 1309 recensentur,
3304 1246 3407 1299 hnc

1838 1343 1944 1391 est.
1985 1335 2036 1387 in
2087 1334 2292 1387 clermn
2345 1334 2585 1403 cooptati
2638 1344 2783 1395 sunt.
2826 1336 3151 1391 centesimas
3190 1339 3407 1407 exigere

1835 1427 2191 1497 prohibentur
2214 1426 2425 1497 (usuras
2450 1427 2559 1481 vid.
2586 1429 2954 1500 centesimas).
2978 1440 3029 1483 et
3052 1434 3265 1499 quidem
3286 1449 3407 1487 cum

1840 1519 2009 1573 multa
2064 1527 2189 1571 sunt
2233 1533 2519 1573 usurarum
2581 1535 2799 1588 genera,
2856 1522 3133 1588 graviores
3188 1523 3412 1590 reliqu’s

1835 1618 1961 1665 Sunt
1989 1611 2317 1665 crntesimm.
2344 1611 2451 1684 79
2483 1610 2551 1666 Ut
2583 1612 2725 1667 enim
2765 1612 2865 1667 hoc
2901 1624 3139 1682 tempore
3166 1614 3410 1679 libraqad

1835 1705 2202 1774 septuaginta,
2240 1707 2444 1759 duabus
2475 1706 2695 1772 additis,
2728 1718 3101 1772 numerantur,
3140 1708 3207 1761 ita
3245 1708 3410 1775 prisci

178 1796 417 1856 παλαιοῖς
443 1794 499 1846 αἱ
535 1790 891 1851 ἑκατοντάδες
920 1785 1080 1860 ἦσαν.
1135 1792 1232 1842 καὶ
1256 1785 1323 1858 ἦν
1357 1790 1384 1841 ὁ
1422 1790 1585 1852 τόκος
1623 1790 1732 1843 τῶν

1845 1794 2081 1849 habuere
2142 1797 2450 1862 centurias,
2511 1807 2672 1864 atque
2739 1798 2790 1850 in
2850 1810 3107 1853 centenos
3163 1814 3413 1852 nummos

180 1890 348 1940 ἑκατῖν
412 1884 766 1954 νομισμάτων
825 1882 1140 1953 νομίσματα
1192 1880 1441 1934 δώδεκαο
1498 1882 1578 1934 διὸ
1643 1882 1738 1935 κα)⁵

182 1978 537 2038 ἔκατοστιαῖος
569 1975 810 2041 ἐλέγετο,
837 1972 911 2036 ὡς
946 1973 1038 2025 ἐπὶ
1068 1973 1181 2034 τοῖς
1210 1972 1404 2024 ἑκατὸν
1468 1973 1735 2026 ἀπαιτούα

186 2088 342 2140 μενος.
381 2068 839 2140 ’Ᾱπαγορεύσασα
863 2062 955 2120 οὖν
986 2066 1019 2135 ἠ
1054 2065 1273 2129 σύνοδος
1325 2065 1625 2135 λαμϐάνειν
1649 2065 1741 2118 τό-

183 2180 289 2223 κους
315 2163 447 2221 τοὺς
488 2163 547 2212 ἐν
609 2159 821 2230 κλήρῳ,
873 2158 1069 2225 ἐπάγει
1151 2159 1263 2219 τοῖς
1321 2158 1395 2226 μὴ
1446 2156 1743 2225 φυλάξουσι

184 2258 259 2312 τὸν
286 2258 492 2315 κανόνα
533 2254 627 2307 καὶ
660 2252 959 2322 ἐπιτίμιον,
1003 2250 1099 2304 καί
1124 2268 1292 2321 φησιν
1322 2268 1336 2282 ·
1393 2250 1743 2303 Ἐδικαίωσεν

190 2349 360 2418 ήάγία
400 2346 638 2411 σύνοδος,
678 2345 801 2399 ἀντὶ
850 2343 973 2409 τοῦ,
1005 2344 1217 2397 δίκαιον
1256 2343 1524 2413 ἡγήσατο,
1558 2341 1645 2395 ἵνα
1694 2341 1743 2394 εί

186 2439 420 2509 εὑρεθείη
463 2456 548 2501 τις
610 2435 749 2506 μετὰ
808 2436 876 2488 τὰ
934 2435 1223 2506 ὁρισθέντα
1303 2433 1397 2489 νῦν
1452 2435 1744 2503 λαμϐάνων

182 2534 354 2595 τόκους
378 2533 443 2585 ὲκ
476 2528 923 2601 μεταχειρίσεως,
955 2527 1123 2597 ἤγουν
1169 2524 1245 2589 ὡς
1290 2519 1400 2578 οἶόν
1446 2541 1566 2576 τινα
1599 2542 1745 2593 πρα-

182 2625 433 2695 γματείαν
491 2622 553 2674 τὸ
595 2619 831 2680 τοκίζειν
901 2616 1412 2699 μεταχειριζόμενος
1474 2614 1507 2685 ἢ
1567 2615 1744 2677 άλλως

184 2716 572 2786 μετερχόμενος
604 2713 664 2764 τό
697 2708 1129 2780 πρᾶγμα.Τινὲς
1160 2709 1292 2778 γάρ,
1362 2706 1732 2777 ἐκφεύγοντες

184 2808 233 2859 τὸ
258 2806 526 2873 λέγεσθαι
558 2803 689 2873 περὶ
747 2800 930 2855 αὐτῶν
982 2800 1064 2852 ὅτι
1127 2799 1323 2863 τόκους
1385 2799 1744 2870 λαμϐάνουσι,

182 2898 369 2950 διδόασι
418 2899 532 2959 τοῖς
555 2893 856 2966 χρῄζουσιν
916 2891 1181 2963 ἀργύρια,
1236 2893 1327 2945 καὶ
1388 2891 1744 2961 συμφωνοῦσι

188 2989 541 3059 συμμερίξειν
569 2989 752 3048 αὐτοῖς
781 2988 839 3039 τὸ
868 2987 1061 3055 κέρδος
1088 3002 1102 3017 ⁸
1160 2986 1256 3037 καὶ
1321 2985 1385 3037 οὐ
1466 2985 1747 3048 δανειστάς

186 3081 421 3142 ἑαυτοὺς,
456 3079 590 3131 ἀλλὰ
626 3078 1023 3146 συγκοινωνοὺς
1047 3076 1395 3145 ὀνομάζουσι,
1428 3078 1521 3128 καὶ
1544 3075 1746 3145 ζημίας

1846 1886 2098 1949 duodeni,
2149 1886 2380 1942 iacueris
2437 1888 2680 1949 nomine,
2738 1887 3108 1942 solvebantur.
3171 1889 3247 1942 Ex
3307 1905 3413 1956 quo

1844 1977 2154 2030 centesima:
2186 1991 2399 2045 quoque
2434 1992 2650 2042 nomen,
2683 1977 2826 2045 quod
2859 1992 2925 2033 ex
2953 1979 3202 2033 centenis
3237 1982 3416 2048 exige-

1846 2076 2018 2129 retur,
2059 2069 2285 2136 petitum
2335 2079 2437 2121 cst.
2501 2067 2753 2137 Synodus
2814 2071 2995 2137 itaque
3053 2087 3174 2123 cum
3229 2073 3419 2138 prohi-

1846 2161 2050 2214 buisset
2079 2160 2307 2214 clericos
2343 2176 2534 2213 usuras
2565 2160 2836 2229 accipere,
2863 2176 3074 2230 pceuam
3109 2178 3323 2230 quoque
3362 2163 3413 2217 in

1843 2268 1960 2319 eos,
2010 2252 2101 2319 qui
2156 2268 2262 2306 non
2318 2252 2836 2323 obtemperaverint,
2880 2253 3183 2306 constituit.
3218 2254 3280 2305 Et
3318 2256 3415 2323 ait,

1845 2344 2185 2408 ἐδικαίωσεν,
2217 2344 2321 2398 hoc
2351 2355 2453 2407 est,
2478 2360 2688 2412 aequum
2714 2344 2925 2398 censuit
2944 2356 3128 2398 sancta
3153 2348 3415 2414 synodus,

1845 2447 1905 2490 nt
1936 2438 1979 2491 si
2015 2436 2137 2505 quis
2163 2448 2285 2505 post
2326 2451 2389 2491 ea
2424 2451 2545 2504 qua“:
2589 2452 2733 2491 nunc
2779 2447 3116 2501 statuuntur,
3166 2439 3417 2494 inventus

1845 2526 2009 2581 fuerit
2040 2541 2232 2581 usuras
2257 2542 2320 2581 ex
2358 2528 2699 2593 tractatione,
2734 2526 2836 2582 hoc
2881 2538 2982 2593 est,
3028 2531 3183 2599 quasi
3235 2532 3407 2585 instar

1848 2618 2202 2687 negotiatoris
2254 2618 2663 2673 [uenerationem
2702 2619 2803 2673 sibi
2845 2621 3183 2674 tractandam
3244 2623 3417 2676 susci-

1846 2710 2021 2778 piens,
2054 2718 2146 2763 aut
2186 2710 2289 2763 alia
2330 2724 2652 2779 quacunque
2694 2711 2902 2764 ratione
2936 2714 3172 2778 exigens.
3202 2711 3419 2781 (Foene-

1850 2801 2043 2856 ratorii
2074 2800 2216 2856 enim
2250 2800 2485 2855 nominis
2518 2801 2798 2855 infamiam
2845 2801 3008 2871 aliqui
3063 2803 3417 2869 declinantes,

1850 2895 2133 2964 pecuniam
2173 2894 2246 2949 ita
2279 2897 2408 2948 dant
2454 2904 2734 2957 mutuam,-
2768 2902 2825 2947 ut
2877 2882 3158 2950 sibiQIitcri
3211 2907 3417 2965 partem

1848 3003 1911 3042 ex
1945 3002 2006 3041 ea
2045 2988 2414 3056 paciscantur,
2451 3003 2549 3042 nec
2592 3003 2649 3041 se
2680 2988 3054 3051 fmiicratores,
3090 2990 3184 3041 sed
3237 2989 3420 3043 socios

1851 3079 2061 3141 dicunt,
2091 3094 2155 3134 ac
2183 3079 2667 3132 emolumentorum
2700 3081 3074 3132 tantummodo
3101 3080 3416 3149 participes,

188 3170 251 3241 μὴ
277 3171 433 3233 ὄντες
472 3173 743 3234 κοινωνοὶ,
775 3170 867 3223 ἐπὶ
889 3168 964 3238 τῷ
1012 3169 1203 3236 κέρδος
1253 3168 1398 3238 μόνῳ
1456 3184 1739 3235 κοινοπρα-

1857 3172 2059 3227 nullum
2115 3172 2318 3225 interea
2354 3172 2583 3239 jactura:
2633 3171 2930 3240 periculum
2984 3170 3259 3241 subeunt.)
3293 3172 3419 3226 llaec

182 3263 341 3329 γοῦσι.
377 3262 567 3314 Ταῦτα
595 3260 777 3314 τοίνυν
809 3261 901 3313 καὶ
935 3260 1003 3312 τά
1033 3259 1256 3313 τοιαῦτα
1317 3259 1499 3311 πάντα
1532 3261 1748 3325 ἀπάγου

186 3355 340 3425 ρεύων
372 3356 405 3408 ὀ
428 3353 611 3409 κανὼν
643 3353 1026 3424 καθαιρεῖσθαι
1055 3352 1338 3406 κελεύεται
1367 3351 1493 3415 τοὺς
1523 3350 1747 3403 τοιαῦτα

180 3448 559 3515 τεχνάζοντας,
613 3444 646 3515 ἥ
709 3443 897 3513 ἕτερόν
975 3460 1030 3495 τι
1096 3441 1451 3504 ἐπινοοῦντας
1518 3441 1745 3511 αίσχροῦ

183 3540 400 3609 κέρδους
429 3540 614 3606 χάριν,
654 3538 685 3605 ἦ
715 3536 1087 3598 ἀπαιτοῦντας
1121 3534 1395 3605 ἡμιολίας.
1428 3534 1613 3589 Εἰπὼν
1634 3535 1749 3588 άνω

184 3631 301 3700 περὶ
329 3629 720 3683 ἑκατοστιαίου
778 3628 963 3693 τόκου,
1017 3628 1075 3692 ὃς
1137 3628 1248 3680 τῶν
1303 3628 1478 3681 τόκων
1541 3630 1748 3682 ἐστὶνθὸ

183 3720 498 3791 βαρύτερος,
535 3720 609 3782 ὼς
640 3724 993 3791 προείρηται,
1072 3718 1438 3789 παρακατιὼν
1502 3721 1597 3772 καὶ
1653 3718 1747 3771 τοῦ

182 3813 512 3886 κουφοτέρου
550 3812 799 3882 ἐμνήσθη
834 3811 936 3880 τῆς
972 3810 1248 3880 ἡμιολίας,
1316 3811 1441 3881 ἥτις
1499 3810 1619 3863 ἐστὶ
1655 3810 1748 3863 τοῦ

180 3904 291 3957 ὅλου
315 3906 379 3956 τὸ
396 3905 597 3973 ἥμισυ.
630 3904 798 3973 ἤγουν
819 3902 926 3955 τῶν
956 3902 1167 3954 δώδεκα
1196 3902 1569 3972 νομισμάτων,
1594 3901 1751 3955 ἅτινά

181 3998 276 4049 εισι
310 3998 415 4063 τῆς
447 3996 752 4063 ἑκατοστῆς
802 3996 830 4046 ὁ
879 3993 1257 4064 πληρέστατος
1306 3995 1403 4046 καὶ
1452 3994 1749 4063 ὁλόκληρος

180 4088 347 4151 τόκος.
398 4086 557 4138 Εἴποι
593 4085 636 4138 δ’
660 4086 724 4140 ἄν
747 4102 830 4148 τις
858 4085 957 4147 τὰς
993 4086 1252 4156 ἡμιολιας
1282 4086 1377 4139 καὶ
1418 4085 1563 4139 κατὰ
1624 4087 1752 4156 ἀρι-

181 4177 503 4250 θμητικούς.
577 4177 836 4241 Ἐκείνοις
903 4180 1014 4247 γὰρ
1064 4179 1112 4231 οί
1173 4178 1270 4247 μὲν
1345 4178 1452 4232 τῶν
1501 4177 1751 4248 ἀριθμῶν

179 4271 440 4338 ἐπίτριτοι
470 4267 584 4337 (65)
614 4267 890 4334 λέγονται,
930 4269 980 4320 οί
1051 4267 1107 4319 δὲ
1176 4266 1549 4336 ὲπιτέταρτοι,
1627 4267 1752 4319 ὲπί-

180 4364 419 4431 πεμπτοί
448 4378 506 4413 τε
534 4362 629 4413 καὶ
656 4359 872 4427 ἔφεκτοι
902 4372 918 4389 ⁸
960 4360 1008 4411 οί
1033 4358 1091 4412 δὲ
1128 4358 1368 4428 ἡμιόλεοι
1441 4360 1517 4419 ὠς
1577 4359 1605 4411 ὁ
1667 4357 1749 4424 ἓξ»

186 4455 272 4505 καὶ
326 4452 561 4517 ὁέννέα,
621 4452 703 4503 ὅτι
752 4451 905 4514 ὅλους
961 4450 1173 4520 ἔχουσιν
1239 4451 1297 4502 ὲν
1350 4451 1562 4513 ἑαυτοῖς
1627 4450 1751 4520 ἀρι-

1853 3265 2015 3333 igitur
2045 3272 2099 3315 et
2162 3261 2463 3327 bujusnaodi
2499 3264 2679 3317 omnia
2711 3279 2881 3317 canon
2925 3274 3088 3327 vetat,
3122 3278 3290 3331 caque
3325 3264 3417 3331 qui

1850 3362 2128 3415 exercent,
2156 3362 2248 3407 aut
2276 3354 2416 3406 aliud
2467 3355 2740 3423 quidpiam
2790 3355 2961 3423 turpis
3014 3354 3190 3407 lucelli
3244 3354 3419 3420 gratia

1849 3444 2303 3513 excogitaverint,
2342 3452 2434 3498 aut
2463 3445 2847 3513 sesquialteras
2880 3445 3185 3513 exegerint,
3222 3444 3417 3513 deponi

1846 3536 2018 3606 jubet.
2071 3534 2204 3589 Cum
2265 3551 2499 3605 namque
2543 3550 2705 3603 supra
2758 3536 2930 3605 egerit
2965 3537 3030 3589 de
3081 3535 3415 3599 centesimis,

1851 3643 1967 3697 quae
1998 3638 2127 3681 sunt
2153 3627 2394 3681 omnium
2424 3643 2734 3688 usurarum,
2768 3637 2825 3679 ut
2874 3628 3132 3692 diximus,
3188 3626 3420 3695 iniquis-

1852 3723 2023 3787 simae,
2055 3735 2179 3774 mox
2201 3734 2320 3774 eam
2351 3734 2471 3789 quae
2498 3720 2679 3774 minus
2709 3720 2921 3788 injurim
2950 3721 3128 3783 liabet,
3159 3719 3423 3788 sesquial-

1853 3821 2023 3867 teram
2060 3826 2273 3882 quoque
2305 3810 2500 3881 rejicit.
2532 3812 2625 3865 Est
2645 3821 2823 3865 autem
2854 3811 3227 3880 sesquialtera,
3257 3812 3421 3865 totius

1850 3903 2160 3967 dimidium,
2216 3902 2498 3957 duodecim
2555 3902 2810 3956 videlicet
2860 3918 3202 3956 nummorum
3250 3902 3417 3955 altera

1850 4011 1999 4066 pars,
2074 4012 2141 4049 ex
2203 3995 2402 4064 quibus
2450 3994 2737 4049 coniicitur
2795 3994 3101 4049 centesima:
3154 3995 3415 4062 integrum

1850 4097 2012 4157 atque
2036 4086 2334 4156 perlectum
2372 4085 2568 4141 fcenus.
2603 4086 2707 4141 Sed
2746 4086 2889 4139 dicat
2934 4085 3165 4141 fortasse
3214 4087 3414 4155 aliquis

1852 4178 2239 4248 sesquialteras
2269 4177 2432 4232 etiam
2472 4176 2624 4245 juxta
2679 4177 3074 4232 arithmeticos.
3108 4177 3257 4247 Apud
3296 4178 3418 4232 illos

1854 4285 2088 4339 namque
2140 4285 2491 4324 numerorum
2538 4270 2628 4322 alii
2677 4269 2943 4340 ἑπίτριτοι
2999 4270 3271 4335 dicuntur,
3316 4271 3417 4324 hoc

1853 4371 1959 4427 est,
2021 4360 2372 4430 scsquitertii,
2426 4360 2515 4414 alii
2572 4360 2940 4431 ὲπιτέταρτοι,
2989 4361 3321 4432 ὲπίπεμπτοι
3362 4372 3417 4416 et

1854 4453 2091 4522 ἔφεκτοι,
2123 4453 2280 4524 quasi
2312 4454 2721 4522 sesquiquartos
2744 4455 2915 4519 dicas,
2956 4455 3174 4520 quintus
3205 4462 3259 4506 et
3290 4467 3415 4506 sex-

181 4542 367 4611 θμοῦς,
429 4514 554 4595 και
586 4542 654 4595 τὰ
707 4542 880 4612 ἡμίση
938 4514 1137 4596 αὐτῶν.
1190 4544 1413 4611 Ἔχουσι
1451 4543 1562 4614 γάρ
1591 4544 1619 4596 ὁ
1645 4514 1739 4613 μὲν

1853 4552 1958 4608 tos,
1994 4542 2083 4597 alii
2114 4558 2243 4599 vero
2274 4543 2641 4613 sesquialtcri,
2699 4552 2755 4597 ut
2790 4542 3039 4596 senarius
3088 4553 3141 4595 et
3181 4557 3417 4596 novena-

179 4633 235 4698 ἓξ
263 4635 329 4689 τά
366 4634 613 4705 τέσσαρα
641 4633 735 4686 καὶ
758 4636 865 4687 τῶν
890 4635 1172 4704 τεσσάρων
1201 4636 1260 4688 τὸ
1286 4637 1483 4706 ἥμισυ,
1535 4636 1562 4689 ὅ
1618 4636 1736 4689 ἐστι

242 4814 286 4846 ⁸⁸
324 4814 484 4871 Deut.
513 4826 676 4878 mn,
723 4810 808 4866 i9.

1851 4636 1987 4703 rius,
2013 4637 2156 4706 quod
2190 4646 2383 4701 totum,
2406 4652 2469 4691 sc
2486 4637 2599 4705 ejus
2617 4646 2877 4705 praeterea
2901 4634 3174 4688 dimidiam
3206 4642 3413 4703 partem

1406 4901 1596 4962 Guill.
1634 4903 1957 4982 Bevercgii
1991 4910 2179 4967 notae.

246 5012 357 5080 (65)
380 5013 439 5063 Οἱ
464 5007 583 5079 μὲν
607 5005 865 5080 ἀριθμῶν
888 5004 1197 5080 ἐστίτριτοι.
1220 5004 1477 5080 Quisnam
1515 5009 1734 5080 proprie

181 5075 262 5138 sit'
304 5075 537 5149 άριθμξρς
582 5079 857 5147 ἐπίτριτος
896 5078 1091 5149 docuit_
1132 5076 1257 5149 olim
1302 5076 1466 5129 Aulus
1508 5075 1734 5149 Gellius,

177 5145 387 5209 dicens.
418 5145 672 5218 Epitrims
700 5145 869 5218 autem
893 5156 986 5208 est,
1005 5147 1093 5211 qui
1126 5147 1280 5198 habet
1306 5155 1468 5198 totum
1509 5146 1737 5218 aliquem

178 5236 469 5281 numerum,
502 5230 548 5272 et
579 5217 810 5285 ejusdth
843 5229 1041 5281 parlen
1081 5218 1287 5267 tertiam
1307 5233 1324 5271 :
1348 5229 1397 5266 ιιι
1423 5228 1647 5283 quatuor
1666 5217 1735 5270 ad

180 5303 318 5345 tres:
346 5289 620 5359 duodecim
651 5288 717 5337 ad
741 5300 915 5359 noceat
937 5302 954 5336 :
986 5286 1340 5359 quadraginta
1378 5285 1454 5359 ad
1486 5288 1728 5359 triginta.

179 5363 298 5413 Aul.
347 5358 478 5412 Gell.
542 5358 698 5410 .Vort.
736 5354 844 5407 Αιί.
884 5356 919 5405 I.
954 5370 1102 5416 xuii,
1147 5368 1198 5406 c.
1235 5355 1319 5407 H.
1375 5354 1589 5408 Necnon
1626 5357 1734 5407 Ma-

178 5434 420 5489 crobius,
481 5429 547 5480 Et
598 5438 673 5479 est
719 5426 984 5492 epilrilus,
1037 5427 1259 5491 inquit,"
1290 5440 1406 5476 cum
1436 5428 1499 5477 de
1533 5426 1733 5478 duobus

180 5501 406 5551 numeris
430 5500 600 5566 major
628 5497 781 5548 habet
816 5506 981 5546 totum
1014 5496 1350 5566 minorem,et
1385 5494 1598 5566 insuper
1620 5496 1735 5566 ejus

180 5572 392 5620 tertiam
430 5563 672 5634 partem:
712 5577 762 5617 ut
800 5571 920 5617 sunt
969 5572 1199 5632 quatuor
1233 5563 1299 5614 ad
1343 5564 1469 5634 tria,
1526 5580 1646 5615 nam
1682 5565 1737 5617 in

176 5651 404 5705 quatuor
430 5633 550 5691 sunt
578 5637 679 5688 tria
701 5644 747 5687 et
779 5633 929 5686 tertia
960 5649 1083 5705 pars
1116 5634 1302 5705 trium,
1340 5633 1394 5684 id
1428 5643 1527 5697 est,
1552 5649 1734 5687 unum.

185 5703 249 5757 Et
297 5710 346 5758 is
397 5723 638 5760 numerus
678 5704 971 5773 appellatur
1027 5703 1305 5769 Epilritus,
1362 5717 1437 5773 rex
1465 5718 1621 5769 eoque
1647 5720 1742 5756 na-

184 5778 355 5828 scitur
398 5772 889 5840 symphonia,'quw
945 5775 1235 5841 appellatur
1296 5772 1384 5825 διὰ
1432 5774 1735 5843 τεσσάρων.

1844 5007 2081 5063 Macrob.
2124 5008 2183 5081 in
2223 5007 2407 5081 Somn.
2443 5006 2589 5073 Scip.
2634 5007 2668 5061 l.
2716 5023 2779 5081 ιι,
2828 5009 2966 5081 cal.
2994 5008 3188 5063 Eadem
3233 5010 3413 5081 itaque

1846 5081 2059 5151 ratione
2083 5078 2524 5151 etiamdum“
2560 5089 2644 5132 est
2678 5079 2851 5151 major
2876 5079 3286 5151 illeguutucrus,
3321 5078 3415 5151 Qui

1845 5149 2109 5203 minorem
2142 5148 2323 5211 habet,
2357 5160 2411 5202 et
2434 5158 2689 5216 quartam
2726 5149 2945 5215 insuper
2980 5149 3136 5201 istius
3166 5148 3413 5217 partem:

1842 5226 1901 5271 ut
1929 5219 2114 5271 decem
2149 5227 2278 5271 sunt
2315 5221 2379 5269 ad
2413 5229 2566 5279 octo;
2615 5232 2736 5269 nam
2788 5218 2839 5269 in
2883 5221 3066 5285 decem
3113 5230 3237 5270 sunt
3270 5234 3413 5285 octo,

1838 5297 1888 5341 ct
1923 5296 2113 5355 quarta
2158 5302 2284 5356 pars
2318 5297 2471 5357 octo,
2502 5288 2615 5340 sive
2646 5286 2773 5341 duo.
2809 5288 2898 5341 Sic
2946 5288 3109 5342 etiam
3145 5292 3412 5357 quinque,

1838 5358 2146 5426 quiintecim
2170 5395 2184 5419 ,
2222 5356 2445 5425 viginti,
2482 5367 2610 5419 etc.,
2644 5366 2767 5410 sunt
2801 5359 3007 5411 numeri
3042 5356 3412 5421 ὲπιτέταρίτοι.

1840 5427 1981 5479 Idem
2008 5436 2063 5478 et
2088 5429 2155 5479 de
2179 5428 2423 5479 numeris
2460 5427 2828 5494 έπιπέμπτοις
2859 5436 2911 5479 et
2940 5428 3194 5494 ὲφέκτοις
3225 5430 3412 5483 dicen-

1839 5496 1961 5549 dum
1994 5502 2075 5548 est
2098 5512 2117 5564 7:
2156 5510 2279 5547 nam
2318 5494 2672 5564 ἐπίπεμπτος
2701 5505 2786 5549 est
2815 5534 2829 5558 .
2868 5497 2959 5561 qui
2996 5500 3257 5550 minorem
3293 5516 3413 5552 cuin

1841 5564 2048 5636 quinta,
2080 5563 2308 5636 ἔφεκτος
2333 5566 2423 5632 qui
2463 5567 2723 5619 minorem
2760 5582 2881 5618 cum
2909 5577 3059 5619 sexta
3094 5568 3236 5620 illius
3262 5578 3412 5636 parte

1843 5634 2107 5706 continet.
2147 5635 2237 5706 Sic
2267 5636 2548 5706 duodecim
2581 5636 2645 5689 ad
2674 5638 2854 5706 decem
2900 5648 2983 5690 est
3036 5634 3405 5706 ὲπίπεμπτος,

1842 5702 2248 5772 quatuordccim
2276 5706 2339 5756 ad
2372 5704 2651 5761 duodecim
2684 5704 2932 5774 ἔφεκτος.
