3992 6480
565 320 670 381 295
1816 320 1914 379 ΤΗ
1928 319 2091 379 son.
2141 318 2372 377 ΒΑΙ.5Α
2384 318 2539 377 ΜοΝ
3667 334 3755 397 296

563 434 900 495 contineant,
942 432 1191 486 senarius
1243 432 1460 502 quidem
1510 440 1854 501 quaternum,
1914 433 2127 500 ejus-quc

2236 433 2304 485 τὰ
2338 433 2430 486 δύο
2459 448 2479 466 ο
2509 436 2536 486 ὁ
2559 433 2615 485 δὲ
2642 432 2800 486 ἐννέα
2854 435 2920 487 τὰ
2954 433 3011 498 ξε
3044 435 3136 487 καῖ
3161 434 3359 490 τούτων
3386 439 3441 492 τὸ
3489 441 3662 511 ἥμισυ,
3702 452 3759 504 τὰ

564 524 869 586 dimidium,
928 524 1017 590 qui
1068 533 1149 577 cst
1183 524 1444 589 binarius,
1498 523 1820 577 noveuarius
1851 523 2123 575 scnarium

2236 526 2364 595 τρία
2396 525 2659 595 δηλονότι.
2697 527 2796 580 Διὰ
2862 528 2993 595 γοῦν
3044 528 3320 598 ἡμιολίας,
3375 531 3447 594 ὼς
3508 534 3569 587 ἂν
3612 542 3758 593 νοοῖτο

566 615 876 683 senariique
912 615 1217 683 dimidium,
1250 631 1441 683 nempe
1477 615 1800 669 ternarium.
1837 613 1943 668 Sed
1994 629 2127 682 quo-

2238 616 2399 683 αὔτη,
2433 618 2591 670 τοῦτο
2626 620 2917 688 μονονουχὶ
2947 618 3094 686 λέγει
3123 619 3151 669 ὀ
3205 618 3403 686 κανὼν,
3437 620 3508 684 ὡς
3538 624 3582 675 ει
3622 626 3759 693 μόνον

567 720 781 771 ermque
815 706 1028 759 demum
1059 717 1217 775 pacto
1264 708 1673 773 sesquialteram
1720 705 2011 773 intelligas,
2070 720 2127 759 ea

2241 708 2334 760 τὸν
2366 708 2664 779 βαρύτερον
2690 711 2749 761 οὐ
2780 710 3041 778 λήψονται
3090 713 3246 762 τόκον
3273 712 3319 764 οἱ
3347 712 3401 765 έν
3457 712 3531 783 τῷ
3577 714 3759 789 κλήρῳ,

518 858 523 863 ,
562 797 814 850 videlicet
844 799 1069 851 canonis
1099 807 1185 850 est
1216 799 1509 857 sententia,
1543 808 1596 849 ut
1627 796 1839 851 clericis
1870 813 1976 849 non
2013 813 2127 864 gra-

2242 797 2357 849 ἀλλ’
2388 800 2509 851 οὐδὲ
2536 800 2696 853 ἄλλον
2733 802 2858 853 τινὰ
2893 801 3276 870 μετριώτερον.

561 890 907 943 vissimarum
968 889 1185 951 solum,
1260 888 1351 941 sed
1442 888 1795 941 mediocrium
1864 902 2077 956 quoque
2157 901 2439 943 usurarum
2502 895 2785 944 exactione
2878 893 3221 947 interdictum
3299 907 3417 949 esse
3487 895 3752 955 denuntiet.

561 981 791 1037 ARIST.
827 982 886 1035 Si
927 985 1043 1049 quis
1091 998 1299 1044 usuras,
1353 993 1443 1033 aut
1496 982 1867 1050 sesquialteras
1917 982 2127 1046 accipit,

2236 983 2454 1038 ΑΡΙΣΤ.
2493 984 2564 1038 ΕΖ
2594 1002 2683 1050 τις
2708 986 2924 1049 τόκους
2950 986 2988 1053 ἢ
3045 985 3317 1053 ἡμιολίας
3368 986 3791 1055 λαιιόάνοι,ἁλο“

635 1076 843 1127 alienus
871 1076 989 1135 erit,
1036 1084 1080 1127 et
1125 1087 1236 1143 post
1271 1078 1403 1125 hanc
1446 1072 1692 1126 Ecclesia:
1730 1072 2127 1129 determinatio-

2283 1077 2524 1143 λότριος
2547 1079 2738 1139 ἔσται,
2761 1079 2912 1147 μετὰ
2941 1078 3047 1132 τόν
3079 1080 3223 1147 ὅρον
3280 1080 3487 1133 τοῦτον
3512 1080 3615 1149 τῆς
3655 1083 3763 1137 Ἐκο
3790 1086 3794 1090 ’

638 1182 751 1217 nent
785 1166 1069 1229 depositus.

2289 1172 2552 1237 πλησίας
2580 1174 3077 1241 καθαιρούμενος.

634 1254 959 1307 Centcsinta:
989 1254 1205 1322 quidem
1235 1268 1409 1304 usura’
1447 1267 1565 1319 qua:
1598 1252 1837 1305 omnium
1868 1251 2127 1305 habentur

2309 1260 2373 1311 Οἱ
2415 1262 2513 1328 μὲν
2549 1262 2917 1315 έκατοστιαῑοι
2948 1263 3124 1325 τόκοι,
3160 1261 3355 1324 οἵτινες
3385 1262 3479 1315 καὶ
3545 1262 3763 1332 μείζονες

565 1345 839 1407 maximm,
878 1345 1158 1397 duodecim
1195 1354 1315 1395 sunt
1372 1344 1718 1406 nttmismata,
1757 1343 1991 1395 dimidia:
2038 1355 2127 1393 au-

2236 1352 2341 1405 τῶν
2367 1354 2542 1405 τόκων
2576 1353 2796 1406 πάντων
2855 1354 3238 1424 γνωρίζονται,
3292 1356 3357 1406 τὰ
3411 1353 3606 1407 δώδεκά
3676 1357 3765 1408 εἰσι

565 1446 669 1489 tem
702 1451 911 1497 earum,
933 1451 1048 1489 sex.
1077 1434 1130 1488 Si
1160 1438 1282 1502 quis
1308 1436 1485 1502 itaque
1513 1452 1541 1488 e
1574 1434 1911 1488 consecratis
1945 1442 2127 1486 mutuo

2238 1446 2553 1515 νομίσματα
2587 1461 2602 1476 ⁸
2637 1446 2685 1497 οἱ
2731 1445 2786 1497 δὲ
2825 1445 3043 1515 ἡμίσεις
3076 1445 3283 1498 τούτων
3309 1445 3377 1497 τὰ
3397 1444 3472 1510 ἒξ.
3506 1446 3570 1499 Εἰ
3589 1464 3663 1509 τις
3688 1441 3766 1498 οὖν

564 1528 699 1579 dans
737 1526 894 1579 alicui
929 1540 1025 1594 per
1060 1541 1277 1579 usuram
1312 1527 1393 1589 vel
1428 1527 1701 1595 graviores
1727 1524 1906 1593 exiget
1940 1538 2127 1576 usuras

2236 1539 2335 1591 τῶν
2366 1539 2701 1607 ἱερωμένων,
2730 1539 2979 1602 δανείσας
3015 1540 3141 1603 τινὶ,
3174 1541 3206 1611 ἢ
3275 1541 3400 1603 τοὺς
3470 1540 3766 1610 βαρυτέρους

562 1616 680 1669 sive
716 1617 1064 1677 centesimas,
1114 1616 1195 1668 vel
1232 1615 1649 1683 sesquiallcras,
1699 1613 1810 1667 sive
1852 1612 2127 1665 dimidium

2236 1631 2522 1701 ἀπαιτήσει
2572 1630 2783 1695 τόκους,
2845 1632 3014 1701 ἤγουν
3094 1631 3222 1693 τοὺς
3270 1631 3678 1695 ὲκατοστιαίους,
3734 1633 3763 1700 ἢ

565 1721 752 1759 earum
785 1716 876 1759 aut
909 1716 1112 1773 sextas,
1148 1715 1205 1758 ut
1240 1708 1430 1759 divina:
1464 1707 1668 1759 oblitus
1718 1704 2013 1772 Scripturte
2048 1704 2130 1756 di-

564 1799 758 1861 centis,
783 1796 1065 1852 Pecuniam
1091 1816 1240 1851 suam
1270 1816 1371 1851 non
1400 1800 1539 1851 dedit
1572 1800 1622 1851 in
1651 1814 1866 1849 usuram
1890 1794 1956 1859 ",
1984 1795 2131 1849 clero

568 1892 869 1959 deponetur
899 1910 912 1945 :
942 1893 1040 1945 etsi
1095 1891 1536 1961 quadragesimus
1580 1901 1804 1958 quartus
1859 1886 2133 1955 apostolo-

566 1991 686 2028 rum
718 1989 893 2028 cauon
926 1986 975 2029 et
1020 1988 1185 2029 sexta)
1216 1977 1403 2046 synodi
1434 1977 1484 2027 in
1518 1972 1705 2027 Trullo
1739 1974 1978 2026 decimus
2023 1987 2128 2024 non

2230 1722 2507 1791 ἡμιολίας,
2534 1725 2652 1793 ἦτοι
2688 1724 2747 1777 τὸ
2777 1723 2949 1793 ἥμισυ
2984 1724 3211 1787 τούτων,
3239 1723 3408 1793 ἤγουν
3444 1724 3510 1775 τὰ
3562 1722 3636 1787 ἒξ,
3700 1723 3763 1787 ὡς

2232 1813 2326 1865 τοῦ
2385 1815 2531 1868 Θείου
2555 1814 2949 1884 ἐπιλαθόμενος
3010 1814 3339 1883 γράμματος
3388 1814 3479 1865 τοῦ
3522 1813 3763 1880 λέγοντος.

2236 1907 2307 1960 Τὸ
2334 1906 2618 1974 ἀργύριον
2638 1905 2821 1959 αὐτοῦ
2847 1906 2959 1958 οὐκ
2981 1904 3204 1958 ἔδωκεν
3220 1904 3319 1957 ἐπὶ
3349 1904 3520 1969 τόκῳ,
3542 1903 3626 1955 τοῦ
3658 1904 3767 1973 κλή-

2235 2015 2330 2064 ρου
2359 1997 2818 2067 καθαιρεθήσεται
2840 2010 2853 2023 ⁶
2888 1996 2993 2050 κᾶν
3019 1998 3046 2049 ὁ
3076 1996 3507 2066 τεσσαρακοστδς
3542 1995 3767 2064 τέταρτος

564 2069 765 2123 exinde
804 2083 923 2121 eum
964 2069 1239 2137 deponunt
1282 2066 1383 2120 nisi
1421 2065 1639 2137 quando
1685 2064 1990 2119 admonitus
2028 2064 2127 2117 ltoe

2236 2088 2340 2141 τῶν
2366 2064 2541 2155 ἁγίων
2578 2064 2893 2140 ἀποστόλων
2948 2085 3043 2139 καὶ
3094 2087 3121 2138 ὁ
3188 2064 3417 2146 δέκατος
3480 2084 3575 2153 τῆς
3624 2084 3768 2153 ἕκτης

563 2158 744 2214 facere
778 2176 881 2213 non
918 2160 1149 2213 desinat.

1018 2426 1126 2495 ες)
1149 2423 1373 2478 CANON
1412 2424 1594 2478 xvm.

565 2513 803 2569 Perrenit
865 2516 932 2568 ad
978 2530 1213 2569 sanctam
1263 2519 1541 2585 synodum,
1586 2516 1721 2586 quod
1759 2518 1813 2569 in
1862 2517 2127 2570 nonnullis

631 2608 756 2660 locis
782 2621 826 2659 et
857 2610 1151 2660 civitati/ms
1181 2610 1390 2660 diaconi
1421 2610 1544 2661 dunt
1580 2610 1891 2677 presbyteris
1920 2609 2129 2660 Eucha-

634 2699 860 2755 rtstiam,
891 2699 1027 2765 quod
1060 2713 1217 2761 neque
1257 2714 1445 2757 canon,
1474 2713 1633 2766 neque
1662 2698 1979 2750 consuetudo
2007 2708 2125 2750 trao

629 2790 787 2850 (ltr'dit,
826 2799 878 2839 ut
928 2789 1016 2852 qui
1061 2788 1314 2855 oﬁerendi
1363 2798 1666 2855 potestatem
1695 2805 1795 2840 non
1821 2789 2034 2849 habent,
2066 2792 2128 2843 iis

626 2880 715 2951 qui
754 2881 998 2950 offerunt,
1035 2883 1153 2932 deut
1191 2897 1373 2947 corpus
1410 2878 1625 2933 Christi.
1653 2876 1780 2934 Iam
1832 2896 1947 2934 tero
1997 2881 2128 2934 il'ud

632 2974 789 3025 etiam
839 2974 1100 3042 cognitum
1156 2984 1274 3035 est,
1323 2973 1459 3039 quod
1509 2974 1723 3041 quidam
1777 2988 1841 3025 ea:
1890 2974 2126 3026 diaconis

625 3066 778 3118 eriam
810 3076 926 3117 tlitlt.’
956 3066 1223 3132 episcopos
1258 3065 1642 3116 Eucharistiam
1677 3065 1960 3133 attingunt.
1998 3063 2127 3117 Πιιέ

626 3172 746 3223 ergo
801 3156 975 3207 omnia
1032 3156 1384 3225 auferantur,
1445 3164 1492 3206 et
1550 3156 1758 3207 diaconi
1809 3155 1950 3207 intra
2002 3172 2126 3208 suas

626 3267 900 3303 mettsutas
942 3260 1307 3316 permaneant,
1341 3253 1554 3304 scientes
1583 3250 1721 3320 quod
1752 3260 1872 3303 sunt
1914 3250 2121 3319 quidem

626 3345 853 3409 episwpi
890 3344 1136 3405 ministri,
1161 3345 1471 3412 presbyteris
1505 3359 1623 3396 vero
1676 3344 1928 3395 minores.
1972 3343 2127 3394 Acci-

628 3436 775 3501 piant
811 3445 978 3485 autem
1018 3451 1109 3486 suo
1140 3435 1321 3487 ordine
1354 3432 1745 3487 Enclmristiam
1777 3445 1891 3503 post
1917 3433 2127 3503 presby-

633 3534 793 3589 teros,
827 3526 899 3577 eis
937 3524 1198 3592 pra'bentc
1243 3526 1481 3591 episcopo
1539 3526 1613 3576 vel
1657 3526 1976 3593 presbytero.
2024 3523 2127 3577 Sed

630 3630 719 3666 nec
755 3614 808 3666 in
843 3617 1010 3665 medio
1031 3616 1237 3683 quidem
1264 3615 1679 3683 presl'ytcrorum
1714 3616 1863 3668 liceat
1890 3615 2127 3667 diaconi:

627 3708 822 3759 sedere.
856 3704 921 3757 Id
959 3706 1019 3770 ﬁt
1051 3707 1184 3758 enim
1225 3717 1416 3773 praeter
1466 3724 1716 3760 canonent
1767 3718 1812 3759 et
1856 3707 2119 3760 ordinem.

631 3796 831 3866 Siquis
864 3809 1037 3851 autent
1074 3814 1173 3852 non
1224 3797 1325 3850 vult
1379 3800 1609 3861 obedire,
1659 3800 1813 3851 etiam
1860 3810 1973 3869 post
2027 3800 2124 3851 has

627 3890 1051 3956 constitutiones,
1092 3908 1123 3945 a
1153 3892 1435 3946 diaconatu
1471 3892 1713 3947 desistat.

631 4285 824 4340 BALS.
861 4284 1014 4349 Quod
1042 4300 1228 4355 magna
1260 4284 1332 4340 sit
1365 4285 1704 4341 sacerdotum
1738 4286 1992 4357 dignitas,
2031 4293 2124 4345 sed

560 4378 730 4433 multo
766 4376 938 4444 major
968 4375 1370 4445 episcoporum,
1397 4389 1450 4432 et
1480 4380 1621 4447 quod
1648 4379 1849 4434 debent
1877 4382 2122 4437 diaconis

557 4472 819 4542 praeponi,
846 4486 911 4523 ex
942 4469 1075 4537 ipsis
1104 4467 1260 4523 factis
1291 4470 1617 4525 ostenditur.
1653 4472 1763 4527 lllis
1811 4472 1955 4526 enim
2009 4488 2123 4527 scr-

559 4566 726 4630 vitur,
766 4565 816 4619 bi
856 4578 982 4619 vero
1016 4566 1284 4618 serviunt.
1318 4563 1511 4628 Quidni
1562 4578 1690 4635 ergo
1729 4563 1972 4634 praeferri
2027 4566 2122 4618 de-

558 4656 683 4708 bent
740 4655 772 4707 ii
812 4654 1007 4723 quibus
1062 4654 1435 4719 ministratur,
1487 4656 1555 4711 iis
1607 4656 1697 4726 qui
1759 4656 2122 4710 ministrant?

558 4748 825 4813 Quoniam
862 4757 1040 4800 autem
1074 4750 1340 4811 nonnulli,
1374 4748 1578 4818 inquit,
1609 4749 1845 4812 diaconi,
1880 4750 2123 4803 ordinem

559 4838 613 4892 in
669 4837 983 4893 civitatibus
1043 4838 1417 4904 dissolventes,
1461 4851 1586 4894 ante
1631 4842 1915 4909 episcopos
1965 4840 2125 4894 acci-

559 4929 734 4998 piunt,
768 4939 823 4983 et
869 4930 1005 4983 dant
1050 4931 1380 5000 presbyteris
1429 4930 1869 4986 Eucltaristiam:
1914 4941 2125 4986 etcum

557 5020 781 5072 omnino
839 5020 1073 5073 debeant
1141 5035 1168 5073 a
1239 5020 1567 5090 presbyteris
1619 5029 1673 5075 et
1745 5022 2127 5078 sacerdotibus

558 5110 913 5172 sanctiticari,
947 5109 1205 5179 quoniam
1232 5112 1395 5164 etiam
1428 5113 1721 5180 Apostolus
1774 5114 1927 5177 dicit,
1975 5112 2129 5181 Quod

561 5206 738 5255 nimus
765 5211 871 5264 est,
898 5202 963 5255 ab
993 5216 1059 5256 eo
1106 5200 1247 5270 quod
1297 5211 1380 5256 est
1435 5206 1801 5271 praestantius,
1854 5206 2132 5260 benedici-

561 5302 648 5347 tur
673 5293 758 5348 διε
801 5311 907 5349 non
939 5304 1089 5350 stant
1118 5296 1185 5349 iis
1224 5310 1344 5363 qua:
1376 5296 1592 5350 decreta
1625 5308 1773 5363 sunt,
1801 5306 1856 5352 et
1901 5298 1955 5351 in
1999 5313 2129 5354 con-

559 5384 966 5453 gregationibus
1000 5387 1165 5442 etiam
1202 5388 1395 5440 sedent
1443 5387 1499 5440 in
1553 5388 1731 5443 medio
1783 5390 2131 5461 presbytero-

560 5490 675 5528 rum
716 5494 726 5525 :
769 5479 1046 5532 delinitqu
1108 5487 1191 5531 est
1239 5488 1296 5530 ut
1344 5478 1556 5532 diaconi
1615 5480 1684 5533 ab
1740 5481 1997 5550 episcono
2050 5482 2132 5537 vel

565 5571 885 5642 presbytero
918 5572 1209 5641 accipiant,
1261 5580 1316 5625 et
1347 5580 1403 5623 ttt
1440 5579 1559 5639 post
1603 5574 1915 5629 sacerdOtes
1953 5589 2136 5629 sacro-

554 5677 674 5718 rum
712 5662 1087 5730 mysteriorum
1117 5662 1409 5730 participes
1450 5664 1579 5715 tiaut
1609 5678 1621 5714 :
1656 5672 1710 5717 et
1744 5678 1809 5718 ne
1839 5663 1891 5718 in
1926 5665 2124 5719 rnedio-

623 5751 670 5784 ⁸³
695 5751 871 5811 Levit,
907 5770 1033 5823 xxV,
1064 5755 1157 5814 57.
1232 5754 1277 5788 ⁵⁵
1308 5754 1471 5811 Hebr.
1507 5771 1581 5808 VII
1628 5756 1685 5814 7.

2233 2180 2455 2234 συνόδου
2486 2179 2585 2249 τῆς
2618 2181 2675 2232 ὲν
2702 2179 2776 2248 τῷ
2804 2177 3061 2247 Τρούλλῳ
3096 2178 3197 2229 οὐκ
3254 2175 3580 2229 ἀπεντεῦθεν
3629 2176 3769 2228 αὐτὸν

2231 2269 2586 2339 καθαιροῦσιν
2615 2285 2631 2301 ο
2682 2268 2797 2322 ἀλλ’
2828 2269 2960 2323 ὅταν
2988 2266 3389 2338 παραγγελθεὶς
3442 2266 3501 2322 οὐ
3555 2266 3769 2337 παύηται

2228 2360 2391 2415 τοῦτο
2422 2360 2613 2415 ποιῶν.

2832 2450 3069 2504 ΚΑΝΩΝ
3104 2448 3209 2502 lll'.

2285 2540 2515 2598 'IIJGer
2533 2546 2618 2611 εις
2643 2544 2755 2610 τὴν
2779 2546 2956 2612 ἁγίαν
2988 2545 3247 2598 σύνοδον
3260 2544 3349 2597 ὅτι
3372 2543 3441 2595 ἓν
3457 2556 3573 2596 τισι
3594 2541 3772 2605 τόποις

2286 2636 2380 2688 καί
2406 2636 2622 2687 πόλεσι
2651 2633 2775 2699 τοῖς
2797 2634 3223 2701 πρεσϐυτέροις
3252 2633 3369 2699 τὴν
3399 2630 3774 2700 Εὐχαριστίαν

2300 2731 2353 2781 οἱ
2392 2728 2660 2781 διάκονοι
2686 2727 2989 2789 διδόασιν,
3042 2726 3187 2793 ὅπερ
3219 2725 3357 2779 οὔτε
3389 2727 3421 2779 ό
3441 2724 3633 2776 κανὼν
3658 2722 3775 2775 οὔτε

2300 2823 2338 2889 ἠ
2380 2819 2676 2887 συνήθεια
2751 2818 3116 2888 παρέδωκεν,
3169 2817 3310 2883 τοὺς
3381 2815 3661 2881 ἐξουσίαν
3703 2814 3774 2882 μή

2302 2912 2555 2981 ἔχοντας
2589 2910 2953 2980 προσφέρειν
2980 2909 3101 2977 τοῖς
3134 2910 3547 2978 προσφέρουσι
3570 2906 3776 2960 διδόναι

2287 3002 2352 3055 τὸ
2384 2999 2555 3070 σῶμα
2584 3002 2690 3056 τοῦ
2722 3000 3001 3067 Χριστοῦ.
3048 2999 3302 3053 Κάκεῖνο
3337 2999 3405 3052 δὲ
3446 2997 3776 3067 ἐγνωρίσθη.

2303 3093 2391 3146 ὅτι
2415 3093 2530 3161 ἤδη
2572 3092 2730 3158 τινὲς
2756 3090 2873 3145 τῶν
2910 3091 3207 3145 διακόνων
3229 3091 3327 3143 καὶ
3359 3091 3474 3159 πρὸ
3516 3088 3629 3143 τῶν
3671 3088 3777 3141 tm.

2294 3186 2542 3239 σκόπων
2562 3183 2671 3253 τῆς
2709 3185 2753 3238 Ε
2759 3185 3107 3253 ὐχαριστίας
3137 3182 3448 3238 ἅπτονται.
3478 3181 3659 3238 Ταῦτα
3683 3179 3779 3233 οὖν

2291 3277 2485 3331 πάντα
2508 3276 2903 3345 περιῃρήσθω,
2922 3276 3018 3329 καὶ
3035 3276 3454 3345 ἐμμενέτωσαν
3474 3277 3527 3328 οι
3542 3273 3781 3329 διάκονοι

2304 3370 2429 3434 τοῖς
2449 3368 2620 3433 ἰδίοις
2673 3369 2931 3437 μέτροις,
2979 3368 3199 3434 ειδότες
3222 3368 3312 3421 ὅτι
3342 3368 3447 3423 τοῦ
3476 3365 3784 3422 ἐπισκόπου

2305 3462 2601 3530 ὑπηρέται
2623 3461 2763 3524 εἰσ),
2785 3461 2903 3514 τῶν
2926 3461 3021 3513 καί
3058 3462 3478 3529 πρεσϐυτέρων
3497 3458 3782 3519 ἐλάττους.

2300 3556 2779 3626 Λαμσανέτωσαν
2811 3553 2879 3607 δὲ
2921 3553 3072 3607 κατὰ
3102 3553 3216 3621 τὴν
3236 3552 3413 3618 τάξιν
3476 3550 3588 3620 τὴν
3614 3551 3787 3617 Εὑχα·

2294 3650 2538 3719 ριστίαν
2604 3647 2753 3716 μετὰ
2824 3647 2966 3709 τοὺς
3043 3643 3513 3712 πρεσϐυτέρους,
3575 3643 3612 3711 ἢ
3695 3640 3787 3694 τοῦ

2299 3740 2637 3795 ἐπισκόπου
2657 3737 3085 3807 μεταδιδόντος
3099 3735 3305 3803 αὐτοῖς
3341 3737 3379 3804 ἢ
3405 3736 3510 3791 τοῦ
3548 3735 3789 3804 πρεσϐυ-

2306 3834 2500 3901 τέρου.
2555 3832 2737 3885 Ἀλλὰ
2757 3832 2842 3900 μὴ
2875 3829 3173 3896 καθῆσθαι
3200 3829 3270 3881 ἐν
3313 3828 3487 3897 μέσῳ
3517 3827 3631 3879 τῶν
3670 3839 3792 3890 πρε-

2290 3926 2601 3992 σϐυτέρων
2622 3921 2850 3986 ἐξέστω
2883 3919 3007 3986 τοῖς
3020 3920 3324 3984 διακόνοις
3351 3935 3366 3950 ·
3400 3917 3560 3985 παρὰ
3584 3915 3793 3969 κανόνα

2305 4020 2419 4089 γὰρ
2448 4018 2542 4071 καὶ
2568 4016 2725 4085 παρὰ
2761 4015 2934 4079 τάξιν
2963 4013 3095 4067 ἐστὶ
3151 4013 3219 4065 τὸ
3268 4013 3608 4079 γινόμενον.
3653 4008 3714 4063 El
3733 4003 3791 4057 δέ

2298 4132 2386 4178 τις
2405 4112 2491 4181 μὴ
2519 4110 2678 4165 θέλει
2709 4105 3054 4175 πειθαρχεῖν
3078 4104 3173 4157 καί
3200 4104 3353 4172 μετὰ
3378 4101 3630 4167 τούτους
3666 4097 3793 4163 τοὺς

2296 4208 2494 4275 ὅρους,
2527 4202 2850 4256 πεπαὺσθω
2888 4199 2998 4265 τῆς
3030 4197 3355 4261 διακονίας.

2312 4300 2510 4353 ΒᾹΛΣ.
2529 4298 2649 4349 Ὀτι
2676 4294 2815 4363 μέγα
2838 4294 2953 4344 ἐστὶ
2972 4291 3032 4344 τὸ
3048 4291 3153 4344 τῶν
3169 4290 3359 4360 ἱερέων
3378 4290 3618 4360 ἀξίωμα,
3636 4277 3797 4350 πολὶῷ

2239 4394 2296 4446 δὲ
2324 4392 2487 4444 πλέον
2510 4388 2570 4440 τὸ
2599 4386 2707 4439 τῶν
2729 4383 3065 4447 ἐπισκόπων,
3114 4382 3209 4434 καὶ
3234 4377 3379 4436 οὗτοι
3410 4381 3519 4434 τῶν
3548 4382 3599 4433 δι
3639 4379 3795 4431 κίνων

2234 4479 2602 4556 προτιμᾶσθαι
2624 4475 2927 4545 ὀφείλουσιν
2949 4512 2965 4537 ,
3009 4472 3069 4538 ἐξ
3110 4473 3289 4527 αὐτῶν
3312 4473 3421 4529 τῶν
3448 4473 3627 4543 ἔργων
3652 4463 3799 4536 παρί-

2226 4592 2437 4635 σταται.
2463 4572 2527 4625 Οἱ
2546 4570 2643 4640 μὲν
2662 4568 2769 4639 γὰρ
2788 4566 3152 4626 δουλεύονται,
3180 4564 3228 4620 οῑ
3250 4564 3306 4620 δὲ
3322 4563 3660 4619 δουλεύουσι.
3684 4556 3799 4618 Πῶς

2222 4669 2355 4739 γοῦν
2383 4666 2481 4719 οὐκ
2511 4662 2791 4730 ὀφείλουσι
2812 4657 3184 4727 προτιμᾶσθαι
3208 4657 3255 4709 οἱ
3282 4655 3686 4726 διακονούμενοι
3703 4648 3803 4701 τῶν

2222 4756 2645 4819 διακονούντων;
2685 4751 2831 4803 Ἐπεὶ
2853 4750 2929 4813 δὲ,
2952 4752 3107 4819 φησι,
3135 4749 3275 4810 τινὲς
3296 4749 3537 4802 διάκονοι
3550 4745 3646 4815 τὴν
3664 4739 3804 4803 τάξιν

2231 4852 2291 4905 ἐν
2319 4865 2431 4901 τισι
2456 4845 2647 4899 πόλεσι.
2718 4840 3110 4911 παραλύοντες,
3174 4839 3282 4910 πρὸ
3332 4822 3446 4892 τῶν
3502 4834 3805 4891 ἐπισκόπων

2242 4936 2752 5013 μεταλαμϐάνουσι,
2787 4931 2991 4985 διδόασι
3014 4930 3071 4983 δὲ
3103 4930 3201 4983 καὶ
3245 4932 3360 4993 τοῖς
3422 4927 3805 5000 πρεσόυτέροις

2231 5030 2329 5099 τὴν
2360 5026 2735 5095 εὐχαριστίαν,
2772 5023 2865 5075 καί
2893 5020 3079 5081 ἁπλῶς
3111 5020 3424 5088 ὀφείλοντες
3484 5016 3802 5087 ἁγιάζεσθαι

2232 5120 2339 5172 ὑπὸ
2374 5118 2485 5169 τῶν
2518 5113 2835 5169 ἐπισκόπων
2866 5114 2963 5166 καὶ
2986 5112 3093 5166 τῶν
3125 5113 3337 5180 ἱερέων,
3372 5113 3457 5164 ὅτι
3492 5112 3590 5164 καὶ
3618 5112 3646 5163 ὁ
3675 5105 3803 5161 ἀπό·

2236 5207 2419 5269 στολός
2445 5222 2576 5276 φησι
2602 5247 2615 5261 .
2640 5206 2712 5257 Τὸ
2738 5205 2956 5259 ἔλαττον
2987 5204 3092 5256 ὑπὸ
3119 5201 3211 5255 τοῦ
3238 5202 3551 5273 κρείττονος
3584 5197 3811 5267 εὐλογεῖ-

2235 5316 2350 5359 ται,
2381 5298 2482 5351 οὐκ
2531 5296 2828 5366 ἐμμένουσι
2898 5296 3007 5358 τοῖς
3057 5292 3362 5363 δεδομένοις
3392 5309 3405 5325 ·
3448 5294 3546 5347 καὶ
3596 5294 3655 5345 έν
3702 5290 3812 5348 ταῖς

2242 5387 2498 5449 συνάξεσι
2527 5387 2583 5439 δὲ
2615 5386 2877 5455 κάθηνται
2937 5386 3100 5455 μέσον
3139 5384 3249 5436 τῶν
3269 5381 3465 5454 ἱερέων
3496 5396 3513 5412 ⁶
3588 5377 3811 5450 ὡρίσθη.

2241 5477 2352 5531 ἀπὸ
2378 5478 2472 5529 τοῦ
2504 5475 2811 5528 ἐπισκόπου
2852 5475 2884 5543 ἢ
2912 5474 3007 5527 τοῦ
3040 5472 3420 5545 πρεσϐυτέρου
3461 5466 3813 5541 μεταλαμσάο

2244 5582 2356 5619 νειν
2378 5566 2501 5627 τοὺς
2525 5564 2831 5629 διακόνους,
2902 5564 2997 5617 καὶ
3057 5563 3197 5633 μετὰ
3264 5564 3392 5623 τοὺς
3473 5561 3647 5631 tepet;
3711 5555 3813 5607 τῶν

2246 5654 2607 5725 ἁγιασμὰτων
2627 5652 2940 5722 ἀξιοῦσθαι,
2971 5654 3061 5707 καὶ
3116 5652 3252 5724 μηδὲ
3322 5650 3494 5723 μέσον
3547 5645 3813 5719 καθῆσθαι
