3992 6480
438 328 548 394 299

1662 326 1941 389 THEOD.
1970 325 2371 388 BALSAMON

3571 332 3676 399 3X)

442 460 606 503 tatem
663 460 811 503 suam
873 446 1196 501 conlirmare
1251 454 1536 508 conantur.
1587 454 1642 499 et
1694 462 1799 499 non
1864 456 2005 501 recte

2109 446 2253 509 τινὲς
2278 447 2387 499 τῶν
2412 444 2506 500 τοῦ
2538 446 2760 511 κανόνος
2783 446 3046 519 ῥημάτων
3068 448 3529 520 ἀντιποιούμενοι,
3557 456 3678 524 (τῆς

439 540 713 602 ordinem,
749 538 815 591 ad
848 537 898 591 id
936 538 1077 606 quod
1104 547 1188 591 est
1214 536 1603 602 inordinatum,
1652 537 2002 598 transferunt,

439 628 703 697 permittit
728 626 942 697 quidem
974 628 1317 694 imperatoria
1340 641 1457 680 mea
1488 628 1757 682 serenitas
1785 626 2008 680 canonis

438 719 781 789 interpretari
832 726 887 773 et
941 718 1223 773 declarare
1273 727 1629 782 contextum,
1693 716 1783 787 qui
1851 716 2008 771 facile

437 810 821 882 comprehendi
874 818 1079 879 potest,
1128 820 1184 865 et
1234 809 1455 879 pulchre
1507 810 1743 864 discerni
1790 808 1858 863 iis
1916 808 2005 876 qui

436 912 625 957 exat-te
652 910 958 973 penetrant,
1004 911 1059 955 et
1092 903 1410 954 canonicum
1456 915 1674 955 sensum
1715 901 2006 969 attingunt.

436 996 550 1049 Hoc
591 1005 768 1049 autem
818 993 1002 1063 utique
1039 994 1211 1062 ipsum
1270 992 1612 1061 pontiﬁcibus
1660 996 1860 1059 probro
1904 1001 2006 1055 est,

436 1086 580 1153 quod
614 1100 741 1139 cum
772 1097 1036 1137 canonem
1066 1083 1289 1148 scirent,
1320 1093 1373 1135 et
1410 1081 1527 1151 ejus
1571 1081 1731 1136 verba
1768 1080 2007 1152 perfecte

436 1176 820 1246 intelligerent,
870 1192 1020 1228 suam
1075 1174 1313 1243 ipsorum
1376 1173 1763 1228 conscientiam
1813 1182 2007 1241 praeter

439 1269 703 1321 rationem
728 1267 1139 1328 conculcarunl,
1164 1272 1218 1317 et
1238 1264 1362 1317 dum
1394 1260 1792 1317 disturbaretur
1808 1273 2004 1324 canon,

438 1359 825 1420 toleraverunt,
858 1366 1019 1426 atque
1050 1354 1359 1409 inferiorem
1388 1355 1685 1407 sessionem
1718 1352 1821 1406 sub
1851 1352 1997 1420 prio-

435 1452 586 1506 ribus
639 1449 990 1505 cliartulariis
1045 1447 1277 1517 amplexi
1332 1445 1569 1500 fuerunt.
1630 1444 1861 1513 Ideoque
1906 1459 2003 1512 pro

434 1557 717 1599 sacrorum
752 1554 1019 1595 canonum
1060 1547 1367 1607 contemptu
1402 1536 1703 1592 mercedem
1758 1536 1893 1589 hanc
1926 1536 2006 1591 eis

438 1633 718 1705 (majestas
767 1633 908 1700 mea)
958 1631 1164 1695 tribuit,
1203 1637 1259 1683 ut
1311 1644 1437 1683 suas
1475 1628 1542 1683 ad
1582 1627 1840 1682 ecclesias
1891 1626 2007 1682 abi-

433 1734 651 1794 gantur,
713 1722 1069 1777 ecclesiastici
1125 1722 1348 1774 canonis
1387 1720 1547 1773 etiam
1590 1719 1693 1773 liae
1750 1721 1800 1773 in
1853 1728 2005 1789 parte

437 1816 682 1884 vestigiis
722 1814 1002 1877 insistens,
1039 1822 1093 1867 et
1141 1814 1399 1866 adversus
1446 1827 1712 1865 canonum
1756 1821 2000 1865 conteni-
2032 1799 2077 1854 Β

437 1919 621 1977 plores
672 1908 816 1975 ipsos
862 1921 1095 1960 canones
1146 1921 1329 1959 sacros
1369 1905 1419 1957 in
1448 1904 1767 1971 ,snbsidium
1802 1904 2004 1971 produ-

433 2016 581 2055 rcns.
618 2000 731 2054 Nec
785 2002 929 2053 enim
983 1998 1266 2067 pontiﬁces
1324 1998 1383 2060 ii,
1435 1996 2003 2066 qui‘occidentalibus

430 2096 676 2152 ecclesiis
702 2106 961 2166 praesunt,
996 2106 1049 2147 et
1075 2112 1101 2147 a
1134 2096 1301 2147 multo
1324 2093 1434 2162 jam
1468 2103 1704 2162 tempore
1741 2091 1863 2147 lidei
1891 2106 2003 2146 sua:

430 2192 765 2245 creditorum
792 2190 1014 2243 ovilium
1048 2202 1231 2240 curant
1268 2186 1466 2239 nullam
1496 2200 1735 2255 gessere,
1767 2199 1888 2249 nec,
1924 2183 2001 2236 uti

432 2283 813 2347 conveniebat,
865 2281 933 2335 iis
965 2279 1318 2349 praefuerunt,
1350 2277 1530 2332 dicere
1578 2283 1852 2343 poterunt,
1912 2290 2000 2326 ra-

431 2376 572 2429 biem
610 2375 881 2436 hostilem,
916 2387 1035 2441 quae
1062 2387 1155 2441 per
1198 2370 1466 2423 Orientem
1504 2377 1745 2437 grassata
1778 2365 1899 2427 fuit,
1934 2365 2001 2418 ad

434 2470 580 2535 ipsos
607 2466 910 2535 pertigisse,
937 2474 1099 2533 atque
1131 2464 1235 2517 hoc
1260 2462 1417 2514 modo
1447 2460 1547 2513 sibi
1578 2461 1758 2513 ovium
1793 2458 2001 2511 ratione

428 2559 773 2627 praeditarutn
813 2556 1199 2623 inspectionem
1252 2556 1556 2622 ademptam
1587 2566 1730 2605 esse.
1776 2550 1841 2605 Et
1889 2551 1992 2603 lioc

428 2650 645 2722 quidem
674 2650 724 2702 in
758 2650 899 2703 hunc
932 2649 1143 2701 modum
1174 2661 1204 2699 a
1235 2646 1518 2715 majestate
1542 2659 1655 2699 mea
1680 2643 1999 2712 dispositum

429 2755 658 2798 eventus
692 2739 1057 2807 eisjudicium
1086 2739 1359 2809 relinquit.
1400 2738 1536 2804 Quia
1582 2751 1710 2792 vero
1759 2746 1813 2792 et
1872 2736 2000 2790 illud

430 2835 497 2889 ad
522 2848 681 2888 aures
709 2832 831 2902 ejus
874 2832 1099 2886 relatum
1144 2840 1250 2897 est,
1284 2832 1546 2898 quosdam
1577 2830 1784 2885 scilicet
1828 2829 2000 2885 eccle-

428 2929 520 2982 sia:
589 2938 843 2996 proceres
889 2925 1118 2979 eximios
1175 2923 1478 2992 praeteriri,
1534 2938 1658 2977 cum
1709 2922 2001 2976 electiones

430 3021 588 3083 ﬁunt,
624 3020 814 3088 eisque
847 3018 1089 3088 praeferri
1129 3017 1443 3082 nonnullos,
1479 3026 1586 3069 tam
1634 3023 1792 3070 actate
1838 3028 2000 3084 quam

431 3112 637 3166 meliori
666 3122 785 3164 vitae
818 3109 1128 3163 conditione
1165 3109 1476 3171 inferiores,
1509 3107 1709 3176 quique
1741 3120 1843 3159 non
1881 3118 1997 3157 nia-

430 3217 567 3272 gnos
614 3217 712 3271 pro
743 3199 983 3255 Ecclesia
1016 3200 1227 3254 labores
1273 3200 1665 3262 sustinuerunt,
1700 3212 1797 3251 nec
1832 3195 1994 3264 igitur

431 3296 520 3350 illa
560 3292 776 3363 quidem
809 3308 896 3347 res
934 3306 1089 3345 sacra
1123 3290 1432 3361 pentiticum
1461 3288 1666 3359 synodo
1696 3287 1851 3355 digna
1880 3285 1994 3338 visa

429 3394 535 3439 est.
571 3388 912 3454 Quapropter
942 3383 1195 3437 omnibus
1234 3380 1481 3451 religiose
1531 3380 1754 3448 pariter,
1795 3389 1849 3431 et
1893 3376 1997 3430 im-

429 3474 765 3546 perialicum
806 3473 1127 3526 auctoritate
1158 3470 1397 3535 mandat,
1449 3484 1517 3523 ne
1562 3469 1745 3523 ludant
1794 3468 1847 3521 in
1897 3466 1997 3521 ini-

433 3568 579 3621 nime
612 3565 858 3626 ludicris,
892 3578 990 3617 nec
1018 3562 1231 3615 aﬂcctni
1279 3560 1473 3615 divinis
1521 3559 1571 3613 in
1612 3558 1770 3613 rebus
1822 3556 2001 3611 indul-

431 3665 617 3728 geant.
652 3654 785 3709 Nam
819 3654 905 3707 ubi
938 3655 1115 3707 anima
1149 3663 1399 3707 versatur
1448 3652 1500 3706 in
1546 3650 1806 3719 periculo,
1848 3648 2001 3716 cujus

432 3748 575 3801 alius
609 3746 681 3802 rei
709 3748 884 3815 potior
916 3745 1161 3799 habenda
1196 3759 1322 3797 cura
1351 3743 1472 3798 est?
1502 3742 1624 3797 lllos
1652 3750 1831 3796 autem
1860 3755 2002 3808 pra:-

434 3840 615 3895 ierant
674 3837 836 3902 aliis,
888 3847 941 3889 et
996 3838 1201 3890 lionore
1250 3833 1628 3903 sull'ragiorum
1678 3832 1996 3901 dignentur,

431 3944 588 4000 quos,
623 3945 728 3990 una
759 3944 880 3983 cuin
916 3928 1186 3991 doctrina,
1218 3926 1492 3995 inculpata
1518 3924 1627 3979 vita
1666 3934 1860 3990 ornat;
1909 3932 2002 3977 aut

434 4021 488 4077 in
535 4020 733 4089 quibus
780 4023 825 4077 si
857 4020 1100 4074 doctrina
1136 4017 1275 4072 forte
1302 4016 1538 4082 vacillet,
1572 4016 1713 4086 longi
1747 4015 2002 4084 temporis

434 4128 588 4175 usus,
614 4120 669 4164 et
696 4111 847 4165 inulti
884 4126 979 4179 pro
1007 4110 1248 4165 Ecclesia
1280 4110 1491 4164 labores
1544 4107 1830 4172 eXantlati,
1859 4106 2000 4175 quod

437 4204 614 4266 deest,
651 4201 923 4270 supplent.
958 4200 1050 4254 Sic
1083 4202 1225 4253 eiiiin
1253 4199 1521 4268 suﬂ‘ragiis
1570 4199 1685 4253 suis
1716 4207 1863 4252 recte
1890 4206 2004 4250 sta-

436 4305 611 4359 tuent,
665 4304 719 4349 et
770 4309 797 4346 a
848 4293 956 4347 Deo
999 4308 1107 4347 sua:
1150 4294 1215 4346 ad
1263 4291 1455 4346 anima:
1494 4292 2001 4346 condemnationem

436 4387 698 4457 suffragia
744 4386 941 4442 tulisse
979 4402 1084 4440 non
1119 4394 1435 4453 arguentur.

510 4656 765 4712 ZONAR.
802 4654 1018 4708 Ordinis
1050 4654 1261 4720 quioem
1295 4650 1493 4719 ubique
1520 4650 1783 4703 rationem
1817 4648 2007 4703 haberi

440 4762 661 4804 necesse
691 4758 794 4812 est,
827 4747 921 4800 sed
946 4745 1015 4798 ab
1044 4745 1107 4797 iis
1140 4745 1373 4798 maxime
1420 4742 1749 4804 hominibus,
1795 4741 1885 4810 qui
1917 4755 2009 4793 sa-

439 4843 549 4895 cris
580 4838 862 4893 ordinibus
892 4836 1090 4891 initiati
1127 4850 1403 4889 sacrorum
1453 4834 1834 4904 procuratione
1887 4834 2010 4885 tun-

444 4942 663 5003 guntur.
698 4929 831 4984 Rem
864 4929 1030 5000 igitur
1062 4928 1113 4981 in
1144 4943 1244 4995 qua
1270 4926 1479 4981 ordinis
1504 4927 1634 4979 vitio
1663 4924 2008 4993 peccabatur,

447 5024 535 5078 hic
571 5036 743 5077 canon
776 5019 1103 5074 emendavit.
1142 5018 1293 5081 Quod
1328 5018 1472 5070 enim
1505 5016 1720 5070 diaconi
1752 5013 2008 5069 sacerdo-

442 5114 584 5168 tibus
618 5110 1010 5166 Eucliaristiain
1044 5109 1435 5172 ministrarent,
1462 5122 1662 5175 eosque
1694 5106 1773 5160 vel
1805 5108 2012 5174 episco-

442 5220 570 5274 pum
627 5217 843 5271 quoque
884 5201 937 5254 in
997 5201 1114 5269 ejus
1169 5201 1469 5269 sui'nptione
1506 5206 1912 5267 praeverterent,
1958 5195 2011 5251 id

442 5312 573 5351 vero
629 5310 734 5350 non
794 5294 912 5349 sine
968 5292 1180 5347 ordinis
1247 5290 1654 5360 perturbatione
1709 5291 2008 5344 eveniebat.

442 5389 675 5443 Proinde
709 5399 766 5441 ut
799 5386 1132 5447 abstineant,
1162 5398 1223 5437 ac
1263 5397 1361 5437 suo
1394 5382 1588 5451 singuli
1622 5397 1680 5435 se
1728 5379 1860 5449 pede
1897 5395 2009 5433 ine-

446 5488 671 5548 tianlur,
704 5484 757 5535 in
789 5494 1067 5550 posterum
1102 5486 1305 5531 monet.
1358 5475 1426 5529 Et
1475 5486 1531 5528 ut
1586 5474 1759 5528 sciant
1802 5473 2010 5526 diaconi

444 5596 501 5631 se
532 5579 912 5647 episc0porum
949 5588 1072 5627 esse
1109 5574 1161 5625 in
1196 5570 1370 5625 sacris
1426 5566 1725 5631 ministros,
1779 5567 1846 5619 ab
1896 5566 2013 5634 ipso

444 5672 662 5725 nomine
692 5669 791 5722 hoc
822 5668 1032 5731 edocti;
1064 5675 1118 5718 et
1146 5663 1285 5733 quod
1321 5658 1494 5729 major
1538 5670 1621 5714 est
1672 5662 2015 5728 presbytero-

448 5782 566 5819 rum
611 5777 772 5828 quam
805 5761 1155 5815 diaeonorum
1198 5756 1460 5826 dignitas.
1516 5751 1632 5817 Quo
1677 5741 1797 5819 ju're
1852 5751 2014 5820 igitur

2108 537 2218 609 γάρ
2245 538 2457 601 ἑννοίας
2481 540 2672 611 πόρρω
2688 540 3144 612 ἀποδιεστήκασι)
3174 543 3479 614 πειρῶνται
3503 544 3563 596 τὸ
3598 546 3680 597 ol-

2108 631 2256 685 κεῖον
2311 632 2578 701 συστῆσαι
2629 632 2862 703 θέλημα,
2898 635 2993 687 καὶ
3041 637 3132 689 ἐπὶ
3190 637 3253 690 τὸ
3319 638 3554 692 ἄτακτον
3613 637 3679 691 ού
3770 707 3781 713 -

2108 721 2289 787 καλῶς
2319 724 2419 794 τὴν
2451 723 2606 790 τάξιν
2637 726 3120 795 μεταϐιϐάζουσιν,
3159 730 3225 800 ἑᾷ
3264 729 3365 800 μὲν
3427 732 3461 800 ἠ
3524 729 3682 798 βασι-

2107 813 2228 869 λεία
2256 832 2359 884 μου
2385 815 2483 884 τὴν
2509 816 2604 868 τοῦ
2634 817 2859 881 κανόνος
2891 818 3225 889 ἑρμηνεῦσαι
3264 821 3358 873 καί⁵
3378 820 3679 890 σαφηνίσαι

2106 907 2274 979 ὑφὴν,
2314 909 2523 981 ῥᾴστην
2550 908 2719 964 οὖσαν
2751 911 3192 983 καταληφθῆναι,
3225 912 3316 966 καὶ
3338 914 3681 985 διαγνωσθῆ-

2107 1016 2218 1063 ναι,
2247 999 2430 1064 καλῶς
2461 1005 2575 1065 τοῖς
2608 1001 2905 1071 βάπτουσιν
2926 1005 3008 1067 είς
3040 1003 3354 1075 ἀκρίϐειαν,
3390 1007 3486 1059 καὶ
3512 1023 3679 1061 κανο-

2107 1090 2267 1159 νικῆς
2302 1092 2514 1156 ἐννοίας
2578 1092 2970 1161 θιγγάνουσιν·
3037 1095 3171 1148 αὐτὸ
3223 1096 3281 1149 δὲ
3351 1097 3510 1151 τοῦτο
3563 1101 3679 1162 τοῖς

2107 1189 2459 1261 ἀρχιερεῦσιν
2497 1192 2749 1261 ἐπιτιμᾷ,
2783 1191 2836 1243 τί
2894 1190 3095 1262 δήποτε
3159 1192 3253 1245 τὸν
3304 1193 3509 1246 κανόνα
3543 1194 3680 1246 ειδό-

2105 1297 2199 1344 τες
2247 1282 2345 1333 καὶ
2384 1281 2454 1335 τὰ
2508 1283 2729 1355 ῥήματα
2789 1283 2980 1336 τούτου
3032 1277 3509 1354 ἑξακρίϐούμενοι,
3579 1286 3681 1355 τὴν

2107 1374 2320 1429 ἑαυτῶν
2348 1375 2658 1446 συνείδησιν
2714 1377 3023 1445 ἀνευλόγως
3086 1376 3390 1447 ὲπάτησαν,
3440 1376 3537 1430 καὶ
3582 1376 3680 1430 τοῦ

2106 1469 2876 1542 κανόνοςπαραρῤιπτομένου
2902 1470 3206 1539 ἠνείχοντο,
3256 1471 3352 1524 καὶ
3409 1467 3509 1540 τὴν
3577 1469 3681 1537 ὐφ-

2107 1563 2291 1635 εδρίαν
2332 1563 2425 1615 ἐπὶ
2441 1562 2551 1617 τῶν
2585 1563 2717 1633 πρὶν
2741 1562 3174 1633 χαρτοφυλάκων
3203 1562 3518 1631 ἠσπάζοντο
3544 1576 3559 1591 ⁶
3584 1561 3680 1616 καὶ

2110 1653 2303 1725 μισθὸν
2328 1653 2541 1717 τούτοις
2579 1654 2677 1723 τῆς
2736 1655 2842 1708 τῶν
2874 1654 3035 1723 ἱερῶν
3066 1654 3311 1708 κανόνων
3340 1655 3681 1727 περιφρονήο

2109 1765 2247 1809 σεως
2294 1747 2394 1817 τὴν
2443 1748 2535 1799 ἐπὶ
2598 1749 2699 1811 τὰς
2764 1747 3039 1817 λαχούσας
3122 1748 3322 1810 αὐτοὺς
3382 1745 3681 1816 ἐκκλησίας

2104 1841 2370 1895 ἀπέλασιν
2399 1840 2807 1908 δίδωσι,κανόνι
2842 1840 3133 1912 στοιχοῦσα
3167 1839 3450 1895 κάνταῦθα
3479 1840 3680 1911 ἐκκλη-

2106 1935 2396 2006 σιαστικῷ,
2436 1938 2533 1990 καὶ
2579 1937 2693 1997 τοῖς
2742 1937 3173 2006 περιφρονηταῖς
3259 1936 3371 1990 τῶν
3434 1934 3681 1988 κανόνων

2102 2028 2329 2081 ἐκείνων
2354 2030 2550 2092 αὐτοὺς
2605 2029 2730 2090 τοὺς
2796 2028 2974 2097 ἱεροὺς
3040 2027 3269 2091 κανόνας
3330 2029 3411 2091 είς
3464 2028 3683 2097 ἀμυναν

2102 2122 2498 2189 ἀντεξάγουσα.
2533 2121 2666 2174 Οὐδὲ
2687 2126 2797 2189 γὰρ
2850 2120 2917 2174 ἂν
2961 2122 3140 2190 ἔχοιεν
3191 2120 3375 2189 λέγειν
3437 2123 3486 2175 οἱ
3567 2120 3679 2173 τῶν

2100 2212 2336 2265 δυτικῶν
2369 2212 2711 2281 προεστῶτες
2746 2212 3029 2280 ἀρχιερεῖς
3066 2212 3157 2265 ἐπὶ
3206 2211 3397 2282 χρόνον
3462 2210 3681 2282 μακρὸν

2100 2306 2211 2359 τῶν
2296 2304 2776 2373 ἐμπιστευθέντων
2841 2297 3026 2366 αὐτοῖς
3124 2305 3197 2375 μὴ
3294 2302 3680 2374 φροντίζοντες

2100 2402 2391 2469 ποιμνίων,
2424 2398 2549 2470 μηδ’
2583 2398 2657 2461 ὡς
2684 2398 2848 2469 ἐχρῆν
2881 2399 2940 2451 ὲν
2962 2396 3173 2462 τούτοις
3206 2398 3680 2468 ὲπιστατήσαντες

2101 2492 2177 2556 ὡς
2207 2495 2240 2562 ἡ
2280 2493 2380 2562 τὴν
2402 2492 2518 2545 Ἕω
2554 2491 2972 2562 κατατρέχουσα
3035 2491 3144 2543 τῶν
3208 2490 3421 2560 ἐχθρῶν
3479 2491 3675 2555 λύσσα,

2101 2584 2447 2656 προσέστηκε
2472 2585 2704 2651 τούτοις,
2744 2585 2837 2638 καὶ⁵
2873 2584 2976 2656 τὴν
3038 2584 3347 2652 ἐπισκοπὴν
3419 2583 3677 2637 ἐντεῦθεν

2102 2680 2210 2733 τῶν
2237 2679 2477 2747 λογικῶν
2532 2678 2821 2747 προϐάτων
2858 2676 3289 2749 περιῃρέθησαν.
3334 2679 3444 2731 Καὶ
3479 2678 3539 2730 τὸ
3574 2677 3677 2748 μὲν

2100 2772 2277 2837 οὕτως
2316 2771 2675 2842 οίκονομηθὲν
2729 2771 2881 2840 παρὰ
2933 2774 3032 2840 τῆς
3082 2769 3368 2840 βασιλείας
3420 2788 3523 2840 μου
3573 2770 3677 2841 τὴν

2103 2869 2285 2937 κρίσιν
2308 2867 2491 2929 αὐτοῖς
2513 2865 2607 2937 τοῦ
2624 2865 3065 2936 ἀποτελέσματος
3084 2883 3150 2917 πε
3160 2864 3485 2934 ριλέλοιπεν.
3520 2865 3676 2918 Ἐπεὶ

2102 2936 2158 3012 δὲ
2179 2958 2275 3013 καὶ
2302 2962 2461 3012 τοῦτο
2489 2936 2568 3021 ε’ίς
2596 2958 2765 3022 ἀκοὰς
2787 2958 2993 3029 ἀνήχθη
3027 2956 3197 3028 αὐτῷ,
3263 2957 3339 3021 ὥς
3371 2975 3518 3021 τινες
3562 2957 3676 3011 τῶν

2103 3053 2202 3124 τῆς
2232 3054 2559 3123 Ἐκκλησίας
2597 3052 2840 3121 λογάδων
2871 3054 2930 3105 ὲν
2957 3054 3076 3114 ταῖς
3103 3051 3423 3120 γινομέναις
3470 3050 3676 3121 ψήφοις

2026 3134 2069 3195 C
2103 3146 2638 3214 καταλιμπάνονται,
2696 3143 3069 3215 προτιμῶνται
3156 3142 3214 3195 δὲ
3258 3144 3469 3196 τούτων
3513 3142 3671 3207 ἔνιοι,

2104 3238 2512 3307 ὑποϐεϐηκότες
2530 3240 2661 3301 ἴσως
2687 3240 2784 3292 καὶ
2823 3238 3001 3307 χρόνῳ
3034 3238 3130 3291 καὶ
3166 3237 3515 3305 ,καταστάσει
3554 3236 3675 3306 βίου

2104 3337 2170 3406 τῇ
2200 3334 2497 3405 κρείττονι,
2534 3335 2630 3388 καὶ
2652 3332 2787 3403 μηδὲ
2817 3332 2988 3385 πολλά
3013 3331 3144 3401 περὶ
3188 3332 3287 3403 τῆς
3340 3329 3675 3401 Ἐκκλησίας

2104 3431 2467 3501 πονήσαντες,
2488 3429 2590 3481 οὐκ
2614 3425 2709 3483 οῦν
2736 3426 2916 3493 ἔδοξεν
2953 3426 3077 3479 οὐδὲ
3110 3424 3271 3479 τοῦτο
3320 3425 3382 3479 τδ
3438 3427 3677 3496 πρᾶγμα

2103 3528 2203 3598 τῆς
2232 3526 2384 3598 ἱερᾶς
2421 3524 2639 3580 συνόδου
2679 3524 2789 3578 τῶν
2814 3522 3116 3595 ἀρχιερέων
3144 3520 3389 3586 ἐπάξιον,
3435 3521 3560 3574 ὅθεν
3579 3523 3678 3574 καὶ

2107 3620 2443 3690 ἐπισκήπτει
2474 3619 2608 3673 πᾶσι
2662 3616 2926 3687 φιλοθέως
2988 3615 3124 3685 όμοῦ
3162 3615 3257 3669 καὶ
3281 3614 3576 3685 βασιλικῶς
3596 3614 3675 3683 μὴ

2106 3713 2323 3777 παίζειν
2348 3715 2406 3765 ὲν
2428 3712 2541 3776 τοῖς
2570 3711 2631 3765 ού
2648 3711 2922 3773 παικτοῖς,
2952 3708 3091 3779 μηδὲ
3152 3698 3317 3762 πάθει
3397 3706 3529 3778 περὶ
3604 3706 3677 3760 τά

2108 3806 2225 3861 θεῖα
2243 3806 2589 3877 χαρίζεσθαι.
2625 3805 2699 3858 Οὐ
2730 3802 2838 3875 γὰρ
2891 3801 3038 3872 ψυχὴ
3100 3803 3161 3855 τὸ
3204 3801 3677 3871 κινδυνευόμενον,

2105 3900 2251 3963 τίνος
2275 3898 2625 3971 φροντιστέον
2644 3896 2829 3967 ἑτέρου
2862 3911 2878 3962 ;
2932 3892 3207 3956 Ἐκείνους
3248 3891 3305 3945 δὲ
3352 3891 3677 3963 προτιθέναι

2106 3993 2216 4049 τῶν
2242 3993 2443 4056 ἄλλων,
2466 3990 2564 4045 καὶ
2590 3990 2692 4060 τὴν
2726 3990 2784 4041 ὲν
2806 3989 2929 4050 ταῖς
2950 3986 3155 4057 ψήφοις
3198 3984 3487 4056 ἐπιτιμίαν
3518 3983 3679 4053 χαρί-

2107 4085 2321 4151 ζεσθαι,
2357 4083 2450 4147 οὒς
2477 4081 2619 4152 μετά
2646 4080 2807 4148 λόγου
2839 4080 2935 4133 καὶ
2989 4077 3104 4150 βίος
3162 4077 3361 4146 κοσμεῖ
3413 4074 3681 4145 ἀνεπίλη-

2109 4195 2264 4243 πτος,
2297 4177 2330 4248 ἢ
2360 4176 2455 4230 τοῦ
2476 4175 2636 4243 λόγου
2662 4171 2957 4236 σκάζοντος
2988 4171 3139 4233 ἴσως,
3165 4169 3194 4221 ό
3220 4167 3431 4240 μακρὸς
3457 4166 3671 4238 χρόνος,

2109 4272 2204 4326 καὶ
2230 4271 2289 4324 τὸ
2323 4270 2452 4339 περὶ
2478 4266 2577 4338 τὴν
2616 4264 2938 4334 Ἐκκλησίαν
2974 4261 3277 4315 πολύπονον
3358 4258 3678 4323 ὲπαναπλη-

2112 4364 2290 4435 ροῦσι,
2331 4362 2391 4414 τὸ
2418 4359 2658 4422 ἐλλιπές.
2687 4358 2847 4412 Οῦτω
2876 4352 3079 4435 γὰρᾶν
3104 4352 3222 4414 ταῖς
3244 4352 3447 4421 ψήφοις
3492 4350 3678 4415 καλῶς

2111 4434 2476 4528 διαιτήσουσι,
2504 4454 2596 4506 κα)⁵
2621 4452 2715 4504 ἐπὶ
2738 4450 2971 4520 κρίματι
2996 4434 3095 4517 τῆς
3124 4445 3339 4499 ἑαυτῶν
3362 4443 3545 4514 ψυχῆς
3577 4443 3681 4497 ούκ

2112 4550 2178 4603 ἂν
2201 4548 2379 4601 ἁλοῖεν
2412 4542 2859 4615 ψηφοφοροῦντες
2876 4540 2951 4609 τῷ
2974 4537 3112 4609 Θεῷ.

2181 4638 2426 4695 ΖΩΝΑΡ.
2485 4636 2596 4707 Τὴν
2648 4633 2903 4697 εὐταξίαν
3006 4628 3321 4699 ἁπανταχοῦ
3391 4626 3681 4699 τηρεῖσθαι

2111 4729 2562 4800 ἀναγκαιότατον,
2590 4727 2826 4797 μάλιστα
2878 4724 2934 4778 δὲ
2964 4727 3021 4779 ὲν
3059 4728 3170 4786 τοῖς
3212 4723 3380 4793 ἱεροῖς
3431 4723 3525 4776 καὶ
3584 4739 3683 4790 με·

2110 4823 2574 4894 ταχειριζομένοις
2601 4823 2669 4873 τά
2709 4820 2859 4885 ἀγια.
2886 4819 2974 4871 Διδ
3007 4818 3241 4888 πρᾶγμα
3264 4816 3324 4869 οὐ
3353 4814 3493 4868 κατὰ
3524 4812 3681 4876 τάξιν

2112 4917 2394 4987 γινόμενον
2423 4912 2767 4983 διωρθώσατο
2805 4914 2830 4964 ό
2850 4910 3049 4964 κανών.
3089 4909 3164 4961 Τὸ
3192 4908 3301 4977 γὰρ
3344 4908 3469 4968 τοὺς
3497 4904 3683 4957 διακύ-

2112 5028 2235 5072 νους
2268 5008 2605 5080 μεταδιδόναι
2660 5006 2774 5067 τοῖς
2831 5001 3035 5073 ἱερεῦσι
3110 5000 3217 5052 τῶν
3292 4999 3679 5067 ἀγίασμάτων,

2114 5102 2207 5157 καὶ
2233 5102 2337 5170 πρὸ
2378 5099 2577 5163 αὐτῶν,
2605 5096 2750 5167 ἦκαὶ
2780 5092 2873 5147 τοῦ
2907 5092 3205 5145 ἐπισκόπου
3243 5088 3681 5160 μεταλαμϐάνειν

2114 5193 2333 5256 αὐτοὺς,
2369 5188 2602 5253 ἀταξίας
2664 5182 2753 5257 ἦν,
2792 5186 2915 5239 ὅθεν
2982 5182 3423 5253 παρακελεύεται
3485 5178 3683 5247 μηκέτι

2113 5284 2271 5341 τοῦτο
2298 5283 2565 5352 γίνεσθαι,
2598 5282 2711 5335 ἀλλ’
2735 5281 2965 5333 ἕκαστον
2991 5275 3284 5345 γινώσκειν
3311 5274 3371 5328 τὸ
3430 5272 3563 5326 ἴδιον
3593 5271 3684 5341 μέ.

2113 5395 2264 5449 τρον,
2300 5378 2396 5431 καὶ
2424 5374 2624 5428 εἰδέναι
2649 5373 2775 5434 τοὺς
2832 5370 3135 5433 διακόνους,
3184 5369 3267 5421 ὅτι
3304 5365 3413 5419 τῶν
3459 5362 3680 5416 ὲπισκό·

2118 5488 2232 5523 πων
2265 5470 2535 5539 ὑπηρέται
2574 5468 2712 5518 εἰσὶν
2747 5466 2803 5516 ὲν
2863 5465 2975 5525 τοῖς
3010 5462 3197 5533 ἱεροῖς,
3244 5458 3304 5525 ἐξ
3384 5454 3556 5525 αὐτῆς
3582 5454 3685 5524 τῆς

2118 5563 2365 5633 κλήσεως
2396 5562 2554 5613 τοῦτο
2582 5558 3026 5626 διδασκομένους,
3104 5555 3197 5607 καὶ
3246 5552 3329 5606 ὅτι
3383 5549 3586 5621 μείζων
3649 5547 3684 5615 ή

2116 5657 2241 5720 ἀξία
2258 5656 2367 5709 τῶν
2404 5654 2790 5725 πρεσϐυτέρων
2826 5651 2976 5721 παρὰ
3002 5649 3099 5719 τὴν
3122 5647 3225 5703 τῶν
3250 5644 3531 5699 διακόνων.
3561 5638 3687 5699 Πῶς

2116 5745 2209 5801 οῦν
2238 5749 2284 5800 οἱ
2316 5748 2535 5817 ἥττονες
2572 5748 2681 5807 τοῖς
2711 5742 2956 5813 μείζουσι
3022 5740 3396 5813 μεταδώσουσι
3442 5734 3542 5804 τῆς
3595 5730 3685 5783 εὖ*
