3992 6480
256 334 341 401 301

1293 326 1378 390 IN
1417 325 1585 388 CAN.
1630 325 1769 386 XIX
1813 322 2019 387 CONC.
2059 326 2327 387 NIC/EN.
2378 330 2425 389 Ι.

3365 331 3470 393 3‘32

204 470 205 473 ‘
255 447 652 522 χαριστίας,κα“ι
698 448 751 501 ol
810 445 885 519 μὴ
953 445 1241 516 δυνάμενοι
1299 444 1635 514 προσφέρειν
1688 444 1799 504 τοῖς

1948 442 2227 496 umiliores
2302 442 2743 510 bonestioribus,
2807 452 2860 498 et
2928 441 3325 509 offerentibus,
3375 447 3468 513 qui

254 540 596 614 προσφέρουσι
615 556 631 607 ;
652 539 809 593 Κατὰ
831 539 939 611 γὰρ
955 540 1046 591 τὶν
1068 538 1241 608 μέγαν
1256 536 1602 596 Ἀπόστολον,
1623 532 1802 603 χωρὶς

255 633 434 697 πάσης
455 630 802 699 ἀντιλογίας
813 629 880 682 τὸ
905 629 1162 682 ἔλαττον
1184 627 1305 682 ὑπὸ
1336 625 1442 679 τοῦ
1464 624 1803 693 κρείττονος

250 720 577 790 εὐλογεῖται.
625 720 829 791 Ὀρίζει
857 719 1035 773 τοίνυν
1065 721 1098 790 ή
1127 720 1257 788 ἁγία
1276 716 1491 779 σύνοδος
1536 715 1803 786 πρότερον

252 817 359 878 τοὺς
377 812 785 883 πρεσϐυτέρους
834 811 1295 882 μεταλαμϐάνειν,
1314 806 1433 863 εἶτα
1456 808 1585 871 τοὺς
1617 806 1804 860 διακό-

256 923 380 969 νους,
412 903 519 958 τῶν
552 902 945 975 πρεσϐυτέρων
977 902 1184 966 αὐτοῖς,
1248 901 1280 971 ἢ
1323 901 1430 952 τῶν
1483 899 1804 952 ἐπισκόπων

254 996 621 1067 μεταδιδόντων
650 994 745 1049 τοῦ
782 993 940 1062 ἁγίου
1003 992 1259 1063 σώματος
1300 994 1394 1046 καὶ
1443 991 1675 1061 αἵματος
1708 987 1802 1042 τοῦ

253 1086 437 1158 Κυρίου
466 1103 482 1118 ·
514 1085 850 1156 ἀπαγορεύει
888 1085 942 1138 δὲ
980 1085 1073 1138 καὶ
1126 1083 1186 1136 τὸ
1236 1085 1295 1135 ὲν
1354 1083 1503 1153 μέσῳ
1565 1078 1803 1151 πρεσϐυ-

248 1180 408 1250 τέρων
436 1178 717 1247 καθῆσθαι
749 1178 1017 1240 διάκονον,
1054 1176 1129 1238 ὡς
1156 1174 1311 1245 παρὰ
1344 1174 1547 1227 κανόνα
1607 1171 1800 1225 τούτου

250 1275 330 1326 καὶ
356 1270 507 1341 παρὰ
527 1273 626 1340 τὴν
650 1270 807 1334 τάξιν
849 1270 1234 1339 τυγχάνοντος.
1268 1268 1407 1330 Τοὺς
1431 1267 1485 1318 δὲ
1543 1264 1620 1335 μὴ
1644 1262 1799 1316 πειθ-

250 1364 535 1439 αρχοῦντας
558 1363 830 1419 παύεσθαι
855 1364 951 1435 τῆς
982 1363 1257 1426 διακονίας
1288 1362 1522 1416 κελεύει.

247 1538 453 1594 ΔΡΙΣΤ.
495 1539 561 1592 Ol
580 1536 848 1593 διάκονοι
887 1536 958 1591 ἐν
1015 1535 1140 1602 τοῖς
1178 1535 1351 1598 ιδίοις
1400 1532 1643 1602 μέτροις
1689 1531 1802 1603 (67)

288 1629 635 1702 μενέτωσαν
658 1644 672 1659 ⁸
698 1628 799 1682 καὶ
822 1629 975 1696 μήτε
1020 1626 1357 1681 διδότωσαν
1411 1625 1806 1694 εὐχαριστίαν

301 1721 417 1787 τοῖς
443 1720 901 1790 πρεσϐυτέροις,
928 1719 1081 1788 μήτε
1114 1720 1407 1786 πρότερον
1433 1719 1659 1784 ταύτης
1694 1716 1803 1769 ἁπ-

314 1815 644 1876 τέσθωσιιν,
677 1813 833 1881 μηδὲ
869 1812 1059 1879 μέσον
1103 1811 1524 1879 πρεσϐυτέρων
1571 1808 1806 1870 καθεζέ-
1832 1792 1881 1851 Β

292 1911 533 1961 σθωσαν
562 1922 575 1936 ο
606 1905 768 1972 παρὰ
790 1908 1019 1958 κανόνα
1049 1903 1159 1973 τὰρ
1178 1904 1274 1957 καί
1306 1902 1591 1966 εὐταξίαν
1610 1901 1802 1967 ἐστὶν,

298 2000 347 2053 ει
369 2016 417 2052 τι
438 1999 722 2052 τοιοῦτον
749 1997 1009 2068 γένηται.

319 2092 372 2145 '0
402 2090 603 2163 παρὼν
626 2090 830 2155 κανὼν,
865 2088 1114 2160 ἀπρεπὲς
1141 2089 1272 2153 ἴσως
1298 2107 1352 2143 τι
1421 2091 1516 2143 καὶ
1571 2090 1807 2144 ἄτακτον

255 2183 404 2253 εὑρὼν
428 2183 491 2235 ἐν
517 2200 629 2236 τισι
662 2183 954 2252 γινόμενον
1009 2182 1224 2247 πόλεσι,
1282 2181 1593 2253 διορθοῦται
1627 2197 1642 2214 ο
1712 2180 1809 2235 καὶ

256 2272 530 2342 διορίζεται
565 2272 640 2343 μή
670 2288 793 2324 τινα
829 2270 939 2323 τῶν
962 2270 1227 2325 διακόνων
1253 2274 1365 2334 τοῖς
1416 2271 1810 2343 πρεσϐυτέροις

259 2366 532 2418 ἐπιδιδόναι
563 2365 660 2436 τὴν
702 2364 850 2417 θείαν
887 2363 1215 2435 μετάληψιν,
1249 2367 1388 2435 μήτε
1436 2365 1684 2436 πρώτους
1710 2366 1810 2417 αύ-

256 2458 359 2521 τοὺς
389 2456 606 2524 ταύτης
637 2457 930 2520 ἅπτεσθαι,
970 2457 1106 2509 ἀλλὰ
1136 2458 1275 2528 μετὰ
1320 2457 1449 2520 τοὺς
1509 2457 1813 2527 πρεσϐυτέ-

257 2567 364 2620 ρους
387 2550 490 2620 τὴν
524 2549 875 2620 εὐχαριστίαν
924 2548 1127 2619 ταύτην
1191 2549 1492 2620 λαμϐάνειν
1553 2546 1811 2617 αὐτοὺςῆ

257 2646 386 2712 παρὰ
417 2641 520 2695 τοῦ
542 2642 847 2695 ἐπισκόπου
880 2642 912 2712 ἢ
975 2642 1128 2711 παρὰ
1187 2642 1566 2713 πρεσϐυτέρου
1597 2659 1611 2672 ·
1672 2639 1809 2711 μηδὲ

258 2735 437 2805 μεταξὺ
466 2734 866 2805 πρεσϐυτέρων
909 2733 1109 2798 αὐτοὺς
1190 2734 1516 2798 καθέζεσθαι
1545 2751 1558 2765 ⁸
1602 2734 1687 2787 ἵνα
1740 2735 1815 2807 μὴ

255 2826 542 2897 καθήμενοι
571 2824 776 2881 ἄνωθεν
805 2825 1013 2879 τούτων
1044 2827 1428 2895 εὑρίσκωνται.

833 2917 1070 2973 ΚΑΝΩΝ
1103 2919 1185 2972 ΙΘ.

253 3013 377 3082 Περὶ
400 3012 529 3067 τῶν
552 3015 1115 3079 Παυλιανισάντων,
1155 3008 1283 3066 εἶτα
1334 3012 1818 3082 προσφυγόντων

308 3103 373 3172 τῇ
402 3102 703 3172 καθολικῇ
750 3105 1081 3169 Ἐκκλησία
1108 3103 1243 3170 ὄρος
1262 3103 1580 3157 ἐκτέθειται
1601 3102 1818 3156 ἀναϐα-
1845 3134 1888 3190 c

304 3193 860 3259 πτίζεσθαιαὺτοὺς
888 3192 1251 3260 ἐξάπιιντος.
1309 3196 1375 3247 El
1418 3192 1485 3246 δέ
1544 3209 1703 3258 τινες
1739 3192 1819 3256 τῷ

305 3286 747 3355 παρεληλυθότι
816 3288 1016 3355 χρόνῳ
1064 3285 1136 3339 ἐν
1203 3284 1284 3351 τῷ
1336 3285 1540 3353 κλήρῳ
1607 3283 1820 3352 ἐξητά-

308 3385 590 3451 σθησαν,
620 3382 674 3433 εί
722 3378 839 3449 μὲν
894 3379 1186 3449 ἄμεμπτοι
1241 3380 1337 3432 καὶ
1415 3378 1820 3445 ἀνεπίληπτοι

314 3471 581 3539 φανεῖεν,
638 3469 1188 3535 ἁναὸαπτισθέντες
1242 3470 1822 3537 χειροτονεισθωσαν

311 3564 421 3617 ὑπὸ
444 3564 556 3618 τοῦ
575 3562 686 3633 τῆς
710 3564 1044 3631 καθολικῆς
1060 3563 1430 3630 Ἐκκλησίας
1457 3563 1818 3615 ἐπισκόπου.

290 3655 351 3708 El
361 3655 427 3709 δὲ
441 3656 480 3725 ἠ
494 3655 817 3724 ἀνάκρισις
832 3655 1283 3724 ἀνεπιτηδείους
1295 3657 1372 3709 αὐ
1380 3655 1519 3721 τοὺς
1529 3655 1820 3724 εὑρίσκοι,

307 3748 966 3817 καθαιρεῒσθαιαὺτοὺς
1002 3746 1319 3817 προσήκει.
1378 3747 1684 3814 Ὡσαύτως
1756 3747 1825 3799 δὲ

305 3839 561 3908 καὶπερὶ
618 3838 740 3892 τῶν
772 3838 1210 3899 διακονισσῶν,
1241 3840 1339 3893 καί
1372 3838 1523 3905 ὅλως
1552 3838 1684 3908 περὶ
1709 3838 1826 3891 τῶν

307 3931 477 3997 ἐντῷ
524 3931 734 4000 κλήρῳ
775 3930 1219 4000 ἐξεταζομένων
1273 3934 1304 3985 ό
1369 3931 1554 3998 αὐτὸς
1632 3932 1824 3997 τύπος

314 4024 968 4093 παραφυλαχθήσεται.
1061 4023 1484 4094 Ἔμνήσθημεν
1574 4023 1643 4076 δὲ
1709 4022 1827 4076 τῶν

307 4112 722 4168 διακονισσῶν
745 4114 865 4169 τῶν
926 4116 997 4170 ἐν
1042 4114 1122 4181 τῷ
1172 4116 1439 4185 σχήματι
1493 4114 1827 4180 ἐξετασθεί-

306 4198 456 4267 eam,
480 4202 612 4256 ἐπεὶ
642 4203 819 4273 μηδὲ
828 4206 1204 4273 χειροθεσίαν
1233 4206 1366 4260 τινὰ
1409 4206 1644 4275 έχουσι,
1673 4206 1830 4260 ὥστε

312 4290 653 4358 ὲξὰπαντος
678 4294 750 4347 ἐν
777 4294 901 4361 τοῖς
933 4296 1165 4362 λατκοῗς
1218 4296 1402 4363 αὐτὰς
1434 4293 1826 4361 ἐξετάζεσθαι.

322 4383 519 4439 ΒΔΛΣ.
578 4386 971 4440 Παυλιανισταὶ
1034 4387 1282 4455 λέγονται
1338 4389 1389 4442 οἱ
1447 4389 1825 4445 Παυλικιανοί.

1905 536 2045 588 nulla
2075 534 2334 601 ejusmodi
2364 544 2628 603 potestate
2659 536 2865 603 praediti
2892 544 3041 597 sunt,
3070 536 3467 590 Euelmristiam

1902 624 2216 693 praebeant?
2242 625 2307 680 Ut
2335 627 2476 680 enim
2512 641 2737 696 magnus
2763 628 3055 697 Apustulus
3086 630 3180 694 ait,
3210 627 3334 682 Sine
3358 629 3471 681 ulla

1903 721 2336 787 contradictione,
2388 721 2527 791 quod
2577 724 2747 776 minus
2793 733 2891 788 est,
2938 741 2970 776 a
3021 724 3229 778 meliore
3259 725 3470 778 benedi-

1904 810 2042 864 citur
2062 812 2126 868 ⁵³.
2151 812 2215 867 Ut
2238 827 2364 883 ergo
2399 814 2694 883 presbyteri
2731 815 2982 881 primum,
3012 817 3200 869 deinde
3236 818 3467 879 diaconi,

1905 905 2222 975 presbytero
2258 906 2411 975 ipsis,
2462 914 2555 959 aut
2595 908 2847 976 episcopo
2905 917 3309 962 sacrosanctum
3365 906 3470 961 Do-

1905 997 2035 1051 mini
2065 1012 2267 1067 corpus
2311 1009 2366 1053 et
2419 999 2737 1068 sanguinem
2784 999 3125 1054 miniStrante
3169 998 3473 1053 communi-

1905 1099 2047 1153 cent,
2078 1099 2263 1144 sancta
2293 1092 2532 1158 synodus
2567 1090 2751 1144 edicit.
2789 1090 3021 1145 Medium
3056 1105 3184 1145 vero
3210 1101 3265 1144 et
3294 1091 3472 1143 locum

1904 1182 1959 1235 in
2002 1183 2341 1236 sacerdotum
2385 1197 2649 1237 concessu
2695 1196 2958 1251 usurpare
3000 1181 3256 1236 diaconos
3303 1191 3470 1240 vetat,

1904 1268 2049 1338 quod
2080 1285 2141 1324 ea
2178 1285 2287 1335 res,
2344 1280 2399 1323 et
2454 1287 2721 1325 canonum
2772 1270 3144 1325 sanctionibus
3193 1282 3246 1325 et
3294 1270 3471 1323 ordini

1907 1362 2246 1417 adversetur.
2279 1361 2380 1428 Qui
2423 1377 2549 1417 vero
2592 1379 2694 1416 non
2744 1362 3043 1432 paruerint,
3087 1376 3117 1415 a
3162 1375 3321 1417 sacro
3375 1362 3477 1413 tui-

1906 1454 2135 1508 niSIerio
2160 1456 2423 1509 removeri
2449 1454 2622 1522 jubet.
2950 1438 2951 1441 η

1905 1546 2016 1616 82
2044 1544 2270 1601 ΑιιιδΤ.
2296 1546 2517 1599 Diaconi
2532 1548 2677 1600 intra
2696 1548 2936 1617 proprios
2960 1564 3082 1601 suos
3106 1546 3350 1601 terminos
3365 1561 3447 1597 ma
3466 1576 3478 1581 -

1980 1648 2158 1706 neant,
2190 1650 2238 1694 et
2280 1656 2370 1694 nec
2397 1638 2789 1694 Eucharistiam
2818 1643 3133 1711 presbyteris
3158 1640 3478 1699 ministrent.

1981 1747 2073 1785 nec
2117 1749 2234 1786 eam
2290 1734 2437 1801 prius
2472 1742 2710 1803 tangant,
2767 1749 2927 1800 neque
2979 1733 3116 1785 inter
3157 1732 3479 1801 presbyteros

1979 1824 2212 1878 sedeant.
2255 1823 2350 1878 Est
2401 1825 2538 1877 enim
2591 1835 2775 1878 contra
2824 1841 3073 1877 canonem
3127 1835 3173 1877 et
3219 1824 3479 1876 decentem

1980 1918 2239 1981 ordinem,
2272 1915 2460 1987 siquid
2498 1918 2797 1971 istiusmodi
2836 1916 3033 1986 factum
3070 1918 3161 1970 sit.

1981 2102 2085 2159 Hic
2117 2117 2354 2172 praesens
2407 2118 2581 2158 canon
2633 2100 2948 2155 indecorum
2998 2099 3229 2154 fortasse
3278 2097 3481 2167 aliquid

1911 2205 1967 2251 et
2030 2194 2397 2249 inordinatum
2474 2193 2753 2247 inveniens
2805 2193 2857 2246 in
2928 2191 3204 2246 nonnullis
3278 2189 3478 2244 factum

1912 2286 2245 2350 civitatibus,
2279 2286 2406 2339 illud
2436 2286 2723 2352 emendat;
2756 2294 2808 2337 et
2844 2285 3089 2339 decernit
3120 2297 3184 2335 ne
3212 2281 3477 2351 quispiam

1914 2378 2266 2431 diaconorum
2322 2374 2654 2447 presbyteris
2701 2375 2938 2427 divinam
3005 2374 3277 2426 ministret
3335 2387 3485 2426 com-

1915 2469 2248 2533 munionem,
2287 2483 2460 2538 neque
2490 2466 2633 2520 illam
2684 2476 2811 2520 ante
2836 2480 2929 2519 eos
2964 2475 3166 2534 tangat,
3199 2465 3290 2519 sed
3345 2474 3400 2517 ut
3449 2464 3480 2516 ii

1915 2570 2037 2631 post
2065 2562 2409 2631 presbyteros
2463 2560 2603 2613 hanc
2628 2557 3024 2612 Eucharistiam
3057 2558 3347 2625 accipiant,
3402 2555 3485 2609 vel

1917 2652 1985 2707 ab
2044 2652 2299 2722 episcopo
2373 2651 2456 2705 vel
2523 2651 2882 2721 presbytero,
2956 2663 3128 2717 neque
3181 2648 3234 2701 in
3310 2647 3488 2700 medio

1918 2745 2359 2815 presbyterorum
2419 2743 2509 2797 isti
2563 2745 2834 2798 sedeant:
2869 2756 2935 2796 ne
2980 2756 3141 2810 supra
3192 2755 3285 2795 eus
3340 2739 3491 2794 inve-

1921 2837 2139 2891 niantur
2165 2836 2435 2890 sedentes.

2513 2925 2743 2982 CANON
2770 2926 2924 2981 XIX.

1923 3019 1999 3074 De
2032 3018 2403 3086 Panlianistis,
2437 3022 2527 3090 qui
2559 3020 2747 3073 deinde
2771 3020 2838 3071 ad
2860 3018 3169 3072 catholicam
3200 3017 3493 3071 Ecclesium

1992 3113 2337 3184 confugerunt
2374 3122 2631 3165 statutum
2672 3123 2770 3179 est,
2821 3122 2879 3165 ut
2924 3114 2962 3164 ii
3008 3114 3216 3166 omnino
3258 3111 3491 3181 rebapti~

1994 3217 2199 3262 nentur.
2231 3205 2292 3261 Si
2317 3206 2407 3276 qui
2433 3222 2551 3260 vero
2572 3217 2800 3274 tempore
2818 3207 3083 3274 praeterito
3112 3207 3165 3258 in
3186 3204 3493 3259 clericorum

1992 3315 2209 3353 numero
2237 3309 2411 3363 erant,
2460 3299 2719 3368 siquidem
2756 3314 2787 3350 a
2823 3297 2979 3366 culpa
3010 3306 3058 3350 et
3102 3296 3495 3364 reprehensione

1995 3390 2157 3443 alieni
2193 3389 2287 3443 uisi
2315 3389 2533 3459 fuerint,
2560 3390 2874 3459 rebaptizati
2909 3389 3218 3441 ordinentur
3251 3405 3281 3439 a
3311 3384 3496 3439 catho-

1995 3484 2111 3538 lica:
2148 3482 2399 3537 Ecclesia:
2458 3486 2723 3553 episcopo.
2769 3483 2831 3538 Si
2879 3498 2999 3537 vero
3052 3482 3374 3536 examinatio
3408 3495 3495 3534 eos

1995 3592 2099 3629 non
2140 3592 2251 3630 esse
2298 3585 2448 3643 aptos
2496 3576 2855 3643 deprehendit,
2900 3576 3087 3645 deponi
3132 3590 3219 3628 eos
3273 3582 3493 3642 oportet.

1996 3669 2262 3725 Similiter
2290 3678 2465 3723 autem
2492 3679 2539 3723 et
2569 3668 2910 3734 diaconissis,
2937 3679 2985 3721 et
3024 3670 3237 3721 omnino
3267 3668 3330 3721 de
3384 3682 3499 3721 om-

1996 3763 2150 3816 nibus
2200 3761 2290 3828 qui
2332 3761 2469 3814 inter
2530 3758 2745 3814 clericos
2801 3770 3263 3825 annumerantur,
3313 3760 3494 3837 eadem

1998 3855 2169 3923 [arma
2211 3853 2527 3907 servabitur.
2572 3850 3003 3907 Diaconissarum
3042 3862 3218 3906 autem
3261 3853 3474 3906 memini

1996 3958 2136 4008 mus,
2171 3957 2288 4011 qua:
2322 3944 2373 3993 in
2401 3938 2592 3994 habitu
2637 3942 2845 4009 quidem
2899 3952 3198 4010 censentur,
3245 3946 3498 4013 quoniam

1998 4047 2089 4084 nec
2120 4030 2283 4084 ullum
2313 4031 2499 4083 habent
2528 4048 2779 4085 manuum
2829 4033 3239 4102 impositionem,
3282 4047 3336 4089 ut
3386 4051 3497 4090 om-

2000 4125 2122 4177 nino
2158 4126 2294 4177 inter
2318 4124 2482 4179 laicos
2520 4124 2649 4193 ipsa:
2678 4136 3141 4182 connumerentur.

2004 4391 2195 4445 BALS.
2228 4391 2584 4446 Paulianistaz
2614 4391 2871 4446 dicuntur
2907 4391 3231 4448 Pauliciani.
3281 4394 3497 4449 Editmn

287 4475 607 4530 Εκτέθειται
637 4476 770 4545 γοῦν
801 4479 954 4548 παρὰ
980 4479 1089 4533 τῶν
1131 4480 1303 4547 ἁγίων
1361 4480 1625 4550 Πατέρων
1677 4482 1821 4552 ὅρος,

1942 4495 2015 4539 εει
2048 4499 2175 4553 ergo
2209 4499 2237 4538 a
2271 4484 2479 4540 sanctis
2522 4481 2776 4539 Patribus
2818 4485 3115 4551 decretum,
3167 4487 3280 4541 sive
3325 4502 3500 4542 canon

259 4567 373 4637 ἦτοι
433 4570 615 4625 κανὼν
676 4570 772 4624 καὶ
816 4571 1008 4637 τύπος,
1093 4572 1560 4638 ἀναὸαπτίζεσοαι
1608 4575 1826 4637 αὐτούς.

274 4658 500 4728 Ἐπάγει
552 4662 610 4714 δὲ
663 4662 761 4725 ὡς,
808 4664 932 4716 ἐπεὶ
975 4664 1084 4717 τῶν
1139 4665 1364 4718 εἰκότων
1415 4667 1533 4719 ἐστὶ
1570 4668 1721 4730 τινας
1765 4668 1830 4720 ὲκ

262 4748 465 4804 τούτων
504 4753 648 4807 κατὰ
702 4751 930 4821 ἄγνοιαν
967 4752 1342 4826 κληρωθῆναι,
1403 4755 1610 4825 ὀφείλει
1650 4759 1675 4809 ὁ
1714 4758 1833 4808 ἐπί.

266 4856 467 4905 σκοπος
507 4844 906 4911 ἁναδαπτίζειν
931 4846 1175 4914 τούτους,
1208 4849 1304 4903 καὶ
1336 4847 1523 4901 ἔκτοτε
1553 4849 1834 4919 πολυπρα-

357 5023 381 5054 ⁸
410 5022 575 5081 Hebr.
598 5039 696 5092 vn,
731 5025 783 5078 7.

1936 4585 1991 4629 et
2048 4573 2255 4640 forma,
2317 4583 2377 4629 ut
2433 4574 2532 4643 ipsi
2584 4576 3007 4644 rebaptizentur.
3060 4578 3223 4632 Addit
3272 4592 3501 4636 autem:

1937 4664 2203 4732 Quoniam
2262 4667 2503 4722 nonnulli
2558 4681 2765 4735 eorum,
2799 4677 2857 4722 ut
2903 4678 2987 4723 est
3045 4671 3358 4735 verisimile,
3412 4688 3507 4741 per

1944 4758 2305 4829 ignorantiam
2360 4760 2414 4814 in
2450 4759 2657 4815 clerum
2721 4761 2956 4816 ordinati
3006 4774 3150 4829 sunt,
3208 4764 3371 4823 debet
3400 4768 3512 4836 cpi-

1945 4864 2143 4920 scopus
2174 4866 2267 4907 eos
2304 4852 2667 4923 rebaptizare,
2688 4862 2742 4909 et
2772 4863 2900 4909 tunc
2932 4856 2997 4911 de
3028 4872 3218 4912 eorum
3250 4858 3374 4915 vitae
3419 4862 3513 4916 de-

1498 5139 1685 5202 Guill.
1717 5140 2041 5222 Beveregii
2070 5154 2265 5211 notas.

341 5241 455 5313 (67)
491 5246 555 5297 Ol
580 5242 867 5314 διάκονοι
895 5242 1111 5310 ἐντοῖς
1154 5245 1325 5311 ἰδίοις
1364 5245 1622 5314 μέτροις.
1659 5245 1712 5300 In
1750 5246 1842 5302 Bi-

268 5312 536 5369 bliouteca
567 5313 713 5370 Juris
735 5316 981 5368 canonici
1007 5316 1227 5381 veteris,
1283 5312 1395 5369 haec
1433 5312 1714 5384 praisentis
1745 5333 1838 5372 ca-

269 5386 431 5454 nonis
460 5386 689 5453 epitome
721 5394 828 5437 tam
864 5387 963 5438 sub
1027 5386 1195 5454 ipsius
1242 5385 1467 5453 hujusce
1511 5387 1683 5441 Alexii
1715 5387 1843 5443 Ario

272 5452 441 5517 steni,
476 5452 632 5522 uuam
670 5455 955 5525 Symeonis
984 5452 1293 5522 LogOtheta:
1318 5452 1542 5509 nomine
1571 5457 1730 5513 aliter
1764 5460 1837 5514 le-

272 5525 442 5595 gitur,
484 5525 750 5595 videlicet,
781 5526 841 5595 υἱ
877 5524 1114 5578 διάκονοι
1142 5527 1253 5588 τοῖς
1287 5525 1437 5588 ἰδίοις
1474 5527 1695 5595 μέτροις
1736 5545 1837 5593 με-

273 5594 542 5666 νέτωσαν,
587 5594 722 5665 μηδὲ
746 5594 911 5662 μέσον
958 5596 1347 5666 πρεσὸυτέρων
1380 5596 1831 5661 καθεζέσθωσανο

276 5664 438 5742 παρα
479 5667 677 5742 κανόνα
722 5667 971 5742 γὰρ-καὶ
1006 5664 1276 5742 ξεύταξίᾳζν
1327 5668 1499 5742 ἐστιν,
1548 5667 1601 5719 εἴ
1638 5685 1690 5720 τι
1738 5670 1832 5721 καὶ

276 5735 490 5787 τοιοῦτο
514 5735 744 5805 γένοιτο,
794 5735 1018 5793 Diaconi
1054 5737 1109 5792 in
1139 5737 1250 5793 suis
1289 5738 1527 5794 terminis
1561 5747 1827 5806 maneant,

1948 5267 2107 5322 neque
2139 5255 2275 5327 inter
2304 5256 2636 5327 presbyteros
2665 5261 2903 5314 sedeant.
2946 5260 3087 5316 Nam
3136 5273 3319 5318 contra
3350 5284 3517 5321 cano-

1944 5337 2068 5402 nem_
2100 5334 2156 5402 et_
2173 5326 2435 5402 decentem
2469 5326 2704 5382 Ordinem
2735 5342 2832 5392 est,
2867 5333 2913 5384 si
2935 5334 3063 5401 quid
3098 5336 3203 5387 tale
3227 5336 3343 5402 ﬁat.
3392 5336 3513 5402 Ubi,

1945 5398 2003 5443 υι
2058 5394 2286 5467 leviores
2338 5398 2735 5465 discrepantias
2786 5394 3020 5467 mittam,
3072 5405 3182 5457 btec
3227 5394 3399 5460 'Vcrba
3461 5394 3512 5461 iii

1903 5493 1916 5509 .
1942 5464 2145 5542 nostris
2174 5466 2450 5542 codicibus
2496 5464 2650 5542 mss1
2678 5469 2837 5533 lecta,
2884 5472 2978 5523 καὶ
3006 5464 3013 5467 ’
3040 5475 3180 5542 μήτε
3222 5474 3514 5529 διδότωσαν

1941 5531 2297 5615 εὐχαριστίαν
2325 5539 2435 5599 τοῖς
2477 5531 2891 5615 πρεσϐυτέροις,
2917 5531 3054 5612 μήτέ
3088 5531 3353 5615 πρότερον
3382 5547 3516 5599 ταύ-

1939 5616 2041 5682 της
2096 5603 2478 5672 ἀπτέσθωσαν,
2521 5603 2631 5661 tota
2689 5603 3066 5666 deSidcl-{miur
3094 5603 3141 5679 ;’
3168 5603 3287 5681 ιιυὼ
3334 5628 3509 5669 tamen

1944 5686 2208 5754 universae
2267 5682 2489 5754 cartonls
2557 5684 2724 5733 menti
2788 5683 3150 5754 exprimenda:
3202 5687 3510 5740 necessaria

1940 5753 2088 5811 sunt,
2130 5745 2361 5817 ideoque
2391 5749 2463 5804 ibi
2493 5762 2773 5818 perperam
2807 5745 3033 5808 omissa.
