3992 6480
431 313 539 378 303

1714 299 1989 363 THEOD.
2035 299 2441 363 BALSAMON

3601 280 3705 361 atii

432 429 617 499 gelidae
656 422 868 478 ratione
903 428 1023 489 post
1080 416 1407 485 baptismum
1460 414 1781 483 inquirere:
1844 422 1918 477 et,
1971 428 2011 466 si

2122 416 2347 484 γμονεῖν
2376 415 2476 485 τὴν
2522 413 2663 485 μετᾶ
2692 413 2754 467 τὸ
2801 412 3088 485 βάπτισμα
3146 409 3427 481 διαγωγὴν
3481 409 3703 464 αὐτῶν·

435 520 742 588 inculpatos
802 515 1122 576 invenerit,
1185 508 1497 565 saccrd0tio
1564 522 1777 576 quoque
1827 505 2017 575 dignos

429 613 720 681 judicare:
760 608 841 662 sin
902 606 1102 668 minus,
1136 618 1232 656 eos
1281 601 1437 654 etab
1482 599 1854 663 ordinatione,
1898 613 2017 666 qua:

435 706 536 760 fuit
566 712 690 758 ante
740 702 1093 769 baptismum,
1135 708 1431 749 removere.
1484 692 1681 746 Eadem
1730 703 1907 744 autem
1963 691 2015 743 in

433 795 775 849 niaconissas
804 806 1024 861 quoque
1055 789 1205 841 li.mt.
1244 785 1319 839 De
1343 784 1669 838 diaconissis
1720 791 1899 835 autem
1933 797 2018 835 res

433 892 507 945 ita
541 905 597 945 se
627 889 787 942 habet
818 906 828 940 :
866 885 1103 951 virgines
1146 879 1441 948 aliquando
1469 877 1534 930 ad
1590 876 1883 929 Ecclesium
1921 890 2015 929 ac-

433 985 714 1044 cedebant,
750 989 804 1032 et
840 976 1079 1046 episcopi
1118 973 1373 1027 suasione
1400 969 1784 1033 servabantur,
1818 978 1873 1020 ut
1908 965 2014 1018 Dm

352 1043 370 1056 .
431 1043 713 1133 dedicatae,
748 1069 840 1123 sed
872 1043 992 1121 eum
1032 1043 1241 1118 amictu
1294 1062 1455 1115 laico.
1493 1060 1546 1113 Id
1596 1059 1742 1115 enim
1787 1069 1891 1123 est,
1927 1074 2018 1111 eas

432 1170 485 1223 in
520 1166 707 1220 habitu
736 1162 969 1217 censeri.
1002 1159 1135 1214 Cum
1188 1164 1367 1209 autem
1418 1154 1491 1208 40
1542 1169 1809 1207 annorum
1838 1151 2016 1206 aetatis

431 1267 639 1321 essent,
693 1253 1123 1308 diaconissarum
1172 1262 1387 1317 quoque
1432 1245 1831 1300 ordinationem
1880 1243 2018 1297 reci-

432 1352 679 1421 piebant,
740 1348 784 1399 si
848 1344 1073 1397 omnino
1128 1341 1303 1409 digna:
1346 1338 1741 1391 invenirentur.
1793 1334 1849 1391 Si
1897 1351 2015 1407 qum

431 1459 560 1513 ergo
591 1452 643 1497 et
676 1456 742 1495 ex
776 1438 915 1501 istis,
950 1436 1147 1504 inquit,
1179 1432 1534 1489 Paulianisste
1585 1438 1763 1496 erant,
1826 1432 1919 1483 liet
1961 1440 2015 1484 et

431 1538 486 1591 in
540 1536 626 1589 bis
684 1533 826 1603 quod
877 1530 929 1584 in
967 1526 1227 1583 masculis
1288 1524 1540 1595 superius
1591 1531 1855 1577 statutum
1908 1532 2013 1577 est.

430 1630 625 1695 Quwre
654 1637 709 1680 et
735 1623 1119 1692 Carthagineu.
1157 1636 1276 1691 syn.
1328 1633 1449 1673 can.
1478 1615 1511 1670 6
1539 1626 1594 1672 et
1618 1616 1705 1671 44.
1738 1616 1862 1669 llaec
1892 1630 2014 1670 cum

433 1736 608 1776 canon
634 1718 913 1777 statuerit,
943 1713 1144 1769 dixerit
1189 1712 1485 1782 quispiam,
1537 1725 1662 1763 cum
1714 1724 1837 1778 quae
1888 1718 2016 1762 ante

431 1814 762 1881 baptismum
801 1809 941 1863 facta
975 1818 1058 1861 est
1094 1805 1388 1867 ordinatio,
1429 1813 1486 1857 ut
1518 1818 1583 1857 ne
1614 1802 1760 1859 facta
1793 1802 2013 1871 quidem

434 1914 717 1975 reputatur
748 1903 1059 1972 (propterea
1122 1898 1265 1953 enim
1324 1896 1711 1951 Paulianistam
1747 1906 1871 1964 post
1918 1893 2013 1949 ba-

432 2000 687 2069 ptismum
716 1993 957 2047 ordinari
990 2000 1209 2047 cautum
1246 1990 1348 2058 est)
1381 1989 1651 2059 quomodo
1676 1988 1805 2041 dicit
1838 2002 2015 2041 canon

432 2106 553 2146 eum
592 2098 712 2157 post
738 2087 1203 2142 examinatiouem
1240 2082 1641 2153 deponendum,
1671 2082 1715 2135 si
1763 2080 2015 2148 indignus

433 2183 737 2239 inveniatur
768 2180 859 2248 qui
889 2176 1209 2233 ordinetur?
1246 2176 1479 2230 Salutio.
1512 2173 1881 2243 Depositionis
1915 2186 2015 2225 no-

431 2290 555 2329 men
592 2274 682 2327 hic
715 2269 939 2324 abusive
969 2285 1064 2337 pro
1094 2266 1412 2337 expulsione
1444 2273 1726 2335 acceptum
1757 2274 1857 2319 est.
1878 2266 2018 2319 Ante

432 2368 765 2437 baptismum
799 2364 945 2419 enim
989 2364 1041 2417 iu
1088 2362 1410 2417 clericatum
1453 2358 1745 2426 ordinatio,
1784 2359 2015 2414 clerica-

436 2469 546 2513 tum
581 2473 685 2512 non
723 2456 932 2510 tribuit.
973 2454 1031 2508 Si
1072 2465 1253 2507 autem
1298 2452 1441 2507 nolis
1468 2453 1569 2507 hoc
1599 2452 1801 2518 dicere,
1825 2461 2017 2505 statue

429 2552 593 2606 verba
624 2548 984 2617 depositionis
1013 2562 1115 2603 non
1152 2546 1324 2615 accipi
1380 2547 1446 2600 de
1495 2546 1845 2600 ordinatione
1896 2560 2018 2613 quae

434 2642 538 2696 fuit
565 2653 693 2695 ante
727 2641 1084 2708 baptismum,
1116 2639 1210 2692 sed
1242 2639 1308 2692 de
1358 2651 1420 2691 ca
1468 2652 1587 2706 quae
1636 2637 1734 2691 fuit
1768 2647 1889 2707 post
1922 2638 2017 2691 ba-

433 2735 717 2804 ptismum.
752 2733 1066 2803 Deponetur
1086 2731 1254 2797 enim,
1290 2730 1544 2800 inquiunt
1577 2728 1794 2793 Patres,
1827 2740 1880 2783 et
1920 2730 2013 2799 qui

433 2838 557 2897 post
584 2825 1041 2880 illuminationem
1075 2824 1296 2895 indigne
1321 2824 1605 2878 ordinatus
1633 2834 1742 2887 est,
1798 2832 1855 2875 ut
1903 2822 2017 2875 vult

432 2921 760 2975 universalis
798 2932 999 2981 canon,
1036 2917 1127 2987 qui
1158 2932 1278 2979 eos,
1310 2916 1402 2985 qui
1451 2924 1575 2984 post
1608 2915 2013 2968 ordinationem

431 3021 680 3082 peccant,
704 3012 947 3081 deponit.
990 3010 1068 3065 De
1114 3008 1465 3063 Paulianistis
1511 3017 1690 3062 autem
1724 3008 2016 3077 aliquando

2122 508 2216 559 καὶ
2242 508 2291 560 εί
2320 508 2545 577 εὑρήσει
2574 506 3011 576 ἀνεπιλήπτους,
3042 504 3135 556 καὶ
3162 502 3467 573 ἱερωσύνης
3496 502 3703 567 ἀξιοῦν’

2120 601 2246 655 εἰδὲ
2281 601 2381 671 μὴ,
2412 602 2507 653 καὶ
2532 600 2633 667 τῆς
2669 598 2778 668 πρὸ
2812 597 2907 651 τοῦ
2945 597 3327 667 βαπτίσματος
3368 597 3707 664 χειροτονίας

2121 694 2539 761 ἀπαλλοτριοῦν.
2576 693 2656 744 Ti
2689 693 2827 745 αὐτὰ
2862 691 2917 744 δὲ
2949 690 3289 757 γινέσθωσαν
3334 688 3430 740 καὶ
3480 690 3561 745 είς
3611 689 3707 749 τὰς

2119 788 2493 848 διακονίσσας.
2530 786 2789 839 Τοιοῦτον
2822 786 2877 839 δέ
2927 786 3043 838 ἐστι
3074 784 3134 837 τὸ
3170 788 3278 837 τῶν
3312 782 3670 836 διακονισσῶν
3692 797 3706 812 ⁶

2121 882 2389 951 Παρθένοι
2441 881 2574 933 ποτὲ
2607 880 2983 949 προσήρχοντο
3015 881 3079 948 τῇ
3117 876 3407 947 ἐκκλησίᾳ,
3444 876 3537 929 καὶ
3569 876 3712 931 κατὰ

2120 972 2439 1042 προτροπὴν
2473 970 2569 1023 τοῦ
2615 972 2917 1022 ἐπισκόπου
2961 970 3349 1038 ἐφυλάττοντο,
3389 968 3465 1030 ὡς
3515 969 3713 1021 ἀνατε-

2120 1063 2371 1131 θειμέναι
2427 1064 2506 1134 τῷ
2565 1062 2709 1133 Θεῷ,
2771 1061 2911 1131 πλὴν
2965 1062 3106 1131 μετὰ
3160 1062 3444 1131 σχήματος
3492 1059 3767 1129 λαῖκοῦ..

2120 1156 2294 1209 Τοῦτο
2327 1156 2439 1226 γάρ
2468 1159 2587 1210 ἐστι
2616 1158 2675 1210 τὸ
2710 1154 3066 1220 ἐξετάζεσθαι
3106 1155 3280 1217 αὐτὰς
3311 1158 3367 1207 ἐν
3397 1154 3475 1225 τῷ
3496 1156 3717 1224 σχήμαο

2118 1266 2195 1304 τι.
2221 1249 2808 1317 Τεσσαρακονταετοῦς
2824 1249 2881 1301 δὲ
2899 1250 2958 1319 ἡ)
2975 1248 3115 1310 ικίας
3132 1248 3445 1317 γενόμεναι,
3460 1247 3718 1318 ⁴ἠξιοῦντο

2118 1340 2216 1395 καὶ
2250 1341 2589 1412 χειροτονίας
2612 1341 2996 1404 διακονισσῶν,
3051 1343 3443 1413 εὑρισκόμεναι
3494 1342 3718 1405 πάντως

2119 1433 2369 1499 ἄξιαι.Εξ
2389 1433 2521 1501 γοῦν
2539 1433 2632 1487 καί
2657 1452 2799 1498 τινες
2831 1436 2893 1487 ὲκ
2921 1437 3149 1500 τούτων,
3173 1436 3330 1505 φησὶ,
3356 1433 3718 1487 Παυλιανίσαι

2121 1528 2336 1597 ἔτυχον,
2367 1529 2662 1597 γενήσεται
2701 1530 2795 1581 καὶ
2825 1528 2913 1580 ἐπ’
2946 1529 3161 1591 αὐταῖς,
3196 1528 3248 1580 εί
3274 1545 3324 1581 τι
3353 1528 3446 1581 καὶ
3478 1528 3574 1580 ἐπὶ
3598 1528 3718 1589 τοῖς

2120 1622 2351 1692 ἄρρεσιν
2381 1620 2594 1691 ὡρίσθη
2630 1620 2859 1675 ἄνωθεν.
2914 1622 3081 1691 Ζήτει
3118 1621 3217 1690 τῆς
3256 1623 3313 1674 ὲν
3376 1618 3713 1691 Καρθαγινῃ

2122 1716 2342 1769 συνόδου
2377 1716 2607 1778 κανόνας
2645 1722 2697 1779 ς’
2731 1714 2824 1767 καὶ
2860 1712 2961 1784 μδ’.
2998 1714 3186 1767 Ταῦτα
3225 1714 3320 1767 τοῦ
3353 1712 3577 1774 κανόνος
3600 1712 3714 1765 διο-

2124 1812 2446 1882 ρισαμένου,
2475 1809 2603 1880 εἴπῃ
2622 1826 2706 1872 τις
2731 1808 2827 1873 ὡς,
2867 1808 2992 1862 ἐπεὶ
3025 1809 3057 1877 ἠ
3098 1808 3206 1878 πρὸ
3236 1806 3331 1861 τοῦ
3395 1806 3718 1877 βαπτίσμα-

2119 1921 2211 1965 τος
2266 1901 2574 1973 χειροτονία
2632 1902 2707 1965 ὼς
2763 1902 2898 1971 μηδὲ
2937 1901 3209 1971 γενομένη
3261 1901 3540 1969 λογίζεται
3606 1899 3720 1970 (διὰ

2118 1996 2230 2065 γὰρ
2262 1994 2425 2048 τοῦτο
2454 1994 2670 2065 ὡρίσθη
2739 1992 2830 2046 τὸν
2892 1993 3332 2047 Παυλιανίσαντα
3383 1994 3719 2063 χειροτονεῖ-

2121 2090 2245 2142 σθαι
2288 2091 2428 2159 μετὰ
2464 2090 2525 2141 τὸ
2557 2074 2863 2157 βάπτισμα)
2892 2087 3011 2150 πῶς
3052 2103 3218 2156 φησιν
3259 2089 3287 2140 ό
3316 2085 3498 2139 κανὼν
3524 2085 3720 2140 καθαι-

2123 2184 2337 2252 ρεῖσθαι
2373 2182 2535 2234 αὐτὸν
2572 2182 2711 2251 μετὰ
2747 2180 3023 2246 ἐξέτασιν,
3049 2179 3271 2243 ἀνάξιον
3318 2176 3413 2231 τοῦ
3468 2194 3721 2248 χειροτο-

2119 2274 2352 2344 νηθῆναι
2380 2273 2810 2343 εὑρισκόμενον;
2866 2270 3060 2335 Λύσις.
3102 2270 3581 2343 Καταχρηστικῶς
3624 2274 3718 2325 ἑν-

2120 2367 2297 2420 ταῦθα
2325 2365 2652 2435 παρελήφθη
2694 2363 2756 2416 τὸ
2806 2366 2905 2433 τῆς
2959 2361 3333 2433 καθαιρέσεως
3396 2362 3548 2432 ῥῆμα
3592 2363 3722 2415 ἀντὶ

2119 2462 2218 2529 τῆς
2281 2458 2625 2529 ὲξωθήσεως.
2710 2457 2775 2509 ’11
2847 2454 2955 2525 γὰρ
3011 2454 3116 2525 πρὸ
3178 2453 3272 2507 τοῦ
3335 2454 3723 2523 βαπτίσματος

2120 2550 2401 2619 κλήρωσις
2437 2548 2537 2600 οὐκ
2568 2548 2683 2600 ἐστι
2717 2546 3021 2616 κλήρωσις.
3062 2547 3123 2597 El
3157 2544 3213 2598 δὲ
3241 2544 3315 2615 μὴ
3339 2543 3499 2597 τοῦτο
3551 2544 3725 2616 θέλῃς

2121 2641 2321 2703 εἰπεῖν,
2355 2638 2651 2708 θεμάτισον
2682 2638 2751 2691 τὰ
2790 2640 3011 2709 ῥήματα
3060 2637 3161 2707 τῆς
3196 2636 3597 2707 καθαιρέσεως,
3635 2637 3723 2707 μὴ

2120 2732 2566 2803 ὲκλαμδάνεσθαι
2596 2734 2724 2801 περὶ
2752 2734 2849 2801 τῆς
2886 2731 2994 2803 πρὸ
3021 2730 3117 2783 τοῦ
3174 2730 3558 2801 βαπτίσματος
3600 2748 3724 2801 χει-

2122 2827 2394 2897 ροτονίας,
2442 2825 2579 2878 ἀλλὰ
2616 2827 2745 2895 περὶ
2774 2828 2872 2894 τῆς
2906 2825 3043 2894 μετὰ
3068 2824 3129 2876 τὸ
3159 2824 3465 2895 βάπτισμα.
3501 2822 3725 2877 Καθαιο

2122 2918 2418 2990 ρεθήσεται
2475 2920 2609 2989 γὰρ,
2668 2920 2835 2987 φασὶν
2878 2918 2928 2971 οἱ
2990 2919 3256 2988 Πατέρες,
3306 2919 3621 2989 meum
3655 2920 3724 2971 τὸ

2122 3013 2383 3083 φώτισμα
2410 3011 2647 3076 ἀναξίως
2684 3009 3090 3081 χειροτονηθεὶς
3123 3012 3265 3063 κατὰ
3290 3011 3381 3063 τὸν
3423 3010 3724 3063 καθολικὺν

429 3109 717 3181 quaesitum
750 3116 852 3171 est,
880 3104 1103 3174 quinam
1151 3112 1336 3157 essent
1372 3118 1384 3155 :
1417 3111 1472 3156 et
1503 3102 1593 3155 alii
1633 3104 1851 3169 quidem
1906 3100 2011 3154 alia

2118 3106 2325 3160 κανόνα
2354 3103 2447 3156 τὸν
2481 3102 2860 3174 καθαιροῦντα
2895 3102 3021 3165 τοὺς
3048 3104 3186 3171 μετὰ
3214 3104 3313 3173 τὴν
3374 3104 3722 3174 χειροτονίαν

428 3206 678 3260 dixerunt
715 3220 728 3255 :
763 3215 864 3270 ego
902 3212 1082 3253 autem
1111 3200 1161 3253 in
1196 3198 1426 3253 diversis
1455 3198 1606 3252 libris
1633 3197 1835 3264 inveni,
1862 3196 2008 3267 quod

427 3295 706 3352 Manichazi
756 3293 1051 3347 Pauﬁciani
1102 3293 1232 3345 dicti
1284 3301 1431 3356 sunt,
1484 3304 1515 3344 a
1552 3289 1789 3360 quodam
1841 3289 2012 3345 Paulo

428 3390 786 3445 Samosateno
810 3386 1054 3439 mulieris
1087 3384 1358 3437 Manicazae
1387 3384 1518 3449 lilio,
1550 3383 1637 3438 cui
1666 3398 1864 3438 nomen
1892 3392 2013 3437 erat

426 3482 713 3536 Callinice.
774 3479 1167 3532 Samosatenus
1211 3486 1392 3529 autem
1440 3477 1748 3546 appellatus
1795 3486 1910 3539 est,
1955 3484 2013 3529 ut

427 3575 518 3642 qui
571 3572 1051 3626 Samosatenorum
1103 3568 1391 3637 episcopus
1433 3569 1745 3622 nominatus
1802 3568 1923 3623 fuit.
1961 3569 2012 3623 Is

427 3665 741 3735 praedicavit
771 3679 935 3715 unum
962 3677 1085 3715 esse
1115 3660 1310 3725 Deum,
1350 3664 1439 3729 qui
1473 3672 1527 3714 et
1558 3659 1719 3714 Pater
1760 3672 1813 3716 et
1842 3661 2013 3717 Filius

426 3773 480 3815 et
512 3767 733 3813 sanctus
754 3757 989 3824 Spiritus
1017 3756 1158 3808 idem
1190 3755 1407 3808 dicitur.
1432 3754 1587 3809 Unus
1616 3755 1783 3820 enim,
1816 3756 2009 3824 inquit,

426 3862 509 3905 est
539 3850 699 3913 Dens,
730 3859 783 3901 et
829 3846 1000 3900 Filius
1042 3846 1215 3914 ipsius
1267 3846 1321 3898 in
1373 3846 1510 3911 ipso,
1552 3848 2008 3915 quemadmodum

425 3944 480 3997 in
510 3941 619 4011 83
657 3941 875 3993 homine
906 3938 1046 3991 ratio
1080 3936 1161 3989 vel
1206 3951 1409 3991 sermo.
1450 3934 1569 4006 Ipsa
1621 3949 1802 3991 autem
1849 3942 2007 4004 ratio,

425 4053 547 4095 cum
607 4040 658 4089 in
713 4047 910 4087 terram
960 4032 1220 4095 venisset,
1255 4031 1518 4086 habitavit
1566 4031 1619 4085 in
1666 4031 1883 4085 homine
1918 4035 2008 4103 qtti

424 4130 711 4192 dicebatur
750 4125 926 4187 Jestts,
956 4126 1371 4193 (econotniaque
1415 4124 1709 4193 completa,
1760 4128 2007 4181 ascendit

421 4223 490 4278 ad
523 4222 761 4276 Patrem.
797 4216 895 4271 llic
922 4228 1102 4271 autem
1135 4214 1314 4279 Jesus,
1346 4232 1411 4271 ex
1445 4214 1795 4270 inferioribus
1829 4220 2005 4287 regio-

2124 3199 2577 3271 ἁμαρτάνοντας.
2616 3199 2749 3270 Περὶ
2772 3197 2829 3251 δὲ
2862 3197 2975 3250 τῶν
3038 3198 3523 3254 Παυλιανισάντων
3576 3199 3719 3271 ἐρώ-

2120 3309 2282 3363 τησις
2313 3295 2530 3361 γέγονε,
2561 3291 2704 3353 τίνες
2743 3289 2871 3345 είσί.
2906 3291 3017 3343 Καὶ
3049 3290 3199 3345 ἄλλοι
3233 3291 3331 3361 μὲν
3368 3292 3505 3345 ἄλλα
3534 3288 3721 3345 εἷπονο

2121 3384 2233 3453 ἐγὼ
2260 3384 2319 3438 δὲ
2354 3378 2517 3455 εὖρον
2541 3386 2599 3439 ἐν
2629 3386 2910 3455 διαφόροις
2943 3385 3175 3455 βιϐλίοις
3203 3385 3287 3438 ὅτι
3352 3386 3720 3442 Παυλικιανοὶ

2118 3478 2170 3529 οἱ
2228 3479 2523 3547 Μανιχαῖοι
2582 3478 3089 3549 μετωνομάσθησαν
3152 3480 3261 3532 ἀπὸ
3306 3478 3523 3533 Παύλου
3565 3481 3720 3543 τ.νὸς

2120 3572 2488 3640 Σαμοσατέως
2520 3571 2640 3623 υίοῦ
2673 3571 2933 3640 γυναικὸς
2975 3573 3315 3644 Μανιχαίας.
3372 3574 3723 3645 Καλλινίκης

2115 3661 2799 3735 τοῦνομαπΣαμοσατεῦς
2840 3664 2896 3717 δὲ
2956 3664 3162 3735 ἐκλήθη
3219 3666 3297 3730 ὡς
3360 3669 3719 3737 χρηματίσας

2114 3755 2415 3818 ἐπίσκοπος
2474 3755 2839 3825 Σαμοσατέων
2884 3756 3014 3827 (68).
3070 3750 3238 3821 Οὗτος
3299 3758 3569 3829 ἐκήρυξεν
3612 3759 3721 3811 ἕνα.

2114 3848 2247 3901 Θεὸν
2275 3844 2415 3902 εἶναι
2448 3849 2690 3919 Πατέρα,
2721 3849 2814 3902 καὶ
2848 3850 2975 3903 Υίὸν
3010 3856 3101 3906 καὶ
3142 3851 3297 3920 ἅγιον
3346 3854 3573 3923 Πνεῦμα
3617 3855 3720 3907 τὶν

2114 3942 2277 3994 αὑτὸν
2298 3942 2615 4011 λεγόμενον.
2648 3938 2742 4005 Εἷς
2766 3944 2897 4013 γάρ,
2935 3946 3121 4012 φησιν,
3171 3946 3290 3997 ἐστὶ
3345 3946 3498 4013 Θεὸς,
3548 3945 3644 3999 καὶ
3684 3948 3720 4000 ὁ

2119 4035 2245 4096 Υἱὸς
2274 4035 2439 4088 αὑτοῦ
2476 4039 2533 4087 ὲν
2561 4035 2731 4106 αὐτῷ,
2769 4036 2842 4098 ὡς
2868 4035 2896 4087 ὁ
2923 4038 3078 4105 λόγος
3108 4040 3165 4090 ὲν
3200 4038 3499 4109 ἀνθρώπῳ.
3533 4039 3717 4104 Αὐτὸς

2116 4135 2173 4188 δὲ
2208 4137 2233 4189 ὁ
2267 4137 2465 4201 Λόγος,
2493 4133 2667 4186 ἐλθὼν
2698 4136 2786 4187 ἐπὶ
2819 4136 2917 4205 τῆς
2969 4138 3095 4206 γῆς,
3156 4136 3375 4206 ᾤκησεν
3429 4135 3717 4208 ἀνθρώπῳ

2129 4228 2302 4300 Ἰησοῦ
2328 4229 2672 4298 καλουμένῳ,
2726 4228 2821 4283 καὶ
2881 4231 2979 4298 τὴν
3030 4229 3343 4298 οἰκονομίαν
3387 4228 3686 4299 πληρώσας

1664 4318 1855 4381 Guill.
1892 4323 2221 4405 Bevercgii
2252 4335 2441 4391 nota).

442 4440 445 4441 ί
492 4424 1156 4529 ςίὶδ)ηέ’ῗί¹⁰⁴ῖςίέ.ῗὶῗ)ξηῗὲ,
1178 4422 1584 4529 ,ἐκλέζθηιιηξὲςε
1608 4427 2015 4529 ivra-ffers???

420 4495 759 4566 ἐπῖσέοποζ
820 4495 1247 4566 Σαμοσατέων.
1303 4496 1360 4547 δί
1398 4496 1617 4567 1⁸11111115
1682 4498 1782 4551 iste
1828 4514 1857 4549 a
1907 4513 2015 4567 quo

421 4576 722 4632 Pauliciani
768 4568 1139 4639 cognominati
1198 4576 1347 4631 sunt,
1391 4566 1857 4639 Samosatensium
1893 4572 2011 4639 epi-

422 4662 618 4716 scOpus
648 4638 1005 4706 fuerit,'alius
1038 4640 1109 4693 sit
1146 4647 1495 4716 necesseuest
1526 4638 1591 4716 ab
1622 4653 1707 4700 eo,
1741 4642 1831 4708 qui
1864 4638 2012 4695 pm“

423 4708 767 4771 liaiiistaruni
800 4722 1056 4778 magister
1086 4709 1319 4762 exstitit.
1372 4708 1467 4760 llic
1499 4710 1642 4760 enim
1693 4714 2011 4767 Samosate-

425 4806 524 4841 nus
556 4787 738 4840 dictus
785 4792 863 4834 est
888 4819 902 4843 ,
958 4799 1060 4833 non
1093 4784 1233 4851 quod
1276 4780 1687 4831 Satnosatormn
1725 4786 2011 4851 episcopus

423 4860 545 4923 fuit,
575 4858 668 4911 sed
701 4856 841 4922 quod
871 4854 1089 4923 tbi,_ubi
1119 4864 1173 4903 et
1211 4849 1482 4923 Lueianus
1514 4859 1696 4905 nitus.
1742 4852 1839 4904 llic
1864 4849 2009 4906 enim

424 4920 541 4983 ἀπο
569 4920 908 4995 Σαμοσάτων
955 4920 1043 4993 ἧν,
1096 4923 1192 4989 τὴς
1226 4922 1415 4995 ὲπὶτὲι
1447 4924 1586 4990 μέρη
1618 4924 1714 4991 τῆς
1757 4923 2011 4975 Μεσοπο-

426 5001 629 5071 ταμίας
656 4994 752 5049 καὶ
785 4994 1103 5063 Εὐφράτου,
1136 5004 1188 5044 ut
1223 4997 1298 5044 ait
1333 4994 1695 5059 Epiphanius,
1753 4999 1879 5045 liter.
1918 4996 2004 5048 (i5.

427 5064 660 5138 ldéoque
707 5068 1167 5138 iiiisttbitts_eu1i_i_
1204 5068 1502 5138 voeartov
1552 5064 2007 5138 éx‘Eapocdtmv

427 5132 665 5196 HLDA-av.
704 5137 900 5190 Euseb.
941 5135 1083 5188 Hist.
1122 5132 1324 5189 Eccles.
1379 5135 1415 5187 l.
1444 5147 1494 5194 ν,
1528 5146 1577 5185 c.
1626 5134 1716 5196 ‘28,
1750 5145 1804 5188 et
1835 5136 1870 5186 l.
1910 5150 2005 5202 vit,

426 5229 479 5267 c.
511 5211 602 5267 57.
638 5209 943 5263 Samosatis
971 5208 1133 5274 igitur
1160 5214 1315 5257 ()l‘lUs
1348 5214 1449 5267 est,
1492 5204 1585 5256 sed
1627 5222 1730 5258 non
1766 5205 1874 5267 ibi,
1919 5223 2006 5260 te-

428 5298 546 5337 rum
601 5282 899 5334 Antiochiae
948 5281 1235 5345 episcopus
1278 5277 1607 5328 constitutus
1658 5288 1776 5340 cst,
1816 5275 2005 5329 Deme-

429 5355 594 5407 triani
626 5356 879 5405 nimirutn
906 5350 1227 5402 Antiot-hcni
1258 5361 1361 5400 Vita
1400 5348 1634 5399 tlet'tmt‘ti
1682 5347 1818 5400 loco.
1862 5346 2006 5411 Qua-

427 5438 647 5495 propter
682 5423 1039 5494 Σαμοσατεὺς
1086 5420 1295 5495 idcirco
1338 5427 1545 5495 tantum
1594 5428 1841 5495 vocatur,
1876 5422 2003 5495 quia

428 5488 729 5549 Samosatts
766 5488 1047 5547 oriundus.
1081 5490 1300 5551 Suidas,
1340 5489 1635 5557 Σαμόσατα
1687 5488 1861 5550 πόλις,
1910 5491 2002 5541 καί

424 5567 776 5634 Σαμοσατευς
823 5568 850 5618 ό
890 5568 953 5616 ἐκ
989 5563 1216 5617 τούτων.
1264 5563 1416 5634 Sunt.
1464 5576 1514 5611 tn
1544 5560 1860 5634 Σαμόσατα.
1896 5563 2000 5612 Ad-

424 5630 540 5690 baii:
574 5636 860 5691 Balsamon
892 5640 991 5690 hoc
1021 5640 1161 5699 loco,
1198 5644 1254 5688 ut
1288 5644 1342 5685 et
1367 5632 1666 5693 Cedrenus,
1694 5630 1997 5683 Blastares-

419 5723 525 5776 que
559 5723 683 5761 ante
713 5709 938 5771 laudati,
974 5710 1319 5761 i‘aultctanos
1353 5705 1527 5776 dictos
1575 5717 1696 5754 esse
1728 5702 1999 5776 Aaul’aulo

417 5773 649 5834 (inodum
687 5778 1040 5834 Satnosateno
1078 5780 1321 5833 mulieris
1353 5773 1680 5837 iii-antelatae,
1702 5773 1995 5827 Ca'iliutces

2122 4448 2353 4502 vocatae,
2394 4435 2503 4489 ﬁlio
2533 4435 2774 4487 tradunt.
2808 4431 2920 4487 lloc
2953 4445 3134 4489 autem
3171 4435 3236 4487 de
3270 4432 3442 4487 Paulo
3478 4433 3716 4488 Paulia-

2124 4507 2391 4575 nistarum
2448 4506 2711 4573 magistro
2756 4504 2861 4557 dici
2919 4522 3021 4559 non
3063 4516 3260 4575 potest.
3317 4504 3449 4557 Nam
3507 4505 3717 4575 Paulus

2122 4574 2513 4629 Samnsateuus
2564 4577 2633 4629 ob
2690 4576 2921 4628 hacresin
2974 4574 3126 4629 suam
3174 4579 3302 4630 sede
3364 4574 3714 4630 Antiochenzi

2118 4648 2267 4715 prius
2326 4648 2604 4715 depositus
2655 4654 2759 4705 cst,
2808 4662 2967 4713 quam
3024 4648 3440 4700 Manichaeorum
3484 4648 3716 4700 lueresis

2118 4728 2306 4769 exorta
2361 4720 2488 4782 luit;
2526 4731 2580 4769 ut
2626 4732 2691 4769 ex
2734 4717 2947 4770 Eusebii
2995 4718 3267 4771 Chronico
3314 4725 3528 4772 constat
3562 4738 3567 4766 ;
3598 4733 3717 4784 quo

2119 4786 2266 4839 l’auli
2300 4788 2571 4856 depositio
2609 4786 2844 4857 refertur
2872 4789 2935 4837 ad
2972 4804 3061 4840 an.
3092 4790 3141 4851 :3_
3182 4789 3402 4857 Olymp.
3434 4787 3563 4851 2l6,
3590 4791 3716 4842 sive

2114 4872 2203 4909 an.
2241 4858 2395 4912 Dom.
2429 4860 2569 4921 267;
2607 4871 2661 4908 at
2714 4856 3133 4910 Manichtcorum
3174 4856 3447 4912 litereseos
3479 4869 3713 4911 exortus

2113 4931 2201 4980 ad.
2233 4946 2322 4983 an.
2368 4931 2416 4993 l,
2449 4928 2827 4999 Olyiiip.26‘i,
2872 4930 2986 4980 sive
3029 4930 3092 4982 ad
3145 4945 3349 4981 annum
3388 4929 3539 4984 Dom.
3576 4929 3709 4981 9.78.

2113 5000 2396 5063 Quomodo
2435 4998 2616 5066 itaque
2676 4998 2870 5051 l’aulus
2934 5002 3034 5051 iste
3090 4999 3401 5053 Manichaee:
3460 4998 3712 5054 mulieris

2113 5070 2255 5139 ﬁlius
2313 5087 2437 5124 esse
2499 5072 2693 5139 potuit,
2750 5085 2873 5122 cum
2926 5069 3111 5139 multis
3140 5071 3301 5123 annis
3350 5082 3475 5122 ante
3530 5071 3704 5137 ipsam

2112 5138 2540 5194 Manichaeorum
2584 5143 2818 5209 haeresin
2850 5150 3009 5192 natus
3038 5138 3241 5193 fuerit“!
3278 5140 3374 5193 llis
3412 5142 3576 5209 igitur
3606 5143 3704 5190 ad-

2111 5212 2301 5276 ducor,
2339 5223 2399 5264 ut
2453 5214 2673 5265 credam
2725 5208 2951 5262 Paulum
3022 5212 3185 5265 istum
3251 5208 3701 5274 S:iiiitisatetiutti,

2109 5282 2263 5348 cujus
2328 5281 2618 5335 Balsamon
2679 5282 2765 5335 hie
2817 5283 3017 5349 aliique
3081 5284 3467 5343 meminerunt,
3534 5282 3702 5333 alium

2110 5350 2279 5421 [uisse
2344 5352 2594 5415 Paulum,
2652 5352 3118 5405 Sumosatensittm
3176 5355 3489 5421 episcopum
3548 5360 3698 5418 (nam

2110 5418 2395 5477 Simosata
2445 5425 2762 5491 metropolis
2822 5422 2924 5474 fuit
2970 5418 3313 5476 Antioolieno
3366 5418 3705 5491 patriarchae

2108 5495 2369 5560 subdita),
2402 5506 2456 5547 et
2502 5498 2568 5547 ab
2605 5512 2669 5547 eo
2724 5507 2895 5547 novos
2942 5497 3201 5561 quosdam
3238 5494 3566 5548 Μίιιιίυιιιιιοε
3599 5509 3701 5546 ex-

2106 5576 2255 5633 ertos
2292 5564 2635 5619 Paulicianos
2692 5564 2871 5618 dictos
2921 5565 3104 5625 fuisse,
3134 5581 3269 5633 quos
3320 5565 3606 5619 Balsamon
3641 5576 3697 5616 et

2108 5630 2352 5688 Zonaras
2386 5652 2509 5690 cum
2547 5634 2900 5688 Paullatiistis
2951 5635 3055 5690 hoc
3102 5630 3314 5689 canone
3363 5651 3700 5689 commemo-

2106 5706 2244 5758 ratis
2295 5708 2433 5761 male
2480 5704 2868 5770 cetilundunt;
2919 5716 2978 5760 ut
3027 5718 3080 5762 et
3127 5723 3283 5761 antea
3338 5708 3696 5761 obserVatuut

2106 5788 2205 5830 est.
