3992 6480
419 344 521 405 3οἿ

1681 345 1960 408 THEOD.
1999 346 2090 405 ΒΛ
2101 345 2402 408 LSAMON

3596 353 3701 418 308

421 452 590 519 nique
617 448 872 504 omnibus
902 449 952 503 in
1004 449 1211 506 clerum
1246 453 1479 525 receptis
1508 469 1681 510 canon
1736 455 1999 510 servanda

2131 457 2481 511 ξιετυπώσατο
2508 458 2537 512 ό
2564 457 2767 512 κανών.
2788 459 2862 512 Τὸ
2891 459 2969 524 δὲ,
3020 457 3427 532 Ἐμνήσθημεν
3472 460 3531 514 δὲ
3584 462 3703 516 δια-

419 556 542 598 esse
588 538 887 594 constituit.
935 538 1066 594 lllud
1127 556 1278 605 vero,
1334 542 1762 598 diaconissarum
1816 549 1998 594 autem

419 633 792 698 meminimus,
818 647 940 703 quae
970 634 1023 687 in
1062 632 1247 688 habitu
1280 643 1597 700 censentur,
1642 642 1698 689 et
1742 647 1863 703 quae
1912 645 2003 686 se-

419 738 680 798 quuntur,
733 735 817 783 est
863 726 1151 798 ejusmodi.
1182 724 1430 795 Virgines
1479 726 1606 781 olim
1654 727 1765 782 Deo
1809 729 2000 783 dicata:

419 831 579 878 erant
610 822 991 878 castimoniam
1030 820 1308 889 professae,
1336 836 1468 888 quas
1512 821 1754 890 episcopi
1807 836 2002 877 conse-

421 913 668 978 crabant,
707 930 772 968 ex
813 915 1005 986 synodi
1061 914 1527 983 Carthaginiensis
1561 929 1769 970 canone
1820 924 1998 980 sexto,

421 1009 842 1075 earumdemque
864 1008 1122 1063 custodiae
1149 1023 1333 1062 curam
1362 1005 1642 1077 gerebant,
1667 1024 1731 1063 ex
1757 1009 1997 1079 ejusdem

424 1101 617 1171 synodi
680 1101 751 1154 47
802 1117 1035 1157 canone.
1094 1102 1167 1154 Ex
1224 1117 1407 1156 earum
1459 1102 1727 1171 virginum
1778 1118 2002 1158 numero

424 1201 729 1260 opportuno
764 1203 1027 1262 tempore,
1071 1211 1194 1249 cum
1243 1196 1496 1251 videlicet
1541 1198 1610 1252 40
1660 1213 1861 1251 annum
1900 1200 1997 1250 im-

424 1282 752 1350 plevissent,
816 1285 1138 1341 diaconissaa
1191 1288 1600 1341 ordinabantur.
1664 1287 1863 1341 Verum
1916 1287 2000 1342 ha:

426 1372 702 1438 rnulieres,
727 1374 798 1429 25
824 1377 1001 1430 a’tatis
1032 1393 1173 1432 anno
1201 1388 1412 1433 certum
1442 1382 1728 1447 quemdam
1756 1380 1997 1435 habitum

428 1464 495 1516 ab
526 1464 793 1536 episcopis
825 1467 1182 1536 accipiebant,
1221 1479 1278 1525 ut
1315 1471 1417 1526 HO
1459 1472 1634 1527 allatae
1671 1473 1862 1543 synodi
1910 1489 1999 1526 ca-

428 1569 573 1609 none
604 1558 790 1613 videre
818 1568 922 1615 est.
973 1559 1286 1627 liujusmodi
1334 1577 1464 1633 ergo
1504 1565 1763 1634 virgines,
1816 1564 2002 1618 diaco-

427 1645 693 1702 nissarum
760 1653 998 1717 nomine,
1049 1668 1167 1719 quae
1218 1653 1403 1709 habitu
1457 1664 1834 1719 censerentur,
1886 1670 2004 1709 ma-

426 1753 592 1793 nuum
640 1756 769 1797 vero
818 1743 1165 1814 imposilione
1217 1756 1444 1802 sacratae
1500 1763 1603 1801 non
1657 1758 1865 1813 essent,
1911 1765 2003 1819 sy-

429 1831 603 1886 nodus
634 1833 905 1905 intelligit,
949 1852 1008 1891 ac
1058 1840 1305 1894 haeresim
1344 1856 1495 1895 suam
1532 1840 1880 1904 conﬁtentes,
1934 1841 2001 1894 ab

427 1935 597 1989 eaque
633 1939 692 1978 se
721 1926 1078 1995 abstinentes,
1140 1931 1282 1986 inter
1339 1933 1513 1989 laicus
1566 1935 2005 1989 adnumerandas

426 2027 546 2069 esse
574 2016 833 2074 decernit.

424 2105 651 2161 ARIST.
687 2107 1043 2167 Paulionistw
1068 2112 1463 2178 rebaptizantur
1491 2131 1512 2171 :
1543 2126 1593 2170 et
1618 2118 1666 2170 si
1692 2118 1784 2183 qui
1828 2119 2007 2173 clerici

497 2200 987 2265 irreprelrensibiles
1026 2207 1289 2272 videntur,
1326 2209 1641 2276 rebaptizati
1668 2213 2002 2268 ordinentur.

499 2290 559 2346 Si
588 2308 704 2345 vero
728 2311 831 2347 non
860 2298 1101 2350 ridentur
1123 2300 1623 2368 irrepreltensibiles,
1653 2302 2004 2367 deponantur.

501 2384 830 2441 Diaconissw
856 2388 968 2459 84
988 2399 1161 2442 autem
1184 2394 1429 2457 seductor,
1453 2405 1507 2446 ut
1535 2395 1883 2449 ordinationis
1903 2411 2007 2449 non

498 2477 810 2546 participes,
841 2479 979 2532 inter
1015 2481 1179 2533 laicos
1214 2495 1596 2537 recenseantur.

506 2664 668 2730 Quia
730 2664 1190 2720 Paulianrstarnm
1234 2667 1460 2720 veniunt
1507 2666 1721 2729 haeresi,
1766 2666 2007 2736 rebapti-

438 2768 655 2818 Zantur,
692 2767 743 2811 et
780 2758 823 2812 si
858 2758 1021 2828 aliqui
1058 2774 1242 2811 eorum
1265 2757 1445 2812 clerici
1478 2760 1618 2827 apud
1651 2758 2008 2815 Paulianistas

442 2866 665 2904 munere
701 2851 869 2905 functi
902 2859 1052 2915 sunt,
1081 2852 1124 2905 si
1172 2849 1497 2918 inculpatam
1528 2860 1690 2918 agant
1739 2850 1926 2917 vitam,
1979 2866 2008 2904 a

439 2943 719 2997 catholicae
768 2942 1023 2997 Ecclesiae
1063 2942 1316 3012 episc0po
1364 2941 1733 2996 ordinantur:
1785 2946 1875 3011 qui
1922 2943 2009 2997 in-

436 3034 577 3103 digni
615 3045 794 3089 autem
843 3033 1336 3104 deprehenduntur,
1386 3034 1749 3103 deponuntur.
1799 3035 1991 3089 Diaco-

2110 549 2376 603 κονισσῶν
2397 549 2505 602 τῶν
2524 551 2580 601 ὲν
2601 550 2842 621 σχήματι
2866 548 3265 615 ἔξετασθεισῶν
3293 551 3396 605 καὶ
3419 552 3491 604 τὰ
3522 551 3705 619 λοιπὰ,

2109 640 2351 694 τοιοῦτόν
2374 641 2491 695 ἔστι
2516 658 2530 673 ο
2569 642 2837 711 Παρθένοι
2868 641 2930 696 τὺ
2955 643 3187 697 παλαιὸν
3225 644 3588 713 προσήγοντο
3633 643 3707 714 τῷ

2109 734 2228 805 Θεῷ
2261 735 2515 803 ἁγνεύειν
2546 735 2928 805 όμολογοῦσαι,
2986 735 3054 799 ἃς
3083 737 3133 789 οἱ
3169 735 3478 790 ἐπίσκοποι
3519 736 3709 791 καθιέ-

2110 845 2237 900 ρουν
2266 829 2405 882 κατὰ
2428 828 2518 881 τὸν
2548 827 2602 894 ς’
2633 829 2834 883 κανόνα
2862 832 2961 900 τῆς
2985 830 3041 883 ὲν
3074 828 3424 900 Καρθαγένῃ
3462 829 3711 889 συνόδου,

2110 925 2207 976 καὶ
2242 924 2337 991 τῆς
2359 921 2565 975 τούτων
2595 921 2913 992 ἐφρόντιζον
2969 922 3221 991 φυλακῆς
3270 920 3429 974 κατὰ
3480 921 3578 973 τὸν
3624 919 3711 990 με’

2110 1018 2313 1071 κανόνα
2343 1016 2443 1086 τῆς
2477 1017 2648 1083 αὐτῆς
2672 1016 2916 1080 συνόδου,
2950 1016 3008 1080 ἐξ
3033 1012 3107 1071 ὧν
3148 1017 3213 1087 δὴ
3247 1014 3557 1082 παρθένιον
3617 1016 3710 1067 καὶ

2109 1113 2452 1168 διακόνισσαι
2520 1110 2958 1182 ἐχειροτονοῢντο
3001 1112 3143 1165 κατὰ
3202 1111 3304 1163 τὸν
3361 1108 3568 1179 καιρὸν
3618 1109 3707 1161 τὸν

2108 1207 2482 1276 προσήκοντα,
2530 1206 2700 1276 ἤγουν
2760 1205 2849 1259 ὅτε
2903 1204 3041 1256 ἐτῶν
3105 1204 3367 1272 ἐγένοντο
3437 1201 3609 1271 μ’.Ᾱὶ
3654 1201 3710 1255 δὲ

2108 1298 2356 1353 τοιαῦται
2384 1297 2478 1351 καί
2516 1314 2569 1350 τι
2596 1299 2784 1366 σχῆμα
2822 1294 3100 1347 ἐνεδύοντο
3128 1292 3288 1363 παρὰ
3337 1290 3455 1344 τῶν
3489 1289 3710 1342 ἐπισκό-

2110 1408 2229 1445 πων
2262 1393 2319 1444 ὲν
2348 1390 2426 1462 τῷ
2463 1397 2542 1444 κε’
2571 1387 2805 1459 ἐνιαυτῷ
2826 1388 2924 1457 τῆς
2951 1388 3171 1457 ἡλικίας
3199 1384 3394 1438 αὐτῶν
3435 1381 3580 1436 κατὰ
3618 1381 3710 1434 τόν

2114 1483 2203 1555 ρμ¹
2256 1488 2455 1538 κανόνα
2504 1483 2603 1553 τῆς
2660 1482 2961 1553 εἰρημένης
2999 1478 3247 1533 συνόδου.
3303 1473 3587 1537 Τοιαύτας
3614 1469 3709 1526 οὖν

2114 1578 2419 1646 παρθένους
2472 1576 2504 1643 ἡ
2558 1574 2776 1637 σύνοδος
2837 1573 2973 1642 αὕτη
3023 1572 3181 1625 καλεῖ
3241 1566 3608 1629 διακονισσας
3648 1565 3705 1618 ὲν

2109 1675 2187 1745 τῷ
2214 1673 2453 1744 σχήματι
2504 1668 2908 1735 ἔξιτασθείσας,
2969 1663 3317 1736 χειροθεσίαν
3351 1661 3412 1713 δὲ
3446 1659 3523 1728 μὴ
3555 1656 3708 1728 ἑχού-

2113 1787 2231 1830 σας,
2270 1767 2336 1829 ἃς
2358 1765 2449 1817 καὶ
2483 1765 2540 1817 ὲν
2570 1764 2683 1825 τοῖς
2714 1761 2923 1823 λαῖκοῖς
2956 1755 3317 1823 ἐξετάζεσθαι
3341 1750 3584 1814 κελεύει,
3618 1750 3703 1803 ὅτε

2111 1859 2510 1929 ὁμολογήσουσι
2543 1855 2642 1921 τὴν
2695 1855 2906 1924 αἵρεσιν
2945 1851 3147 1916 αὐτῶν,
3196 1849 3300 1902 καὶ
3356 1846 3706 1915 ἀπόσχωνται

2104 1952 2297 2021 αὐτῆς.

2104 2130 2331 2187 ΑΡΙΣΤ.
2369 2131 2434 2183 Οἱ
2456 2124 2891 2183 Παυλιανισταῑ
2920 2120 3428 2181 ἀναὸαπτιζονται
3461 2133 3479 2152 ·
3510 2116 3611 2170 και
3648 2111 3706 2168 ει

2176 2242 2339 2289 τινες
2392 2221 2665 2288 κληίςιιοὶ
2696 2220 2989 2288 ἄμεμπτοι
3040 2215 3422 2275 δείκνυνται,
3480 2209 3703 2292 ἀναϐιξ-

2178 2316 2532 2378 πεισθέντες
2557 2312 3156 2383 χειροτονείσθωσαν.
3194 2308 3265 2360 El
3304 2305 3377 2359 δὲ
3396 2303 3487 2372 μὴ
3531 2303 3703 2369 ἄμεμ-

2180 2424 2316 2464 πτοι
2350 2408 2713 2465 δείκνυνται,
2779 2401 3335 2470 καθαιρείσθωσαν.
3372 2400 3442 2452 Αἱ
3471 2396 3541 2449 δὲ
3570 2394 3693 2448 διαο

2178 2507 2465 2561 κόνισσαι
2508 2498 3001 2566 ἐξαπατηθεῖσαι,
3039 2496 3169 2551 ἐπεὶ
3193 2494 3283 2564 μὴ
3326 2490 3700 2561 χειροτονίας

2180 2600 2562 2668 μετέχουσιν,
2608 2593 2680 2647 ἐν
2722 2590 2846 2657 τοῖς
2890 2588 3127 2654 λαῑκοῖς
3178 2583 3697 2651 ἐξεταζέσθωσαν.

2182 2694 2243 2746 Οἱ
2310 2692 2373 2744 ὲκ
2429 2690 2527 2758 τῆς
2575 2683 2988 2741 Παυλιανιστῶν
3036 2681 3308 2751 αἱρέσεως
3346 2673 3700 2749 μετελθόντες

2112 2782 2573 2841 ἀναὸαπτὶζονται
2600 2795 2616 2812 ·
2662 2778 2758 2833 καὶ
2796 2778 2848 2830 εἴ
2867 2791 3015 2838 τινες
3071 2771 3255 2827 αὐτῶν
3321 2770 3402 2833 ὡς
3445 2762 3699 2835 κληρικοὶ

2112 2878 2382 2946 ἐνήργουν
2426 2871 2579 2943 παρά
2643 2871 2756 2926 τοῖς
2804 2866 3251 2929 Παυλιανισταϊς,
3305 2862 3407 2916 ἐὰν
3461 2860 3555 2913 τὴν
3590 2855 3699 2925 βίον

2114 2972 2407 3039 ἄμεμπτον
2449 2966 2671 3035 ἔχωσιν,
2699 2962 2807 3016 ὑπὸ
2845 2960 2936 3014 τοῦ
2966 2960 3068 3029 τῆς
3111 2956 3426 3022 καθολικῆς
3472 2950 3696 3039 Ἐκκλη-

2115 3033 2241 3122 ciae
2267 3033 2566 3111 ἐπισκόπου
2608 3050 3039 3122 χειροτονοῦνται
3079 3064 3092 3077 ·
3133 3047 3183 3099 εἰ
3207 3045 3265 3098 δὲ
3295 3042 3513 3107 ἀνάξιοι
3555 3033 3698 3104 εὑρί-

432 3133 594 3187 ιιὶεεαξ
652 3142 829 3185 autem
884 3146 1095 3195 eorum,
1144 3132 1397 3201 quoniam
1447 3132 1647 3185 nullam
1703 3132 2008 3186 habuerunt

2131 3168 2359 3212 ςκονται,
2414 3147 2823 3217 καθαιροῦνται.
2883 3144 2949 3197 Ai
3008 3142 3064 3196 δὲ
3091 3140 3437 3194 διακόνισσαι
3498 3130 3695 3192 αὐτῶν,

440 3242 692 3277 manuum
750 3225 1173 3293 impositionem,
1210 3226 1253 3278 si
1306 3224 1372 3277 ad
1420 3224 1742 3279 catholicam
1789 3227 2012 3280 veniant

440 3317 741 3371 Ecclesiavu
775 3328 826 3369 et
857 3317 1224 3384 baptizcntur,
1261 3315 1403 3369 inter
1450 3316 1619 3370 laicos
1654 3315 2011 3370 collocantur.

436 3408 785 3465 Palilianisltc
836 3416 1016 3461 autem
1065 3409 1316 3469 suntqui
1369 3421 1397 3460 a
1452 3406 1618 3461 Paulo
1657 3407 2015 3463 Samosateno

439 3501 796 3559 descendunt,
820 3499 909 3568 qui
943 3498 1166 3553 humilia
1202 3500 1266 3552 de
1300 3498 1518 3553 Christo
1545 3500 1736 3558 sensit.
1770 3500 2015 3570 dixitque

437 3611 559 3647 eum
611 3607 953 3647 communem
1014 3606 1133 3647 esse
1185 3591 1482 3649 hominem.
1547 3602 1603 3646 et
1661 3592 1924 3661 originem
1984 3607 2014 3646 a

436 3687 604 3741 Maria
631 3686 952 3755 sumpsisse.

1027 3866 1258 3924 CANON
1299 3867 1419 3926 XX.

438 3965 701 4035 Quoniam
753 3976 876 4022 sunt
926 3966 1161 4038 quidam,
1209 3964 1299 4035 qui
1351 3966 1407 4017 in
1453 3964 1535 4019 die
1571 3962 1843 4019 Dominico
1884 3979 2015 4033 genu

506 4063 748 4131 ﬂectunt,
781 4069 829 4114 et
868 4061 997 4123 ipsis
1051 4058 1230 4112 diebus
1289 4055 1669 4111 Pentecosles:
1728 4066 1787 4109 ut
1840 4056 2017 4109 omnia

510 4151 760 4205 similiter
788 4151 843 4203 in
874 4150 1016 4203 omni
1059 4148 1315 4217 parochia
1374 4158 1666 4209 serventur,
1726 4147 1893 4201 visum
1939 4156 2016 4201 est

509 4252 710 4297 sancta:
777 4240 998 4311 synodo,
1046 4253 1101 4294 ut
1144 4251 1343 4295 stantes
1384 4241 1494 4295 Deo
1544 4241 1809 4296 orationes
1848 4240 2020 4309 e/j‘un-

510 4338 660 4390 dant.

515 4425 713 4484 BALS.
767 4425 1115 4497 Apostolicus
1165 4425 1235 4480 67
1283 4440 1457 4480 canon
1506 4440 1628 4479 eum
1679 4425 1773 4496 qui
1826 4425 2018 4495 quovis

443 4524 530 4577 die
560 4522 863 4586 Dominico,
903 4520 987 4577 vel
1020 4520 1213 4589 quovis
1242 4516 1506 4585 Sabbato,
1538 4529 1734 4589 praeter
1767 4534 1934 4572 unum
1967 4528 2020 4570 et
2052 4517 2094 4567 D

443 4617 623 4670 solum
660 4614 985 4678 Sabbatum,
1020 4613 1233 4667 scilicet
1263 4626 1540 4679 magnum,
1578 4610 1809 4681 jejunat.
1859 4611 1904 4667 si
1954 4612 2023 4665 sit

444 4709 663 4774 quidem
694 4706 948 4771 clericus,
980 4703 1211 4773 deponi;
1246 4703 1293 4758 si
1327 4718 1460 4758 vero
1505 4703 1699 4769 laicus,
1747 4705 2019 4774 segregar‘

440 4801 596 4871 jubet
630 4815 644 4851 :
683 4812 922 4865 prmsens
954 4804 1134 4850 autem
1171 4810 1349 4850 canon
1400 4796 1451 4849 in
1486 4796 1633 4850 omni
1662 4796 1941 4875 Dominlco
1971 4806 2025 4850 et

445 4889 702 4945 omnibus
729 4888 1079 4942 Pentecostes
1110 4886 1299 4941 diebus
1329 4885 1537 4952 feriari,
1564 4896 1617 4941 et
1643 4900 1833 4942 omnes
1871 4898 2023 4942 stan-

447 4994 529 5036 tes
566 4994 722 5034 orare
772 4978 1037 5043 decernit,
1094 4987 1152 5032 ut
1204 4979 1295 5048 qui
1346 4994 1468 5032 cum
1519 4976 1739 5034 Christo
1795 4993 2024 5035 consur-

448 5074 773 5139 rexerimus,
815 5080 871 5126 et
910 5085 1204 5140 supernam
1259 5070 1647 5125 habitationem
1693 5085 2021 5138 quaeramus.

448 5164 745 5234 Quaesitum
781 5172 863 5218 est
894 5171 1072 5217 autem
1106 5172 1160 5217 et
1187 5178 1252 5218 ex
1278 5162 1423 5217 dicto
1459 5163 1756 5231 apostolico
1793 5178 2022 5231 canone,

449 5256 543 5327 qui
572 5269 673 5308 nos
730 5270 837 5309 non
881 5253 1126 5322 jejunare
1171 5252 1361 5307 statuit
1414 5255 1606 5322 quovis
1658 5253 1900 5309 Sabbato
1943 5255 2025 5309 vel

450 5346 644 5418 quovis
679 5345 981 5411 Dominico,
1013 5353 1068 5399 et
1095 5360 1161 5399 ex
1195 5344 1445 5414 praesenti
1491 5359 1719 5409 canone,
1752 5356 2026 5401 statuente

450 5455 558 5497 non
587 5447 839 5507 oportere
869 5452 967 5493 nos
999 5454 1135 5509 genu
1169 5437 1389 5493 ﬂectere
1428 5438 1480 5491 in
1516 5438 1819 5505 Dominico,
1853 5452 1907 5496 et
1932 5456 2029 5511 per

450 5542 623 5591 totam
657 5532 1013 5588 Pentecosten
1048 5549 1064 5587 :
1103 5532 1363 5600 numquid
1417 5544 1639 5601 apparet
1686 5550 1792 5589 non
1828 5534 2027 5591 debere

451 5641 552 5681 nos
600 5624 894 5695 jejunare,
955 5627 1047 5680 sed
1101 5626 1367 5699 jejunium
1416 5626 1627 5681 solvere
1670 5628 1722 5682 in
1778 5629 2029 5683 omnibus

454 5717 645 5771 diebus
681 5718 1057 5785 hebdomadis,
1112 5728 1170 5773 ut
1221 5719 1271 5772 in
1321 5719 1623 5775 Dominico.
1678 5719 1743 5773 Et
1788 5721 2025 5776 nonnulli

456 5807 672 5877 quidem
703 5809 957 5866 dixerunt
997 5816 1163 5866 totam
1193 5809 1545 5866 Pentecosten
1581 5818 1640 5864 ut
1665 5825 1827 5865 unum
1883 5808 2024 5865 diem

2118 3244 2242 3297 ἐπεὶ
2268 3244 2341 3312 μή
2374 3258 2493 3294 τινα
2529 3238 2714 3306 ἔχουσι
2746 3233 3113 3307 χειροθεσίαν,
3153 3230 3248 3285 ἐὰν
3309 3232 3378 3300 τῇ
3433 3221 3694 3289 καθολικῇ

2118 3335 2494 3406 προσέλθωσιν
2537 3328 2856 3398 Ἐκκλησία,
2888 3328 2984 3380 καὶ
3015 3323 3385 3396 βαπτισθῶσι,
3424 3317 3564 3388 μετὰ
3590 3313 3698 3365 τῶν

2116 3403 2321 3483 λαῖκῶν
2355 3424 2756 3479 συντάττονται.
2805 3415 3201 3474 ΙΙαυλιανισταὶ
3233 3414 3292 3467 δέ
3335 3415 3476 3465 εἰσιν
3504 3410 3553 3463 οἱ
3591 3403 3698 3460 ἀπὸ

2119 3522 2335 3576 Παύλου
2372 3518 2463 3571 τοῦ
2496 3515 2858 3585 Σαμοσατέως
2896 3509 3282 3577 καταγόμενοι,
3333 3503 3429 3557 τοῦ
3465 3496 3697 3556 ταπεινά

2118 3609 2369 3683 περὶτοῦ
2419 3605 2660 3677 Χριστοῦ
2690 3606 3079 3673 φρονήσαντος,
3117 3599 3210 3651 καὶ
3249 3596 3435 3648 κοινὸν
3490 3589 3697 3683 ἀνθριυο

2246 3700 2407 3755 αὐτὸν
2433 3695 2883 3766 δογματίσαντος,
2906 3692 3000 3745 καὶ
3025 3691 3123 3761 τὴν
3144 3688 3322 3759 ἀρχὴν
3353 3684 3462 3739 ἀπὸ
3483 3679 3697 3751 Μαρίας

2118 3794 2395 3865 εἰληφότα.

2724 3876 2960 3933 ΚΑΝΩΝ
3009 3874 3093 3929 Κ’.

2130 3975 2370 4044 Ἐπειδὴ
2397 3974 2557 4039 τινές
2580 3974 2739 4026 εἶσιν
2767 3969 2835 4022 ἐν
2861 3966 2934 4034 τῇ
2969 3962 3231 4033 Κε·ριακῇ
3259 3963 3411 4031 γόνυ
3468 3956 3699 4011 xui/ror-

2189 4088 2311 4137 τες,
2369 4067 2463 4122 καὶ
2510 4068 2580 4119 ἐν
2628 4064 2759 4128 ταῖς
2803 4061 2912 4129 τῆς
2951 4054 3381 4125 Πεντηκοστῆς
3428 4051 3693 4119 ἡμέραις,

2188 4162 2339 4229 ὑπὲρ
2393 4159 2498 4213 τοῦ
2550 4156 2749 4211 πάντα
2801 4154 2870 4207 ἐν
2921 4150 3089 4217 πάσῃ
3143 4147 3427 4215 παροικίᾳ
3483 4140 3695 4211 ὁμοίως

2192 4249 2765 4321 παραφυλάττεσθαι
2837 4243 3102 4307 ἑστῶτας
3163 4239 3339 4303 ἔδοξε
3415 4235 3491 4305 τῇ
3562 4232 3695 4300 ἁγίᾳ

2188 4343 2430 4411 συνόδῳ
2459 4342 2565 4405 τὰς
2594 4338 2778 4407 εὐχὰς
2806 4335 3159 4392 ἀποδιδόναι
3190 4332 3269 4395 τῷ
3298 4328 3446 4393 Θεῷ.

2193 4410 2407 4485 ΒΑΛΣέ
2433 4431 2491 4482 Ὀ
2530 4426 2882 4485 ἀποστολικὸς
2908 4421 2993 4489 ξς¹
3021 4419 3202 4475 κανὼν
3239 4423 3330 4470 τὸν
3366 4410 3695 4485 νηστεύοντα

2126 4523 2248 4577 καθ’
2287 4522 2597 4589 οἱανδήτινα
2634 4514 2941 4589 Κυριακὴν,
2973 4513 3002 4583 ἢ
3043 4512 3427 4581 οἱονδηποτοῦν
3488 4500 3695 4557 Σάϐϐα·

2125 4635 2239 4680 τον,
2274 4614 2412 4684 πλὴν
2448 4613 2566 4676 ἑνὸς
2595 4611 2692 4664 καὶ
2728 4609 2890 4678 μόνου
2937 4605 3239 4663 Σαϐὁάτου,
3298 4600 3395 4653 τοῦ
3461 4593 3693 4684 μεγαλου

2126 4707 2347 4778 δηλαδὴ,
2372 4682 2516 4773 νφησὶ
2552 4702 2810 4773 κληρικδν
2849 4699 2947 4768 μὲν
2974 4697 3101 4749 ὄντα
3137 4689 3562 4778 καθαιρεῖσθαι,
3585 4682 3698 4734 λαῖ-

2126 4777 2222 4853 κδν
2251 4798 2307 4850 δὲ
2342 4794 2720 4867 ἀφορίζεσθαι.
2769 4790 2828 4844 Ὀ
2856 4790 2912 4842 δὲ
2941 4786 3131 4857 παρὼν
3160 4782 3341 4836 κανὼν
3404 4777 3696 4845 διορίζεται

2128 4891 2270 4944 κατὰ
2300 4888 2481 4941 πᾶσαν
2508 4884 2797 4955 Κυριακὴν
2828 4881 2921 4935 καὶ
2952 4882 3009 4932 ὲν
3043 4880 3246 4938 πάσαις
3269 4877 3390 4937 ταῖς
3421 4873 3519 4938 τῆς
3566 4868 3696 4919 Πενο

2126 4984 2399 5052 τηκοστῆς
2432 4980 2671 5050 ἡμέραις
2707 4973 3128 5046 πανηγυρίζειν,
3160 4970 3251 5023 καὶ
3283 4965 3530 5023 ἑστῶτας
3567 4957 3697 5052 πάν-

2126 5087 2223 5132 τας
2251 5069 2526 5139 εὔχεσθαι,
2558 5067 2632 5130 ὡς
2657 5066 3089 5123 συναναστάντας
3118 5058 3193 5129 τῷ
3222 5054 3465 5125 Χριστῷ,
3489 5052 3580 5103 καὶ
3602 5045 3696 5113 τὴν

2128 5161 2241 5214 ἀνω
2261 5156 2560 5228 ζητοῦντας
2603 5155 2906 5209 κατοικίαν.
2990 5148 3260 5222 Ἐζητήθη
3328 5145 3382 5197 δὲ
3440 5143 3514 5213 μή
3571 5149 3695 5188 ποτε

2130 5252 2238 5305 ἀπὸ
2274 5250 2371 5305 τοῦ
2404 5248 2660 5321 ῥηθέντος
2689 5243 3050 5301 ἀποστολικοῦ
3084 5241 3326 5304 κανόνος,
3383 5232 3475 5290 τοῦ
3532 5231 3689 5321 διορξ·

2129 5345 2357 5414 ζομένου
2390 5317 2771 5413 μιῇ-νηστεύειν
2823 5338 2970 5409 ἡμᾶς
3023 5334 3146 5388 καθ’
3195 5332 3508 5399 οἱονδήποτε
3572 5317 3697 5418 2&6:

2130 5438 2318 5502 ϐατον,
2368 5435 2560 5507 ἧκαθ⁹
2589 5434 2901 5501 οἶανδήτινα
2952 5427 3259 5498 Κυριακὴν,
3310 5423 3405 5476 καὶ
3454 5418 3559 5470 ἀπὸ
3601 5421 3692 5507 του

2131 5529 2400 5600 παρόντος
2430 5529 2676 5593 κανόνος,
2708 5524 2801 5577 τοῦ
2829 5520 3196 5593 διοριζομένου
3229 5517 3303 5587 μὴ
3330 5514 3532 5568 κλίνειν
3554 5503 3694 5600 mia?

2131 5593 2260 5695 γόνυ
2285 5626 2342 5679 ὲν
2367 5626 2619 5697 Κυριακῇ
2654 5621 2750 5676 καὶ
2775 5620 2839 5673 δι’
2858 5619 2983 5688 ὅλης
3011 5618 3109 5685 τῆς
3146 5608 3541 5682 Πεντηκοστῆςν
3563 5593 3691 5697 ἢλά

2132 5719 2423 5773 καταλύειν
2457 5719 2514 5769 ἐν
2535 5718 2740 5774 πάσαις
2779 5713 2895 5773 ταῖς
2943 5709 3181 5779 ἡμέραις
3218 5707 3318 5769 τῆς
3383 5690 3686 5793 ἑϐδομάδας.

2133 5812 2324 5876 ὥσπερ
2351 5814 2442 5864 καὶ
2471 5811 2529 5863 ὲν
2556 5809 2621 5877 τῇ
2658 5805 2935 5875 κυριακῇ.
2966 5800 3074 5855 Καί
3121 5814 3264 5862 τινες
3292 5794 3391 5864 μὲν
3417 5787 3565 5843 εἷπον
3619 5791 3688 5838 ως
