3992 6480
314 376 420 441 309

1508 377 1591 436 IN
1631 377 1797 439 CAN.
1836 377 2095 441 ICONC.
2134 380 2241 440 (ΖΡ.
2291 378 2374 442 II.

3448 372 3552 437 310

319 493 447 566 μίαν
470 491 687 564 ἡμέραν
713 492 1058 563 κυριώνυμον
1094 493 1403 575 λογίζεσθαι
1433 494 1533 566 τὴν
1577 495 1705 565 ὃλην
1755 497 1893 548 Πεν-

2024 499 2338 553 )ominicum
2394 500 2717 567 existimari,
2771 510 2826 558 et
2875 500 3072 557 debere
3131 517 3226 553 nos
3284 508 3569 570 propterea

315 586 600 657 τηκοστὴν,
631 585 726 638 καὶ
742 585 976 654 ὀφείλειν
996 586 1143 654 ἡμᾶς
1165 585 1255 639 διὰ
1282 585 1440 639 τοῦτο
1472 587 1889 657 πανηγυρίζειν,

318 681 407 733 καὶ
436 679 574 749 μήτε
604 680 888 747 νηστεύειν
944 681 1082 749 μήτε
1133 679 1260 748 γόνυ
1288 679 1564 749 κάμπτειν
1593 699 1607 713 ·
1652 682 1779 751 ἐμοὶ
1836 682 1894 735 δὲ

316 773 541 841 ἀρέσκει
575 758 701 832 τοὺς
726 773 954 835 κανόνας
985 774 1203 843 κρατεῖν
1234 772 1318 841 ἐφ’
1348 766 1423 826 ὧν
1448 772 1891 843 ἐξεφωνήθησαν.

386 865 632 918 ΖΩΝΑΡ.
663 866 737 918 Τὸ
776 866 850 935 μὴ
881 865 1083 917 κλίνειν
1112 866 1245 934 γόνυ
1279 866 1336 918 ἐν
1371 868 1648 936 κυριακῇ,
1708 866 1804 918 καὶ
1837 867 1895 919 ἐν

318 958 434 1018 ταῖς
464 956 563 1024 τῆς
594 957 971 1027 Πεντηκοστῆς
1000 960 1258 1028 ἡμέραις,
1286 959 1379 1011 καὶ
1408 958 1586 1020 ἄλλοις
1619 958 1897 1029 Πατράσιν

321 1048 486 1114 ἱεροῖς
511 1045 885 1107 διατέτακται.
927 1048 1121 1119 καὶτῷ
1160 1049 1381 1118 μεγάλῳ
1407 1049 1464 1101 δὲ
1509 1050 1801 1118 Βασιλείῳ,
1839 1049 1897 1112 ὃς

325 1136 578 1199 καὶτοὺς
638 1137 831 1204 λόγους
867 1138 1288 1210 προστέτακται,
1331 1141 1426 1192 καὶ
1476 1140 1553 1210 τῷ
1595 1144 1818 1210 μεγάλῳ
1840 1142 1897 1194 δὲ

326 1231 610 1300 Βασιλείῳ,
644 1231 703 1296 ὂς
732 1234 825 1286 καὶ
865 1232 991 1297 τοὺς
1044 1232 1234 1302 λόγους
1290 1234 1617 1305 προστίθησι
1683 1234 1753 1289 δι’
1804 1234 1898 1299 οὒς

324 1326 701 1393 ἀπηγόρευται
731 1327 790 1380 τὸ
823 1328 1025 1380 κλίνειν
1049 1328 1178 1396 γόνυ
1205 1331 1263 1382 ἐν
1290 1331 1415 1389 ταῖς
1444 1328 1725 1398 ῥηθείσαις
1754 1329 1893 1399 ἠμέ-

330 1435 465 1487 pate,
503 1418 832 1481 ἑστῶταςδέ
888 1420 1289 1491 προσεύχεσθαι
1350 1420 1769 1489 ἐπιτέτραπται,
1821 1420 1900 1474 οἵ-

327 1510 464 1570 τινές
494 1510 606 1563 είσι
628 1527 641 1539 ·
673 1510 733 1564 τὸ
754 1506 1160 1582 ’συναναστῆναι
1186 1512 1335 1583 ἡμᾶς
1374 1510 1454 1582 τῷ
1498 1512 1744 1583 Χριστῷ,
1806 1513 1900 1567 καὶ

327 1603 389 1657 τὰ
421 1603 533 1657 ἄνω
566 1605 753 1674 ζητεῖν
789 1604 1025 1672 ὀφείλειν
1047 1620 1062 1636 ⁶
1096 1606 1192 1661 καὶ
1209 1606 1292 1660 ὅτι
1317 1606 1410 1661 τοῦ
1442 1607 1899 1676 προσδοκωμένου

329 1694 521 1759 αίὼνις
554 1694 719 1748 είκὼν
753 1698 955 1768 ἐστινὴ
990 1699 1321 1770 Κυριακὴ,ή
1350 1699 1489 1769 αὐτὴ
1524 1700 1618 1769 μία
1646 1695 1782 1753 οὖσα
1808 1700 1902 1753 καὶ

328 1786 504 1854 ὀγδόη,
536 1787 617 1849 ὡς
649 1789 739 1841 καὶ
767 1788 921 1860 παρὰ
949 1789 1043 1843 τοῦ
1069 1790 1318 1856 Μωσέως
1344 1791 1401 1842 ἐν
1418 1794 1484 1862 τῇ
1517 1789 1899 1863 κοσμογενείᾳ,

335 1878 425 1945 μίι
452 1879 553 1931 καὶ
586 1878 711 1948 οὐχὶ
730 1880 920 1952 πρώτη
958 1881 1349 1953 ὀνομασθεῖσα,
1380 1882 1476 1936 καὶ
1512 1882 1611 1953 τὴν
1660 1883 1787 1953 μίαν
1811 1882 1905 1935 οὖ-

332 1985 431 2031 τως
458 1968 556 2022 καὶ
614 1970 879 2043 ἀληθινὴν
923 1972 1151 2046 ὀγδόην·
1212 1974 1428 2046 ἐκείνην
1483 1973 1752 2042 τυποῦσα,
1807 1973 1909 2044 τὴν

334 2059 632 2131 ἁνέσπερον
673 2062 908 2136 ἡμέραν,
961 2066 1053 2118 τὸν
1087 2065 1323 2136 ἄληκτον
1360 2067 1567 2119 ἐκεῖνον
1611 2065 1788 2121 αἰῶνα
1816 2066 1910 2119 τὸν

341 2152 620 2222 μέλλοντα.
641 2156 735 2210 Διδ
760 2156 1103 2227 ρυθμίζουσα
1126 2159 1253 2220 τοὺς
1305 2159 1505 2229 ἑαυτῆς
1547 2158 1849 2230 τροφίμους
1876 2159 1908 2229 ἡ

349 2244 645 2315 Ἐκκλησία
671 2249 773 2318 τῆς
807 2250 1021 2320 ἡμέρας
1049 2250 1265 2320 ἐκείνης
1291 2251 1624 2322 μεμνῆσθαι,
1659 2252 1914 2323 καὶπρὸς

341 2336 550 2405 ἐκείνην
608 2339 1129 2410 προετοιμάζεσθαι,
1188 2341 1427 2405 ἑστῶτας
1489 2342 1773 2409 διετάξατο
1823 2341 1914 2396 εὔει

340 2428 520 2497 χισθαι
541 2444 560 2460 ⁸
597 2431 685 2485 ἵνα
714 2432 850 2502 πρὸς
897 2434 994 2504 τὴν
1028 2433 1141 2488 ἄνω
1172 2433 1325 2504 λῆξιν
1373 2434 1607 2506 ὁρῶντες
1649 2435 1915 2507 διηνεκῶς

338 2521 497 2592 αὐτὴν
530 2523 960 2595 φανταζώμεθα.
993 2526 1163 2580 Τοῦτο
1196 2526 1327 2596 γοῦν
1350 2528 1411 2580 τὸ
1440 2527 1514 2599 μὴ
1540 2527 1747 2581 κλίνειν
1771 2530 1901 2595 γόνυ

342 2613 405 2681 ἐν,
434 2620 556 2679 ταῖς
594 2616 875 2686 ῥηθείσαις
907 2619 1143 2689 ἡμέραις
1171 2620 1232 2671 οὐ
1258 2618 1533 2690 πανταχοῦ
1564 2619 1919 2689 παραφυλατ-

339 2708 564 2773 τόμενον
597 2710 625 2760 ὀ
657 2708 848 2777 παρὼν
875 2709 1055 2764 κανὼν
1085 2710 1371 2780 τηρεῖσθαι
1406 2712 1556 2780 παρὰ
1586 2712 1800 2765 πάντων
1826 2712 1919 2764 θε-

341 2797 617 2864 σμπιθετεῑ.

341 2890 563 2945 ΑΡιΣΤ.
616 2893 719 2947 Ἐν
757 2895 886 2961 ταῖς
932 2895 1277 2965 Κιιριακαῖς,
1314 2897 1412 2950 καὶ
1458 2896 1589 2961 ταῖς
1633 2895 1741 2964 τῆς
1776 2902 1921 2950 Πεν-

406 2986 713 3054 τηκοστῆς-
739 2986 1002 3056 ἡμέίηαις,
1043 2992 1116 3042 οὑ
1145 2988 1286 3042 δέον
1314 2990 1548 3042 κλίνειν
1583 2991 1754 3057 γόνυ,
1781 2990 1921 3043 ἀλλ’

407 3077 651 3144 ὀρθίους
671 3079 957 3147 εὔχεσθαι
983 3079 1123 3145 τοὺς
1150 3080 1523 3147 ἀνθρώπους.

2002 593 2138 645 diem
2176 594 2368 648 festum
2407 609 2587 663 agere,
2619 604 2672 648 et
2720 609 2895 662 neque
2944 592 3217 665 jejunare,
3274 607 3373 646 nec
3429 607 3570 661 genu

1996 678 2233 733 ﬂectere.
2269 680 2397 736 Mihi
2426 692 2606 737 autem
2641 683 2816 750 placet
2848 698 3083 739 canones
3106 683 3158 737 in
3188 682 3255 736 iis
3282 681 3386 735 vim
3418 696 3572 734 suam

1996 771 2245 826 oblinere.
2276 773 2328 826 in
2355 775 2552 841 quibus
2580 776 2762 830 emissi
2786 784 2932 832 sunt.

2068 864 2321 920 ZONAR.
2385 865 2499 920 Non
2552 883 2672 921 esse
2731 867 3044 931 Dominicis,
3082 875 3176 921 aut
3229 867 3575 921 Pentecostes

1998 958 2186 1013 diebus
2219 959 2270 1014 in
2304 974 2472 1028 genua
2504 960 2993 1029 procumbendum,
3034 973 3153 1013 eum
3189 960 3418 1012 aliorum
3469 957 3572 1011 Pa—

2000 1058 2163 1113 trum,
2207 1062 2317 1107 tum
2351 1054 2529 1124 magni
2564 1070 2781 1123 quoque
2834 1052 3016 1107 Basilii
3062 1061 3335 1124 praecepto
3384 1052 3577 1104 admo-

1999 1138 2229 1211 nemurj
2262 1162 2290 1199 a
2324 1161 2429 1214 quo
2463 1146 2649 1210 etiam,
2690 1161 2789 1199 cur
2824 1145 2877 1199 id
2913 1146 3160 1212 vetitum,
3198 1160 3259 1199 ac
3307 1143 3579 1198 stantibus

1999 1255 2099 1308 per
2124 1256 2219 1295 eos
2251 1241 2367 1297 dies
2396 1256 2556 1297 orare
2587 1243 2933 1310 permissum,
2963 1242 3077 1295 suis
3114 1239 3354 1310 quidque
3401 1236 3577 1290 ratio-

2000 1349 2128 1387 num
2158 1337 2448 1389 momentis
2480 1335 2802 1405 explicatur.
2838 1333 2969 1402 Quae
3002 1333 3215 1404 quidem
3251 1337 3377 1385 sunt
3402 1328 3581 1400 primo

2002 1435 2062 1477 ut
2094 1440 2216 1480 cum
2278 1425 2501 1482 Christo
2550 1427 2900 1497 surgendum,
2959 1440 3022 1480 ac
3075 1439 3137 1479 ea
3192 1438 3311 1492 quae
3361 1434 3579 1474 sursum

2001 1527 2150 1580 sunt,
2185 1519 2471 1585 quaerenda
2496 1520 2650 1574 nobis
2677 1533 2799 1573 esse
2832 1516 3238 1571 meminerimus
3259 1514 3304 1545 “
3338 1534 3351 1565 :
3389 1510 3583 1565 deinde

2004 1607 2143 1675 quod
2206 1607 2400 1662 futurae
2452 1608 2578 1661 vita:
2628 1623 2791 1678 quam
2848 1616 3250 1676 exspectamus,
3299 1598 3580 1656 Dominica

2005 1689 2121 1754 dies
2155 1700 2334 1769 imago
2365 1701 2615 1765 exsiStat,
2653 1714 2777 1754 cum
2816 1700 2928 1767 ipsa
2976 1712 3083 1753 una
3135 1699 3208 1753 sit
3261 1703 3316 1750 et
3365 1704 3584 1756 octava,

2007 1790 2148 1843 sicut
2180 1798 2233 1845 et
2259 1806 2287 1843 a
2324 1789 2468 1845 Mose
2496 1790 2550 1844 in
2584 1804 2645 1844 ea
2678 1789 2931 1850 bistoria,
2964 1803 3069 1858 qua
3119 1796 3300 1842 rerum
3353 1784 3586 1837 creatio-

2010 1896 2133 1936 nem
2166 1882 2531 1951 persequitur,
2565 1899 2666 1936 una
2708 1897 2815 1937 non
2850 1882 3021 1950 prima
3056 1879 3216 1933 fuerit
3254 1882 3584 1945 nuncupata;

2011 1988 2279 2042 unamque
2314 1974 2484 2043 illam,
2515 1984 2571 2030 et
2604 1990 2732 2032 vere
2763 1984 3036 2037 octavam,
3075 1978 3461 2037 carentemque
3494 1981 3591 2021 oc-

2011 2082 2139 2123 casu
2199 2067 2381 2129 diem.
2440 2084 2615 2123 azvum
2671 2066 2923 2122 videlicet
2990 2063 3382 2133 sempiternum
3445 2056 3590 2128 quod

2014 2158 2251 2213 futurum
2310 2166 2414 2223 est,
2472 2160 2695 2214 referat.
2753 2155 2988 2213 Proinde
3047 2162 3105 2207 ut
3161 2152 3410 2206 alunmos
3461 2161 3593 2202 suos

2016 2249 2256 2305 Ecclesia
2281 2249 2345 2302 ad
2367 2247 2483 2316 eius
2510 2248 2615 2302 diei
2647 2246 2961 2301 memoriam
2987 2241 3186 2311 saepius
3202 2238 3593 2307 usurpandam,

2016 2359 2307 2413 moresque
2335 2345 2400 2397 ad
2438 2343 2583 2399 illam
2612 2338 3031 2397 conformandos
3057 2336 3317 2395 erudiret.
3357 2341 3415 2385 ut
3440 2340 3597 2384 stan-

2018 2445 2098 2490 tes
2130 2450 2503 2501 precaremur,
2561 2434 2764 2499 edixit;
2819 2441 2875 2487 ut
2928 2444 3218 2499 supernam
3267 2423 3598 2493 aspicientes

2018 2532 2408 2595 barreditatem,
2444 2533 2613 2603 ipsam
2642 2539 2900 2600 perpetuo
2922 2524 3368 2593 contemplemur.
3392 2521 3594 2575 Morem

2020 2626 2163 2681 bunc
2217 2624 2400 2695 igitur,
2456 2638 2651 2694 genua,
2711 2620 3147 2677 commemoratis
3212 2615 3399 2669 diebus
3452 2611 3598 2665 haud

2020 2716 2293 2776 ﬂectendi.
2327 2714 2525 2782 ubique
2578 2729 2682 2766 non
2731 2712 3102 2773 observatum,
3141 2708 3226 2761 hic
3260 2720 3433 2761 canon
3480 2719 3598 2756 om-

2023 2810 2178 2862 nibus
2211 2808 2341 2863 locis
2371 2806 2589 2861 retineri
2627 2805 2788 2869 iubet.

2021 2901 2247 2956 ARIST.
2277 2901 2561 2954 Dominicis
2591 2911 2640 2955 et
2680 2901 3012 2953 Pentecostes
3043 2897 3226 2949 diebus
3264 2910 3366 2946 non
3398 2898 3598 2960 oportet

2198 3009 2329 3062 genu
2358 2994 2588 3062 ﬂectere,
2624 2993 2715 3047 sed
2750 3000 2947 3045 erectos
2973 2991 3205 3044 homines
3239 3002 3409 3042 orare.

409 3172 480 3223 Οὐ
518 3171 641 3224 δεον
674 3172 880 3225 κλίνειν
911 3174 1039 3242 γόνυ
1081 3176 1137 3227 ἐν
1167 3177 1288 3237 ταῖς
1337 3174 1667 3243 Κυριακαῖς,
1731 3173 1821 3227 καὶ
1862 3175 1910 3225 ἐι

2097 3170 2151 3223 lu
2214 3168 2506 3224 Dominicis
2562 3175 2616 3221 et
2671 3166 3020 3220 Pentecostcs
3073 3162 3264 3216 diebus
3319 3177 3422 3213 non
3459 3172 3601 3228 genu

343 3267 456 3324 ταῖς
524 3264 764 3334 ἡμέραις
809 3267 908 3335 τῆς
954 3267 1359 3337 Πεντηκοστῆς,
1384 3266 1501 3319 ἀλλ’
1537 3266 1781 3330 ἑστῶτας
1819 3266 1917 3329 τὰς

344 3353 507 3424 εὐχὰς
533 3354 851 3407 ἀποδιδόναι
882 3356 959 3427 τῷ
991 3357 1130 3426 Θεῷ.

359 3578 748 3602 hut...-

754 3586 856 3602 an!“

2030 3264 2268 3327 ﬂectere,
2304 3264 2398 3318 sed
2425 3270 2636 3317 Stantes
2667 3261 2777 3315 Deo
2809 3274 2998 3329 preces
3032 3256 3259 3310 fundere
3292 3263 3531 3322 Oportet.

1650 3728 2166 3819 ΚΑΝΟΝΕΣ
2234 3728 2307 3817 Ζ

737 3927 871 3979 ΤΗΣ
922 3930 1007 3985 EN
1052 3926 1799 3985 ΚΩΝΣΤΑΝΤΙΝΟΥΠΟΛΕΙ
1854 3924 2212 3978 ΔΕΥΤΕΡΛΣ
2275 3919 2812 3978 ΟΙΚΟΥΜΕΝΙΚΗΣ
2876 3916 3213 3974 ΣΥΝΟΔΟΥ.

1486 4261 2141 4356 CANONES
2240 4263 2447 4353 VII

767 4478 772 4485 '
881 4466 1160 4533 SYNODI
1199 4467 2140 4533 CONSTANTINOPOLITANE
2173 4464 2663 4527 (ECUMENICzE
2691 4460 3061 4525 ΞΕΟΗΝΒιΕ

426 4786 628 4842 ΒΔΔΣ.
676 4784 772 4841 καὶ
828 4786 1071 4842 ΖΩΝΑΡ.
1134 4788 1201 4841 Ἦ
1231 4787 1365 4856 ἁγία
1424 4786 1521 4841 καὶ
1575 4786 1910 4857 οἱκουμενικὶ

2104 4788 2215 4860 85
2246 4784 2445 4843 BALS.
2474 4794 2530 4842 et
2561 4782 2817 4841 ZONAR.
2854 4783 3055 4837 Sancta
3079 4791 3133 4838 et
3162 4782 3497 4838 tecumenica
3530 4801 3602 4841 se-

357 4875 587 4949 δευτέρα
625 4876 846 4942 σύνοδος
900 4878 1129 4947 γέγονεν
1177 4880 1273 4933 ἐπὶ
1323 4878 1590 4950 βασιλέως
1639 4880 1927 4934 Θεοδοσίου

367 4969 449 5022 τοῦ
501 4968 739 5039 μεγάλου
762 5010 777 5035 ,
807 4970 865 5023 ἐν
895 4970 1470 5024 Κωνσταντινουπόλει
1499 4970 1696 5026 ἑκατὸν
1729 4972 1933 5043 πεντή-

360 5077 521 5113 κοντα
549 5061 725 5129 ἁγίων
765 5062 1027 5133 Πατέρων
1062 5062 1427 5119 συνελθόντων
1453 5064 1595 5118 κατὰ
1621 5063 1730 5118 τῶν
1762 5082 1931 5118 πνευ-

367 5156 726 5225 ματομὰχων,
762 5154 960 5220 οἵτινες
987 5156 1238 5223 ἐξέθεντο
1268 5157 1361 5212 καὶ
1391 5158 1520 5221 τοὺς
1550 5157 1931 5229 ὑποτεταγμέ-

367 5263 482 5309 νους
512 5249 747 5311 κανόνας

965 5361 1199 5417 ΚΔΝΩΝ
1253 5362 1333 5417 A'.

372 5448 615 5517 Ὠρισαν
643 5452 701 5503 οἱ
734 5449 805 5504 ἐν
843 5454 1486 5508 Κωνσταντινουπόλει
1523 5454 1934 5519 συνελθόντες

434 5538 585 5608 ἅγιοι
616 5540 877 5608 Πατέρες
898 5542 985 5611 μὴ
1021 5543 1360 5599 ἀθετεῖσθαι
1407 5543 1522 5612 τὴν
1555 5545 1764 5598 πίστιν
1815 5544 1936 5597 τῶν

436 5634 790 5695 τριακοσίων
839 5634 1182 5704 δεκαοκτὼ,
1249 5636 1369 5691 τῶν
1426 5639 1497 5692 ἐν
1552 5640 1767 5705 Νικαίᾳ
1826 5635 1937 5705 τῆς

442 5719 718 5791 Βιθυνίας
751 5728 1192 5783 συνελθόντων.
1237 5728 1415 5783 Ἀλλὰ
1442 5730 1654 5799 μένειν
1689 5730 1933 5796 ἐκείνην

444 5817 674 5875 κυρίαν.
704 5819 803 5874 καί
829 5820 1375 5878 ἀναθειιατισθῆνιιι
1400 5823 1607 5881 πᾶσαν
1648 5825 1886 5883 αἵρεσιν
1912 5838 1928 5855 ο

2038 4883 2212 4936 cunda
2265 4879 2524 4952 synodus,
2566 4873 3033 4943 Constantinopoli
3082 4873 3275 4944 Magno
3310 4872 3610 4931 Theodosic

2037 4972 2340 5041 imperante
2366 4970 2639 5027 celebrata
2664 4977 2767 5032 est,
2814 4965 2902 5021 cui
2949 4966 3167 5035 quidem
3214 4974 3428 5020 centum
3452 4968 3603 5035 quin-

2036 5065 2313 5136 quaginta,
2367 5072 2555 5118 contra
2608 5058 2843 5115 nefarios
2902 5057 3136 5127 Spiritus
3187 5058 3361 5114 sancti
3424 5058 3610 5115 hostes

2036 5156 2312 5213 convocati
2365 5152 2552 5209 Patres
2608 5151 2922 5218 interfuere,
2962 5167 3025 5207 ac
3078 5166 3174 5207 eos
3221 5152 3310 5221 qui
3371 5152 3609 5221 proxime

2038 5255 2341 5316 sequuntur
2370 5259 2607 5301 canones
2627 5243 2862 5299 edidere.

2665 5353 2899 5410 CANON
2941 5355 2981 5409 1.

2036 5434 2375 5521 Βιαιιιεηιιιι,
2416 5454 2507 5524 qui
2559 5451 3021 5522 Constantinopoli
3064 5454 3414 5503 convenerunt
3441 5452 3616 5498 sancti

2111 5545 2319 5610 Patres,
2380 5546 2484 5601 518
2538 5544 2760 5598 Patrum
2816 5544 2908 5613 qui
2979 5540 3179 5596 Nicaea:
3240 5547 3605 5601 convenerunt,

2112 5636 2267 5706 fidem
2298 5653 2400 5690 non
2433 5635 2701 5705 abrogari,
2731 5635 2822 5687 sed
2850 5634 3063 5702 ﬁrmam
3084 5644 3308 5692 manere,
3333 5634 3383 5678 et
3406 5642 3614 5680 omnem

2109 5727 2332 5782 hrcresin
2365 5723 2810 5779 anathematizari
2836 5738 2853 5775 :
2884 5731 2935 5775 et
2963 5720 3264 5789 specialiter
3304 5714 3607 5769 Eunomia-

2108 5837 2295 5875 norum
2351 5835 2442 5874 seu
2493 5815 2954 5879 Eudoxianorum,
2995 5822 3045 5868 et
3102 5807 3616 5877 Semiarrianorum,
