3992 6480
243 400 336 465 3l3

1373 418 1458 480 IN
1495 419 1659 482 CAN.
1707 421 1767 484 II
1807 423 2013 489 CONC.
2058 428 2163 492 CP.
2197 431 2274 495 II.

3363 444 3471 509 314

244 519 594 623 λεμαίδοςξῆς
624 522 1020 591 Πενταπόλεως
1045 528 1344 596 ἐπίσκοπος
1372 533 1588 603 γέγονε,
1625 554 1789 591 συνα-

1916 542 2059 596 etiam
2083 544 2239 613 jubet
2265 546 2628 615 Sabelliauos,
2656 552 2748 622 qui
2781 553 2995 623 quidem
3039 570 3069 610 a
3119 555 3354 613 Sabellio
3376 559 3470 613 Li-

248 611 420 680 λοιφὴν
468 610 817 679 δογματίζων
873 618 966 670 καὶ
1022 618 1309 692 σύγχυσιν,
1347 624 1449 688 τὰς
1478 630 1625 698 τρεῖς
1658 629 1794 681 ὑπο·

247 703 443 767 στάσεις
511 704 611 774 τῆς
675 710 806 777 μιᾶς
870 711 1058 775 οὐσίας
1124 716 1222 769 καὶ
1262 717 1519 789 θεότητος
1590 724 1668 785 είς
1740 723 1796 775 ἓν

246 795 519 864 πρόσωπον
573 802 857 871 συναιρῶν
906 807 999 857 καὶ
1054 809 1322 878 συγχέων,
1378 815 1473 866 καὶ
1531 812 1589 866 ἓν
1654 833 1791 885 πρε-

247 890 434 942 σϐεύων
465 892 558 943 ἐπὶ
590 894 686 960 τῆς
721 897 886 963 ἁγίας
912 900 1139 968 Τριὰδος
1170 902 1480 975 τριὼνυμον
1512 911 1800 977 πρόσωπον

247 984 396 1050 λέγων
422 986 514 1036 τὶν
551 987 713 1042 αὑτὸν
738 992 867 1043 ποτὲ
897 992 994 1061 μὲν
1026 993 1103 1058 ὡς
1136 996 1353 1067 Πατέρα
1383 1002 1635 1070 φανῆναι,
1672 1005 1801 1056 ποτὲ

246 1078 293 1131 δὲ
326 1078 393 1141 ὡς
414 1080 565 1143 Υίὸν,
596 1082 725 1134 ποτὲ
770 1083 825 1135 δὲ
854 1084 929 1147 ὡς
961 1086 1117 1154 ἅγιον
1149 1090 1376 1162 Πνεῦμα
1413 1097 1801 1165 μεταμορφού-

252 1190 429 1241 μενον,
509 1176 601 1227 καὶ
659 1176 848 1231 ἄλλοτε
911 1182 1087 1244 ἄλλως
1162 1190 1801 1258 μετασχηματιζόμενον.

259 1265 473 1332 Ὀμοίως
513 1266 568 1318 δὲ
605 1267 709 1320 ὑπὸ
756 1269 1004 1339 ἀνάθεμα
1051 1272 1234 1343 τίθησι
1265 1277 1357 1329 καὶ
1387 1278 1484 1347 τὴν
1510 1279 1621 1332 τῶν
1645 1283 1801 1351 Μαρ-

248 1354 526 1409 κελλιανῶν
554 1355 788 1426 αἰρεσιν,
818 1360 937 1429 ἥτις
960 1362 1067 1414 ἀπὸ
1095 1364 1416 1435 Μαρκέλλου
1447 1368 1803 1438 αἱρεοιὰρχου

250 1447 476 1501 καλεῖται
517 1466 529 1479 ·
571 1449 628 1509 ὂς
657 1450 713 1516 ἐξ
761 1451 1033 1521 Ἀγκύρας
1082 1456 1182 1524 μὲν
1229 1458 1454 1528 ὥρμητο
1498 1461 1598 1529 τῆς
1631 1464 1805 1516 Γαλα-

251 1541 410 1605 τικῆς,
440 1541 537 1592 καὶ
572 1543 744 1611 αὐτῆς
775 1544 1073 1607 ἐπίσκοπος
1104 1547 1332 1615 γέγονεν
1363 1566 1377 1581 ·
1412 1550 1607 1622 ἐπίσης
1635 1554 1690 1606 δὲ
1728 1555 1806 1625 τῷ

253 1631 512 1702 Σαδελλίῳ
542 1633 925 1703 ἑδογμάτιξεν.
971 1637 1131 1692 Ἀλλὰ
1177 1642 1272 1693 καῖ
1312 1640 1412 1711 τὴν
1455 1642 1564 1695 τῶν
1608 1646 1809 1698 Φωτειο

255 1722 429 1777 νιανῶν
494 1727 710 1795 αἵρεσιν
756 1728 1067 1799 ἀναθέματι
1134 1733 1452 1789 ὑποϐάλλει.
1502 1738 1564 1789 Οἱ
1604 1737 1659 1792 δὲ
1701 1739 1808 1793 ἀπὸ

252 1820 500 1871 Φωτεινοῦ
546 1820 705 1889 ἔσχον
745 1822 847 1892 τὴν
877 1825 1069 1893 κλῆσιν
1122 1830 1184 1880 ὲκ
1221 1829 1448 1899 Σιρμίου
1499 1831 1595 1899 μὲν
1624 1833 1805 1901 ὁρμω-

257 1912 416 1979 μένου,
454 1915 681 1966 κάκεῖσε
709 1916 1187 1986 ὲπισκοπήοαντος
1211 1964 1227 1988 ,
1258 1924 1324 1974 τὰ
1358 1923 1497 1975 αὐτὰ
1524 1924 1580 1977 δὲ
1610 1925 1804 1992 Παύλῳ

256 2003 321 2066 τῷ
366 2004 677 2073 Σαμόσατεῖ
724 2010 1135 2078 φρονήσαντος,
1172 2014 1267 2064 καὶ
1311 2015 1451 2084 μήτε
1503 2014 1603 2085 τὴν
1643 2017 1805 2084 ἁγίαν

257 2098 435 2168 τριάδα
473 2100 893 2168 ὁμολογοῦντος,
932 2105 1026 2157 καὶ
1060 2105 1287 2174 Πνεῦμα
1320 2107 1479 2176 μόνον
1503 2110 1808 2179 ὀνομάζον-

259 2208 333 2254 τος
378 2194 468 2244 τδν
506 2194 639 2247 Θεὸν
695 2195 1036 2265 δημιουργὸν
1093 2199 1371 2276 ἁπὰνλτων,
1422 2202 1513 2254 τὸν
1541 2202 1596 2254 δὲ
1634 2204 1805 2269 Λόγον

265 2285 574 2354 προφορικὺν
622 2286 967 2354 φρονοῦντος,
1023 2292 1120 2343 καὶ
1173 2291 1314 2344 θεῖόν
1365 2311 1416 2346 τι
1455 2296 1804 2365 πρόσταγμα,

269 2378 619 2447 ὑπουργοῦντα
653 2377 728 2448 τῷ
768 2378 887 2450 Θεῷ
922 2383 1002 2443 είς
1042 2384 1140 2452 τὴν
1167 2386 1505 2457 παραγωγὴν
1535 2387 1629 2441 τοῦ
1674 2408 1806 2442 παν.

262 2468 351 2531 τὸς,
375 2469 446 2532 ὡς
480 2471 711 2540 δργανόν
735 2489 789 2525 τι
822 2474 1122 2542 μηχανικόν
1145 2493 1159 2506 ·
1183 2475 1276 2527 τὸν
1304 2477 1361 2530 δὲ
1390 2479 1625 2547 Χριστὸν
1653 2480 1807 2547 ψιλὸν

261 2561 604 2629 κηρύττοντος
627 2564 944 2634 ἄνθρωπον,
978 2566 1071 2618 τὸν
1100 2567 1196 2619 τοῦ
1225 2568 1362 2621 Θεοῦ
1398 2571 1569 2636 Λόγον
1618 2572 1806 2624 ὑποδεο

260 2649 494 2719 ξάμενον,
522 2655 621 2722 οὺχ
644 2657 719 2717 ὼς
742 2653 998 2723 οὑσιὼὀη,
1033 2656 1145 2708 ἀλλ’
1181 2658 1254 2719 ὡς
1292 2661 1626 2728 προφορικδν
1652 2701 1663 2723 ,
1715 2662 1809 2714 καὶ

165 2734 170 2738 ’
259 2742 348 2793 ἀπὸ
380 2744 605 2814 Μαρίας
653 2746 753 2814 τὴν
803 2745 979 2817 ἀρχὴν
1032 2746 1315 2816 εἰληφέναι
1367 2753 1463 2821 τῆς
1525 2752 1809 2821 ὑπάρξεως

258 2833 403 2886 αὐτὸν
430 2836 883 2905 δογματίζοντος.
925 2841 1032 2892 Καὶ
1060 2840 1193 2894 ἄλλα
1224 2843 1277 2893 δὲ
1312 2843 1533 2896 πλείονα
1563 2846 1590 2895 ό
1634 2846 1811 2913 Σαμο-

257 2928 431 2990 σατεὺς
459 2928 722 2997 ὲληρώδει
746 2931 980 2995 Παῦλος,
1012 2932 1070 2985 ὃν
1093 2934 1342 2986 καθεῖλεν
1369 2937 1399 3005 ἡ
1429 2937 1485 2986 ὲν
1511 2937 1809 3006 Ἀντιοχείᾳ

257 3020 480 3084 σύνοδος.
518 3022 643 3085 Τοῖς
689 3022 898 3087 λοιποῖς
945 3028 1037 3078 καὶ
1088 3027 1186 3096 τὴν
1243 3027 1336 3079 τοῦ
1403 3028 1808 3100 Ἀπολλιναρίου

256 3112 541 3183 ἀναθέματι
571 3117 1032 3183 συγκαταδικάζει
1062 3119 1297 3190 αἵρεσιν.
1363 3121 1421 3174 Ὀ
1455 3122 1509 3175 δὲ
1558 3123 1812 3176 Ἀπολλι-

1900 635 2038 704 liyeo
2084 639 2416 694 denominati
2455 653 2601 709 sunt,
2630 646 2721 714 qui
2768 644 3140 711 Ptolemaidis,
3188 665 3309 720 quite
3339 652 3469 706 urbs

1900 744 1976 785 εει
2004 730 2336 800 Pentapolis,
2364 734 2463 788 fuit
2484 728 2767 805 episcopus
2794 756 2809 806 ;
2850 741 2895 795 is
2916 741 3261 796 coalitionem
3286 759 3475 810 quam-

1902 827 2022 879 dam
2056 841 2117 879 ac
2149 830 2579 883 commistionem
2609 831 2976 896 decernendo,
3011 843 3121 889 tres
3149 837 3471 907 hypostases

1904 920 2067 973 unius
2108 921 2359 974 essentia:
2412 938 2474 975 ac
2535 924 2841 979 divinitatis
2895 926 2947 980 in
2984 942 3147 980 unam
3183 944 3470 996 personam

1903 1011 2267 1081 cotijungebat
2322 1029 2386 1067 ac
2410 1014 2802 1082 confundebat,
2839 1027 2894 1070 ct
2938 1034 3033 1085 pro
3071 1028 3261 1073 sancta
3290 1017 3476 1073 Triui-

1907 1116 2015 1158 tate
2067 1122 2223 1158 unam
2276 1107 2433 1160 trium
2505 1109 2781 1161 nominum
2839 1110 3130 1164 Personam
3179 1114 3473 1179 statuebat,

1906 1199 2090 1249 diaetis
2143 1213 2265 1251 eum
2324 1199 2615 1265 aliquando
2650 1210 2706 1252 ut
2736 1200 2948 1254 Patrem
3002 1205 3339 1270 apparuisse,
3373 1202 3477 1255 ali-

1906 1289 2120 1350 quunlo
2156 1299 2209 1342 ut
2256 1287 2474 1351 Filium,
2527 1290 2817 1358 aliquando
2861 1302 3039 1345 autem
3090 1304 3148 1347 ιιι
3195 1293 3457 1360 Spiritum

1910 1391 2156 1432 sanctum
2193 1381 2658 1446 transformamur,
2689 1392 2738 1437 et
2763 1385 2893 1437 alias
2927 1386 3083 1436 aliter
3110 1386 3474 1451 transfigura-

1912 1486 2039 1529 tum.
2074 1473 2186 1542 86
2213 1473 2473 1526 Similiter
2514 1487 2691 1528 autem
2718 1477 3040 1528 anathemati
3078 1476 3291 1539 subjirit
3311 1479 3474 1531 etiam

1910 1564 2369 1617 Mareelliauorum
2427 1565 2699 1630 hzercsiin,
2738 1583 2856 1633 quae
2916 1583 2945 1619 ιι
2996 1566 3249 1619 Mareello
3302 1568 3476 1619 ba:re«

1909 1655 2127 1710 siarcha
2158 1658 2476 1725 appellatur.
2509 1661 2599 1725 qui
2637 1673 2699 1710 ex
2750 1664 2960 1729 Ancyra
3007 1660 3221 1728 quidem
3257 1658 3482 1713 Galatia:

1911 1749 2041 1802 urbe
2094 1756 2245 1801 ortus
2300 1758 2401 1812 est,
2439 1747 2786 1816 ejusdemque
2828 1751 3111 1817 episcopus
3145 1751 3246 1802 fuit
3280 1766 3293 1801 ε
3340 1749 3480 1803 idem

1910 1852 2085 1895 autem
2129 1843 2266 1910 quod
2325 1841 2591 1897 Sabellius
2619 1844 2909 1897 εοιιιὶιιιιειι.
2961 1842 3064 1896 Sed
3118 1853 3171 1896 et
3202 1841 3487 1895 Photiuia-

1910 1949 2099 1989 norum
2148 1935 2395 1988 lucresim
2450 1936 2779 1988 anathemati
2835 1935 3075 2003 subjicit.
3149 1935 3184 1987 li
3251 1949 3378 1987 vero
3418 1950 3483 1986 ex

1907 2029 2146 2082 Photino
2188 2028 2682 2081 denmnittationetn
2751 2027 3009 2090 habuere,
3056 2028 3143 2096 qui
3173 2042 3237 2080 ex
3281 2026 3484 2080 Sirmio

1909 2124 2124 2190 quidem
2151 2121 2413 2174 oriundus
2450 2120 2555 2172 illic
2587 2120 2952 2187 episcopatum
2997 2120 3182 2189 gessit,
3214 2120 3265 2171 in
3290 2118 3477 2171 eadem

1909 2219 2084 2263 autem
2138 2223 2242 2276 qua
2280 2207 2477 2261 Paulus
2509 2206 2894 2260 Sarrnmttmitts
2937 2208 3189 2276 Opinione
3222 2207 3355 2261 fuit:
3423 2217 3479 2261 et

1911 2316 2085 2369 neque
2114 2311 2355 2353 sanctam
2383 2300 2698 2354 Trinitatem
2728 2300 3105 2365 cmditebalur,
3140 2310 3193 2354 et
3220 2303 3483 2368 Spiritum

1910 2394 2082 2448 solum
2127 2394 2434 2447 nominabat
2469 2394 2631 2447 Deum
2665 2394 2904 2446 omnium
2934 2392 3202 2463 Opiﬁcem,
3256 2392 3484 2447 Verbum

1910 2493 2087 2539 autem
2128 2486 2457 2554 prolatitium
2491 2499 2611 2539 esse
2659 2484 2948 2548 sentiebat,
2998 2494 3052 2538 et
3096 2484 3335 2539 dlvinum
3385 2485 3489 2538 ali-

1910 2577 2050 2645 quod
2100 2577 2406 2645 imperium,
2458 2577 2565 2631 Deo
2615 2577 2927 2631 deserviens
2968 2577 3032 2629 ad
3077 2578 3311 2632 universi
3361 2592 3491 2644 pro-

1911 2671 2240 2733 ductionem,
2302 2677 2558 2737 tanquam
2612 2669 2984 2723 mechauieum
3033 2669 3244 2738 aliquod
3286 2670 3490 2722 instru-

1912 2771 2189 2818 mentum:
2240 2761 2512 2815 Christum
2546 2770 2724 2814 autcm
2763 2761 2964 2813 nudum
2998 2760 3266 2813 hominem
3298 2758 3492 2827 praedi-

1911 2858 2085 2919 cabat,
2110 2853 2201 2923 qui
2222 2853 2314 2907 Dei
2341 2852 2567 2906 Verbum
2603 2861 2934 2920 susceperat,
2962 2866 3067 2903 non
3102 2858 3158 2903 ut
3180 2850 3489 2916 essentiale,

1910 2947 2002 3000 sed
2056 2954 2113 2998 ut
2168 2943 2532 3013 prolatitium,
2594 2952 2647 2994 et
2701 2957 2729 2994 a
2792 2941 2955 2995 Maria
3007 2940 3332 2994 exsistentia:
3381 2954 3492 2991 sure

1913 3038 2236 3107 principium
2290 3035 2498 3105 cepisse
2551 3049 2675 3089 eum
2736 3033 3087 3087 decernebat.
3177 3032 3240 3085 Et
3297 3032 3493 3084 multas

1916 3131 2050 3184 alias
2095 3128 2359 3198 ejusmodi
2406 3127 2638 3195 ineptias
2666 3126 2865 3180 Paulus
2900 3126 3283 3180 Samosatenus
3311 3124 3492 3194 profe-

257 3204 417 3275 νάριος
458 3207 562 3275 τῆς
609 3208 666 3260 ἐν
705 3209 967 3280 Ἀσσυρίᾳ
1015 3212 1336 3275 Λαοδικείας
1385 3213 1682 3278 ἐπίσκοπος
1736 3210 1806 3286 ἦν

1916 3223 2094 3286 rebat,
2151 3236 2307 3290 quem
2342 3220 2588 3288 deposuit
2638 3220 2973 3274 Antiochena
3016 3219 3271 3289 synodus.
3357 3216 3489 3271 Cum

256 3300 367 3368 περὶ
417 3300 519 3370 τὴν
569 3303 886 3371 οἰκονομίαν
930 3305 1179 3374 φανερῶς
1224 3305 1577 3375 βλασφημῶν.
1612 3308 1806 3376 Ἔλεγε

256 3390 348 3459 γὰρ
382 3394 474 3445 τὸν
518 3393 646 3445 Υίὺν
685 3395 775 3447 τοῦ
823 3395 959 3448 Θεοῦ
995 3396 1155 3462 σῶμα
1200 3398 1299 3467 μὲν
1331 3398 1574 3470 ἔμψυχον
1608 3402 1669 3453 ὲκ
1707 3402 1808 3471 τῆς

254 3482 397 3548 ἁγίας
426 3484 694 3539 Θεοτόκου
726 3487 1044 3549 ἀναλαϐεῖν,
1080 3490 1242 3545 ἄνουν
1267 3491 1357 3552 δὲ,
1389 3492 1464 3554 ὼς
1486 3492 1585 3561 τῆς
1618 3492 1807 3563 θεότη-

258 3593 335 3639 τος
390 3579 669 3649 ἀρκούσης
728 3582 847 3634 ἀντὶ
899 3582 1037 3645 νοὸς,
1112 3585 1206 3636 καὶ
1252 3584 1444 3651 ἄλογον
1494 3585 1682 3655 ὥσπερ
1712 3587 1810 3656 τὴν

253 3668 415 3741 ψυχὴν
468 3671 566 3725 τοῦ
622 3673 831 3743 Κυρίου
890 3674 1111 3745 ἐφρόνει
1141 3695 1153 3708 ·
1184 3677 1272 3728 καὶ
1322 3677 1496 3739 οὕτως
1542 3679 1636 3731 καὶ
1686 3679 1804 3731 οὐδὲ

257 3760 446 3815 τέλειον
477 3764 769 3834 ἄνθρωπον
800 3767 969 3821 αὐτὸν
1009 3767 1166 3837 ἔλεγε
1188 3809 1202 3831 ,
1242 3770 1337 3823 καλ¹
1370 3771 1499 3839 μίαν
1527 3770 1686 3839 φύσιν
1718 3771 1811 3822 ἐπὶ

255 3854 339 3904 τοῦ
364 3855 615 3924 Σωτῆρος
645 3857 943 3915 ἐδίδασκεν.

257 3963 383 3999 niam
413 3948 632 4002 Domini
687 3953 989 4005 sentiebat:

257 4050 496 4092 naturam
530 4058 652 4096 esse
683 4045 931 4097 docebat.

316 4131 555 4187 ZDNAP.
609 4136 769 4188 Κατὰ
827 4138 1168 4193 Μακεδονίου
1227 4141 1321 4194 καὶ
1384 4141 1492 4194 τῶν
1544 4141 1813 4211 ὁμοδόξων

256 4223 440 4295 ἐκείνῳ
468 4225 500 4295 ἡ
530 4225 762 4298 δευτέρα
788 4231 1008 4294 σύνοδος
1041 4234 1474 4303 συγκεκρότηται
1517 4233 1722 4300 κτίσμα
1754 4232 1816 4283 τὸ

258 4315 404 4381 ἃγιον
456 4319 687 4388 Πνεῦμα
732 4320 1171 4389 δογματιζόντων
1224 4324 1315 4375 καὶ
1372 4324 1433 4376 οὐ
1479 4323 1652 4385 Θεὸν,
1706 4321 1818 4375 οὐδ’

258 4409 538 4474 όμοούσιον
574 4412 775 4480 Πατρὶ,
802 4414 897 4466 καὶ
927 4415 1061 4483 Υίῷ,
1096 4415 1188 4478 οὓς
1224 4420 1250 4469 ὁ
1272 4417 1463 4488 παρὼν
1500 4416 1681 4469 κανὼν
1718 4415 1815 4466 Ἥ-

262 4499 532 4567 μιαρείους
558 4501 736 4565 καλεῖ,
773 4500 846 4563 ὡς
889 4504 1029 4555 κατὰ
1053 4504 1113 4555 τὸ
1155 4505 1329 4573 ἣμισυ
1368 4507 1692 4574 μετέχοντας
1718 4506 1815 4573 τῆς

262 4589 360 4641 τῶν
412 4592 713 4661 Ἀρειανῶν
762 4594 1047 4663 αἱρέσεως.
1094 4598 1158 4649 Οἱ
1197 4599 1294 4665 μὲν
1322 4598 1430 4666 γὰρ
1459 4599 1550 4651 τὸν
1590 4599 1716 4652 Υίόν
1756 4618 1816 4655 τε

263 4680 440 4733 καὶτὸ
466 4684 694 4752 Πνεῦμα
729 4685 1046 4751 ἑτεροούσια
1092 4687 1171 4755 τῷ
1208 4690 1384 4757 Πατρὶ
1416 4691 1509 4741 καὶ
1542 4691 1816 4760 κτίσματα

263 4771 613 4843 ὲδογμάτιζον
642 4791 657 4806 ·
690 4778 740 4829 oi
792 4776 849 4830 δὲ
888 4778 1339 4848 Πνευματομάχοι
1393 4781 1521 4851 περὶ
1564 4782 1664 4851 μὲν
1721 4783 1816 4836 τοῦ

266 4865 388 4919 Υἱοῦ
413 4868 580 4933 ὑγιῶς
613 4871 901 4937 ἐφρόνουν,
936 4870 997 4922 τὸ
1028 4871 1085 4923 δὲ
1118 4871 1271 4939 ἅγιον
1327 4872 1549 4940 Πνεῦμα
1604 4875 1820 4928 κτιστὸν

266 4958 355 5008 aut
392 4958 681 5028 ἀλλότριον
733 4960 834 5027 τῆς
882 4960 1138 5030 θεότητος
1199 4962 1606 5031 ἐϐλασφήμουν.
1662 4964 1821 5016 Ἐκα-

265 5044 449 5101 λοῦντο
498 5050 555 5103 δὲ
611 5051 925 5120 Ὶίμιάρειοι
979 5054 1073 5105 καὶ
1118 5054 1313 5115 οἵτινες
1357 5054 1561 5122 κτίσμα
1595 5055 1692 5123 μὲν
1727 5056 1820 5107 καὶ

268 5141 414 5192 αὐτοὶ
473 5141 560 5195 τὸν
622 5142 749 5194 Υίὺν
802 5146 893 5196 καὶ
947 5144 1006 5196 τὸ
1059 5144 1282 5213 Πνεῦμα
1335 5146 1558 5213 ἔλεγον,
1621 5148 1821 5215 ἐπῆγον

263 5227 317 5280 δὲ
345 5229 427 5281 ὅτι
464 5234 570 5301 Οὐχ
616 5234 823 5301 ὁμοίως
874 5238 985 5295 τοῖς
1027 5235 1232 5297 λοιποῖς
1269 5236 1531 5304 κτίσμασι
1570 5238 1821 5304 γενέσθαι

265 5320 561 5391 φρονοῦμεν
624 5324 847 5389 αὐτοὺς,
910 5326 1096 5395 ἓτερον
1151 5327 1209 5379 δέ
1264 5344 1387 5378 τινα
1440 5328 1675 5397 τρόπον’
1729 5330 1822 5381 καὶ
1870 5316 1873 5317 ν

265 5408 417 5462 τοῦτό
450 5414 748 5481 φαμεν,ἱ’να
782 5414 857 5484 μὴ
887 5415 1057 5477 πάθος
1081 5415 1156 5484 τῷ
1186 5417 1358 5486 Πατρὶ
1388 5416 1477 5468 διὰ
1501 5417 1598 5485 τῆς
1627 5420 1823 5484 γεννή-

269 5516 403 5565 σεως
441 5504 847 5572 προσάπτεσθαι
872 5505 1122 5574 νομισθῇ,
1154 5508 1203 5558 οἳ
1230 5508 1327 5575 οὐχ
1380 5505 1669 5575 όμοούσιον
1700 5508 1819 5574 μὲν,

269 5596 568 5661 ὁμοιοῦσιον
594 5599 651 5652 δὲ
684 5598 762 5667 τῷ
810 5601 984 5670 Ιῐατρὶ
1028 5602 1117 5653 τὸν
1172 5602 1342 5667 Λόγον
1379 5601 1473 5653 καὶ
1506 5602 1564 5652 τὸ
1601 5600 1825 5669 Πνεῦμα

269 5692 630 5761 ὲδογμάτιζον.
672 5693 953 5762 Ἐκύρωσε
990 5694 1045 5746 δὲ
1077 5698 1107 5763 ἡ
1140 5695 1371 5765 δευτέρα
1418 5696 1635 5758 σύνοδος
1684 5696 1821 5767 αῦτη

274 5782 358 5835 διὰ
384 5784 479 5835 τοῦ
508 5787 769 5853 παρόντος
805 5786 1029 5848 κανόνος
1071 5787 1165 5838 καὶ
1194 5790 1293 5856 τὴν
1336 5789 1393 5840 ὲν
1440 5787 1643 5857 Νικαίᾳ
1671 5789 1822 5857 παρὰ

274 5874 379 5927 τῶν
406 5875 571 5942 ἁγίων
609 5878 865 5948 Πατέρων
892 5877 1260 5950 κηρυχθείσαν
1295 5878 1578 5946 όρθόδοξον
1619 5878 1821 5943 πίστιν,

1913 3314 2131 3381 reliquis
2161 3322 2362 3375 autem,
2391 3310 2705 3377 Apollinarii
2737 3325 2949 3378 quoque
2978 3310 3223 3363 hmresim
3249 3310 3475 3361 anathe-

1912 3415 2052 3459 mate
2106 3403 2451 3461 eundemuat.
2528 3400 2886 3466 Apollinarius
2921 3409 3123 3461 autem,
3181 3398 3480 3466 Laodicea»,

1911 3512 2031 3565 qua:
2063 3505 2145 3548 est
2176 3497 2223 3547 iu
2250 3495 2493 3564 Assyria.
2531 3505 2649 3547 erat
2675 3495 2987 3560 episc0pns,
3032 3505 3085 3543 et
3115 3492 3180 3543 de
3213 3490 3302 3543 Dei
3345 3505 3495 3543 (eco—

1913 3588 2332 3654 nnmia.aperte
2394 3582 2820 3651 blasphemabat.
2909 3581 3129 3635 Dicebat
3175 3581 3340 3645 enim,
3405 3578 3493 3631 Dei

1914 3680 2107 3733 Filium
2137 3693 2333 3746 corpus
2359 3676 2574 3742 quidem
2616 3675 2909 3727 animatum
2945 3689 3009 3726 ex
3044 3681 3225 3726 sancta
3263 3670 3489 3738 Dcipara

1918 3772 2212 3835 accepisse,
2246 3772 2337 3823 sed
2370 3770 2562 3821 mentis
2592 3777 2891 3835 expertem,
2938 3782 3061 3821 cum
3091 3764 3331 3819 videlicet
3361 3761 3499 3815 divi—

1920 3864 2062 3918 nitas
2095 3880 2191 3932 pro
2240 3873 2417 3915 mente
2456 3860 2746 3924 sufﬁceret,
2796 3870 2849 3913 et
2886 3856 3265 3921 ,irrationalem
3294 3864 3353 3910 ιιι
3386 3869 3502 3907 ant.

1072 3964 1121 4007 et
1175 3968 1251 4008 sic
1333 3970 1432 4008 nec
1477 3969 1599 4008 eum
1661 3970 1781 4009 esse
1827 3955 2130 4025 perfectum
2189 3955 2460 4013 hominem
2510 3954 2744 4019 dicebat,
2799 3963 2851 4005 et
2902 3966 3065 4005 unum
3114 3949 3166 4003 in
3216 3948 3503 4003 Servatore

1995 4136 2250 4193 ZONAR.
2306 4133 2507 4189 Contra
2554 4131 2924 4185 Macedonium
2968 4128 3192 4197 ejusque
3242 4125 3498 4188 asseclas,

1918 4229 2009 4298 qui
2060 4226 2315 4293 Spiritum
2350 4234 2594 4278 sanetum
2624 4232 2925 4274 creaturam
2974 4234 3111 4281 esse,
3166 4233 3268 4270 non
3300 4216 3490 4279 Deinu,

1921 4318 2261 4379 asserebant,
2300 4326 2348 4367 et
2404 4313 2545 4367 Patri
2593 4327 2653 4365 ac
2685 4311 2819 4365 Filio
2851 4307 3363 4363 consubstantialem
3410 4321 3503 4357 nc-

1921 4414 2142 4483 gabant,
2185 4411 2421 4480 synodus
2453 4408 2563 4460 haec
2589 4405 2819 4458 secumla
2852 4402 3115 4455 celebrata
3154 4399 3271 4451 l‘uit.
3353 4398 3500 4460 Quos

1924 4506 2160 4574 quidem.
2210 4520 2274 4556 eo
2322 4499 2462 4567 quod
2519 4500 2745 4552 alterum
2785 4496 3049 4548 htereseos
3094 4492 3304 4545 Arianie
3338 4497 3502 4557 caput

1922 4597 2399 4663 amplecterentur,
2428 4591 2797 4645 Semiarianos
2824 4589 2907 4641 hic
2934 4602 3108 4642 canon
3130 4595 3310 4639 vocat.
3363 4581 3497 4635 Nam

1924 4704 2045 4741 cum
2072 4686 2252 4739 Ariani
2275 4684 2466 4737 Filium
2494 4696 2728 4750 quoque,
2764 4695 2885 4733 cum
2922 4689 3111 4732 Saneto
3135 4675 3336 4742 Spiritu
3366 4675 3505 4727 inter

1925 4790 2136 4834 creatas
2172 4794 2255 4829 res
2286 4786 2661 4837 numici-arent,
2710 4788 2773 4825 ac
2813 4773 3077 4824 diversam
3112 4786 3141 4824 ιι
3166 4768 3343 4823 Patris
3373 4770 3505 4823 suh-

1923 4872 2122 4926 stantia
2176 4879 2419 4923 naturam
2472 4869 2686 4933 utrique
2735 4865 3065 4921 tribuerent:
3111 4860 3501 4925 Macedoniani,

1923 4966 1990 5018 de
2020 4964 2155 5018 Filio
2187 4963 2316 5016 nihil
2345 4960 2544 5030 opinati
2578 4973 2751 5013 secus.
2790 4968 3034 5011 sanctum
3061 4954 3317 5022 Spiritum
3347 4968 3503 5007 crea—

1926 5066 2124 5119 turam,
2174 5066 2227 5109 et
2258 5072 2285 5107 a
2329 5054 2604 5107 divinitate
2651 5050 2884 5104 alienum
2932 5047 3094 5116 impie
3142 5044 3501 5103 aﬂirmabant.

1923 5148 2047 5201 Fuit
2082 5147 2227 5201 aliud
2259 5159 2475 5213 quoque
2504 5142 2965 5197 Semiariauorum
3010 5153 3201 5209 genus,
3252 5136 3346 5206 qui
3372 5150 3495 5189 cum

1925 5251 2213 5306 utramque
2260 5237 2402 5300 Filii,
2463 5235 2803 5305 Spiritusque
2869 5246 3155 5301 personam
3219 5229 3357 5282 inter
3411 5242 3500 5279 res

1924 5340 2138 5384 creatas
2168 5346 2276 5382 non
2317 5329 2503 5382 eodem
2549 5338 2722 5381 tamen
2771 5329 2954 5389 modo,
3003 5322 3096 5376 scd
3130 5321 3235 5375 alio
3265 5319 3498 5389 quodam

1925 5434 1979 5474 et
2024 5438 2052 5473 a
2109 5421 2333 5488 reliquis
2379 5421 2592 5473 diverso
2636 5419 2896 5487 genitam,
2963 5414 3372 5473 constituerent,
3435 5424 3500 5462 eo

1926 5522 2158 5577 tantum,
2219 5528 2284 5565 ne
2345 5512 2395 5564 in
2445 5500 2623 5574 Patre.
2682 5521 2960 5578 propterea
3006 5507 3144 5572 quod
3199 5505 3496 5574 genuisset.

1928 5605 2194 5674 passionis
2251 5604 2450 5670 aliquid
2508 5605 2791 5656 admittere
2854 5609 3206 5667 cogerentur;
3282 5597 3497 5650 easdem

1927 5696 2111 5758 Verbi,
2165 5710 2228 5749 ac
2253 5696 2422 5749 sanczi
2455 5695 2685 5761 Spiritus
2714 5708 2992 5761 personas,
3034 5706 3140 5742 non
3187 5688 3328 5741 Patri
3365 5702 3498 5739 con-

1929 5787 2331 5849 sulrstantiales,
2383 5788 2474 5840 sed
2523 5796 2726 5840 tantum
2776 5782 3090 5838 substantia:
3140 5778 3334 5833 similis
3377 5791 3498 5832 esse

1928 5880 2261 5933 assert-bant.
2316 5878 2442 5944 Quzc
2486 5878 2645 5947 igitur
2672 5876 2737 5929 ad
2772 5873 3125 5929 orthodixam
3185 5870 3339 5923 iidem
3369 5883 3483 5939 spo-
