3992 6480
542 410 651 473 315

1806 412 2089 473 TIlEOD.
2125 413 2536 476 BALSAMON

3661 424 3751 492 316

541 525 745 580 etantia
766 524 816 578 in
841 524 1049 580 Nicana
1080 528 1286 599 synodo
1318 546 1346 582 a
1371 531 1571 585 sanctis
1597 529 1847 585 Patribus
1877 531 2117 601 promul-

2222 534 2318 586 καὶ
2392 535 2576 587 πᾶσαν
2638 534 2851 604 αἰρεσιν
2910 533 3754 612 ἐθέσπισεν,ἅναθεματίζεσθαι,

541 628 662 687 gata
698 629 843 683 sunt,
889 616 953 673 ea
988 620 1162 684 primo
1207 632 1320 674 rata
1373 623 1631 693 lirmaque
1663 624 1871 693 haberi,
1926 626 2120 681 deinde

541 726 734 766 names
788 711 1162 767 haereticorum
1205 730 1423 770 errores
1474 718 1805 773 anathemati
1846 719 2120 790 subjectos

541 819 682 865 esse.
731 806 1000 877 prmcipue
1031 824 1155 863 vero
1187 807 1669 875 Eunomianorum,
1721 812 1957 883 synodus
2005 814 2121 868 haec

542 903 777 956 secunda
810 918 904 971 per
936 916 1253 973 prmsentem
1308 923 1569 963 canonem
1609 912 1865 964 decrevit.
1940 911 2119 964 Ειιιιο-

543 995 683 1048 mins
733 1011 913 1061 porro,
974 997 1024 1051 in
1082 999 1290 1053 Galatia
1343 1011 1519 1064 natus,
1577 1002 1826 1073 Cyziceni
1880 1004 2116 1072 episcopi

544 1100 735 1138 nomen
776 1087 1029 1153 obtinuit,
1078 1105 1139 1143 ac
1185 1090 1371 1144 iisdem
1419 1095 1615 1160 quibus
1662 1096 1841 1159 Arius,
1890 1096 2016 1162 quin
2066 1106 2119 1153 et

543 1175 804 1240 pluribus,
832 1192 883 1231 et
924 1180 1261 1246 gravioribus
1302 1184 1466 1237 multo
1498 1187 1778 1241 erroribus
1812 1190 2115 1245 tenebatur.

541 1264 734 1321 Filium
784 1270 1003 1339 quippe,
1067 1273 1403 1341 mutabilem,
1454 1284 1508 1330 et
1561 1292 1798 1345 servum,
1851 1289 1906 1334 et
1959 1282 2119 1336 rebus

540 1362 792 1416 omnibus
851 1362 993 1417 Patri
1049 1364 1362 1420 dissimilem
1437 1370 1830 1435 constituebat;
1920 1372 2120 1443 quique

540 1448 778 1503 aninmm
813 1453 880 1506 ad
910 1453 1078 1522 ipsius
1118 1456 1398 1523 opiniones
1427 1458 1777 1526 appulissent,
1831 1476 1927 1516 eos
1960 1462 2118 1518 elatis

542 1542 593 1592 in
623 1541 851 1596 sublime
883 1546 1127 1613 pedibus,
1186 1548 1359 1617 rapite
1404 1550 1455 1603 in
1487 1565 1681 1619 aquam
1718 1552 1974 1616 demisso,
2022 1556 2118 1610 de-

541 1633 815 1687 mersione
870 1650 976 1689 una
1034 1647 1353 1703 contentus,
1418 1642 1807 1711 rebaptizabat.
1917 1646 2118 1704 Futura

542 1724 825 1790 supplicia,
852 1727 1217 1797 gehennaeth
1254 1732 1574 1799 cruciatum,
1618 1736 1749 1791 nihil
1783 1737 1923 1793 aliud
1955 1756 2116 1810 quam

542 1814 753 1870 fabulas
782 1817 850 1871 ad
887 1829 1146 1876 terrorem
1181 1822 1453 1879 hominum
1488 1831 1822 1898 excogitatas
1852 1847 1972 1888 esse
2016 1850 2116 1888 nu-

540 1908 787 1973 gabatur.
869 1910 929 1964 lli
962 1911 1262 1969 Eudoxiani
1314 1934 1526 1988 quoque
1581 1921 1648 1975 ab
1700 1923 1966 1988 Eudoxio,
2025 1927 2117 1995 qui

539 2000 727 2055 eadem
758 2019 862 2073 qua
894 2004 1189 2064 Ennomius
1223 2011 1411 2067 haeresi
1443 2012 1694 2081 infectus,
1730 2016 2117 2073 Constantino-

537 2091 642 2158 poli
705 2109 825 2147 cum
871 2108 1016 2153 esset
1069 2102 1377 2173 episcopus,
1437 2105 1758 2163 Eunomium
1821 2111 2119 2167 antistitem

538 2181 819 2252 Cyzicena:
849 2189 964 2244 urbi
986 2193 1325 2263 pmfecerat,
1347 2196 1618 2266 appellati.
1655 2199 1840 2267 iidem,
1874 2211 2031 2272 propt
2065 2218 2122 2257 r-

537 2289 598 2326 ea
658 2278 801 2344 quod
856 2280 991 2335 Filio
1036 2298 1101 2338 ac
1154 2286 1416 2357 Spiritui,
1495 2300 1736 2359 spectata
1806 2295 2122 2350 substantia:

537 2371 772 2435 ratione,
810 2372 941 2426 nihil
974 2390 1096 2431 cum
1137 2377 1296 2434 Patre
1329 2382 1505 2435 simile
1538 2385 1872 2442 intercedere
1900 2389 2119 2454 vellent,

537 2459 788 2517 Anommi
825 2464 901 2532 (id
928 2474 1014 2521 est
1042 2468 1352 2541 dissimiles)
1382 2477 1704 2543 nuncupati.
1771 2476 1933 2533 Jubet
1959 2482 2118 2534 etiam

537 2553 985 2611 anathematizari
1017 2558 1379 2624 Sabellianos.
1426 2566 1516 2634 qui
1560 2583 1587 2619 a
1618 2566 1855 2623 Sabellio
1887 2573 2120 2638 quodam

538 2643 737 2714 Lybico
770 2663 964 2703 nomen
996 2666 1272 2721 accepere.
1358 2658 1406 2711 ls
1440 2657 1801 2727 Ptoletuaidis,
1845 2678 1962 2729 qua:
1995 2666 2123 2718 urbs

538 2728 591 2787 in
633 2736 907 2807 Pentapoli
966 2742 1082 2807 fuit,
1135 2747 1441 2818 episcopus,
1491 2728 2121 2823 concrt-tioneiquadam

537 2825 961 2899 conl‘usioueque
1018 2840 1355 2906 excogitata,
1420 2854 1528 2896 tres
1586 2844 1905 2915 hypostases
1963 2850 2123 2905 unius

534 2922 781 2975 essentthe
809 2937 873 2978 ac
900 2924 1198 2985 divinitatis
1233 2932 1283 2985 in
1329 2947 1487 2987 unam
1520 2950 1806 3005 personam
1833 2944 2125 3012 conjunge-

535 3010 627 3064 bat
660 3027 723 3067 ac
763 3017 1175 3084 commiscebat,
1224 3038 1287 3077 ac
1322 3041 1481 3081 unam
1522 3028 1575 3083 in
1608 3028 1897 3099 Trinitate,
1937 3010 2124 3089 tribus

534 3101 662 3157 licet
724 3107 930 3161 variam
994 3114 1343 3179 nominibus,
1418 3134 1702 3187 personam
1768 3129 2119 3189 agnoscebat.

2222 627 2518 697 ἐξαιρέτως
2567 628 2626 682 δὲ
2673 629 2784 682 τῶν
2843 627 3221 698 Εὑνομιανῶν.
3262 628 3323 684 Ὃ
3383 631 3440 685 δὲ
3495 635 3754 705 Εὐνόμιος,

2219 722 2471 793 Γαλάτης
2520 722 2620 791 ὣν,
2662 722 2903 787 Κυζίκου
2957 722 3255 785 ἐπίσκοπος
3312 723 3656 795 ἐχρημάτιζε,
3700 729 3759 784 τὰ

2223 815 2362 868 αὐτὰ
2389 814 2606 886 φρονῶν
2633 813 2710 883 τῷ
2756 815 2976 885 Ἀρείῳ,
3021 813 3222 883 μᾶλλον
3271 812 3453 883 μέντοι
3493 818 3580 869 καὶ
3609 818 3757 872 πλείω

2220 911 2315 959 καὶ
2366 908 2609 977 χείρονα.
2676 905 2925 975 Τρεπτὸν
2988 904 3095 975 γὰρ
3152 904 3246 957 καί⁵
3301 903 3482 958 δοῦλον
3522 907 3759 963 καὶκατὰ

2222 1000 2401 1053 πάντα
2431 999 2686 1068 ἀνόμοιον
2724 998 2803 1066 τῷ
2861 998 3037 1068 Πατρὶ
3091 997 3181 1051 τὸν
3213 997 3340 1051 Υἱδν
3385 998 3717 1068 ὲδογμάτιζεν
3743 1045 3756 1067 ,

2219 1091 2276 1152 ὃς
2306 1091 2553 1153 καὶτοὺς
2579 1094 2645 1161 τῇ
2690 1090 2814 1162 δόξῃ
2859 1090 3023 1143 αὐτοῦ
3088 1090 3542 1159 προστιθεμένους
3585 1093 3761 1169 ἀνεϐά-

2221 1181 2417 1245 πτιζε;
2469 1180 2625 1234 Κατὰ
2668 1182 2910 1250 κεφαλῆς
2942 1181 3139 1243 αὐτοὺς
3183 1180 3499 1246 καταδύων,
3537 1181 3627 1234 καὶ
3666 1182 3761 1234 ἄνω

2225 1273 2478 1343 στρέφων
2519 1274 2645 1336 τοὺς
2692 1272 2857 1335 πόδας
2912 1271 3115 1337 αὐτῶν,
3174 1273 3270 1324 καὶ
3321 1271 3449 1341 μίαν
3498 1273 3762 1326 κατάδυσιν

2223 1364 2504 1435 βαπτίζων
2540 1364 2734 1418 ἐποίει.
2763 1365 2872 1417 Kal.
2892 1362 2993 1434 τὴν
3011 1364 3232 1417 κόλασιν
3263 1363 3319 1416 δὲ
3354 1364 3451 1432 τὴν
3490 1362 3762 1433 μέλλουσαν
3834 1406 3850 1428 ,

2222 1456 2313 1508 καὶ
2344 1456 2444 1524 τὴν
2478 1455 2707 1523 γέενναν
2738 1454 3003 1525 ἐφλυάρει
3036 1456 3112 1524 μὴ
3142 1454 3361 1526 ἀληθῶς
3402 1450 3557 1518 εἶναι,
3593 1455 3655 1506 δι’
3682 1456 3765 1507 ἐκ·

2220 1547 2451 1616 φόϐησιν
2505 1547 2562 1599 δὲ
2611 1547 2780 1617 μόνην
2833 1546 3216 1617 ἁπειληθῆναι.
3287 1545 3596 1599 Ἐκαλοῦντο
3634 1545 3685 1599 δὲ
3723 1546 3765 1598 οί

2222 1640 2377 1693 αὐτοὶ
2413 1641 2508 1692 καὶ
2540 1640 2863 1706 Εύδοξιανοὶ
2897 1639 3005 1693 ἀπὸ
3050 1639 3306 1705 Εὐδοξίου
3352 1639 3495 1703 τινὸς
3539 1656 3766 1710 συναιρε-

2223 1733 2421 1787 σιώτου
2457 1733 2534 1803 τῷ
2568 1733 2843 1803 Εύνομίῳ,
2874 1733 2933 1797 ὃς
2964 1733 3592 1796 Κωνσταντινουπόλεως
3627 1750 3766 1801 γεγο-

2222 1824 2329 1888 νὼς
2399 1824 2698 1887 ἐπίσκοπος
2750 1825 2839 1877 τὸν
2906 1824 3173 1895 Εὐνόμιον
3229 1825 3472 1889 Κυζίκου
3529 1824 3767 1894 ἀρχιερέα

2223 1918 2579 1983 κατέστησεν.
2615 1916 2677 1968 Οἳ
2718 1918 2816 1969 καὶ
2868 1916 3138 1985 Ἀνόμοιοι
3191 1915 3556 1987 ὠνομάζοντο,
3603 1916 3681 1969 διὰ
3715 1916 3768 1969 τδ

2221 2007 2405 2074 λέγειν
2435 2006 2524 2058 τὸν
2559 2005 2690 2058 Υίδν
2748 2007 2840 2058 καὶ
2889 2006 2949 2058 τὸ
3000 2006 3226 2075 Πνεῦμα
3258 2006 3529 2075 μηδεμίαν
3548 2005 3771 2074 ὁμοιότη-

2220 2114 2288 2150 τα
2320 2096 2442 2151 κατ’
2472 2096 2662 2150 οὐσίαν
2690 2096 2835 2166 ἔχειν
2866 2098 3002 2167 πρὸς
3033 2096 3125 2149 τὸν
3154 2097 3396 2166 Πατέρα.
3435 2095 3768 2166 Ἀναθεματί-

2220 2188 2410 2253 ζεσθαι
2454 2188 2511 2242 δὲ
2561 2186 2810 2251 θεσπίζει
2850 2188 2947 2242 καὶ
2981 2187 3108 2251 τοὺς
3141 2187 3554 2254 Σαϐελλιανοὺς,
3597 2188 3771 2251 οἵτινες

2220 2282 2329 2336 ἀπὸ
2358 2281 2651 2334 Σαϐελλίου
2681 2278 2777 2334 τοῦ
2803 2281 3005 2345 Λίϐυος
3025 2280 3443 2351 ὠνομάσθησαν
3469 2321 3484 2344 ,
3513 2280 3566 2342 ὃς
3598 2280 3772 2333 Πτολε-

2227 2371 2417 2441 μαΐδος
2449 2370 2549 2441 τῆς
2593 2371 2984 2434 Πενταπόλεως
3031 2372 3338 2435 ἐπίσκοπος
3386 2372 3595 2440 γέγονε,
3637 2387 3773 2425 συνα-

2221 2462 2415 2533 λοιφὴν
2455 2450 2802 2531 δογματίζων
2847 2462 2945 2514 καὶ
3001 2460 3290 2531 σύγχυσιν,
3336 2462 3437 2526 τὰς
3481 2465 3623 2531 τρεῖς
3657 2463 3774 2515 tino-

2226 2556 2447 2618 στάσεις
2476 2558 2576 2625 τῆς
2618 2557 2748 2624 μιᾶς
2792 2556 2982 2618 οὐσίας
3014 2556 3109 2608 καὶ
3137 2556 3394 2626 θεότητος
3424 2558 3502 2618 εἰς
3525 2556 3583 2607 ἓν
3620 2554 3774 2626 πρόσ-

2222 2666 2371 2702 ωπον
2433 2649 2709 2720 συναιρῶν
2770 2651 2866 2702 καὶ
2928 2649 3194 2718 συγχέων,
3232 2650 3330 2701 καὶ¹
3380 2648 3438 2701 ἓν
3484 2647 3774 2718 πρεσϐεύων
3830 2718 3835 2724 ’

2221 2744 2315 2795 ἐπὶ
2364 2744 2464 2811 τῆς
2515 2744 2745 2813 Τριάδος
2790 2742 3099 2813 τριὼνυμον
3150 2743 3473 2811 πρόσωπον,
3509 2742 3671 2807 λέγων
3695 2740 3775 2791 τὸν

2221 2834 2385 2887 αὑτὸν
2433 2834 2565 2887 ποτὲ
2600 2834 2698 2903 μὲν
2745 2833 2820 2896 ὡς
2877 2834 3097 2904 Πατέρα
3130 2834 3393 2905 φανῆναι,
3460 2834 3584 2885 ποτὲ
3624 2832 3674 2884 δὲ
3710 2832 3773 2891 ὡς

2222 2927 2374 2993 Υίδν,
2426 2927 2557 2980 ποτὲ
2601 2926 2657 2979 δὲ
2698 2927 2773 2989 ὡς
2817 2925 3045 2995 Πνεῦμα
3074 2927 3231 2994 ἆγιον
3279 2924 3776 2996 μεταμορφούμενον

2223 3020 2322 3071 καὶ
2351 3016 2544 3071 ἄλλοτε
2580 3018 2756 3080 ἄλλως
2797 3017 3445 3089 μετασχηματιζόμενον.
3488 3016 3698 3085 Ὁμοίως
3726 3013 3774 3065 δὲ

2225 3111 2330 3163 ὑπὸ
2366 3109 2614 3180 ἀνάθεμα
2671 3110 2852 3177 τίθησι
2902 3111 2996 3164 καὶ
3047 3109 3148 3181 τὴν
3201 3110 3312 3163 τῶν
3368 3103 3775 3181 Μαρκελλιανῶν

532 3192 669 3246 Cum
694 3211 876 3262 unum,
903 3201 1013 3270 87
1044 3202 1294 3274 idemque
1315 3225 1536 3279 nttmen,
1561 3229 1703 3271 nunc
1725 3214 1902 3273 Patris
1920 3223 2117 3289 specie,

2226 3202 2463 3273 αἵρεσιν,
2490 3202 2612 3272 ἥτις
2648 3201 2755 3255 ἀπὸ
2790 3202 3113 3272 Μαρκέλλου
3140 3202 3500 3271 αίρεσιάρχου
3530 3198 3774 3289 καλεῖται,

536 3303 681 3342 nunc
725 3288 870 3355 Filii,
927 3312 1068 3352 nunc
1118 3302 1291 3355 sancti
1340 3304 1596 3373 Spiritus,
1646 3307 1787 3363 idem
1836 3312 1939 3366 alio
1986 3313 2121 3369 alias

535 3377 719 3432 habitu
764 3392 1051 3450 mutatum,
1108 3400 1228 3445 sese
1277 3396 1599 3453 mortalibus
1633 3399 1920 3457 videmlum
1970 3406 2123 3459 exhi-

537 3471 718 3526 lmisse
771 3480 1143 3536 contenderet.
1238 3484 1400 3551 Inde,
1458 3490 1970 3559 Marcellianorum,
2034 3500 2117 3553 cui

536 3575 730 3614 nomen
755 3561 1037 3622 Marcellus
1064 3569 1425 3628 hzeresiarcha
1456 3579 1625 3643 dedit,
1660 3581 1881 3637 haeresis
1906 3601 2121 3656 quoque

534 3652 810 3709 damnata.
905 3658 1005 3714 Hic
1059 3678 1122 3716 ex
1180 3664 1412 3738 Ancyra,
1489 3671 1715 3728 Galatia:
1767 3652 2118 3745 urbe—ortus,

533 3743 775 3811 ejusdem
818 3759 999 3817 postea
1056 3754 1368 3824 episcopus,
1431 3772 1483 3817 et
1536 3766 1751 3832 quidem
1809 3743 2116 3828 Sabelliana

533 3848 688 3934 peste
741 3841 977 3900 infectus
1027 3847 1148 3904 fuit.
1232 3851 1468 3920 Eodem,
1520 3856 1827 3914 Photiniani
1884 3878 2118 3934 quoque,

537 3928 753 3999 (nomen
807 3936 873 3991 iis
925 3953 953 3990 a
1014 3937 1247 3998 Photino
1297 3947 1535 4018 auctore)
1594 3951 1815 4007 decreto
1865 3928 2117 4025 jugulati.

537 4020 707 4075 Porro
761 4024 1026 4083 Photinus
1072 4042 1225 4088 ortus
1277 4051 1307 4089 e
1365 4036 1591 4103 Sirmio,
1642 4057 1762 4097 mox
1818 4020 1881 4099 inv
1930 4020 2118 4101 eadem

537 4114 675 4168 urbe
726 4117 1073 4183 episcopatus
1123 4123 1328 4179 honore
1368 4130 1683 4195 perfunctus
1711 4142 1814 4188 est.
1889 4134 1995 4190 Sed
2030 4136 2122 4193 iis-

536 4206 658 4258 dem
710 4208 906 4275 quibus
949 4210 1144 4267 Paulus
1188 4213 1577 4276 Samosateuus
1611 4225 1890 4280 erroribus
1923 4226 2121 4297 depra-

537 4310 716 4364 νειιιιε,
773 4317 947 4371 neque
980 4314 1225 4361 sanctam
1267 4308 1589 4367 Trinitatem
1636 4317 1980 4385 admittebat,
2028 4335 2120 4375 so-

536 4393 755 4461 lamque
802 4411 898 4464 pro
955 4397 1082 4463 Deo,
1132 4416 1311 4455 rerum
1345 4405 1584 4458 omnium
1614 4410 1893 4464 conditore
1922 4426 1985 4464 ac
2022 4428 2119 4479 pao

539 4495 712 4549 rente,
746 4487 1001 4555 Spiritum
1035 4495 1387 4561 agnoscebat;
1446 4496 1680 4554 Verbum
1711 4504 1966 4572 quiddam
1999 4520 2119 4560 esse

537 4578 802 4644 prolatum
823 4584 1183 4651 extrinsecus,
1219 4589 1465 4644 videlicet
1489 4591 1660 4659 ipsum
1694 4594 1889 4649 divinze
1919 4599 2113 4653 mentis

538 4667 845 4736 imperimn,
890 4673 989 4742 ipsi
1024 4674 1133 4729 Deo
1160 4679 1225 4730 ad
1260 4695 1438 4733 rerum
1481 4682 1808 4739 molitionem
1842 4686 2111 4742 fabrilium

538 4761 1025 4819 instrumentorum
1059 4783 1209 4823 more
1240 4772 1577 4838 deserviens,
1630 4779 1977 4846 opinabatur.
2057 4781 2111 4836 In

537 4852 754 4907 Christo
785 4856 941 4921 nihil,
961 4869 1154 4925 praeter
1193 4863 1396 4919 nudum
1431 4866 1728 4931 hominem,
1750 4872 2111 4938 agnoscebat;

539 4945 637 5009 illi,
681 4948 771 5004 Dei
807 4948 1060 5016 Verbum,
1100 4968 1203 5008 non
1233 4958 1529 5013 essentiale
1560 4959 1803 5028 quidem,
1857 4962 1949 5015 sed
1986 4962 2112 5018 illud

536 5041 800 5108 prolatum
844 5050 1222 5102 tantummodo
1278 5049 1573 5118 insedisse,
1623 5067 1797 5122 neque
1842 5054 2114 5112 Christum

537 5135 678 5189 a'iud
707 5136 789 5191 sui
826 5137 1059 5206 initium,
1112 5156 1272 5210 quam
1323 5157 1350 5196 a
1400 5144 1566 5199 Maria
1602 5156 1827 5213 parente
1861 5148 2116 5204 habuisse

535 5229 908 5284 asseverabat.
984 5230 1127 5297 "me,
1163 5242 1218 5289 et
1239 5235 1343 5290 alia
1379 5237 1553 5305 plura,
1609 5238 2000 5294 Samosatenus
2031 5242 2118 5297 ille

537 5313 734 5371 Paulus
779 5318 1078 5385 ell'ntiebat,
1130 5337 1287 5391 quem
1328 5325 1668 5394 depositione
1720 5330 1954 5398 synodus
2003 5330 2114 5381 An-

536 5406 784 5463 tiochena
823 5412 1090 5469 multavit.
1148 5411 1349 5468 Eadem
1404 5426 1695 5484 postremo,
1744 5432 1862 5486 qum
1910 5419 1961 5472 in
2006 5434 2111 5472 ca:-

534 5507 700 5564 teros,
762 5502 813 5554 in
847 5504 1263 5571 Apollinaristas
1302 5520 1517 5575 quoque
1548 5507 1911 5561 anathemalis
1947 5523 2108 5578 ptena

529 5590 848 5646 constituta.
903 5592 1424 5659 FuitApollinarius
1455 5594 1797 5661 Laodicenze,
1825 5596 1943 5664 ejus
1992 5613 2108 5663 qua:

530 5680 583 5733 in
617 5681 772 5754 Syria
815 5693 918 5750 est,
969 5685 1116 5739 urbis
1158 5687 1466 5753 episcopus,
1518 5686 1607 5755 qui
1638 5689 1701 5740 de
1732 5702 1888 5741 sacro
1918 5688 2109 5741 divinae

2221 3295 2281 3358 ὃς
2321 3293 2381 3360 ἐξ
2422 3294 2698 3367 Ἀγκύρας
2743 3296 2842 3365 μὲν
2889 3295 3119 3365 ὥρμητο
3169 3295 3269 3362 τῆς
3314 3293 3639 3361 Γαλατικῆς,
3694 3288 3776 3341 καὶ

2222 3391 2397 3460 αὐτῆς
2445 3390 2752 3451 ἐπίσκοπος
2783 3391 3011 3458 γέγονεν
3035 3430 3047 3453 ,
3084 3387 3282 3457 ἐπίσης
3323 3388 3381 3440 δὲ
3414 3387 3493 3457 τῷ
3524 3385 3777 3453 Σαϐελλίῳ

2224 3484 2490 3548 ἐδόξαζεν.
2537 3483 2698 3535 Ἀλλὰ
2739 3482 2836 3535 καὶ
2868 3482 2970 3551 τὴν
3013 3481 3123 3535 τῶν
3168 3480 3547 3534 Φωτεινιανῶν
3585 3479 3777 3548 αἵρεσιν

2223 3578 2529 3645 ἀναθέματι
2585 3575 2896 3629 ὑποϐάλλει.
2955 3576 3017 3627 Ol
3078 3574 3135 3627 δὲ
3164 3575 3272 3627 ἀπὸ
3322 3572 3595 3629 Φωτεινοῦ
3638 3572 3779 3637 ἔσχον

2221 3667 2319 3737 τὴν
2360 3668 2599 3737 κλῆσιν,
2640 3668 2704 3720 ὲκ
2747 3666 2976 3736 Σιρμίου
3017 3664 3115 3735 μὲν
3146 3665 3514 3735 ὁρμωμένου,
3571 3663 3775 3716 κάκεῖσε

2222 3761 2717 3830 ὲπισκοπήσαντος,
2745 3760 2815 3812 τὰ
2848 3757 2991 3812 αὐτὰ
3021 3757 3079 3810 δὲ
3115 3756 3319 3827 Παύλῳ
3359 3756 3440 3827 τῷ
3496 3750 3783 3823 Σαμοσατεί

2222 3852 2618 3921 φρονήσαντος,
2650 3851 2743 3903 καὶ
2770 3850 2904 3919 μήτε
2928 3850 3026 3917 τὴν
3052 3848 3213 3916 ἁγίαν
3245 3846 3456 3919 Τριὰδα
3476 3842 3781 3917 ὁμολογοῦν-

2220 3961 2331 4006 τος,
2364 3945 2460 3997 καὶ⁵
2493 3944 2721 4013 Πνεῦμα
2762 3945 2921 4013 μόνον
2973 3940 3336 4011 ὀνομάζοντος
3391 3943 3485 3996 τὸν
3527 3939 3657 3994 Θεὸν
3699 3938 3784 4006 δη-

2225 4036 2489 4108 μιουργὸν
2534 4036 2790 4090 ἁπάντων
2838 4034 2929 4087 τὸν
2973 4035 3029 4088 δὲ
3071 4033 3244 4101 Λόγον
3293 4031 3633 4104 προφορικδν
3673 4046 3780 4099 φρο-

2220 4128 2459 4190 νοῦντος,
2504 4128 2598 4181 καὶ
2644 4127 2789 4180 θεῖόν
2825 4144 2880 4179 τι
2930 4126 3262 4197 πρόσταγμα
3306 4125 3683 4196 ὑπουργοῦντα
3713 4121 3783 4190 τῷ

2221 4220 2340 4288 Θεῷ
2371 4219 2452 4283 είς
2481 4218 2580 4289 τὴν
2612 4218 2957 4289 παραγωγὴν
2983 4217 3079 4269 τοῦ
3111 4217 3312 4279 παντὸς
3336 4255 3350 4281 ,
3382 4217 3460 4279 ὡς
3484 4214 3708 4287 ὄργανόν
3737 4229 3782 4269 τ

2227 4309 2550 4381 μηχανικόν.
2590 4310 2694 4362 Τὸν
2723 4309 2780 4362 δὲ
2811 4308 3049 4379 Χριστὸν
3092 4307 3247 4378 ψιλὸν
3287 4307 3659 4379 κηρύττοντος
3697 4304 3782 4359 ἄν·

2225 4402 2445 4473 θρωπον
2484 4401 2579 4455 τὸν
2608 4400 2701 4453 τοῦ
2736 4400 2873 4453 Θεοῦ
2909 4401 3081 4467 Λόγον
3120 4399 3531 4470 ὑποδεξάμενον
3552 4438 3569 4464 ,
3597 4398 3691 4468 οὐχ
3717 4395 3784 4455 ὡς

2223 4492 2479 4562 οὐσιώδη,
2514 4492 2633 4545 ἀλλ’
2661 4492 2737 4555 ὼς
2778 4491 3136 4562 προφορικδν,
3173 4491 3284 4544 καὶ.
3302 4491 3413 4545 ἀπὸ
3453 4489 3671 4561 Μαρίας
3696 4486 3787 4557 τὴν

2152 4552 2200 4611 D
2225 4584 2402 4653 ἀρχὴν
2444 4552 2730 4652 εἰληφέναι
2774 4552 2873 4653 της
2899 4552 3213 4654 ’ὑπάρξεως
3249 4582 3415 4637 αύτδν
3444 4552 3780 4652 δογματίζονο

2221 4691 2334 4736 τος.
2392 4675 2501 4728 Καὶ
2559 4675 2695 4727 ἄλλα
2746 4675 2802 4728 δὲ
2858 4676 3027 4729 πλείω
3071 4677 3098 4727 ὁ
3134 4676 3487 4744 Σαμοσατεὺς
3539 4672 3783 4744 ὲληρώδετ

2223 4766 2456 4831 Παῦλος,
2494 4766 2553 4820 ὃν
2597 4767 2911 4837 καθεῖλενή
2946 4770 3004 4820 έν
3048 4768 3351 4837 Ἀντιοχείᾳ
3388 4768 3625 4826 σύνοδος.
3672 4764 3782 4822 Τοῖς

2223 4860 2437 4921 λοιποῖς
2491 4860 2547 4914 δὲ
2603 4862 2697 4912 καὶ
2752 4859 2850 4929 τὴν
2897 4859 2990 4913 τοῦ
3045 4860 3461 4930 Ἀπολλιναρίου
3496 4858 3788 4926 ἀναθέματι

2225 4950 2689 5016 συγκαταδικάζει
2729 4950 2965 5020 αἵρεσιν.
3019 4950 3076 5005 '0
3121 4950 3178 5004 δὲ
3232 4951 3649 5021 Ἀπολλινάριος
3696 4947 3787 5016 τῆς

2217 5044 2275 5097 ὲν
2307 5044 2474 5114 Συρίᾳ
2508 5044 2833 5107 Λαοδικείας
2865 5045 3167 5106 ἐπίσκοπος
3197 5038 3264 5115 ἦν
3306 5043 3438 5115 περὶ
3467 5044 3569 5113 τὴν
3590 5042 3789 5094 οἰκονο-

2220 5137 2349 5205 μίαν
2382 5135 2637 5204 φανερῶς
2668 5135 3025 5205 βλασφημῶν.
3060 5138 3256 5205 Ἔλεγε
3283 5136 3394 5206 γὰρ
3418 5139 3512 5190 τὸν
3549 5136 3678 5189 Υἱὸν
3699 5132 3786 5187 τοῦ

2214 5227 2350 5279 Θεοῦ
2388 5226 2549 5296 σῶμα
2602 5225 2701 5296 μὲν
2757 5227 3002 5298 ἔμψυχον
3051 5230 3115 5282 ἐκ
3163 5230 3264 5298 τῆς
3309 5230 3476 5294 ἁγίας
3528 5228 3785 5283 Θεοτόνου

2211 5318 2528 5383 ἀναλαϐεῖν,
2562 5318 2724 5373 ἄνουν
2763 5317 2821 5370 δὲ
2844 5319 2920 5381 ὠς
2949 5320 3047 5388 τῆς
3075 5320 3326 5388 θεότητος
3354 5320 3639 5391 ἀρκούσης
3672 5314 3787 5372 ἀντὶ

2218 5413 2361 5475 νοὸς,
2422 5413 2517 5465 καὶ⁵
2565 5411 2760 5479 ἄλογον
2810 5411 2999 5480 ῶσπερ
3058 5411 3155 5482 τὴν
3206 5412 3383 5482 ψυχὴν
3425 5413 3523 5466 τοῦ
3584 5409 3784 5481 Κυρίου

2217 5504 2458 5573 ἐφρόνει.
2511 5504 2621 5556 Καὶ
2663 5502 2835 5567 οὕτως
2891 5502 3011 5556 οὐδὲ
3060 5504 3266 5557 τέλειον
3300 5505 3592 5575 ἄνθρωπον
3632 5502 3787 5556 αὐτὸν

2217 5597 2414 5661 ἔλεγε,
2480 5596 2577 5648 καὶ
2654 5595 2780 5667 μίαν
2844 5596 3007 5666 φύσιν
3059 5596 3153 5649 ἐπὶ
3217 5595 3312 5649 τοῦ
3371 5596 3627 5667 Σωτῆρος
3679 5591 3786 5647 ἐδί-

2184 5698 2187 5701 ’
2215 5686 2438 5740 δασκεν.

531 5775 924 5834 lucarnationis
953 5780 1208 5848 mysterio
1255 5778 1542 5834 manifesto
1578 5780 1922 5848 blasphemus
1965 5779 2083 5834 fuit.
2123 5778 2400 5849 Siquidem
2433 5778 2628 5833 Filium
2670 5780 2788 5843 Dei,
2859 5794 3056 5849 corpus
3108 5778 3323 5850 quidem
3388 5778 3573 5831 anima
3633 5777 3788 5835 infer.

536 5880 738 5925 malum
762 5886 825 5925 ex
852 5880 1053 5927 sanctae
1080 5871 1321 5940 Deiparze
1344 5872 1645 5928 visceribus
1676 5873 1775 5927 sibi
1806 5873 2116 5944 adjunxisse
2148 5872 2443 5941 fatebatur,
2510 5886 2695 5926 verum
2719 5872 2915 5928 mentis
2971 5882 3025 5928 et
3052 5871 3273 5928 rationis
3302 5878 3606 5942 expertem,
3636 5871 3787 5941 quasi
