  <div class='ocr_page' id='page_1' title='image "/cluster/home/n/w/nwhite01/storage/ocr_20150623/137/hvd.32044020166120/176.png"; bbox 0 0 3992 6480; ppageno 0'>
   <div class='ocr_carea' id='block_1_1' title="bbox 334 368 441 437">
    <p class='ocr_par' dir='ltr' id='par_1_1' title="bbox 334 368 441 437">
     <span class='ocr_line' id='line_1_1' title="bbox 334 368 441 437; baseline -0.028 -1"><span class='ocrx_word' id='word_1_1' title='bbox 334 368 441 437; x_wconf 76' lang='lat'><strong><em>317</em></strong></span> 
     </span>
    </p>
   </div>
   <div class='ocr_carea' id='block_1_2' title="bbox 1545 374 2431 443">
    <p class='ocr_par' dir='ltr' id='par_1_2' title="bbox 1545 374 2431 443">
     <span class='ocr_line' id='line_1_2' title="bbox 1545 374 2431 443; baseline 0.002 -3"><span class='ocrx_word' id='word_1_2' title='bbox 1545 378 1630 440; x_wconf 85' lang='lat' dir='ltr'><strong><em>IN</em></strong></span> <span class='ocrx_word' id='word_1_3' title='bbox 1658 377 1828 440; x_wconf 76' lang='lat' dir='ltr'><strong><em>CAN.</em></strong></span> <span class='ocrx_word' id='word_1_4' title='bbox 1857 378 1920 439; x_wconf 89' lang='lat' dir='ltr'><strong><em>II</em></strong></span> <span class='ocrx_word' id='word_1_5' title='bbox 1955 377 2164 443; x_wconf 76' lang='lat' dir='ltr'><strong>CONC.</strong></span> <span class='ocrx_word' id='word_1_6' title='bbox 2200 379 2312 440; x_wconf 91' lang='lat' dir='ltr'><strong><em>CP.</em></strong></span> <span class='ocrx_word' id='word_1_7' title='bbox 2345 374 2431 442; x_wconf 89' lang='grc' dir='ltr'><strong><em>ῐΙ.</em></strong></span> 
     </span>
    </p>
   </div>
   <div class='ocr_carea' id='block_1_3' title="bbox 3496 371 3603 437">
    <p class='ocr_par' dir='ltr' id='par_1_3' title="bbox 3496 371 3603 437">
     <span class='ocr_line' id='line_1_3' title="bbox 3496 371 3603 437; baseline 0 -1"><span class='ocrx_word' id='word_1_8' title='bbox 3496 371 3603 437; x_wconf 70' lang='lat'><strong><em>318</em></strong></span> 
     </span>
    </p>
   </div>
   <div class='ocr_carea' id='block_1_4' title="bbox 338 474 3601 562">
    <p class='ocr_par' dir='ltr' id='par_1_4' title="bbox 338 474 3601 562">
     <span class='ocr_line' id='line_1_4' title="bbox 338 474 3601 562; baseline 0.001 -20"><span class='ocrx_word' id='word_1_9' title='bbox 338 488 535 543; x_wconf 88' lang='lat' dir='ltr'><strong><em>mentis</em></strong></span> <span class='ocrx_word' id='word_1_10' title='bbox 582 487 762 544; x_wconf 91' lang='lat' dir='ltr'><strong><em>locum</em></strong></span> <span class='ocrx_word' id='word_1_11' title='bbox 796 488 1054 547; x_wconf 75' lang='lat' dir='ltr'><strong><em>divinitas</em></strong></span> <span class='ocrx_word' id='word_1_12' title='bbox 1110 490 1387 561; x_wconf 82' lang='lat' dir='ltr'><strong><em>expleret,</em></strong></span> <span class='ocrx_word' id='word_1_13' title='bbox 1447 489 1647 548; x_wconf 82' lang='lat' dir='ltr'><strong><em>Christi</em></strong></span> <span class='ocrx_word' id='word_1_14' title='bbox 1704 493 1913 549; x_wconf 78' lang='lat' dir='ltr'><strong><em>Dm‘nini</em></strong></span> <span class='ocrx_word' id='word_1_15' title='bbox 1943 506 2187 548; x_wconf 79' lang='lat' dir='ltr'><strong><em>animum</em></strong></span> <span class='ocrx_word' id='word_1_16' title='bbox 2216 474 2339 548; x_wconf 87' lang='lat' dir='ltr'><strong><em>esse</em></strong></span> <span class='ocrx_word' id='word_1_17' title='bbox 2371 490 2719 562; x_wconf 73' lang='lat' dir='ltr'><strong>opinabatur.</strong></span> <span class='ocrx_word' id='word_1_18' title='bbox 2768 488 2832 546; x_wconf 87' lang='lat' dir='ltr'><strong><em>Et</em></strong></span> <span class='ocrx_word' id='word_1_19' title='bbox 2859 488 3076 546; x_wconf 86' lang='lat' dir='ltr'><strong><em>siceum</em></strong></span> <span class='ocrx_word' id='word_1_20' title='bbox 3139 503 3240 547; x_wconf 89' lang='lat' dir='ltr'><strong><em>nec</em></strong></span> <span class='ocrx_word' id='word_1_21' title='bbox 3302 486 3601 560; x_wconf 79' lang='lat' dir='ltr'><strong><em>perlectum</em></strong></span> 
     </span>
    </p>
   </div>
   <div class='ocr_carea' id='block_1_5' title="bbox 336 584 2307 660">
    <p class='ocr_par' dir='ltr' id='par_1_5' title="bbox 336 584 2307 660">
     <span class='ocr_line' id='line_1_5' title="bbox 336 584 2307 660; baseline 0.004 -22"><span class='ocrx_word' id='word_1_22' title='bbox 336 584 615 638; x_wconf 80' lang='lat' dir='ltr'><strong><em>hominem</em></strong></span> <span class='ocrx_word' id='word_1_23' title='bbox 661 584 900 650; x_wconf 90' lang='lat' dir='ltr'><strong><em>dicebat,</em></strong></span> <span class='ocrx_word' id='word_1_24' title='bbox 947 594 1000 641; x_wconf 86' lang='lat' dir='ltr'><strong><em>et</em></strong></span> <span class='ocrx_word' id='word_1_25' title='bbox 1046 602 1208 641; x_wconf 86' lang='lat' dir='ltr'><strong><em>uuam</em></strong></span> <span class='ocrx_word' id='word_1_26' title='bbox 1255 587 1309 641; x_wconf 90' lang='lat' dir='ltr'><strong><em>in</em></strong></span> <span class='ocrx_word' id='word_1_27' title='bbox 1342 586 1634 644; x_wconf 79' lang='lat' dir='ltr'><strong><em>Servatore</em></strong></span> <span class='ocrx_word' id='word_1_28' title='bbox 1674 599 1918 644; x_wconf 86' lang='lat' dir='ltr'><strong><em>naturam</em></strong></span> <span class='ocrx_word' id='word_1_29' title='bbox 1960 589 2307 660; x_wconf 66' lang='lat' dir='ltr'><strong><em>praedicabat.</em></strong></span> 
     </span>
    </p>
   </div>
   <div class='ocr_carea' id='block_1_6' title="bbox 336 675 1929 748">
    <p class='ocr_par' dir='ltr' id='par_1_6' title="bbox 336 675 1923 748">
     <span class='ocr_line' id='line_1_6' title="bbox 336 675 1923 748; baseline 0.002 -18"><span class='ocrx_word' id='word_1_30' title='bbox 336 676 561 731; x_wconf 78' lang='grc' dir='ltr'><strong><em>ΔΡΙΣΤ.</em></strong></span> <span class='ocrx_word' id='word_1_31' title='bbox 606 675 677 731; x_wconf 86' lang='grc' dir='ltr'><strong>Ἠ</strong></span> <span class='ocrx_word' id='word_1_32' title='bbox 703 678 855 731; x_wconf 85' lang='grc' dir='ltr'><em>κατὰ</em></span> <span class='ocrx_word' id='word_1_33' title='bbox 869 679 1126 732; x_wconf 85' lang='grc' dir='ltr'><em>Νίκαιαν</em></span> <span class='ocrx_word' id='word_1_34' title='bbox 1153 679 1360 745; x_wconf 80' lang='grc' dir='ltr'><em>πίστις</em></span> <span class='ocrx_word' id='word_1_35' title='bbox 1388 681 1672 748; x_wconf 77' lang='grc' dir='ltr'><strong><em>κρατείτω</em></strong></span> <span class='ocrx_word' id='word_1_36' title='bbox 1702 699 1715 711; x_wconf 75' lang='grc' dir='ltr'><strong><em>ο</em></strong></span> <span class='ocrx_word' id='word_1_37' title='bbox 1750 680 1822 734; x_wconf 85' lang='grc' dir='ltr'><strong><em>τὰ</em></strong></span> <span class='ocrx_word' id='word_1_38' title='bbox 1855 680 1923 734; x_wconf 84' lang='grc' dir='ltr'><em>δὲ</em></span> 
     </span>
    </p>
   </div>
   <div class='ocr_carea' id='block_1_7' title="bbox 2056 675 3603 748">
    <p class='ocr_par' dir='ltr' id='par_1_7' title="bbox 2056 676 3603 735">
     <span class='ocr_line' id='line_1_7' title="bbox 2056 676 3603 735; baseline -0.001 -2"><span class='ocrx_word' id='word_1_39' title='bbox 2056 678 2255 735; x_wconf 73' lang='grc' dir='ltr'><em>ιΒΙδΤ.</em></span> <span class='ocrx_word' id='word_1_40' title='bbox 2303 678 2467 733; x_wconf 82' lang='lat' dir='ltr'><strong><em>Fides</em></strong></span> <span class='ocrx_word' id='word_1_41' title='bbox 2492 676 2722 732; x_wconf 73' lang='lat' dir='ltr'><strong><em>Nicaena</em></strong></span> <span class='ocrx_word' id='word_1_42' title='bbox 2752 678 2978 734; x_wconf 84' lang='lat' dir='ltr'><strong><em>obtineat</em></strong></span> <span class='ocrx_word' id='word_1_43' title='bbox 3008 693 3026 732; x_wconf 89' lang='lat'><strong><em>:</em></strong></span> <span class='ocrx_word' id='word_1_44' title='bbox 3053 679 3275 733; x_wconf 62' lang='lat' dir='ltr'><strong><em>hereses</em></strong></span> <span class='ocrx_word' id='word_1_45' title='bbox 3301 693 3421 733; x_wconf 76' lang='lat' dir='ltr'><strong><em>vero</em></strong></span> <span class='ocrx_word' id='word_1_46' title='bbox 3466 694 3603 732; x_wconf 87' lang='lat' dir='ltr'><strong><em>ana-</em></strong></span> 
     </span>
    </p>
   </div>
   <div class='ocr_carea' id='block_1_8' title="bbox 516 768 1729 843">
    <p class='ocr_par' dir='ltr' id='par_1_8' title="bbox 516 768 1729 843">
     <span class='ocr_line' id='line_1_8' title="bbox 516 768 1729 843; baseline 0.005 -22"><span class='ocrx_word' id='word_1_47' title='bbox 516 768 640 821; x_wconf 86' lang='grc' dir='ltr'><strong><em>τῶν</em></strong></span> <span class='ocrx_word' id='word_1_48' title='bbox 673 769 961 840; x_wconf 78' lang='grc' dir='ltr'><strong><em>αἱρέσεων</em></strong></span> <span class='ocrx_word' id='word_1_49' title='bbox 984 771 1252 841; x_wconf 79' lang='grc' dir='ltr'><strong><em>ἀνάθεμα</em></strong></span> <span class='ocrx_word' id='word_1_50' title='bbox 1281 771 1489 842; x_wconf 81' lang='grc' dir='ltr'><em>ἐχέτω.</em></span> <span class='ocrx_word' id='word_1_51' title='bbox 1521 773 1729 843; x_wconf 77' lang='grc' dir='ltr'><em>Σαφής.</em></span> 
     </span>
    </p>
   </div>
   <div class='ocr_carea' id='block_1_9' title="bbox 952 906 1309 963">
    <p class='ocr_par' dir='ltr' id='par_1_9' title="bbox 952 906 1309 963">
     <span class='ocr_line' id='line_1_9' title="bbox 952 906 1309 963; baseline 0.006 -3"><span class='ocrx_word' id='word_1_52' title='bbox 952 907 1193 961; x_wconf 81' lang='grc' dir='ltr'><strong><em>ΚΑΝΩΝ</em></strong></span> <span class='ocrx_word' id='word_1_53' title='bbox 1231 906 1309 963; x_wconf 91' lang='lat' dir='ltr'><strong><em>B&#39;.</em></strong></span> 
     </span>
    </p>
   </div>
   <div class='ocr_carea' id='block_1_10' title="bbox 344 1017 1925 1093">
    <p class='ocr_par' dir='ltr' id='par_1_10' title="bbox 344 1017 1925 1093">
     <span class='ocr_line' id='line_1_10' title="bbox 344 1017 1925 1093; baseline 0.002 -20"><span class='ocrx_word' id='word_1_54' title='bbox 344 1017 495 1084; x_wconf 84' lang='grc' dir='ltr'><strong><em>Τοὺς</em></strong></span> <span class='ocrx_word' id='word_1_55' title='bbox 522 1018 677 1086; x_wconf 85' lang='grc' dir='ltr'><em>ὑπὲρ</em></span> <span class='ocrx_word' id='word_1_56' title='bbox 704 1021 1011 1088; x_wconf 83' lang='grc' dir='ltr'><em>διοίκησιν</em></span> <span class='ocrx_word' id='word_1_57' title='bbox 1037 1022 1415 1090; x_wconf 79' lang='grc' dir='ltr'><em>ἐπισκόπους</em></span> <span class='ocrx_word' id='word_1_58' title='bbox 1436 1025 1566 1091; x_wconf 79' lang='grc' dir='ltr'><em>ταῖς</em></span> <span class='ocrx_word' id='word_1_59' title='bbox 1586 1025 1925 1093; x_wconf 73' lang='grc' dir='ltr'><strong><em>ὑπερορίοις</em></strong></span> 
     </span>
    </p>
   </div>
   <div class='ocr_carea' id='block_1_11' title="bbox 408 1111 1915 1186">
    <p class='ocr_par' dir='ltr' id='par_1_11' title="bbox 408 1111 1915 1186">
     <span class='ocr_line' id='line_1_11' title="bbox 408 1111 1915 1186; baseline 0.004 -24"><span class='ocrx_word' id='word_1_60' title='bbox 408 1111 772 1177; x_wconf 78' lang='grc' dir='ltr'><strong><em>ἐκκλησίαις</em></strong></span> <span class='ocrx_word' id='word_1_61' title='bbox 788 1113 874 1181; x_wconf 82' lang='grc' dir='ltr'><em>μὴ</em></span> <span class='ocrx_word' id='word_1_62' title='bbox 901 1113 1152 1178; x_wconf 80' lang='grc' dir='ltr'><em>ἐπιέναι,</em></span> <span class='ocrx_word' id='word_1_63' title='bbox 1176 1115 1332 1185; x_wconf 87' lang='grc' dir='ltr'><em>μηδὲ</em></span> <span class='ocrx_word' id='word_1_64' title='bbox 1373 1116 1664 1186; x_wconf 81' lang='grc' dir='ltr'><em>συγχέειν</em></span> <span class='ocrx_word' id='word_1_65' title='bbox 1689 1117 1797 1182; x_wconf 83' lang='grc' dir='ltr'><strong><em>τὰς</em></strong></span> <span class='ocrx_word' id='word_1_66' title='bbox 1824 1116 1915 1169; x_wconf 85' lang='grc' dir='ltr'><strong><em>ὲκ-</em></strong></span> 
     </span>
    </p>
   </div>
   <div class='ocr_carea' id='block_1_12' title="bbox 410 1205 1927 1280">
    <p class='ocr_par' dir='ltr' id='par_1_12' title="bbox 410 1205 1927 1280">
     <span class='ocr_line' id='line_1_12' title="bbox 410 1205 1927 1280; baseline 0.002 -22"><span class='ocrx_word' id='word_1_67' title='bbox 410 1205 698 1271; x_wconf 80' lang='grc' dir='ltr'><em>κλησίας,</em></span> <span class='ocrx_word' id='word_1_68' title='bbox 744 1205 908 1259; x_wconf 74' lang='grc' dir='ltr'><em>ἀλλὰ</em></span> <span class='ocrx_word' id='word_1_69' title='bbox 959 1206 1111 1263; x_wconf 82' lang='grc' dir='ltr'><em>κατὰ</em></span> <span class='ocrx_word' id='word_1_70' title='bbox 1159 1209 1305 1275; x_wconf 87' lang='grc' dir='ltr'><em>τοὺς</em></span> <span class='ocrx_word' id='word_1_71' title='bbox 1351 1212 1616 1276; x_wconf 80' lang='grc' dir='ltr'><em>κανόνας</em></span> <span class='ocrx_word' id='word_1_72' title='bbox 1658 1210 1766 1263; x_wconf 86' lang='grc' dir='ltr'><em>τὸν</em></span> <span class='ocrx_word' id='word_1_73' title='bbox 1810 1210 1927 1280; x_wconf 83' lang='grc' dir='ltr'><em>μὲν</em></span> 
     </span>
    </p>
   </div>
   <div class='ocr_carea' id='block_1_13' title="bbox 422 1297 1924 1371">
    <p class='ocr_par' dir='ltr' id='par_1_13' title="bbox 422 1297 1924 1371">
     <span class='ocr_line' id='line_1_13' title="bbox 422 1297 1924 1371; baseline 0.003 -21"><span class='ocrx_word' id='word_1_74' title='bbox 422 1297 877 1365; x_wconf 75' lang='grc' dir='ltr'><em>Ἀλεξανδρείας</em></span> <span class='ocrx_word' id='word_1_75' title='bbox 905 1298 1268 1368; x_wconf 82' lang='grc' dir='ltr'><em>ἐπίσκοπον,</em></span> <span class='ocrx_word' id='word_1_76' title='bbox 1303 1303 1377 1357; x_wconf 85' lang='grc' dir='ltr'><em>τὰ</em></span> <span class='ocrx_word' id='word_1_77' title='bbox 1408 1303 1480 1358; x_wconf 82' lang='grc' dir='ltr'><em>ἐν</em></span> <span class='ocrx_word' id='word_1_78' title='bbox 1517 1303 1795 1371; x_wconf 78' lang='grc' dir='ltr'><em>Αἰγύπτῳ</em></span> <span class='ocrx_word' id='word_1_79' title='bbox 1814 1303 1924 1370; x_wconf 84' lang='grc' dir='ltr'><em>μό-</em></span> 
     </span>
    </p>
   </div>
   <div class='ocr_carea' id='block_1_14' title="bbox 408 1390 1927 1463">
    <p class='ocr_par' dir='ltr' id='par_1_14' title="bbox 408 1390 1927 1463">
     <span class='ocr_line' id='line_1_14' title="bbox 408 1390 1927 1463; baseline 0.004 -22"><span class='ocrx_word' id='word_1_80' title='bbox 408 1405 524 1442; x_wconf 88' lang='grc' dir='ltr'><strong><em>νον</em></strong></span> <span class='ocrx_word' id='word_1_81' title='bbox 550 1390 910 1457; x_wconf 83' lang='grc' dir='ltr'><em>οίκονομεῖν,</em></span> <span class='ocrx_word' id='word_1_82' title='bbox 930 1391 1072 1456; x_wconf 87' lang='grc' dir='ltr'><em>τοὺς</em></span> <span class='ocrx_word' id='word_1_83' title='bbox 1091 1390 1161 1446; x_wconf 77' lang='grc' dir='ltr'><em>δὲ</em></span> <span class='ocrx_word' id='word_1_84' title='bbox 1189 1392 1299 1458; x_wconf 85' lang='grc' dir='ltr'><strong><em>τῆς</em></strong></span> <span class='ocrx_word' id='word_1_85' title='bbox 1339 1393 1669 1463; x_wconf 86' lang='grc' dir='ltr'><em>Ἀνατολῆς</em></span> <span class='ocrx_word' id='word_1_86' title='bbox 1687 1396 1927 1449; x_wconf 74' lang='grc' dir='ltr'><em>ἐπισκόο</em></span> 
     </span>
    </p>
   </div>
   <div class='ocr_carea' id='block_1_15' title="bbox 409 1478 1927 1555">
    <p class='ocr_par' dir='ltr' id='par_1_15' title="bbox 409 1478 1927 1555">
     <span class='ocr_line' id='line_1_15' title="bbox 409 1478 1927 1555; baseline 0.007 -26"><span class='ocrx_word' id='word_1_87' title='bbox 409 1492 565 1544; x_wconf 80' lang='grc' dir='ltr'><em>παυς</em></span> <span class='ocrx_word' id='word_1_88' title='bbox 584 1478 722 1546; x_wconf 78' lang='grc' dir='ltr'><em>τηνὶ</em></span> <span class='ocrx_word' id='word_1_89' title='bbox 762 1481 1093 1551; x_wconf 82' lang='grc' dir='ltr'><em>Ἀνατολὴν</em></span> <span class='ocrx_word' id='word_1_90' title='bbox 1113 1484 1311 1553; x_wconf 87' lang='grc' dir='ltr'><em>μόνην</em></span> <span class='ocrx_word' id='word_1_91' title='bbox 1336 1485 1601 1549; x_wconf 79' lang='grc' dir='ltr'><em>διοικεῖν,</em></span> <span class='ocrx_word' id='word_1_92' title='bbox 1638 1490 1927 1555; x_wconf 66' lang='grc' dir='ltr'><em>φυλαττο-</em></span> 
     </span>
    </p>
   </div>
   <div class='ocr_carea' id='block_1_16' title="bbox 398 1569 1926 1644">
    <p class='ocr_par' dir='ltr' id='par_1_16' title="bbox 398 1569 1926 1644">
     <span class='ocr_line' id='line_1_16' title="bbox 398 1569 1926 1644; baseline 0.007 -22"><span class='ocrx_word' id='word_1_93' title='bbox 398 1569 602 1638; x_wconf 80' lang='grc' dir='ltr'><em>μένων</em></span> <span class='ocrx_word' id='word_1_94' title='bbox 635 1570 755 1625; x_wconf 86' lang='grc' dir='ltr'><em>τῶν</em></span> <span class='ocrx_word' id='word_1_95' title='bbox 783 1573 855 1626; x_wconf 78' lang='grc' dir='ltr'><em>ἐν</em></span> <span class='ocrx_word' id='word_1_96' title='bbox 898 1574 1024 1641; x_wconf 86' lang='grc' dir='ltr'><em>τοῖς</em></span> <span class='ocrx_word' id='word_1_97' title='bbox 1068 1577 1282 1630; x_wconf 82' lang='grc' dir='ltr'><em>κανόσι</em></span> <span class='ocrx_word' id='word_1_98' title='bbox 1316 1578 1442 1644; x_wconf 81' lang='grc' dir='ltr'><em>τοῖς</em></span> <span class='ocrx_word' id='word_1_99' title='bbox 1480 1578 1631 1632; x_wconf 85' lang='grc' dir='ltr'><em>κατὰ</em></span> <span class='ocrx_word' id='word_1_100' title='bbox 1671 1580 1926 1633; x_wconf 76' lang='grc' dir='ltr'><em>Νίκαιαν</em></span> 
     </span>
    </p>
   </div>
   <div class='ocr_carea' id='block_1_17' title="bbox 408 1664 1925 1738">
    <p class='ocr_par' dir='ltr' id='par_1_17' title="bbox 408 1664 1925 1738">
     <span class='ocr_line' id='line_1_17' title="bbox 408 1664 1925 1738; baseline 0.007 -24"><span class='ocrx_word' id='word_1_101' title='bbox 408 1664 746 1729; x_wconf 78' lang='grc' dir='ltr'><em>πρεσϐείων</em></span> <span class='ocrx_word' id='word_1_102' title='bbox 774 1664 850 1735; x_wconf 79' lang='grc' dir='ltr'><em>τῇ</em></span> <span class='ocrx_word' id='word_1_103' title='bbox 878 1668 1235 1737; x_wconf 77' lang='grc' dir='ltr'><em>Ἀντιοχέων</em></span> <span class='ocrx_word' id='word_1_104' title='bbox 1259 1671 1609 1738; x_wconf 75' lang='grc' dir='ltr'><em>Ἐκκλησία.</em></span> <span class='ocrx_word' id='word_1_105' title='bbox 1649 1671 1759 1724; x_wconf 74' lang='grc' dir='ltr'><strong><em>Καὶ</em></strong></span> <span class='ocrx_word' id='word_1_106' title='bbox 1782 1671 1925 1737; x_wconf 84' lang='grc' dir='ltr'><em>τοὺς</em></span> 
     </span>
    </p>
   </div>
   <div class='ocr_carea' id='block_1_18' title="bbox 407 1749 1926 1831">
    <p class='ocr_par' dir='ltr' id='par_1_18' title="bbox 407 1749 1926 1831">
     <span class='ocr_line' id='line_1_18' title="bbox 407 1749 1926 1831; baseline 0.007 -22"><span class='ocrx_word' id='word_1_107' title='bbox 407 1756 519 1823; x_wconf 81' lang='grc' dir='ltr'><strong><em>τῆς</em></strong></span> <span class='ocrx_word' id='word_1_108' title='bbox 560 1758 841 1826; x_wconf 74' lang='grc' dir='ltr'><em>Ἀσιανῆς</em></span> <span class='ocrx_word' id='word_1_109' title='bbox 869 1749 1227 1828; x_wconf 79' lang='grc' dir='ltr'><em>διοικήσεως</em></span> <span class='ocrx_word' id='word_1_110' title='bbox 1251 1763 1629 1831; x_wconf 79' lang='grc' dir='ltr'><em>ἐπισκόπους</em></span> <span class='ocrx_word' id='word_1_111' title='bbox 1670 1763 1743 1818; x_wconf 88' lang='grc' dir='ltr'><em>τὰ</em></span> <span class='ocrx_word' id='word_1_112' title='bbox 1775 1766 1926 1819; x_wconf 85' lang='grc' dir='ltr'><em>κατὰ</em></span> 
     </span>
    </p>
   </div>
   <div class='ocr_carea' id='block_1_19' title="bbox 411 1849 1926 1924">
    <p class='ocr_par' dir='ltr' id='par_1_19' title="bbox 411 1849 1926 1924">
     <span class='ocr_line' id='line_1_19' title="bbox 411 1849 1926 1924; baseline 0.005 -21"><span class='ocrx_word' id='word_1_113' title='bbox 411 1849 529 1916; x_wconf 78' lang='grc' dir='ltr'><em>τὴν</em></span> <span class='ocrx_word' id='word_1_114' title='bbox 564 1852 861 1918; x_wconf 75' lang='grc' dir='ltr'><em>Ἀσιανὴν</em></span> <span class='ocrx_word' id='word_1_115' title='bbox 882 1855 1076 1922; x_wconf 86' lang='grc' dir='ltr'><em>μόνον</em></span> <span class='ocrx_word' id='word_1_116' title='bbox 1108 1855 1471 1924; x_wconf 75' lang='grc' dir='ltr'><em>οἰκονομεῖν,</em></span> <span class='ocrx_word' id='word_1_117' title='bbox 1518 1858 1616 1911; x_wconf 81' lang='grc' dir='ltr'><strong><em>καὶ</em></strong></span> <span class='ocrx_word' id='word_1_118' title='bbox 1645 1857 1786 1923; x_wconf 87' lang='grc' dir='ltr'><em>τοὺς</em></span> <span class='ocrx_word' id='word_1_119' title='bbox 1814 1856 1926 1923; x_wconf 86' lang='grc' dir='ltr'><strong><em>τῆς</em></strong></span> 
     </span>
    </p>
   </div>
   <div class='ocr_carea' id='block_1_20' title="bbox 412 1944 1924 2018">
    <p class='ocr_par' dir='ltr' id='par_1_20' title="bbox 412 1944 1924 2018">
     <span class='ocr_line' id='line_1_20' title="bbox 412 1944 1924 2018; baseline 0.007 -24"><span class='ocrx_word' id='word_1_120' title='bbox 412 1944 713 2011; x_wconf 80' lang='grc' dir='ltr'><em>Ποντικῆς</em></span> <span class='ocrx_word' id='word_1_121' title='bbox 740 1945 811 1999; x_wconf 84' lang='grc' dir='ltr'><em>τὰ</em></span> <span class='ocrx_word' id='word_1_122' title='bbox 845 1944 955 2012; x_wconf 84' lang='grc' dir='ltr'><strong><em>τῆς</em></strong></span> <span class='ocrx_word' id='word_1_123' title='bbox 987 1949 1284 2017; x_wconf 82' lang='grc' dir='ltr'><em>Ποντικῆς</em></span> <span class='ocrx_word' id='word_1_124' title='bbox 1314 1949 1489 2016; x_wconf 86' lang='grc' dir='ltr'><em>μόνα,</em></span> <span class='ocrx_word' id='word_1_125' title='bbox 1514 1951 1609 2006; x_wconf 81' lang='grc' dir='ltr'><em>καὶ</em></span> <span class='ocrx_word' id='word_1_126' title='bbox 1642 1950 1785 2015; x_wconf 83' lang='grc' dir='ltr'><em>τοὺς</em></span> <span class='ocrx_word' id='word_1_127' title='bbox 1813 1949 1924 2018; x_wconf 85' lang='grc' dir='ltr'><strong><em>τῆς</em></strong></span> 
     </span>
    </p>
   </div>
   <div class='ocr_carea' id='block_1_21' title="bbox 410 2033 2001 2111">
    <p class='ocr_par' dir='ltr' id='par_1_21' title="bbox 410 2033 2001 2111">
     <span class='ocr_line' id='line_1_21' title="bbox 410 2033 2001 2111; baseline 0.006 -24"><span class='ocrx_word' id='word_1_128' title='bbox 410 2034 649 2102; x_wconf 76' lang='grc' dir='ltr'><em>Θρᾴκης</em></span> <span class='ocrx_word' id='word_1_129' title='bbox 703 2037 777 2091; x_wconf 84' lang='grc' dir='ltr'><em>τὰ</em></span> <span class='ocrx_word' id='word_1_130' title='bbox 842 2038 953 2107; x_wconf 82' lang='grc' dir='ltr'><strong><em>τῆς</em></strong></span> <span class='ocrx_word' id='word_1_131' title='bbox 1020 2040 1256 2110; x_wconf 78' lang='grc' dir='ltr'><em>Θρᾴκης</em></span> <span class='ocrx_word' id='word_1_132' title='bbox 1308 2042 1503 2110; x_wconf 86' lang='grc' dir='ltr'><em>μόνον</em></span> <span class='ocrx_word' id='word_1_133' title='bbox 1563 2042 1925 2111; x_wconf 85' lang='grc' dir='ltr'><em>οίκονομεῖν.</em></span> <span class='ocrx_word' id='word_1_134' title='bbox 1958 2033 2001 2089; x_wconf 82' lang='grc' dir='ltr'><strong><em>Β</em></strong></span> 
     </span>
    </p>
   </div>
   <div class='ocr_carea' id='block_1_22' title="bbox 424 2127 1925 2203">
    <p class='ocr_par' dir='ltr' id='par_1_22' title="bbox 424 2127 1925 2203">
     <span class='ocr_line' id='line_1_22' title="bbox 424 2127 1925 2203; baseline 0.006 -24"><span class='ocrx_word' id='word_1_135' title='bbox 424 2127 753 2195; x_wconf 77' lang='grc' dir='ltr'><em>Ἀκλήτους</em></span> <span class='ocrx_word' id='word_1_136' title='bbox 800 2129 868 2182; x_wconf 84' lang='grc' dir='ltr'><em>δὲ</em></span> <span class='ocrx_word' id='word_1_137' title='bbox 907 2131 1284 2200; x_wconf 79' lang='grc' dir='ltr'><em>ἐπισκόπους</em></span> <span class='ocrx_word' id='word_1_138' title='bbox 1311 2132 1464 2202; x_wconf 83' lang='grc' dir='ltr'><em>ὑπὲρ</em></span> <span class='ocrx_word' id='word_1_139' title='bbox 1498 2133 1799 2200; x_wconf 85' lang='grc' dir='ltr'><em>διοίκησιν</em></span> <span class='ocrx_word' id='word_1_140' title='bbox 1839 2133 1925 2203; x_wconf 83' lang='grc' dir='ltr'><em>μὴ</em></span> 
     </span>
    </p>
   </div>
   <div class='ocr_carea' id='block_1_23' title="bbox 418 2223 1927 2295">
    <p class='ocr_par' dir='ltr' id='par_1_23' title="bbox 418 2223 1927 2295">
     <span class='ocr_line' id='line_1_23' title="bbox 418 2223 1927 2295; baseline 0.003 -20"><span class='ocrx_word' id='word_1_141' title='bbox 418 2223 807 2291; x_wconf 79' lang='grc' dir='ltr'><em>ὑπερϐαίνειν</em></span> <span class='ocrx_word' id='word_1_142' title='bbox 853 2224 953 2278; x_wconf 75' lang='grc' dir='ltr'><strong><em>ἐπὶ</em></strong></span> <span class='ocrx_word' id='word_1_143' title='bbox 1000 2226 1397 2294; x_wconf 82' lang='grc' dir='ltr'><em>χειροτονίαις</em></span> <span class='ocrx_word' id='word_1_144' title='bbox 1442 2226 1481 2295; x_wconf 76' lang='grc' dir='ltr'><strong><em>ἦ</em></strong></span> <span class='ocrx_word' id='word_1_145' title='bbox 1516 2243 1680 2281; x_wconf 91' lang='grc' dir='ltr'><em>τισιν</em></span> <span class='ocrx_word' id='word_1_146' title='bbox 1709 2226 1927 2293; x_wconf 79' lang='grc' dir='ltr'><em>ἄλλαις</em></span> 
     </span>
    </p>
   </div>
   <div class='ocr_carea' id='block_1_24' title="bbox 418 2316 1928 2389">
    <p class='ocr_par' dir='ltr' id='par_1_24' title="bbox 418 2316 1928 2389">
     <span class='ocr_line' id='line_1_24' title="bbox 418 2316 1928 2389; baseline 0.005 -22"><span class='ocrx_word' id='word_1_147' title='bbox 418 2316 781 2384; x_wconf 70' lang='grc' dir='ltr'><em>οἰκονομῖαις</em></span> <span class='ocrx_word' id='word_1_148' title='bbox 840 2317 1402 2385; x_wconf 77' lang='grc' dir='ltr'><em>ἐκκλησιαστικαῖς.</em></span> <span class='ocrx_word' id='word_1_149' title='bbox 1466 2319 1928 2389; x_wconf 77' lang='grc' dir='ltr'><em>Φυλαττομένου</em></span> 
     </span>
    </p>
   </div>
   <div class='ocr_carea' id='block_1_25' title="bbox 408 2406 1931 2482">
    <p class='ocr_par' dir='ltr' id='par_1_25' title="bbox 408 2406 1931 2482">
     <span class='ocr_line' id='line_1_25' title="bbox 408 2406 1931 2482; baseline 0.004 -23"><span class='ocrx_word' id='word_1_150' title='bbox 408 2406 479 2459; x_wconf 75' lang='grc' dir='ltr'><em>δὲ</em></span> <span class='ocrx_word' id='word_1_151' title='bbox 520 2406 631 2461; x_wconf 88' lang='grc' dir='ltr'><strong><em>τοῦ</em></strong></span> <span class='ocrx_word' id='word_1_152' title='bbox 679 2412 1209 2480; x_wconf 75' lang='grc' dir='ltr'><em>προγεγραμμένου</em></span> <span class='ocrx_word' id='word_1_153' title='bbox 1241 2411 1524 2480; x_wconf 73' lang='grc' dir='ltr'><em>περὶτῶν</em></span> <span class='ocrx_word' id='word_1_154' title='bbox 1570 2412 1931 2482; x_wconf 79' lang='grc' dir='ltr'><em>διοικήσεων</em></span> 
     </span>
    </p>
   </div>
   <div class='ocr_carea' id='block_1_26' title="bbox 410 2499 1931 2573">
    <p class='ocr_par' dir='ltr' id='par_1_26' title="bbox 410 2499 1931 2573">
     <span class='ocr_line' id='line_1_26' title="bbox 410 2499 1931 2573; baseline 0.006 -22"><span class='ocrx_word' id='word_1_155' title='bbox 410 2499 692 2565; x_wconf 77' lang='grc' dir='ltr'><em>κανόνος,</em></span> <span class='ocrx_word' id='word_1_156' title='bbox 730 2500 1000 2569; x_wconf 77' lang='grc' dir='ltr'><em>εὔδηλον</em></span> <span class='ocrx_word' id='word_1_157' title='bbox 1041 2503 1121 2566; x_wconf 76' lang='grc' dir='ltr'><em>ὠς</em></span> <span class='ocrx_word' id='word_1_158' title='bbox 1153 2505 1225 2557; x_wconf 80' lang='grc' dir='ltr'><em>τὰ</em></span> <span class='ocrx_word' id='word_1_159' title='bbox 1274 2504 1403 2558; x_wconf 82' lang='grc' dir='ltr'><em>καθ’</em></span> <span class='ocrx_word' id='word_1_160' title='bbox 1431 2505 1703 2572; x_wconf 81' lang='grc' dir='ltr'><em>ἑκάστην</em></span> <span class='ocrx_word' id='word_1_161' title='bbox 1750 2505 1931 2573; x_wconf 72' lang='grc' dir='ltr'><em>ἐπαρ-</em></span> 
     </span>
    </p>
   </div>
   <div class='ocr_carea' id='block_1_27' title="bbox 415 2588 1931 2661">
    <p class='ocr_par' dir='ltr' id='par_1_27' title="bbox 415 2588 1931 2661">
     <span class='ocr_line' id='line_1_27' title="bbox 415 2588 1931 2661; baseline 0.007 -22"><span class='ocrx_word' id='word_1_162' title='bbox 415 2588 562 2657; x_wconf 86' lang='grc' dir='ltr'><em>χίαν</em></span> <span class='ocrx_word' id='word_1_163' title='bbox 589 2590 628 2657; x_wconf 77' lang='grc' dir='ltr'>ἡ</span> <span class='ocrx_word' id='word_1_164' title='bbox 657 2590 769 2657; x_wconf 86' lang='grc' dir='ltr'><strong><em>τῆς</em></strong></span> <span class='ocrx_word' id='word_1_165' title='bbox 799 2592 1093 2660; x_wconf 80' lang='grc' dir='ltr'><em>ἐπαρχίας</em></span> <span class='ocrx_word' id='word_1_166' title='bbox 1135 2593 1399 2660; x_wconf 81' lang='grc' dir='ltr'><em>σύνοδος</em></span> <span class='ocrx_word' id='word_1_167' title='bbox 1438 2594 1735 2661; x_wconf 78' lang='grc' dir='ltr'><em>διοικήσει</em></span> <span class='ocrx_word' id='word_1_168' title='bbox 1780 2597 1931 2650; x_wconf 78' lang='grc' dir='ltr'><em>κατὰ</em></span> 
     </span>
    </p>
   </div>
   <div class='ocr_carea' id='block_1_28' title="bbox 410 2682 1932 2758">
    <p class='ocr_par' dir='ltr' id='par_1_28' title="bbox 410 2682 1932 2758">
     <span class='ocr_line' id='line_1_28' title="bbox 410 2682 1932 2758; baseline 0.007 -24"><span class='ocrx_word' id='word_1_169' title='bbox 410 2682 487 2736; x_wconf 85' lang='grc' dir='ltr'><em>τὰ</em></span> <span class='ocrx_word' id='word_1_170' title='bbox 517 2682 589 2735; x_wconf 84' lang='grc' dir='ltr'><em>ἐν</em></span> <span class='ocrx_word' id='word_1_171' title='bbox 617 2683 833 2751; x_wconf 71' lang='grc' dir='ltr'><em>Νικαίςι</em></span> <span class='ocrx_word' id='word_1_172' title='bbox 865 2684 1189 2755; x_wconf 84' lang='grc' dir='ltr'><em>ὡρισμένα.</em></span> <span class='ocrx_word' id='word_1_173' title='bbox 1229 2687 1341 2754; x_wconf 84' lang='grc' dir='ltr'><em>Τὰς</em></span> <span class='ocrx_word' id='word_1_174' title='bbox 1386 2688 1454 2740; x_wconf 80' lang='grc' dir='ltr'><em>δὲ</em></span> <span class='ocrx_word' id='word_1_175' title='bbox 1497 2690 1567 2742; x_wconf 88' lang='grc' dir='ltr'><em>ἐν</em></span> <span class='ocrx_word' id='word_1_176' title='bbox 1607 2689 1732 2753; x_wconf 83' lang='grc' dir='ltr'><em>τοῖς</em></span> <span class='ocrx_word' id='word_1_177' title='bbox 1785 2693 1932 2758; x_wconf 84' lang='grc' dir='ltr'><em>Βαρ-</em></span> 
     </span>
    </p>
   </div>
   <div class='ocr_carea' id='block_1_29' title="bbox 410 2773 1932 2851">
    <p class='ocr_par' dir='ltr' id='par_1_29' title="bbox 410 2773 1932 2851">
     <span class='ocr_line' id='line_1_29' title="bbox 410 2773 1932 2851; baseline 0.007 -24"><span class='ocrx_word' id='word_1_178' title='bbox 410 2773 620 2844; x_wconf 61' lang='lat' dir='ltr'><strong><em>Eripere</em></strong></span> <span class='ocrx_word' id='word_1_179' title='bbox 668 2775 915 2830; x_wconf 77' lang='grc' dir='ltr'><em>ἔθνεσιν</em></span> <span class='ocrx_word' id='word_1_180' title='bbox 959 2778 1067 2832; x_wconf 88' lang='grc' dir='ltr'><em>τοῦ</em></span> <span class='ocrx_word' id='word_1_181' title='bbox 1108 2779 1257 2834; x_wconf 85' lang='grc' dir='ltr'><em>Θεοῦ</em></span> <span class='ocrx_word' id='word_1_182' title='bbox 1318 2780 1659 2851; x_wconf 83' lang='grc' dir='ltr'><em>ἐκκλησίας</em></span> <span class='ocrx_word' id='word_1_183' title='bbox 1698 2784 1932 2836; x_wconf 86' lang='grc' dir='ltr'><em>οίκονο·</em></span> 
     </span>
    </p>
   </div>
   <div class='ocr_carea' id='block_1_30' title="bbox 406 2866 1931 2940">
    <p class='ocr_par' dir='ltr' id='par_1_30' title="bbox 406 2866 1931 2940">
     <span class='ocr_line' id='line_1_30' title="bbox 406 2866 1931 2940; baseline 0.006 -21"><span class='ocrx_word' id='word_1_184' title='bbox 406 2866 656 2933; x_wconf 85' lang='grc' dir='ltr'><em>μεῖσθαι</em></span> <span class='ocrx_word' id='word_1_185' title='bbox 691 2868 805 2935; x_wconf 72' lang='grc' dir='ltr'><em>χρὴ</em></span> <span class='ocrx_word' id='word_1_186' title='bbox 838 2869 989 2923; x_wconf 85' lang='grc' dir='ltr'><em>κατὰ</em></span> <span class='ocrx_word' id='word_1_187' title='bbox 1014 2870 1129 2935; x_wconf 81' lang='grc' dir='ltr'><em>τὴν</em></span> <span class='ocrx_word' id='word_1_188' title='bbox 1155 2872 1561 2940; x_wconf 74' lang='grc' dir='ltr'><em>κρατήσασαν</em></span> <span class='ocrx_word' id='word_1_189' title='bbox 1594 2875 1931 2940; x_wconf 79' lang='grc' dir='ltr'><em>συνήθειαν</em></span> 
     </span>
    </p>
   </div>
   <div class='ocr_carea' id='block_1_31' title="bbox 412 2956 863 3028">
    <p class='ocr_par' dir='ltr' id='par_1_31' title="bbox 412 2956 863 3028">
     <span class='ocr_line' id='line_1_31' title="bbox 412 2956 863 3028; baseline 0.009 -18"><span class='ocrx_word' id='word_1_190' title='bbox 412 2956 535 3011; x_wconf 87' lang='grc' dir='ltr'><strong><em>τῶν</em></strong></span> <span class='ocrx_word' id='word_1_191' title='bbox 564 2959 863 3028; x_wconf 88' lang='grc' dir='ltr'><em>Πατέρων.</em></span> 
     </span>
    </p>
   </div>
   <div class='ocr_carea' id='block_1_32' title="bbox 414 3053 1933 3128">
    <p class='ocr_par' dir='ltr' id='par_1_32' title="bbox 414 3053 1933 3128">
     <span class='ocr_line' id='line_1_32' title="bbox 414 3053 1933 3128; baseline 0.009 -24"><span class='ocrx_word' id='word_1_192' title='bbox 414 3053 617 3107; x_wconf 81' lang='grc' dir='ltr'><strong><em>ΒΑΛΣ.</em></strong></span> <span class='ocrx_word' id='word_1_193' title='bbox 663 3055 722 3107; x_wconf 89' lang='lat'>&#39;0</span> <span class='ocrx_word' id='word_1_194' title='bbox 760 3054 812 3118; x_wconf 86' lang='grc' dir='ltr'><em>ς’</em></span> <span class='ocrx_word' id='word_1_195' title='bbox 835 3055 925 3108; x_wconf 79' lang='grc' dir='ltr'><em>καὶ</em></span> <span class='ocrx_word' id='word_1_196' title='bbox 956 3056 984 3109; x_wconf 81' lang='grc' dir='ltr'>ὁ</span> <span class='ocrx_word' id='word_1_197' title='bbox 1012 3057 1056 3122; x_wconf 80' lang='grc' dir='ltr'><strong><em>ζ’</em></strong></span> <span class='ocrx_word' id='word_1_198' title='bbox 1087 3057 1267 3111; x_wconf 88' lang='grc' dir='ltr'><em>κανὼν</em></span> <span class='ocrx_word' id='word_1_199' title='bbox 1302 3059 1404 3128; x_wconf 83' lang='grc' dir='ltr'><strong><em>τῆς</em></strong></span> <span class='ocrx_word' id='word_1_200' title='bbox 1420 3066 1479 3112; x_wconf 83' lang='grc' dir='ltr'><strong><em>α’-</em></strong></span> <span class='ocrx_word' id='word_1_201' title='bbox 1495 3061 1712 3115; x_wconf 83' lang='grc' dir='ltr'><em>συνόδου</em></span> <span class='ocrx_word' id='word_1_202' title='bbox 1733 3061 1933 3117; x_wconf 68' lang='grc' dir='ltr'><em>ὕπετύι</em></span> 
     </span>
    </p>
   </div>
   <div class='ocr_carea' id='block_1_33' title="bbox 343 3148 1930 3227">
    <p class='ocr_par' dir='ltr' id='par_1_33' title="bbox 343 3148 1930 3227">
     <span class='ocr_line' id='line_1_33' title="bbox 343 3148 1930 3227; baseline 0.008 -30"><span class='ocrx_word' id='word_1_203' title='bbox 343 3163 541 3199; x_wconf 82' lang='grc' dir='ltr'><em>πωσαν</em></span> <span class='ocrx_word' id='word_1_204' title='bbox 592 3150 743 3201; x_wconf 81' lang='grc' dir='ltr'><em>ποῖαι</em></span> <span class='ocrx_word' id='word_1_205' title='bbox 781 3148 1079 3219; x_wconf 80' lang='grc' dir='ltr'><em>διοικήσεις</em></span> <span class='ocrx_word' id='word_1_206' title='bbox 1136 3150 1448 3219; x_wconf 77' lang='grc' dir='ltr'><em>ὀφείλουσιν</em></span> <span class='ocrx_word' id='word_1_207' title='bbox 1500 3154 1823 3209; x_wconf 84' lang='grc' dir='ltr'><em>ὑποκεῖσθαι</em></span> <span class='ocrx_word' id='word_1_208' title='bbox 1852 3156 1930 3227; x_wconf 84' lang='grc' dir='ltr'><em>τῷ</em></span> 
     </span>
    </p>
   </div>
   <div class='ocr_carea' id='block_1_34' title="bbox 343 3239 1932 3319">
    <p class='ocr_par' dir='ltr' id='par_1_34' title="bbox 343 3239 1932 3319">
     <span class='ocr_line' id='line_1_34' title="bbox 343 3239 1932 3319; baseline 0.008 -30"><span class='ocrx_word' id='word_1_209' title='bbox 343 3240 554 3311; x_wconf 74' lang='grc' dir='ltr'><em>πάππα</em></span> <span class='ocrx_word' id='word_1_210' title='bbox 596 3239 839 3309; x_wconf 80' lang='grc' dir='ltr'><em>Ῥώμης,</em></span> <span class='ocrx_word' id='word_1_211' title='bbox 877 3241 955 3310; x_wconf 85' lang='grc' dir='ltr'><em>τῷ</em></span> <span class='ocrx_word' id='word_1_212' title='bbox 997 3242 1429 3314; x_wconf 78' lang='grc' dir='ltr'><em>Ἀλεξανδρείας,</em></span> <span class='ocrx_word' id='word_1_213' title='bbox 1479 3246 1557 3317; x_wconf 81' lang='grc' dir='ltr'><em>τῷ</em></span> <span class='ocrx_word' id='word_1_214' title='bbox 1600 3246 1932 3319; x_wconf 77' lang='grc' dir='ltr'><em>Ἀντιοχείας</em></span> 
     </span>
    </p>
   </div>
   <div class='ocr_carea' id='block_1_35' title="bbox 2378 770 3221 839">
    <p class='ocr_par' dir='ltr' id='par_1_35' title="bbox 2378 770 3221 839">
     <span class='ocr_line' id='line_1_35' title="bbox 2378 770 3221 839; baseline 0 -14"><span class='ocrx_word' id='word_1_215' title='bbox 2378 771 2549 825; x_wconf 85' lang='lat' dir='ltr'><strong><em>thema</em></strong></span> <span class='ocrx_word' id='word_1_216' title='bbox 2599 771 2845 825; x_wconf 86' lang='lat' dir='ltr'><strong><em>habeant.</em></strong></span> <span class='ocrx_word' id='word_1_217' title='bbox 2879 770 3221 839; x_wconf 86' lang='lat' dir='ltr'><strong><em>Perspicuus.</em></strong></span> 
     </span>
    </p>
   </div>
   <div class='ocr_carea' id='block_1_36' title="bbox 2641 907 2981 964">
    <p class='ocr_par' dir='ltr' id='par_1_36' title="bbox 2641 907 2981 964">
     <span class='ocr_line' id='line_1_36' title="bbox 2641 907 2981 964; baseline -0.006 0"><span class='ocrx_word' id='word_1_218' title='bbox 2641 907 2871 964; x_wconf 78' lang='lat' dir='ltr'><strong>CANON</strong></span> <span class='ocrx_word' id='word_1_219' title='bbox 2914 907 2981 962; x_wconf 90' lang='lat' dir='ltr'><strong><em>ll.</em></strong></span> 
     </span>
    </p>
   </div>
   <div class='ocr_carea' id='block_1_37' title="bbox 2030 1024 3603 1095">
    <p class='ocr_par' dir='ltr' id='par_1_37' title="bbox 2030 1024 3603 1095">
     <span class='ocr_line' id='line_1_37' title="bbox 2030 1024 3603 1095; baseline -0.004 -14"><span class='ocrx_word' id='word_1_220' title='bbox 2030 1027 2276 1095; x_wconf 80' lang='lat' dir='ltr'><strong><em>Episwpi</em></strong></span> <span class='ocrx_word' id='word_1_221' title='bbox 2307 1026 2450 1080; x_wconf 87' lang='lat' dir='ltr'><strong><em>ultra</em></strong></span> <span class='ocrx_word' id='word_1_222' title='bbox 2486 1027 2750 1080; x_wconf 72' lang='lat' dir='ltr'><strong><em>ditrcesim</em></strong></span> <span class='ocrx_word' id='word_1_223' title='bbox 2778 1026 2833 1079; x_wconf 91' lang='lat' dir='ltr'><strong><em>in</em></strong></span> <span class='ocrx_word' id='word_1_224' title='bbox 2867 1024 3114 1080; x_wconf 78' lang='lat' dir='ltr'><strong><em>ecclesias</em></strong></span> <span class='ocrx_word' id='word_1_225' title='bbox 3157 1033 3304 1079; x_wconf 73' lang='lat' dir='ltr'><strong><em>extra</em></strong></span> <span class='ocrx_word' id='word_1_226' title='bbox 3333 1040 3456 1078; x_wconf 89' lang='lat' dir='ltr'><strong><em>suos</em></strong></span> <span class='ocrx_word' id='word_1_227' title='bbox 3493 1032 3603 1076; x_wconf 90' lang='lat' dir='ltr'><strong><em>ter-</em></strong></span> 
     </span>
    </p>
   </div>
   <div class='ocr_carea' id='block_1_38' title="bbox 2096 1114 3604 1184">
    <p class='ocr_par' dir='ltr' id='par_1_38' title="bbox 2096 1114 3604 1184">
     <span class='ocr_line' id='line_1_38' title="bbox 2096 1114 3604 1184; baseline -0.001 -14"><span class='ocrx_word' id='word_1_228' title='bbox 2096 1120 2260 1171; x_wconf 87' lang='lat' dir='ltr'><strong><em>minos</em></strong></span> <span class='ocrx_word' id='word_1_229' title='bbox 2304 1134 2366 1171; x_wconf 83' lang='lat' dir='ltr'><strong><em>ne</em></strong></span> <span class='ocrx_word' id='word_1_230' title='bbox 2409 1121 2681 1183; x_wconf 83' lang='lat' dir='ltr'><strong><em>accedant,</em></strong></span> <span class='ocrx_word' id='word_1_231' title='bbox 2731 1134 2823 1171; x_wconf 88' lang='lat' dir='ltr'><strong><em>nec</em></strong></span> <span class='ocrx_word' id='word_1_232' title='bbox 2858 1117 3103 1170; x_wconf 88' lang='lat' dir='ltr'><strong><em>ecclesias</em></strong></span> <span class='ocrx_word' id='word_1_233' title='bbox 3136 1114 3489 1184; x_wconf 75' lang='lat' dir='ltr'><strong><em>confundant,</em></strong></span> <span class='ocrx_word' id='word_1_234' title='bbox 3514 1115 3604 1168; x_wconf 86' lang='lat' dir='ltr'><strong><em>sed</em></strong></span> 
     </span>
    </p>
   </div>
   <div class='ocr_carea' id='block_1_39' title="bbox 2096 1208 3602 1276">
    <p class='ocr_par' dir='ltr' id='par_1_39' title="bbox 2096 1208 3602 1276">
     <span class='ocr_line' id='line_1_39' title="bbox 2096 1208 3602 1276; baseline -0.003 -13"><span class='ocrx_word' id='word_1_235' title='bbox 2096 1211 2381 1264; x_wconf 78' lang='lat' dir='ltr'><strong><em>secundum</em></strong></span> <span class='ocrx_word' id='word_1_236' title='bbox 2413 1226 2661 1274; x_wconf 80' lang='lat' dir='ltr'><strong><em>canones,</em></strong></span> <span class='ocrx_word' id='word_1_237' title='bbox 2702 1208 3042 1264; x_wconf 76' lang='lat' dir='ltr'><strong><em>Alexandria:</em></strong></span> <span class='ocrx_word' id='word_1_238' title='bbox 3066 1208 3276 1276; x_wconf 84' lang='lat' dir='ltr'><strong><em>quidem</em></strong></span> <span class='ocrx_word' id='word_1_239' title='bbox 3309 1208 3602 1276; x_wconf 86' lang='lat' dir='ltr'><strong><em>episcopus,</em></strong></span> 
     </span>
    </p>
   </div>
   <div class='ocr_carea' id='block_1_40' title="bbox 2101 1298 3604 1371">
    <p class='ocr_par' dir='ltr' id='par_1_40' title="bbox 2101 1298 3604 1371">
     <span class='ocr_line' id='line_1_40' title="bbox 2101 1298 3604 1371; baseline -0.003 -18"><span class='ocrx_word' id='word_1_240' title='bbox 2101 1301 2385 1371; x_wconf 77' lang='lat' dir='ltr'><strong><em>/Egyptum</em></strong></span> <span class='ocrx_word' id='word_1_241' title='bbox 2438 1302 2603 1355; x_wconf 82' lang='lat' dir='ltr'><strong><em>solum</em></strong></span> <span class='ocrx_word' id='word_1_242' title='bbox 2654 1310 2819 1371; x_wconf 85' lang='lat' dir='ltr'><strong><em>regat,</em></strong></span> <span class='ocrx_word' id='word_1_243' title='bbox 2857 1299 3087 1355; x_wconf 86' lang='lat' dir='ltr'><strong><em>Orientis</em></strong></span> <span class='ocrx_word' id='word_1_244' title='bbox 3133 1310 3308 1352; x_wconf 86' lang='lat' dir='ltr'><strong><em>autem</em></strong></span> <span class='ocrx_word' id='word_1_245' title='bbox 3352 1298 3604 1366; x_wconf 73' lang='lat' dir='ltr'><strong><em>episcopi,</em></strong></span> 
     </span>
    </p>
   </div>
   <div class='ocr_carea' id='block_1_41' title="bbox 2104 1389 3606 1458">
    <p class='ocr_par' dir='ltr' id='par_1_41' title="bbox 2104 1389 3606 1458">
     <span class='ocr_line' id='line_1_41' title="bbox 2104 1389 3606 1458; baseline -0.004 -10"><span class='ocrx_word' id='word_1_246' title='bbox 2104 1390 2369 1448; x_wconf 84' lang='lat' dir='ltr'><strong><em>Orientem</em></strong></span> <span class='ocrx_word' id='word_1_247' title='bbox 2414 1394 2583 1448; x_wconf 86' lang='lat' dir='ltr'><strong><em>solum</em></strong></span> <span class='ocrx_word' id='word_1_248' title='bbox 2626 1394 3011 1456; x_wconf 72' lang='lat' dir='ltr'><strong><em>administrent,</em></strong></span> <span class='ocrx_word' id='word_1_249' title='bbox 3060 1391 3279 1445; x_wconf 85' lang='lat' dir='ltr'><strong><em>servatis</em></strong></span> <span class='ocrx_word' id='word_1_250' title='bbox 3326 1389 3606 1458; x_wconf 80' lang='lat' dir='ltr'><strong><em>privilegiis</em></strong></span> 
     </span>
    </p>
   </div>
   <div class='ocr_carea' id='block_1_42' title="bbox 2098 1483 3608 1557">
    <p class='ocr_par' dir='ltr' id='par_1_42' title="bbox 2098 1483 3608 1557">
     <span class='ocr_line' id='line_1_42' title="bbox 2098 1483 3608 1557; baseline -0.005 -16"><span class='ocrx_word' id='word_1_251' title='bbox 2098 1507 2161 1541; x_wconf 88' lang='lat' dir='ltr'><strong><em>ac</em></strong></span> <span class='ocrx_word' id='word_1_252' title='bbox 2189 1488 2614 1555; x_wconf 80' lang='lat' dir='ltr'><strong><em>prteeminentiis,</em></strong></span> <span class='ocrx_word' id='word_1_253' title='bbox 2645 1503 2761 1557; x_wconf 73' lang='lat' dir='ltr'><strong><em>qum</em></strong></span> <span class='ocrx_word' id='word_1_254' title='bbox 2799 1496 2917 1540; x_wconf 76' lang='lat' dir='ltr'><strong><em>sum</em></strong></span> <span class='ocrx_word' id='word_1_255' title='bbox 2945 1486 2999 1538; x_wconf 88' lang='lat' dir='ltr'><strong><em>in</em></strong></span> <span class='ocrx_word' id='word_1_256' title='bbox 3030 1483 3238 1539; x_wconf 72' lang='grc' dir='ltr'><em>Νίσαξηί</em></span> <span class='ocrx_word' id='word_1_257' title='bbox 3270 1483 3480 1537; x_wconf 86' lang='lat' dir='ltr'><strong><em>concilii</em></strong></span> <span class='ocrx_word' id='word_1_258' title='bbox 3515 1498 3608 1534; x_wconf 83' lang='lat' dir='ltr'><strong><em>ca-</em></strong></span> 
     </span>
    </p>
   </div>
   <div class='ocr_carea' id='block_1_43' title="bbox 2099 1575 3607 1635">
    <p class='ocr_par' dir='ltr' id='par_1_43' title="bbox 2099 1575 3607 1635">
     <span class='ocr_line' id='line_1_43' title="bbox 2099 1575 3607 1635; baseline -0.003 -3"><span class='ocrx_word' id='word_1_259' title='bbox 2099 1581 2324 1635; x_wconf 86' lang='lat' dir='ltr'><strong><em>nonibns</em></strong></span> <span class='ocrx_word' id='word_1_260' title='bbox 2364 1581 2700 1634; x_wconf 71' lang='lat' dir='ltr'><strong><em>Antiochena’</em></strong></span> <span class='ocrx_word' id='word_1_261' title='bbox 2738 1578 3011 1631; x_wconf 75' lang='lat' dir='ltr'><strong><em>Ecclesia’.</em></strong></span> <span class='ocrx_word' id='word_1_262' title='bbox 3048 1576 3116 1629; x_wconf 85' lang='lat' dir='ltr'><strong><em>Et</em></strong></span> <span class='ocrx_word' id='word_1_263' title='bbox 3147 1577 3357 1630; x_wconf 77' lang='lat' dir='ltr'><strong><em>Asiana:</em></strong></span> <span class='ocrx_word' id='word_1_264' title='bbox 3378 1575 3607 1628; x_wconf 77' lang='lat' dir='ltr'><strong><em>diaecesis</em></strong></span> 
     </span>
    </p>
   </div>
   <div class='ocr_carea' id='block_1_44' title="bbox 2097 1665 3604 1741">
    <p class='ocr_par' dir='ltr' id='par_1_44' title="bbox 2097 1665 3604 1741">
     <span class='ocr_line' id='line_1_44' title="bbox 2097 1665 3604 1741; baseline -0.006 -17"><span class='ocrx_word' id='word_1_265' title='bbox 2097 1673 2348 1741; x_wconf 86' lang='lat' dir='ltr'><strong><em>episcopi,</em></strong></span> <span class='ocrx_word' id='word_1_266' title='bbox 2396 1685 2512 1737; x_wconf 75' lang='lat' dir='ltr'><strong><em>qua:</em></strong></span> <span class='ocrx_word' id='word_1_267' title='bbox 2558 1679 2677 1722; x_wconf 86' lang='lat' dir='ltr'><strong><em>sunt</em></strong></span> <span class='ocrx_word' id='word_1_268' title='bbox 2722 1671 2776 1721; x_wconf 89' lang='lat' dir='ltr'><strong><em>in</em></strong></span> <span class='ocrx_word' id='word_1_269' title='bbox 2827 1668 2939 1721; x_wconf 86' lang='lat' dir='ltr'><strong><em>sola</em></strong></span> <span class='ocrx_word' id='word_1_270' title='bbox 2975 1667 3176 1720; x_wconf 80' lang='lat' dir='ltr'><strong><em>Asiana</em></strong></span> <span class='ocrx_word' id='word_1_271' title='bbox 3210 1665 3604 1727; x_wconf 60' lang='lat' dir='ltr'><strong><em>administrent,</em></strong></span> 
     </span>
    </p>
   </div>
   <div class='ocr_carea' id='block_1_45' title="bbox 2095 1760 3609 1831">
    <p class='ocr_par' dir='ltr' id='par_1_45' title="bbox 2095 1760 3609 1831">
     <span class='ocr_line' id='line_1_45' title="bbox 2095 1760 3609 1831; baseline -0.006 -15"><span class='ocrx_word' id='word_1_272' title='bbox 2095 1774 2144 1816; x_wconf 90' lang='lat' dir='ltr'><strong><em>et</em></strong></span> <span class='ocrx_word' id='word_1_273' title='bbox 2186 1762 2426 1817; x_wconf 68' lang='lat' dir='ltr'><strong><em>Ponticas</em></strong></span> <span class='ocrx_word' id='word_1_274' title='bbox 2462 1762 2690 1831; x_wconf 89' lang='lat' dir='ltr'><strong><em>episcopi</em></strong></span> <span class='ocrx_word' id='word_1_275' title='bbox 2741 1760 3020 1813; x_wconf 87' lang='lat' dir='ltr'><strong><em>Ponticam</em></strong></span> <span class='ocrx_word' id='word_1_276' title='bbox 3055 1769 3259 1811; x_wconf 90' lang='lat' dir='ltr'><strong><em>tantum</em></strong></span> <span class='ocrx_word' id='word_1_277' title='bbox 3304 1764 3518 1825; x_wconf 85' lang='lat' dir='ltr'><strong><em>regant,</em></strong></span> <span class='ocrx_word' id='word_1_278' title='bbox 3558 1763 3609 1808; x_wconf 87' lang='lat' dir='ltr'><strong><em>et</em></strong></span> 
     </span>
    </p>
   </div>
   <div class='ocr_carea' id='block_1_46' title="bbox 2101 1845 3610 1913">
    <p class='ocr_par' dir='ltr' id='par_1_46' title="bbox 2101 1845 3610 1913">
     <span class='ocr_line' id='line_1_46' title="bbox 2101 1845 3610 1913; baseline -0.006 -5"><span class='ocrx_word' id='word_1_279' title='bbox 2101 1855 2341 1909; x_wconf 74' lang='lat' dir='ltr'><strong><em>Thracia:</em></strong></span> <span class='ocrx_word' id='word_1_280' title='bbox 2396 1853 2696 1908; x_wconf 86' lang='lat' dir='ltr'><strong><em>Thraciam.</em></strong></span> <span class='ocrx_word' id='word_1_281' title='bbox 2748 1850 2870 1904; x_wconf 85' lang='lat' dir='ltr'><strong><em>Non</em></strong></span> <span class='ocrx_word' id='word_1_282' title='bbox 2924 1850 3096 1904; x_wconf 81' lang='lat' dir='ltr'><strong><em>vocati</em></strong></span> <span class='ocrx_word' id='word_1_283' title='bbox 3149 1858 3326 1903; x_wconf 86' lang='lat' dir='ltr'><strong><em>autem</em></strong></span> <span class='ocrx_word' id='word_1_284' title='bbox 3380 1845 3610 1913; x_wconf 84' lang='lat' dir='ltr'><strong><em>episcopi</em></strong></span> 
     </span>
    </p>
   </div>
   <div class='ocr_carea' id='block_1_47' title="bbox 2099 1935 3610 2004">
    <p class='ocr_par' dir='ltr' id='par_1_47' title="bbox 2099 1935 3610 2004">
     <span class='ocr_line' id='line_1_47' title="bbox 2099 1935 3610 2004; baseline -0.007 -5"><span class='ocrx_word' id='word_1_285' title='bbox 2099 1945 2242 1999; x_wconf 86' lang='lat' dir='ltr'><strong><em>ultra</em></strong></span> <span class='ocrx_word' id='word_1_286' title='bbox 2282 1946 2545 2000; x_wconf 70' lang='lat' dir='ltr'><strong><em>(tiwcesim</em></strong></span> <span class='ocrx_word' id='word_1_287' title='bbox 2585 1960 2648 1996; x_wconf 87' lang='lat' dir='ltr'><strong><em>ne</em></strong></span> <span class='ocrx_word' id='word_1_288' title='bbox 2677 1950 2972 2004; x_wconf 84' lang='lat' dir='ltr'><strong><em>transeant,</em></strong></span> <span class='ocrx_word' id='word_1_289' title='bbox 3004 1941 3071 1993; x_wconf 84' lang='lat' dir='ltr'><strong><em>ad</em></strong></span> <span class='ocrx_word' id='word_1_290' title='bbox 3115 1938 3501 2000; x_wconf 86' lang='lat' dir='ltr'><strong><em>ordinationes,</em></strong></span> <span class='ocrx_word' id='word_1_291' title='bbox 3533 1935 3610 1991; x_wconf 77' lang='lat' dir='ltr'><strong><em>uel</em></strong></span> 
     </span>
    </p>
   </div>
   <div class='ocr_carea' id='block_1_48' title="bbox 2095 2026 3612 2110">
    <p class='ocr_par' dir='ltr' id='par_1_48' title="bbox 2095 2026 3612 2110">
     <span class='ocr_line' id='line_1_48' title="bbox 2095 2026 3612 2110; baseline -0.007 -18"><span class='ocrx_word' id='word_1_292' title='bbox 2095 2042 2304 2110; x_wconf 84' lang='lat' dir='ltr'><strong><em>aliquas</em></strong></span> <span class='ocrx_word' id='word_1_293' title='bbox 2333 2039 2472 2093; x_wconf 89' lang='lat' dir='ltr'><strong><em>alias</em></strong></span> <span class='ocrx_word' id='word_1_294' title='bbox 2516 2036 3005 2091; x_wconf 83' lang='lat' dir='ltr'><strong><em>administrationes</em></strong></span> <span class='ocrx_word' id='word_1_295' title='bbox 3047 2030 3455 2087; x_wconf 82' lang='lat' dir='ltr'><strong><em>ecclesiasticas.</em></strong></span> <span class='ocrx_word' id='word_1_296' title='bbox 3487 2026 3612 2083; x_wconf 80' lang='lat' dir='ltr'><strong><em>Ser-</em></strong></span> 
     </span>
    </p>
   </div>
   <div class='ocr_carea' id='block_1_49' title="bbox 2100 2121 3609 2197">
    <p class='ocr_par' dir='ltr' id='par_1_49' title="bbox 2100 2121 3609 2197">
     <span class='ocr_line' id='line_1_49' title="bbox 2100 2121 3609 2197; baseline -0.007 -11"><span class='ocrx_word' id='word_1_297' title='bbox 2100 2144 2221 2187; x_wconf 73' lang='lat' dir='ltr'><strong><em>uato</em></strong></span> <span class='ocrx_word' id='word_1_298' title='bbox 2250 2141 2427 2186; x_wconf 88' lang='lat' dir='ltr'><strong><em>autem</em></strong></span> <span class='ocrx_word' id='word_1_299' title='bbox 2470 2130 2774 2197; x_wconf 76' lang='lat' dir='ltr'><strong><em>prwscripto</em></strong></span> <span class='ocrx_word' id='word_1_300' title='bbox 2802 2128 2865 2180; x_wconf 89' lang='lat' dir='ltr'><strong><em>de</em></strong></span> <span class='ocrx_word' id='word_1_301' title='bbox 2891 2125 3202 2180; x_wconf 73' lang='lat' dir='ltr'><strong><em>dioecesibus</em></strong></span> <span class='ocrx_word' id='word_1_302' title='bbox 3237 2138 3459 2185; x_wconf 89' lang='lat' dir='ltr'><strong><em>canone,</em></strong></span> <span class='ocrx_word' id='word_1_303' title='bbox 3494 2121 3609 2175; x_wconf 85' lang='lat' dir='ltr'><strong><em>cla-</em></strong></span> 
     </span>
    </p>
   </div>
   <div class='ocr_carea' id='block_1_50' title="bbox 2102 2214 3611 2294">
    <p class='ocr_par' dir='ltr' id='par_1_50' title="bbox 2102 2214 3611 2294">
     <span class='ocr_line' id='line_1_50' title="bbox 2102 2214 3611 2294; baseline -0.005 -17"><span class='ocrx_word' id='word_1_304' title='bbox 2102 2241 2221 2278; x_wconf 85' lang='lat' dir='ltr'><strong><em>rum</em></strong></span> <span class='ocrx_word' id='word_1_305' title='bbox 2250 2235 2328 2279; x_wconf 87' lang='lat' dir='ltr'><strong><em>est</em></strong></span> <span class='ocrx_word' id='word_1_306' title='bbox 2355 2221 2494 2294; x_wconf 83' lang='lat' dir='ltr'><strong><em>quod</em></strong></span> <span class='ocrx_word' id='word_1_307' title='bbox 2520 2235 2941 2290; x_wconf 85' lang='lat' dir='ltr'><strong><em>unamquamque</em></strong></span> <span class='ocrx_word' id='word_1_308' title='bbox 2974 2218 3299 2288; x_wconf 83' lang='lat' dir='ltr'><strong><em>provinciam</em></strong></span> <span class='ocrx_word' id='word_1_309' title='bbox 3328 2214 3611 2283; x_wconf 70' lang='lat' dir='ltr'><strong><em>prouinciae</em></strong></span> 
     </span>
    </p>
   </div>
   <div class='ocr_carea' id='block_1_51' title="bbox 2100 2306 3610 2387">
    <p class='ocr_par' dir='ltr' id='par_1_51' title="bbox 2100 2306 3610 2387">
     <span class='ocr_line' id='line_1_51' title="bbox 2100 2306 3610 2387; baseline -0.009 -15"><span class='ocrx_word' id='word_1_310' title='bbox 2100 2318 2331 2387; x_wconf 84' lang='lat' dir='ltr'><strong><em>synodus</em></strong></span> <span class='ocrx_word' id='word_1_311' title='bbox 2368 2312 2786 2376; x_wconf 87' lang='lat' dir='ltr'><strong><em>administrabit,</em></strong></span> <span class='ocrx_word' id='word_1_312' title='bbox 2823 2315 3109 2366; x_wconf 86' lang='lat' dir='ltr'><strong><em>secundum</em></strong></span> <span class='ocrx_word' id='word_1_313' title='bbox 3150 2326 3212 2362; x_wconf 90' lang='lat' dir='ltr'><strong><em>ea</em></strong></span> <span class='ocrx_word' id='word_1_314' title='bbox 3240 2323 3354 2378; x_wconf 71' lang='lat' dir='ltr'><strong><em>qua:</em></strong></span> <span class='ocrx_word' id='word_1_315' title='bbox 3397 2306 3610 2375; x_wconf 83' lang='lat' dir='ltr'><strong><em>fuerunt</em></strong></span> 
     </span>
    </p>
   </div>
   <div class='ocr_carea' id='block_1_52' title="bbox 2106 2400 3613 2476">
    <p class='ocr_par' dir='ltr' id='par_1_52' title="bbox 2106 2400 3613 2476">
     <span class='ocr_line' id='line_1_52' title="bbox 2106 2400 3613 2476; baseline -0.009 -13"><span class='ocrx_word' id='word_1_316' title='bbox 2106 2409 2306 2464; x_wconf 64' lang='lat' dir='ltr'><strong><em>Nicaea:</em></strong></span> <span class='ocrx_word' id='word_1_317' title='bbox 2325 2408 2563 2476; x_wconf 84' lang='lat' dir='ltr'><strong><em>deﬁnita.</em></strong></span> <span class='ocrx_word' id='word_1_318' title='bbox 2598 2406 2728 2471; x_wconf 72' lang='lat' dir='ltr'><strong><em>Quae</em></strong></span> <span class='ocrx_word' id='word_1_319' title='bbox 2762 2414 2936 2458; x_wconf 87' lang='lat' dir='ltr'><strong><em>autem</em></strong></span> <span class='ocrx_word' id='word_1_320' title='bbox 2968 2403 3022 2455; x_wconf 91' lang='lat' dir='ltr'><strong><em>in</em></strong></span> <span class='ocrx_word' id='word_1_321' title='bbox 3058 2400 3302 2455; x_wconf 86' lang='lat' dir='ltr'><strong><em>Barbaris</em></strong></span> <span class='ocrx_word' id='word_1_322' title='bbox 3338 2406 3459 2452; x_wconf 88' lang='lat' dir='ltr'><strong><em>sunt</em></strong></span> <span class='ocrx_word' id='word_1_323' title='bbox 3487 2412 3613 2467; x_wconf 81' lang='lat' dir='ltr'><strong><em>gett-</em></strong></span> 
     </span>
    </p>
   </div>
   <div class='ocr_carea' id='block_1_53' title="bbox 2105 2495 3611 2563">
    <p class='ocr_par' dir='ltr' id='par_1_53' title="bbox 2105 2495 3611 2563">
     <span class='ocr_line' id='line_1_53' title="bbox 2105 2495 3611 2563; baseline -0.007 -10"><span class='ocrx_word' id='word_1_324' title='bbox 2105 2502 2265 2561; x_wconf 83' lang='lat' dir='ltr'><strong><em>tibus,</em></strong></span> <span class='ocrx_word' id='word_1_325' title='bbox 2306 2499 2403 2552; x_wconf 91' lang='lat' dir='ltr'><strong><em>Dei</em></strong></span> <span class='ocrx_word' id='word_1_326' title='bbox 2440 2498 2710 2563; x_wconf 79' lang='lat' dir='ltr'><strong><em>ecclesias,</em></strong></span> <span class='ocrx_word' id='word_1_327' title='bbox 2752 2495 3128 2549; x_wconf 86' lang='lat' dir='ltr'><strong><em>administrare</em></strong></span> <span class='ocrx_word' id='word_1_328' title='bbox 3164 2500 3387 2561; x_wconf 88' lang='lat' dir='ltr'><strong><em>oportet,</em></strong></span> <span class='ocrx_word' id='word_1_329' title='bbox 3423 2505 3611 2544; x_wconf 74' lang='lat' dir='ltr'><strong><em>secun-</em></strong></span> 
     </span>
    </p>
   </div>
   <div class='ocr_carea' id='block_1_54' title="bbox 2104 2581 3504 2660">
    <p class='ocr_par' dir='ltr' id='par_1_54' title="bbox 2104 2581 3504 2660">
     <span class='ocr_line' id='line_1_54' title="bbox 2104 2581 3504 2660; baseline -0.006 -16"><span class='ocrx_word' id='word_1_330' title='bbox 2104 2592 2226 2645; x_wconf 88' lang='lat' dir='ltr'><strong><em>dum</em></strong></span> <span class='ocrx_word' id='word_1_331' title='bbox 2261 2590 2503 2655; x_wconf 84' lang='lat' dir='ltr'><strong><em>Patrum,</em></strong></span> <span class='ocrx_word' id='word_1_332' title='bbox 2529 2606 2647 2660; x_wconf 73' lang='lat' dir='ltr'><strong><em>quae</em></strong></span> <span class='ocrx_word' id='word_1_333' title='bbox 2673 2597 2881 2643; x_wconf 88' lang='lat' dir='ltr'><strong><em>servata</em></strong></span> <span class='ocrx_word' id='word_1_334' title='bbox 2914 2597 3011 2653; x_wconf 84' lang='lat' dir='ltr'><strong><em>est,</em></strong></span> <span class='ocrx_word' id='word_1_335' title='bbox 3047 2581 3504 2639; x_wconf 82' lang='lat' dir='ltr'><strong><em>consuetudinem.</em></strong></span> 
     </span>
    </p>
   </div>
   <div class='ocr_carea' id='block_1_55' title="bbox 2104 3052 3613 3126">
    <p class='ocr_par' dir='ltr' id='par_1_55' title="bbox 2104 3052 3613 3126">
     <span class='ocr_line' id='line_1_55' title="bbox 2104 3052 3613 3126; baseline -0.004 -13"><span class='ocrx_word' id='word_1_336' title='bbox 2104 3057 2298 3114; x_wconf 83' lang='lat' dir='ltr'><strong><em>BALS.</em></strong></span> <span class='ocrx_word' id='word_1_337' title='bbox 2338 3056 2473 3112; x_wconf 89' lang='lat' dir='ltr'><strong><em>Can.</em></strong></span> <span class='ocrx_word' id='word_1_338' title='bbox 2504 3055 2537 3112; x_wconf 91' lang='lat'><strong>6</strong></span> <span class='ocrx_word' id='word_1_339' title='bbox 2569 3063 2625 3112; x_wconf 90' lang='lat' dir='ltr'><strong><em>et</em></strong></span> <span class='ocrx_word' id='word_1_340' title='bbox 2653 3055 2685 3107; x_wconf 88' lang='lat'><strong>7</strong></span> <span class='ocrx_word' id='word_1_341' title='bbox 2720 3053 2906 3124; x_wconf 67' lang='lat' dir='ltr'><strong><em>prima:</em></strong></span> <span class='ocrx_word' id='word_1_342' title='bbox 2936 3068 3082 3126; x_wconf 87' lang='lat' dir='ltr'><strong><em>syn.,</em></strong></span> <span class='ocrx_word' id='word_1_343' title='bbox 3112 3052 3439 3108; x_wconf 76' lang='lat' dir='ltr'><strong><em>deﬁnierunt</em></strong></span> <span class='ocrx_word' id='word_1_344' title='bbox 3467 3065 3613 3123; x_wconf 63' lang='lat' dir='ltr'><strong><em>que-</em></strong></span> 
     </span>
    </p>
   </div>
   <div class='ocr_carea' id='block_1_56' title="bbox 2035 3143 3582 3217">
    <p class='ocr_par' dir='ltr' id='par_1_56' title="bbox 2035 3143 3582 3217">
     <span class='ocr_line' id='line_1_56' title="bbox 2035 3143 3582 3217; baseline -0.006 -10"><span class='ocrx_word' id='word_1_345' title='bbox 2035 3166 2158 3207; x_wconf 87' lang='lat' dir='ltr'><strong><em>nam</em></strong></span> <span class='ocrx_word' id='word_1_346' title='bbox 2190 3150 2454 3205; x_wconf 87' lang='lat' dir='ltr'><strong><em>dioeceses</em></strong></span> <span class='ocrx_word' id='word_1_347' title='bbox 2494 3147 2741 3201; x_wconf 81' lang='lat' dir='ltr'><strong><em>Romano</em></strong></span> <span class='ocrx_word' id='word_1_348' title='bbox 2774 3160 2948 3217; x_wconf 76' lang='lat' dir='ltr'><strong><em>papae,</em></strong></span> <span class='ocrx_word' id='word_1_349' title='bbox 2993 3143 3382 3209; x_wconf 77' lang='lat' dir='ltr'><strong><em>Alexandrino,</em></strong></span> <span class='ocrx_word' id='word_1_350' title='bbox 3418 3143 3582 3198; x_wconf 83' lang='lat' dir='ltr'><strong><em>Antio</em></strong></span> 
     </span>
    </p>
   </div>
   <div class='ocr_carea' id='block_1_57' title="bbox 2032 3235 3614 3309">
    <p class='ocr_par' dir='ltr' id='par_1_57' title="bbox 2032 3235 3614 3309">
     <span class='ocr_line' id='line_1_57' title="bbox 2032 3235 3614 3309; baseline -0.005 -10"><span class='ocrx_word' id='word_1_351' title='bbox 2032 3245 2206 3299; x_wconf 86' lang='lat' dir='ltr'><strong><em>ebeno</em></strong></span> <span class='ocrx_word' id='word_1_352' title='bbox 2236 3252 2290 3296; x_wconf 92' lang='lat' dir='ltr'><strong><em>et</em></strong></span> <span class='ocrx_word' id='word_1_353' title='bbox 2326 3238 2815 3309; x_wconf 84' lang='lat' dir='ltr'><strong><em>Hierosolymitano</em></strong></span> <span class='ocrx_word' id='word_1_354' title='bbox 2852 3237 3077 3291; x_wconf 83' lang='lat' dir='ltr'><strong><em>subesse</em></strong></span> <span class='ocrx_word' id='word_1_355' title='bbox 3115 3235 3335 3291; x_wconf 90' lang='lat' dir='ltr'><strong><em>debent.</em></strong></span> <span class='ocrx_word' id='word_1_356' title='bbox 3368 3235 3614 3291; x_wconf 71' lang='lat' dir='ltr'><strong><em>Prmsels</em></strong></span> 
     </span>
    </p>
   </div>
   <div class='ocr_carea' id='block_1_58' title="bbox 341 3327 1929 3436">
    <p class='ocr_par' dir='ltr' id='par_1_58' title="bbox 341 3333 1928 3411">
     <span class='ocr_line' id='line_1_58' title="bbox 341 3333 1928 3411; baseline 0.006 -27"><span class='ocrx_word' id='word_1_357' title='bbox 341 3334 445 3385; x_wconf 71' lang='grc' dir='ltr'><em>καὶ</em></span> <span class='ocrx_word' id='word_1_358' title='bbox 469 3333 546 3401; x_wconf 82' lang='grc' dir='ltr'><em>τῷ</em></span> <span class='ocrx_word' id='word_1_359' title='bbox 576 3334 988 3403; x_wconf 79' lang='grc' dir='ltr'><em>Ἱεροσολύμων.</em></span> <span class='ocrx_word' id='word_1_360' title='bbox 1017 3336 1077 3389; x_wconf 80' lang='lat' dir='ltr'><strong><em>&#39;(l</em></strong></span> <span class='ocrx_word' id='word_1_361' title='bbox 1108 3336 1164 3389; x_wconf 85' lang='grc' dir='ltr'><em>δὲ</em></span> <span class='ocrx_word' id='word_1_362' title='bbox 1197 3341 1388 3408; x_wconf 74' lang='grc' dir='ltr'><em>παρὼν</em></span> <span class='ocrx_word' id='word_1_363' title='bbox 1422 3338 1604 3394; x_wconf 88' lang='grc' dir='ltr'><em>κανὼν</em></span> <span class='ocrx_word' id='word_1_364' title='bbox 1634 3339 1928 3411; x_wconf 80' lang='grc' dir='ltr'><em>διορίζεται</em></span> 
     </span>
    </p>
   </div>
   <div class='ocr_carea' id='block_1_59' title="bbox 2056 3327 3610 3436">
    <p class='ocr_par' dir='ltr' id='par_1_59' title="bbox 2056 3327 3610 3400">
     <span class='ocr_line' id='line_1_59' title="bbox 2056 3327 3610 3400; baseline -0.005 -9"><span class='ocrx_word' id='word_1_365' title='bbox 2056 3347 2206 3391; x_wconf 88' lang='lat' dir='ltr'><strong><em>mtem</em></strong></span> <span class='ocrx_word' id='word_1_366' title='bbox 2258 3349 2432 3390; x_wconf 86' lang='lat' dir='ltr'><strong><em>canon</em></strong></span> <span class='ocrx_word' id='word_1_367' title='bbox 2489 3333 2707 3397; x_wconf 79' lang='lat' dir='ltr'><strong><em>definit,</em></strong></span> <span class='ocrx_word' id='word_1_368' title='bbox 2773 3332 2912 3385; x_wconf 84' lang='lat' dir='ltr'><strong><em>Asiae</em></strong></span> <span class='ocrx_word' id='word_1_369' title='bbox 2973 3331 3292 3400; x_wconf 76' lang='lat' dir='ltr'><strong><em>episcopos,</em></strong></span> <span class='ocrx_word' id='word_1_370' title='bbox 3348 3327 3610 3392; x_wconf 71' lang='lat' dir='ltr'><strong><em>Ponticae,</em></strong></span> 
     </span>
    </p>
   </div>
   <div class='ocr_carea' id='block_1_60' title="bbox 342 3421 1931 3501">
    <p class='ocr_par' dir='ltr' id='par_1_60' title="bbox 342 3421 1931 3501">
     <span class='ocr_line' id='line_1_60' title="bbox 342 3421 1931 3501; baseline 0.006 -26"><span class='ocrx_word' id='word_1_371' title='bbox 342 3426 655 3494; x_wconf 82' lang='grc' dir='ltr'><em>οἰκονομεῖν</em></span> <span class='ocrx_word' id='word_1_372' title='bbox 680 3427 803 3487; x_wconf 74' lang='grc' dir='ltr'><em>τοὺς</em></span> <span class='ocrx_word' id='word_1_373' title='bbox 839 3426 1174 3491; x_wconf 68' lang='grc' dir='ltr'><em>ἐπισκόπους</em></span> <span class='ocrx_word' id='word_1_374' title='bbox 1204 3428 1308 3499; x_wconf 83' lang='grc' dir='ltr'><strong><em>τῆς</em></strong></span> <span class='ocrx_word' id='word_1_375' title='bbox 1354 3421 1559 3494; x_wconf 68' lang='grc' dir='ltr'><em>Ἀσίας,</em></span> <span class='ocrx_word' id='word_1_376' title='bbox 1610 3434 1709 3501; x_wconf 81' lang='grc' dir='ltr'><em>τῆς</em></span> <span class='ocrx_word' id='word_1_377' title='bbox 1741 3433 1931 3485; x_wconf 85' lang='grc' dir='ltr'><em>Ποντι-</em></span> 
     </span>
    </p>
   </div>
   <div class='ocr_carea' id='block_1_61' title="bbox 344 3517 1929 3595">
    <p class='ocr_par' dir='ltr' id='par_1_61' title="bbox 344 3517 1929 3595">
     <span class='ocr_line' id='line_1_61' title="bbox 344 3517 1929 3595; baseline 0.006 -26"><span class='ocrx_word' id='word_1_378' title='bbox 344 3517 474 3584; x_wconf 76' lang='grc' dir='ltr'><em>κῆς,</em></span> <span class='ocrx_word' id='word_1_379' title='bbox 528 3518 628 3587; x_wconf 83' lang='grc' dir='ltr'><em>τῆς</em></span> <span class='ocrx_word' id='word_1_380' title='bbox 685 3518 927 3591; x_wconf 85' lang='grc' dir='ltr'><em>Θρᾴκης,</em></span> <span class='ocrx_word' id='word_1_381' title='bbox 966 3520 1060 3574; x_wconf 73' lang='grc' dir='ltr'><em>καὶ</em></span> <span class='ocrx_word' id='word_1_382' title='bbox 1115 3520 1360 3591; x_wconf 81' lang='grc' dir='ltr'><em>ἑτέρους,</em></span> <span class='ocrx_word' id='word_1_383' title='bbox 1413 3523 1481 3575; x_wconf 84' lang='grc' dir='ltr'><em>τὰ</em></span> <span class='ocrx_word' id='word_1_384' title='bbox 1535 3523 1645 3576; x_wconf 81' lang='grc' dir='ltr'><strong><em>τῶν</em></strong></span> <span class='ocrx_word' id='word_1_385' title='bbox 1702 3526 1929 3595; x_wconf 82' lang='grc' dir='ltr'><em>ὲνοριῶν</em></span> 
     </span>
    </p>
   </div>
   <div class='ocr_carea' id='block_1_62' title="bbox 342 3609 1930 3685">
    <p class='ocr_par' dir='ltr' id='par_1_62' title="bbox 342 3609 1930 3685">
     <span class='ocr_line' id='line_1_62' title="bbox 342 3609 1930 3685; baseline 0.007 -24"><span class='ocrx_word' id='word_1_386' title='bbox 342 3609 550 3673; x_wconf 67' lang='grc' dir='ltr'><em>αὐτῶν,</em></span> <span class='ocrx_word' id='word_1_387' title='bbox 606 3612 702 3664; x_wconf 76' lang='grc' dir='ltr'><em>καὶ</em></span> <span class='ocrx_word' id='word_1_388' title='bbox 744 3613 817 3685; x_wconf 80' lang='grc' dir='ltr'><em>μὴ</em></span> <span class='ocrx_word' id='word_1_389' title='bbox 869 3614 1013 3683; x_wconf 76' lang='grc' dir='ltr'><em>ἔχειν</em></span> <span class='ocrx_word' id='word_1_390' title='bbox 1046 3614 1135 3669; x_wconf 81' lang='grc' dir='ltr'><strong><em>ἐπ’</em></strong></span> <span class='ocrx_word' id='word_1_391' title='bbox 1179 3615 1363 3671; x_wconf 81' lang='grc' dir='ltr'><em>ἀδείας</em></span> <span class='ocrx_word' id='word_1_392' title='bbox 1422 3616 1547 3669; x_wconf 78' lang='grc' dir='ltr'><em>τινὰ</em></span> <span class='ocrx_word' id='word_1_393' title='bbox 1605 3618 1671 3671; x_wconf 85' lang='grc' dir='ltr'><em>ὲκ</em></span> <span class='ocrx_word' id='word_1_394' title='bbox 1726 3618 1930 3672; x_wconf 87' lang='grc' dir='ltr'><em>τούτων</em></span> 
     </span>
    </p>
   </div>
   <div class='ocr_carea' id='block_1_63' title="bbox 342 3700 1931 3779">
    <p class='ocr_par' dir='ltr' id='par_1_63' title="bbox 342 3700 1931 3779">
     <span class='ocr_line' id='line_1_63' title="bbox 342 3700 1931 3779; baseline 0.007 -27"><span class='ocrx_word' id='word_1_395' title='bbox 342 3700 677 3771; x_wconf 76' lang='grc' dir='ltr'><em>ὑπερορίους</em></span> <span class='ocrx_word' id='word_1_396' title='bbox 704 3704 986 3774; x_wconf 77' lang='grc' dir='ltr'><em>ἐνεργείας</em></span> <span class='ocrx_word' id='word_1_397' title='bbox 1014 3708 1212 3772; x_wconf 85' lang='grc' dir='ltr'><em>ποιεῖν,</em></span> <span class='ocrx_word' id='word_1_398' title='bbox 1242 3706 1339 3761; x_wconf 60' lang='grc' dir='ltr'><strong><em>καὶ⁸</em></strong></span> <span class='ocrx_word' id='word_1_399' title='bbox 1371 3708 1621 3779; x_wconf 84' lang='grc' dir='ltr'><em>συγχέειν</em></span> <span class='ocrx_word' id='word_1_400' title='bbox 1653 3709 1723 3763; x_wconf 84' lang='grc' dir='ltr'><em>τὰ</em></span> <span class='ocrx_word' id='word_1_401' title='bbox 1747 3710 1931 3764; x_wconf 75' lang='grc' dir='ltr'><em>δίκαια</em></span> 
     </span>
    </p>
   </div>
   <div class='ocr_carea' id='block_1_64' title="bbox 342 3790 1932 3869">
    <p class='ocr_par' dir='ltr' id='par_1_64' title="bbox 342 3790 1932 3869">
     <span class='ocr_line' id='line_1_64' title="bbox 342 3790 1932 3869; baseline 0.009 -28"><span class='ocrx_word' id='word_1_402' title='bbox 342 3790 458 3843; x_wconf 85' lang='grc' dir='ltr'><strong><em>τῶν</em></strong></span> <span class='ocrx_word' id='word_1_403' title='bbox 484 3792 816 3864; x_wconf 76' lang='grc' dir='ltr'><em>ἐκκλησιῶν.</em></span> <span class='ocrx_word' id='word_1_404' title='bbox 843 3795 907 3849; x_wconf 79' lang='lat' dir='ltr'><strong><em>Et</em></strong></span> <span class='ocrx_word' id='word_1_405' title='bbox 932 3795 988 3849; x_wconf 83' lang='grc' dir='ltr'><em>δὲ</em></span> <span class='ocrx_word' id='word_1_406' title='bbox 1014 3796 1196 3867; x_wconf 80' lang='grc' dir='ltr'><em>δεήσει</em></span> <span class='ocrx_word' id='word_1_407' title='bbox 1230 3798 1534 3869; x_wconf 79' lang='grc' dir='ltr'><em>μεταϐῆναι</em></span> <span class='ocrx_word' id='word_1_408' title='bbox 1564 3817 1686 3854; x_wconf 86' lang='grc' dir='ltr'><em>τινα</em></span> <span class='ocrx_word' id='word_1_409' title='bbox 1716 3802 1932 3855; x_wconf 74' lang='grc' dir='ltr'><em>ἐπίσκοο</em></span> 
     </span>
    </p>
   </div>
   <div class='ocr_carea' id='block_1_65' title="bbox 344 3885 1929 3964">
    <p class='ocr_par' dir='ltr' id='par_1_65' title="bbox 344 3885 1929 3964">
     <span class='ocr_line' id='line_1_65' title="bbox 344 3885 1929 3964; baseline 0.008 -29"><span class='ocrx_word' id='word_1_410' title='bbox 344 3901 453 3937; x_wconf 87' lang='grc' dir='ltr'><strong><em>πον</em></strong></span> <span class='ocrx_word' id='word_1_411' title='bbox 481 3885 546 3938; x_wconf 80' lang='grc' dir='ltr'><em>ὲκ</em></span> <span class='ocrx_word' id='word_1_412' title='bbox 576 3888 672 3955; x_wconf 81' lang='grc' dir='ltr'><strong><em>τῆς</em></strong></span> <span class='ocrx_word' id='word_1_413' title='bbox 697 3887 904 3950; x_wconf 79' lang='grc' dir='ltr'><em>οἰκείας</em></span> <span class='ocrx_word' id='word_1_414' title='bbox 934 3889 1148 3958; x_wconf 78' lang='grc' dir='ltr'><em>ὲνορίας</em></span> <span class='ocrx_word' id='word_1_415' title='bbox 1174 3891 1309 3961; x_wconf 73' lang='grc' dir='ltr'><em>πρὸς</em></span> <span class='ocrx_word' id='word_1_416' title='bbox 1344 3891 1537 3960; x_wconf 77' lang='grc' dir='ltr'><em>ἑτέραν</em></span> <span class='ocrx_word' id='word_1_417' title='bbox 1564 3892 1653 3946; x_wconf 81' lang='grc' dir='ltr'><em>διὰ</em></span> <span class='ocrx_word' id='word_1_418' title='bbox 1687 3911 1929 3964; x_wconf 83' lang='grc' dir='ltr'><em>χειροτο-</em></span> 
     </span>
    </p>
   </div>
   <div class='ocr_carea' id='block_1_66' title="bbox 342 3973 1928 4051">
    <p class='ocr_par' dir='ltr' id='par_1_66' title="bbox 342 3973 1928 4051">
     <span class='ocr_line' id='line_1_66' title="bbox 342 3973 1928 4051; baseline 0.009 -27"><span class='ocrx_word' id='word_1_419' title='bbox 342 3973 478 4026; x_wconf 81' lang='grc' dir='ltr'><em>νίαν.</em></span> <span class='ocrx_word' id='word_1_420' title='bbox 499 3975 533 4043; x_wconf 78' lang='grc' dir='ltr'>ἢ</span> <span class='ocrx_word' id='word_1_421' title='bbox 566 3976 758 4044; x_wconf 80' lang='grc' dir='ltr'><em>ἑτέραν</em></span> <span class='ocrx_word' id='word_1_422' title='bbox 786 3978 1008 4047; x_wconf 72' lang='grc' dir='ltr'><em>εὔλογον</em></span> <span class='ocrx_word' id='word_1_423' title='bbox 1040 3981 1244 4043; x_wconf 80' lang='grc' dir='ltr'><em>αἰτίαν,</em></span> <span class='ocrx_word' id='word_1_424' title='bbox 1282 3982 1357 4051; x_wconf 77' lang='grc' dir='ltr'><em>μὴ</em></span> <span class='ocrx_word' id='word_1_425' title='bbox 1393 3982 1663 4051; x_wconf 81' lang='grc' dir='ltr'><em>ἀτάκτως,</em></span> <span class='ocrx_word' id='word_1_426' title='bbox 1695 3986 1790 4038; x_wconf 71' lang='grc' dir='ltr'><em>καὶ</em></span> <span class='ocrx_word' id='word_1_427' title='bbox 1817 3981 1928 4039; x_wconf 78' lang='grc' dir='ltr'><em>οἷον</em></span> 
     </span>
    </p>
   </div>
   <div class='ocr_carea' id='block_1_67' title="bbox 342 4056 1929 4149">
    <p class='ocr_par' dir='ltr' id='par_1_67' title="bbox 342 4067 1929 4149">
     <span class='ocr_line' id='line_1_67' title="bbox 342 4067 1929 4149; baseline 0.011 -34"><span class='ocrx_word' id='word_1_428' title='bbox 342 4068 527 4119; x_wconf 72' lang='grc' dir='ltr'><em>εἰπεῖν</em></span> <span class='ocrx_word' id='word_1_429' title='bbox 555 4067 865 4140; x_wconf 77' lang='grc' dir='ltr'><em>λῃστρικῶς</em></span> <span class='ocrx_word' id='word_1_430' title='bbox 894 4073 1067 4145; x_wconf 79' lang='grc' dir='ltr'><em>ταύτῃ</em></span> <span class='ocrx_word' id='word_1_431' title='bbox 1099 4076 1390 4147; x_wconf 79' lang='grc' dir='ltr'><em>ἐπιπηδᾷν,</em></span> <span class='ocrx_word' id='word_1_432' title='bbox 1420 4076 1552 4129; x_wconf 88' lang='grc' dir='ltr'><strong><em>ἀλλὰ</em></strong></span> <span class='ocrx_word' id='word_1_433' title='bbox 1588 4080 1725 4147; x_wconf 86' lang='grc' dir='ltr'><em>μετὰ</em></span> <span class='ocrx_word' id='word_1_434' title='bbox 1752 4079 1929 4149; x_wconf 79' lang='grc' dir='ltr'><em>ἐκχω-</em></span> 
     </span>
    </p>
   </div>
   <div class='ocr_carea' id='block_1_68' title="bbox 345 4158 1928 4236">
    <p class='ocr_par' dir='ltr' id='par_1_68' title="bbox 345 4158 1928 4236">
     <span class='ocr_line' id='line_1_68' title="bbox 345 4158 1928 4236; baseline 0.011 -27"><span class='ocrx_word' id='word_1_435' title='bbox 345 4158 566 4228; x_wconf 78' lang='grc' dir='ltr'><em>ρήσεως</em></span> <span class='ocrx_word' id='word_1_436' title='bbox 595 4161 690 4214; x_wconf 80' lang='grc' dir='ltr'><em>τοῦ</em></span> <span class='ocrx_word' id='word_1_437' title='bbox 720 4163 988 4232; x_wconf 80' lang='grc' dir='ltr'><em>ἐγχωρίου</em></span> <span class='ocrx_word' id='word_1_438' title='bbox 1022 4167 1345 4223; x_wconf 80' lang='grc' dir='ltr'><em>ἐπισκόπου.</em></span> <span class='ocrx_word' id='word_1_439' title='bbox 1382 4170 1503 4221; x_wconf 87' lang='grc' dir='ltr'><em>Ὅτι</em></span> <span class='ocrx_word' id='word_1_440' title='bbox 1530 4170 1587 4223; x_wconf 84' lang='grc' dir='ltr'><em>δὲ</em></span> <span class='ocrx_word' id='word_1_441' title='bbox 1620 4173 1679 4223; x_wconf 72' lang='grc' dir='ltr'><em>ἐν</em></span> <span class='ocrx_word' id='word_1_442' title='bbox 1709 4172 1928 4236; x_wconf 77' lang='grc' dir='ltr'><strong><em>Βαρϐά-</em></strong></span> 
     </span>
    </p>
   </div>
   <div class='ocr_carea' id='block_1_69' title="bbox 348 4252 1928 4331">
    <p class='ocr_par' dir='ltr' id='par_1_69' title="bbox 348 4252 1928 4331">
     <span class='ocr_line' id='line_1_69' title="bbox 348 4252 1928 4331; baseline 0.011 -30"><span class='ocrx_word' id='word_1_443' title='bbox 348 4268 467 4319; x_wconf 84' lang='grc' dir='ltr'><em>ροις</em></span> <span class='ocrx_word' id='word_1_444' title='bbox 520 4252 731 4307; x_wconf 75' lang='grc' dir='ltr'><em>ἔθνεσιν</em></span> <span class='ocrx_word' id='word_1_445' title='bbox 776 4256 1090 4324; x_wconf 85' lang='grc' dir='ltr'><em>Ἑκκλησίαι</em></span> <span class='ocrx_word' id='word_1_446' title='bbox 1141 4261 1261 4312; x_wconf 81' lang='grc' dir='ltr'><em>τότε</em></span> <span class='ocrx_word' id='word_1_447' title='bbox 1317 4256 1460 4331; x_wconf 81' lang='grc' dir='ltr'><em>ἦσαν</em></span> <span class='ocrx_word' id='word_1_448' title='bbox 1512 4262 1743 4329; x_wconf 81' lang='grc' dir='ltr'><em>πιστῶν,</em></span> <span class='ocrx_word' id='word_1_449' title='bbox 1795 4266 1928 4318; x_wconf 80' lang='grc' dir='ltr'><em>ὅπου</em></span> 
     </span>
    </p>
   </div>
   <div class='ocr_carea' id='block_1_70' title="bbox 344 4342 1929 4422">
    <p class='ocr_par' dir='ltr' id='par_1_70' title="bbox 344 4342 1929 4422">
     <span class='ocr_line' id='line_1_70' title="bbox 344 4342 1929 4422; baseline 0.01 -29"><span class='ocrx_word' id='word_1_450' title='bbox 344 4342 485 4405; x_wconf 77' lang='grc' dir='ltr'><em>ἴσως</em></span> <span class='ocrx_word' id='word_1_451' title='bbox 542 4344 643 4397; x_wconf 81' lang='grc' dir='ltr'><em>οὐκ</em></span> <span class='ocrx_word' id='word_1_452' title='bbox 699 4348 1132 4417; x_wconf 77' lang='grc' dir='ltr'><em>ὲγειροτονοῦντο</em></span> <span class='ocrx_word' id='word_1_453' title='bbox 1181 4350 1364 4405; x_wconf 76' lang='grc' dir='ltr'><em>πολλοὶ</em></span> <span class='ocrx_word' id='word_1_454' title='bbox 1418 4353 1746 4422; x_wconf 77' lang='grc' dir='ltr'><em>ἐπίσκοποι,</em></span> <span class='ocrx_word' id='word_1_455' title='bbox 1789 4354 1929 4409; x_wconf 81' lang='grc' dir='ltr'><em>ὥστε</em></span> 
     </span>
    </p>
   </div>
   <div class='ocr_carea' id='block_1_71' title="bbox 342 4433 1931 4515">
    <p class='ocr_par' dir='ltr' id='par_1_71' title="bbox 342 4433 1931 4515">
     <span class='ocr_line' id='line_1_71' title="bbox 342 4433 1931 4515; baseline 0.011 -32"><span class='ocrx_word' id='word_1_456' title='bbox 342 4433 544 4502; x_wconf 80' lang='grc' dir='ltr'><em>ἀρκεῖν</em></span> <span class='ocrx_word' id='word_1_457' title='bbox 587 4436 668 4505; x_wconf 80' lang='grc' dir='ltr'><strong><em>είς</em></strong></span> <span class='ocrx_word' id='word_1_458' title='bbox 711 4436 945 4501; x_wconf 75' lang='grc' dir='ltr'><em>σύνοδον,</em></span> <span class='ocrx_word' id='word_1_459' title='bbox 978 4439 1010 4510; x_wconf 79' lang='grc' dir='ltr'>ἢ</span> <span class='ocrx_word' id='word_1_460' title='bbox 1054 4441 1145 4493; x_wconf 76' lang='grc' dir='ltr'><em>καὶ</em></span> <span class='ocrx_word' id='word_1_461' title='bbox 1192 4442 1490 4510; x_wconf 87' lang='grc' dir='ltr'><em>ἀναγκαῖον</em></span> <span class='ocrx_word' id='word_1_462' title='bbox 1522 4440 1610 4515; x_wconf 79' lang='grc' dir='ltr'><em>ἢν,</em></span> <span class='ocrx_word' id='word_1_463' title='bbox 1642 4447 1766 4510; x_wconf 83' lang='grc' dir='ltr'><em>τοὺς</em></span> <span class='ocrx_word' id='word_1_464' title='bbox 1800 4447 1931 4511; x_wconf 81' lang='grc' dir='ltr'><em>ῐσως</em></span> 
     </span>
    </p>
   </div>
   <div class='ocr_carea' id='block_1_72' title="bbox 344 4525 1929 4605">
    <p class='ocr_par' dir='ltr' id='par_1_72' title="bbox 344 4525 1929 4605">
     <span class='ocr_line' id='line_1_72' title="bbox 344 4525 1929 4605; baseline 0.01 -29"><span class='ocrx_word' id='word_1_465' title='bbox 344 4527 405 4576; x_wconf 81' lang='grc' dir='ltr'><em>ὲν</em></span> <span class='ocrx_word' id='word_1_466' title='bbox 441 4525 585 4595; x_wconf 82' lang='grc' dir='ltr'><em>λόγῳ</em></span> <span class='ocrx_word' id='word_1_467' title='bbox 613 4528 1016 4598; x_wconf 74' lang='grc' dir='ltr'><em>διαλάμποντας</em></span> <span class='ocrx_word' id='word_1_468' title='bbox 1048 4537 1408 4605; x_wconf 80' lang='grc' dir='ltr'><em>προσφοιτᾷν,</em></span> <span class='ocrx_word' id='word_1_469' title='bbox 1442 4537 1537 4591; x_wconf 82' lang='grc' dir='ltr'><em>καὶ</em></span> <span class='ocrx_word' id='word_1_470' title='bbox 1584 4538 1643 4590; x_wconf 79' lang='grc' dir='ltr'><em>ὲν</em></span> <span class='ocrx_word' id='word_1_471' title='bbox 1671 4541 1791 4602; x_wconf 83' lang='grc' dir='ltr'><em>ταῖς</em></span> <span class='ocrx_word' id='word_1_472' title='bbox 1820 4541 1929 4593; x_wconf 86' lang='grc' dir='ltr'><strong><em>τῶν</em></strong></span> 
     </span>
    </p>
   </div>
   <div class='ocr_carea' id='block_1_73' title="bbox 341 4614 1930 4695">
    <p class='ocr_par' dir='ltr' id='par_1_73' title="bbox 341 4614 1930 4695">
     <span class='ocr_line' id='line_1_73' title="bbox 341 4614 1930 4695; baseline 0.009 -28"><span class='ocrx_word' id='word_1_473' title='bbox 341 4614 531 4668; x_wconf 74' lang='grc' dir='ltr'><em>ἄλλων</em></span> <span class='ocrx_word' id='word_1_474' title='bbox 558 4617 833 4679; x_wconf 77' lang='grc' dir='ltr'><em>τοιαύταις</em></span> <span class='ocrx_word' id='word_1_475' title='bbox 864 4620 1173 4690; x_wconf 80' lang='grc' dir='ltr'><em>ἐπαρχίαις,</em></span> <span class='ocrx_word' id='word_1_476' title='bbox 1224 4622 1363 4676; x_wconf 77' lang='grc' dir='ltr'><em>ὥστε</em></span> <span class='ocrx_word' id='word_1_477' title='bbox 1395 4626 1770 4695; x_wconf 60' lang='grc' dir='ltr'><em>ἐπιστηρίζων</em></span> <span class='ocrx_word' id='word_1_478' title='bbox 1804 4628 1930 4691; x_wconf 80' lang='grc' dir='ltr'><em>τοὺς</em></span> 
     </span>
    </p>
   </div>
   <div class='ocr_carea' id='block_1_74' title="bbox 2033 3418 3616 3496">
    <p class='ocr_par' dir='ltr' id='par_1_74' title="bbox 2033 3418 3616 3496">
     <span class='ocr_line' id='line_1_74' title="bbox 2033 3418 3616 3496; baseline -0.007 -12"><span class='ocrx_word' id='word_1_479' title='bbox 2033 3428 2301 3493; x_wconf 61' lang='lat' dir='ltr'><strong><em>Thraciis,</em></strong></span> <span class='ocrx_word' id='word_1_480' title='bbox 2330 3436 2383 3482; x_wconf 89' lang='lat' dir='ltr'><strong><em>et</em></strong></span> <span class='ocrx_word' id='word_1_481' title='bbox 2415 3426 2572 3492; x_wconf 86' lang='lat' dir='ltr'><strong><em>alios,</em></strong></span> <span class='ocrx_word' id='word_1_482' title='bbox 2598 3441 2661 3481; x_wconf 84' lang='lat' dir='ltr'><strong><em>ea</em></strong></span> <span class='ocrx_word' id='word_1_483' title='bbox 2690 3440 2809 3496; x_wconf 65' lang='lat' dir='ltr'><strong><em>quae</em></strong></span> <span class='ocrx_word' id='word_1_484' title='bbox 2836 3424 2890 3479; x_wconf 91' lang='lat' dir='ltr'><strong><em>in</em></strong></span> <span class='ocrx_word' id='word_1_485' title='bbox 2923 3423 3035 3478; x_wconf 90' lang='lat' dir='ltr'><strong><em>suis</em></strong></span> <span class='ocrx_word' id='word_1_486' title='bbox 3066 3430 3192 3477; x_wconf 89' lang='lat' dir='ltr'><strong><em>sunt</em></strong></span> <span class='ocrx_word' id='word_1_487' title='bbox 3220 3421 3419 3475; x_wconf 88' lang='lat' dir='ltr'><strong><em>linibus</em></strong></span> <span class='ocrx_word' id='word_1_488' title='bbox 3443 3418 3616 3473; x_wconf 87' lang='lat' dir='ltr'><strong><em>admi-</em></strong></span> 
     </span>
    </p>
   </div>
   <div class='ocr_carea' id='block_1_75' title="bbox 2033 3510 3614 3585">
    <p class='ocr_par' dir='ltr' id='par_1_75' title="bbox 2033 3510 3614 3585">
     <span class='ocr_line' id='line_1_75' title="bbox 2033 3510 3614 3585; baseline -0.006 -11"><span class='ocrx_word' id='word_1_489' title='bbox 2033 3520 2288 3585; x_wconf 85' lang='lat' dir='ltr'><strong><em>nistrare,</em></strong></span> <span class='ocrx_word' id='word_1_490' title='bbox 2337 3530 2391 3574; x_wconf 86' lang='lat' dir='ltr'><strong><em>et</em></strong></span> <span class='ocrx_word' id='word_1_491' title='bbox 2424 3517 2558 3574; x_wconf 85' lang='lat' dir='ltr'><strong><em>nulli</em></strong></span> <span class='ocrx_word' id='word_1_492' title='bbox 2602 3532 2791 3575; x_wconf 90' lang='lat' dir='ltr'><strong><em>eorum</em></strong></span> <span class='ocrx_word' id='word_1_493' title='bbox 2836 3516 3003 3571; x_wconf 88' lang='lat' dir='ltr'><strong><em>licere</em></strong></span> <span class='ocrx_word' id='word_1_494' title='bbox 3038 3513 3177 3568; x_wconf 89' lang='lat' dir='ltr'><strong><em>ultra</em></strong></span> <span class='ocrx_word' id='word_1_495' title='bbox 3227 3527 3339 3568; x_wconf 72' lang='lat' dir='ltr'><strong><em>sua:</em></strong></span> <span class='ocrx_word' id='word_1_496' title='bbox 3376 3510 3614 3581; x_wconf 77' lang='lat' dir='ltr'><strong><em>regionis</em></strong></span> 
     </span>
    </p>
   </div>
   <div class='ocr_carea' id='block_1_76' title="bbox 2033 3603 3614 3682">
    <p class='ocr_par' dir='ltr' id='par_1_76' title="bbox 2033 3603 3614 3682">
     <span class='ocr_line' id='line_1_76' title="bbox 2033 3603 3614 3682; baseline -0.005 -17"><span class='ocrx_word' id='word_1_497' title='bbox 2033 3611 2232 3666; x_wconf 88' lang='lat' dir='ltr'><strong><em>limites</em></strong></span> <span class='ocrx_word' id='word_1_498' title='bbox 2267 3611 2671 3682; x_wconf 77' lang='lat' dir='ltr'><strong><em>iurisdictionis</em></strong></span> <span class='ocrx_word' id='word_1_499' title='bbox 2716 3626 2827 3665; x_wconf 67' lang='lat' dir='ltr'><strong><em>sua:</em></strong></span> <span class='ocrx_word' id='word_1_500' title='bbox 2861 3607 3179 3663; x_wconf 78' lang='lat' dir='ltr'><strong><em>exercitium</em></strong></span> <span class='ocrx_word' id='word_1_501' title='bbox 3213 3603 3521 3665; x_wconf 84' lang='lat' dir='ltr'><strong><em>extendere,</em></strong></span> <span class='ocrx_word' id='word_1_502' title='bbox 3559 3612 3614 3657; x_wconf 88' lang='lat' dir='ltr'><strong><em>et</em></strong></span> 
     </span>
    </p>
   </div>
   <div class='ocr_carea' id='block_1_77' title="bbox 2031 3696 3615 3773">
    <p class='ocr_par' dir='ltr' id='par_1_77' title="bbox 2031 3696 3615 3773">
     <span class='ocr_line' id='line_1_77' title="bbox 2031 3696 3615 3773; baseline -0.006 -14"><span class='ocrx_word' id='word_1_503' title='bbox 2031 3704 2385 3760; x_wconf 83' lang='lat' dir='ltr'><strong><em>ecclesiarum</em></strong></span> <span class='ocrx_word' id='word_1_504' title='bbox 2440 3702 2563 3769; x_wconf 86' lang='lat' dir='ltr'><strong><em>jura</em></strong></span> <span class='ocrx_word' id='word_1_505' title='bbox 2621 3700 2975 3773; x_wconf 80' lang='lat' dir='ltr'><strong><em>confundere.</em></strong></span> <span class='ocrx_word' id='word_1_506' title='bbox 3033 3696 3089 3752; x_wconf 88' lang='lat' dir='ltr'><strong><em>Si</em></strong></span> <span class='ocrx_word' id='word_1_507' title='bbox 3134 3703 3313 3751; x_wconf 89' lang='lat' dir='ltr'><strong><em>autem</em></strong></span> <span class='ocrx_word' id='word_1_508' title='bbox 3364 3704 3615 3765; x_wconf 83' lang='lat' dir='ltr'><strong><em>oporteat</em></strong></span> 
     </span>
    </p>
   </div>
   <div class='ocr_carea' id='block_1_78' title="bbox 2030 3787 3612 3867">
    <p class='ocr_par' dir='ltr' id='par_1_78' title="bbox 2030 3787 3612 3867">
     <span class='ocr_line' id='line_1_78' title="bbox 2030 3787 3612 3867; baseline -0.008 -14"><span class='ocrx_word' id='word_1_509' title='bbox 2030 3798 2343 3867; x_wconf 80' lang='lat' dir='ltr'><strong><em>episcOpum</em></strong></span> <span class='ocrx_word' id='word_1_510' title='bbox 2401 3796 2658 3867; x_wconf 86' lang='lat' dir='ltr'><strong><em>aliquem,</em></strong></span> <span class='ocrx_word' id='word_1_511' title='bbox 2713 3809 2743 3849; x_wconf 88' lang='lat' dir='ltr'><strong><em>a</em></strong></span> <span class='ocrx_word' id='word_1_512' title='bbox 2794 3792 3011 3865; x_wconf 83' lang='lat' dir='ltr'><strong><em>propria</em></strong></span> <span class='ocrx_word' id='word_1_513' title='bbox 3060 3791 3279 3860; x_wconf 77' lang='lat' dir='ltr'><strong><em>regione</em></strong></span> <span class='ocrx_word' id='word_1_514' title='bbox 3327 3788 3380 3843; x_wconf 93' lang='lat' dir='ltr'><strong><em>in</em></strong></span> <span class='ocrx_word' id='word_1_515' title='bbox 3427 3787 3612 3850; x_wconf 85' lang='lat' dir='ltr'><strong><em>aliam,</em></strong></span> 
     </span>
    </p>
   </div>
   <div class='ocr_carea' id='block_1_79' title="bbox 2031 3881 3608 3960">
    <p class='ocr_par' dir='ltr' id='par_1_79' title="bbox 2031 3881 3608 3960">
     <span class='ocr_line' id='line_1_79' title="bbox 2031 3881 3608 3960; baseline -0.007 -18"><span class='ocrx_word' id='word_1_516' title='bbox 2031 3899 2255 3960; x_wconf 86' lang='lat' dir='ltr'><strong><em>propter</em></strong></span> <span class='ocrx_word' id='word_1_517' title='bbox 2298 3888 2721 3951; x_wconf 86' lang='lat' dir='ltr'><strong><em>ordinationem,</em></strong></span> <span class='ocrx_word' id='word_1_518' title='bbox 2760 3886 2844 3942; x_wconf 79' lang='lat' dir='ltr'><strong><em>vel</em></strong></span> <span class='ocrx_word' id='word_1_519' title='bbox 2898 3885 3061 3939; x_wconf 86' lang='lat' dir='ltr'><strong><em>aliam</em></strong></span> <span class='ocrx_word' id='word_1_520' title='bbox 3104 3881 3311 3953; x_wconf 83' lang='lat' dir='ltr'><strong><em>justam</em></strong></span> <span class='ocrx_word' id='word_1_521' title='bbox 3361 3893 3608 3941; x_wconf 85' lang='lat' dir='ltr'><strong><em>causam,</em></strong></span> 
     </span>
    </p>
   </div>
   <div class='ocr_carea' id='block_1_80' title="bbox 2034 3970 3614 4051">
    <p class='ocr_par' dir='ltr' id='par_1_80' title="bbox 2034 3970 3614 4051">
     <span class='ocr_line' id='line_1_80' title="bbox 2034 3970 3614 4051; baseline -0.007 -17"><span class='ocrx_word' id='word_1_522' title='bbox 2034 3981 2268 4051; x_wconf 75' lang='lat' dir='ltr'><strong><em>migrare</em></strong></span> <span class='ocrx_word' id='word_1_523' title='bbox 2296 3997 2309 4033; x_wconf 87' lang='lat'><strong>:</strong></span> <span class='ocrx_word' id='word_1_524' title='bbox 2338 3994 2443 4033; x_wconf 93' lang='lat' dir='ltr'><strong><em>non</em></strong></span> <span class='ocrx_word' id='word_1_525' title='bbox 2465 3978 2791 4042; x_wconf 86' lang='lat' dir='ltr'><strong><em>inordinate,</em></strong></span> <span class='ocrx_word' id='word_1_526' title='bbox 2821 3984 2898 4039; x_wconf 85' lang='lat' dir='ltr'><strong><em>et,</em></strong></span> <span class='ocrx_word' id='word_1_527' title='bbox 2927 3985 2984 4031; x_wconf 90' lang='lat' dir='ltr'><strong><em>ut</em></strong></span> <span class='ocrx_word' id='word_1_528' title='bbox 3006 3976 3079 4031; x_wconf 88' lang='lat' dir='ltr'><strong><em>ita</em></strong></span> <span class='ocrx_word' id='word_1_529' title='bbox 3105 3976 3310 4038; x_wconf 87' lang='lat' dir='ltr'><strong><em>dicam,</em></strong></span> <span class='ocrx_word' id='word_1_530' title='bbox 3340 3970 3614 4042; x_wconf 69' lang='lat' dir='ltr'><strong><em>praedonis</em></strong></span> 
     </span>
    </p>
   </div>
   <div class='ocr_carea' id='block_1_81' title="bbox 2031 4063 3611 4135">
    <p class='ocr_par' dir='ltr' id='par_1_81' title="bbox 2031 4063 3611 4135">
     <span class='ocr_line' id='line_1_81' title="bbox 2031 4063 3611 4135; baseline -0.008 -6"><span class='ocrx_word' id='word_1_531' title='bbox 2031 4089 2183 4129; x_wconf 90' lang='lat' dir='ltr'><strong><em>more</em></strong></span> <span class='ocrx_word' id='word_1_532' title='bbox 2216 4088 2335 4127; x_wconf 90' lang='lat' dir='ltr'><strong><em>eam</em></strong></span> <span class='ocrx_word' id='word_1_533' title='bbox 2388 4071 2667 4135; x_wconf 86' lang='lat' dir='ltr'><strong><em>invadere,</em></strong></span> <span class='ocrx_word' id='word_1_534' title='bbox 2711 4070 2805 4125; x_wconf 88' lang='lat' dir='ltr'><strong><em>sed</em></strong></span> <span class='ocrx_word' id='word_1_535' title='bbox 2850 4086 2972 4123; x_wconf 79' lang='lat' dir='ltr'><strong><em>cum</em></strong></span> <span class='ocrx_word' id='word_1_536' title='bbox 3020 4069 3167 4123; x_wconf 88' lang='lat' dir='ltr'><strong><em>illius</em></strong></span> <span class='ocrx_word' id='word_1_537' title='bbox 3212 4067 3318 4121; x_wconf 90' lang='lat' dir='ltr'><strong><em>loci</em></strong></span> <span class='ocrx_word' id='word_1_538' title='bbox 3367 4063 3611 4135; x_wconf 81' lang='lat' dir='ltr'><strong><em>episcOpi</em></strong></span> 
     </span>
    </p>
   </div>
   <div class='ocr_carea' id='block_1_82' title="bbox 2030 4154 3616 4236">
    <p class='ocr_par' dir='ltr' id='par_1_82' title="bbox 2030 4154 3616 4236">
     <span class='ocr_line' id='line_1_82' title="bbox 2030 4154 3616 4236; baseline -0.008 -15"><span class='ocrx_word' id='word_1_539' title='bbox 2030 4163 2411 4236; x_wconf 89' lang='lat' dir='ltr'><strong><em>permissione.</em></strong></span> <span class='ocrx_word' id='word_1_540' title='bbox 2451 4163 2714 4230; x_wconf 86' lang='lat' dir='ltr'><strong><em>Quoniam</em></strong></span> <span class='ocrx_word' id='word_1_541' title='bbox 2761 4170 2942 4215; x_wconf 84' lang='lat' dir='ltr'><strong><em>autem</em></strong></span> <span class='ocrx_word' id='word_1_542' title='bbox 2980 4161 3032 4214; x_wconf 93' lang='lat' dir='ltr'><strong><em>in</em></strong></span> <span class='ocrx_word' id='word_1_543' title='bbox 3068 4157 3328 4214; x_wconf 87' lang='lat' dir='ltr'><strong><em>Barbaris</em></strong></span> <span class='ocrx_word' id='word_1_544' title='bbox 3363 4154 3616 4227; x_wconf 81' lang='lat' dir='ltr'><strong><em>gentibus</em></strong></span> 
     </span>
    </p>
   </div>
   <div class='ocr_carea' id='block_1_83' title="bbox 2033 4246 3612 4317">
    <p class='ocr_par' dir='ltr' id='par_1_83' title="bbox 2033 4246 3612 4317">
     <span class='ocr_line' id='line_1_83' title="bbox 2033 4246 3612 4317; baseline -0.006 -6"><span class='ocrx_word' id='word_1_545' title='bbox 2033 4266 2161 4311; x_wconf 81' lang='lat' dir='ltr'><strong><em>tunc</em></strong></span> <span class='ocrx_word' id='word_1_546' title='bbox 2204 4264 2363 4311; x_wconf 87' lang='lat' dir='ltr'><strong><em>erant</em></strong></span> <span class='ocrx_word' id='word_1_547' title='bbox 2410 4253 2646 4309; x_wconf 81' lang='lat' dir='ltr'><strong><em>ﬁdelium</em></strong></span> <span class='ocrx_word' id='word_1_548' title='bbox 2697 4253 2965 4317; x_wconf 59' lang='lat' dir='ltr'><strong><em>ecclesia,</em></strong></span> <span class='ocrx_word' id='word_1_549' title='bbox 3034 4251 3128 4305; x_wconf 91' lang='lat' dir='ltr'><strong><em>ubi</em></strong></span> <span class='ocrx_word' id='word_1_550' title='bbox 3178 4250 3411 4304; x_wconf 81' lang='lat' dir='ltr'><strong><em>fortasse</em></strong></span> <span class='ocrx_word' id='word_1_551' title='bbox 3456 4246 3612 4301; x_wconf 90' lang='lat' dir='ltr'><strong><em>multi</em></strong></span> 
     </span>
    </p>
   </div>
   <div class='ocr_carea' id='block_1_84' title="bbox 2034 4336 3613 4412">
    <p class='ocr_par' dir='ltr' id='par_1_84' title="bbox 2034 4336 3613 4412">
     <span class='ocr_line' id='line_1_84' title="bbox 2034 4336 3613 4412; baseline -0.006 -12"><span class='ocrx_word' id='word_1_552' title='bbox 2034 4362 2141 4400; x_wconf 88' lang='lat' dir='ltr'><strong><em>non</em></strong></span> <span class='ocrx_word' id='word_1_553' title='bbox 2190 4347 2586 4401; x_wconf 86' lang='lat' dir='ltr'><strong><em>ordinabantur</em></strong></span> <span class='ocrx_word' id='word_1_554' title='bbox 2615 4343 2849 4412; x_wconf 77' lang='lat' dir='ltr'><strong><em>episcopi</em></strong></span> <span class='ocrx_word' id='word_1_555' title='bbox 2896 4351 2954 4396; x_wconf 92' lang='lat' dir='ltr'><strong><em>ut</em></strong></span> <span class='ocrx_word' id='word_1_556' title='bbox 2993 4343 3057 4395; x_wconf 84' lang='lat' dir='ltr'><strong><em>ad</em></strong></span> <span class='ocrx_word' id='word_1_557' title='bbox 3105 4342 3368 4410; x_wconf 84' lang='lat' dir='ltr'><strong><em>synodum</em></strong></span> <span class='ocrx_word' id='word_1_558' title='bbox 3405 4336 3613 4391; x_wconf 78' lang='lat' dir='ltr'><strong><em>suliice-</em></strong></span> 
     </span>
    </p>
   </div>
   <div class='ocr_carea' id='block_1_85' title="bbox 2030 4431 3613 4504">
    <p class='ocr_par' dir='ltr' id='par_1_85' title="bbox 2030 4431 3613 4504">
     <span class='ocr_line' id='line_1_85' title="bbox 2030 4431 3613 4504; baseline -0.008 -8"><span class='ocrx_word' id='word_1_559' title='bbox 2030 4452 2154 4496; x_wconf 83' lang='lat' dir='ltr'><strong><em>rent</em></strong></span> <span class='ocrx_word' id='word_1_560' title='bbox 2180 4458 2194 4495; x_wconf 92' lang='lat'><strong>:</strong></span> <span class='ocrx_word' id='word_1_561' title='bbox 2221 4452 2312 4496; x_wconf 88' lang='lat' dir='ltr'><strong><em>aut</em></strong></span> <span class='ocrx_word' id='word_1_562' title='bbox 2334 4456 2559 4496; x_wconf 88' lang='lat' dir='ltr'><strong><em>necesse</em></strong></span> <span class='ocrx_word' id='word_1_563' title='bbox 2584 4441 2744 4494; x_wconf 85' lang='lat' dir='ltr'><strong><em>etiam</em></strong></span> <span class='ocrx_word' id='word_1_564' title='bbox 2775 4448 2910 4499; x_wconf 82' lang='lat' dir='ltr'><strong><em>erat,</em></strong></span> <span class='ocrx_word' id='word_1_565' title='bbox 2940 4450 3034 4491; x_wconf 88' lang='lat' dir='ltr'><strong><em>eos</em></strong></span> <span class='ocrx_word' id='word_1_566' title='bbox 3062 4438 3153 4504; x_wconf 85' lang='lat' dir='ltr'><strong><em>qui</em></strong></span> <span class='ocrx_word' id='word_1_567' title='bbox 3183 4433 3352 4487; x_wconf 88' lang='lat' dir='ltr'><strong><em>verbo</em></strong></span> <span class='ocrx_word' id='word_1_568' title='bbox 3377 4431 3613 4485; x_wconf 79' lang='lat' dir='ltr'><strong><em>fortasse</em></strong></span> 
     </span>
    </p>
   </div>
   <div class='ocr_carea' id='block_1_86' title="bbox 2033 4524 3611 4604">
    <p class='ocr_par' dir='ltr' id='par_1_86' title="bbox 2033 4524 3611 4604">
     <span class='ocr_line' id='line_1_86' title="bbox 2033 4524 3611 4604; baseline -0.008 -15"><span class='ocrx_word' id='word_1_569' title='bbox 2033 4535 2274 4604; x_wconf 82' lang='lat' dir='ltr'><strong><em>insignes</em></strong></span> <span class='ocrx_word' id='word_1_570' title='bbox 2309 4544 2486 4594; x_wconf 84' lang='lat' dir='ltr'><strong><em>erant,</em></strong></span> <span class='ocrx_word' id='word_1_571' title='bbox 2526 4534 2577 4587; x_wconf 94' lang='lat' dir='ltr'><strong><em>in</em></strong></span> <span class='ocrx_word' id='word_1_572' title='bbox 2619 4532 2756 4587; x_wconf 88' lang='lat' dir='ltr'><strong><em>tales</em></strong></span> <span class='ocrx_word' id='word_1_573' title='bbox 2790 4546 3006 4599; x_wconf 84' lang='lat' dir='ltr'><strong><em>quoque</em></strong></span> <span class='ocrx_word' id='word_1_574' title='bbox 3035 4530 3264 4582; x_wconf 85' lang='lat' dir='ltr'><strong><em>aliorum</em></strong></span> <span class='ocrx_word' id='word_1_575' title='bbox 3298 4524 3611 4596; x_wconf 82' lang='lat' dir='ltr'><strong><em>provincias</em></strong></span> 
     </span>
    </p>
   </div>
   <div class='ocr_carea' id='block_1_87' title="bbox 2030 4608 3611 4699">
    <p class='ocr_par' dir='ltr' id='par_1_87' title="bbox 2030 4608 3611 4699">
     <span class='ocr_line' id='line_1_87' title="bbox 2030 4608 3611 4699; baseline -0.008 -17"><span class='ocrx_word' id='word_1_576' title='bbox 2030 4629 2145 4699; x_wconf 77' lang='lat'><strong>88</strong></span> <span class='ocrx_word' id='word_1_577' title='bbox 2172 4628 2379 4693; x_wconf 79' lang='lat' dir='ltr'><strong><em>venire,</em></strong></span> <span class='ocrx_word' id='word_1_578' title='bbox 2408 4628 2473 4680; x_wconf 90' lang='lat' dir='ltr'><strong><em>ad</em></strong></span> <span class='ocrx_word' id='word_1_579' title='bbox 2492 4608 2596 4681; x_wconf 25' lang='lat' dir='ltr'><strong><em>Icos</em></strong></span> <span class='ocrx_word' id='word_1_580' title='bbox 2623 4625 3020 4678; x_wconf 74' lang='lat' dir='ltr'><strong><em>confirmandos</em></strong></span> <span class='ocrx_word' id='word_1_581' title='bbox 3050 4621 3143 4691; x_wconf 92' lang='lat' dir='ltr'><strong><em>qui</em></strong></span> <span class='ocrx_word' id='word_1_582' title='bbox 3174 4620 3237 4673; x_wconf 82' lang='lat' dir='ltr'><strong><em>ad</em></strong></span> <span class='ocrx_word' id='word_1_583' title='bbox 3270 4620 3427 4673; x_wconf 83' lang='lat' dir='ltr'><strong><em>tidem</em></strong></span> <span class='ocrx_word' id='word_1_584' title='bbox 3458 4630 3611 4672; x_wconf 82' lang='lat' dir='ltr'><strong><em>acce-</em></strong></span> 
     </span>
    </p>
   </div>
   <div class='ocr_carea' id='block_1_88' title="bbox 342 4707 1929 4784">
    <p class='ocr_par' dir='ltr' id='par_1_88' title="bbox 342 4707 1927 4784">
     <span class='ocr_line' id='line_1_88' title="bbox 342 4707 1927 4784; baseline 0.006 -24"><span class='ocrx_word' id='word_1_585' title='bbox 342 4711 413 4776; x_wconf 73' lang='grc' dir='ltr'><em>τῇ</em></span> <span class='ocrx_word' id='word_1_586' title='bbox 461 4707 645 4761; x_wconf 84' lang='grc' dir='ltr'><em>πίστει</em></span> <span class='ocrx_word' id='word_1_587' title='bbox 677 4713 1025 4780; x_wconf 73' lang='grc' dir='ltr'><em>προσιόντας,</em></span> <span class='ocrx_word' id='word_1_588' title='bbox 1061 4714 1325 4766; x_wconf 75' lang='grc' dir='ltr'><em>ἐνέδωκεν</em></span> <span class='ocrx_word' id='word_1_589' title='bbox 1358 4717 1388 4784; x_wconf 81' lang='grc' dir='ltr'>ἡ</span> <span class='ocrx_word' id='word_1_590' title='bbox 1423 4717 1555 4784; x_wconf 82' lang='grc' dir='ltr'><em>ἁγία</em></span> <span class='ocrx_word' id='word_1_591' title='bbox 1585 4717 1801 4782; x_wconf 83' lang='grc' dir='ltr'><em>σύνοδος</em></span> <span class='ocrx_word' id='word_1_592' title='bbox 1836 4720 1927 4771; x_wconf 76' lang='grc' dir='ltr'><em>καὶ</em></span> 
     </span>
    </p>
   </div>
   <div class='ocr_carea' id='block_1_89' title="bbox 2056 4707 3613 4784">
    <p class='ocr_par' dir='ltr' id='par_1_89' title="bbox 2056 4714 3613 4783">
     <span class='ocr_line' id='line_1_89' title="bbox 2056 4714 3613 4783; baseline -0.008 -10"><span class='ocrx_word' id='word_1_593' title='bbox 2056 4721 2253 4783; x_wconf 71' lang='lat' dir='ltr'><strong><em>labant,</em></strong></span> <span class='ocrx_word' id='word_1_594' title='bbox 2306 4718 2574 4773; x_wconf 87' lang='lat' dir='ltr'><strong><em>concessit</em></strong></span> <span class='ocrx_word' id='word_1_595' title='bbox 2626 4725 2813 4769; x_wconf 88' lang='lat' dir='ltr'><strong><em>sancta</em></strong></span> <span class='ocrx_word' id='word_1_596' title='bbox 2860 4714 3118 4782; x_wconf 82' lang='lat' dir='ltr'><strong><em>synodus,</em></strong></span> <span class='ocrx_word' id='word_1_597' title='bbox 3174 4722 3354 4764; x_wconf 80' lang='lat' dir='ltr'><strong><em>tamen</em></strong></span> <span class='ocrx_word' id='word_1_598' title='bbox 3402 4721 3613 4776; x_wconf 84' lang='lat' dir='ltr'><strong><em>quoque</em></strong></span> 
     </span>
    </p>
   </div>
   <div class='ocr_carea' id='block_1_90' title="bbox 339 4800 1930 4881">
    <p class='ocr_par' dir='ltr' id='par_1_90' title="bbox 339 4800 1930 4881">
     <span class='ocr_line' id='line_1_90' title="bbox 339 4800 1930 4881; baseline 0.009 -32"><span class='ocrx_word' id='word_1_599' title='bbox 339 4800 522 4851; x_wconf 81' lang='grc' dir='ltr'><em>είσέτι</em></span> <span class='ocrx_word' id='word_1_600' title='bbox 574 4801 950 4855; x_wconf 83' lang='grc' dir='ltr'><em>πολιτεύεσθαι</em></span> <span class='ocrx_word' id='word_1_601' title='bbox 1002 4803 1064 4857; x_wconf 84' lang='grc' dir='ltr'><strong><em>τδ</em></strong></span> <span class='ocrx_word' id='word_1_602' title='bbox 1113 4804 1358 4859; x_wconf 79' lang='grc' dir='ltr'><em>τοιοῦτον</em></span> <span class='ocrx_word' id='word_1_603' title='bbox 1412 4806 1584 4870; x_wconf 74' lang='grc' dir='ltr'><em>ἔθνος,</em></span> <span class='ocrx_word' id='word_1_604' title='bbox 1619 4808 1722 4861; x_wconf 79' lang='grc' dir='ltr'><em>κᾶν</em></span> <span class='ocrx_word' id='word_1_605' title='bbox 1777 4812 1930 4881; x_wconf 72' lang='grc' dir='ltr'><em>παρὰ</em></span> 
     </span>
    </p>
   </div>
   <div class='ocr_carea' id='block_1_91' title="bbox 340 4893 1927 4970">
    <p class='ocr_par' dir='ltr' id='par_1_91' title="bbox 340 4893 1927 4970">
     <span class='ocr_line' id='line_1_91' title="bbox 340 4893 1927 4970; baseline 0.006 -26"><span class='ocrx_word' id='word_1_606' title='bbox 340 4893 581 4954; x_wconf 73' lang='grc' dir='ltr'><em>κανόνας</em></span> <span class='ocrx_word' id='word_1_607' title='bbox 616 4893 753 4955; x_wconf 73' lang='grc' dir='ltr'><em>ἐστὶ,</em></span> <span class='ocrx_word' id='word_1_608' title='bbox 816 4893 905 4947; x_wconf 80' lang='grc' dir='ltr'><em>διὰ</em></span> <span class='ocrx_word' id='word_1_609' title='bbox 964 4894 1025 4948; x_wconf 84' lang='grc' dir='ltr'><em>τὸ</em></span> <span class='ocrx_word' id='word_1_610' title='bbox 1077 4897 1377 4965; x_wconf 83' lang='grc' dir='ltr'><em>ἀναγκαῖον</em></span> <span class='ocrx_word' id='word_1_611' title='bbox 1434 4898 1527 4953; x_wconf 83' lang='grc' dir='ltr'><em>τοῦ</em></span> <span class='ocrx_word' id='word_1_612' title='bbox 1579 4901 1927 4970; x_wconf 82' lang='grc' dir='ltr'><em>πράγματος.</em></span> 
     </span>
    </p>
   </div>
   <div class='ocr_carea' id='block_1_92' title="bbox 338 4981 1930 5060">
    <p class='ocr_par' dir='ltr' id='par_1_92' title="bbox 338 4981 1930 5060">
     <span class='ocr_line' id='line_1_92' title="bbox 338 4981 1930 5060; baseline 0.006 -25"><span class='ocrx_word' id='word_1_613' title='bbox 338 4984 665 5051; x_wconf 71' lang='grc' dir='ltr'><em>Σημείωσαι</em></span> <span class='ocrx_word' id='word_1_614' title='bbox 719 4981 813 5038; x_wconf 74' lang='grc' dir='ltr'><em>οὖν</em></span> <span class='ocrx_word' id='word_1_615' title='bbox 856 4986 962 5039; x_wconf 83' lang='grc' dir='ltr'><strong><em>ἀπὸ</em></strong></span> <span class='ocrx_word' id='word_1_616' title='bbox 1002 4987 1095 5040; x_wconf 75' lang='grc' dir='ltr'><em>τοῦ</em></span> <span class='ocrx_word' id='word_1_617' title='bbox 1149 4990 1419 5060; x_wconf 82' lang='grc' dir='ltr'><em>παρόντος</em></span> <span class='ocrx_word' id='word_1_618' title='bbox 1473 4993 1698 5055; x_wconf 79' lang='grc' dir='ltr'><em>κανόνος</em></span> <span class='ocrx_word' id='word_1_619' title='bbox 1742 4994 1823 5046; x_wconf 76' lang='grc' dir='ltr'><em>ὅτι</em></span> <span class='ocrx_word' id='word_1_620' title='bbox 1872 4993 1930 5046; x_wconf 77' lang='grc' dir='ltr'><em>τὸ</em></span> 
     </span>
    </p>
   </div>
   <div class='ocr_carea' id='block_1_93' title="bbox 335 5074 1931 5151">
    <p class='ocr_par' dir='ltr' id='par_1_93' title="bbox 335 5074 1931 5151">
     <span class='ocr_line' id='line_1_93' title="bbox 335 5074 1931 5151; baseline 0.005 -25"><span class='ocrx_word' id='word_1_621' title='bbox 335 5074 583 5128; x_wconf 77' lang='grc' dir='ltr'><em>παλαιὸν</em></span> <span class='ocrx_word' id='word_1_622' title='bbox 614 5076 816 5138; x_wconf 86' lang='grc' dir='ltr'><em>πάντες</em></span> <span class='ocrx_word' id='word_1_623' title='bbox 841 5077 890 5128; x_wconf 82' lang='lat' dir='ltr'><strong><em>ol</em></strong></span> <span class='ocrx_word' id='word_1_624' title='bbox 935 5076 1042 5131; x_wconf 87' lang='grc' dir='ltr'><strong><em>τῶν</em></strong></span> <span class='ocrx_word' id='word_1_625' title='bbox 1074 5079 1354 5150; x_wconf 80' lang='grc' dir='ltr'><em>ἐπαρχιῶν</em></span> <span class='ocrx_word' id='word_1_626' title='bbox 1389 5082 1785 5151; x_wconf 75' lang='grc' dir='ltr'><em>μητροπνολῖται</em></span> <span class='ocrx_word' id='word_1_627' title='bbox 1836 5082 1931 5134; x_wconf 80' lang='grc' dir='ltr'><strong><em>αὐ-</em></strong></span> 
     </span>
    </p>
   </div>
   <div class='ocr_carea' id='block_1_94' title="bbox 334 5162 1930 5244">
    <p class='ocr_par' dir='ltr' id='par_1_94' title="bbox 334 5162 1930 5244">
     <span class='ocr_line' id='line_1_94' title="bbox 334 5162 1930 5244; baseline 0.005 -27"><span class='ocrx_word' id='word_1_628' title='bbox 334 5167 643 5235; x_wconf 80' lang='grc' dir='ltr'><em>τοκέφαλοι</em></span> <span class='ocrx_word' id='word_1_629' title='bbox 671 5162 834 5236; x_wconf 78' lang='grc' dir='ltr'><em>ἦσαν,</em></span> <span class='ocrx_word' id='word_1_630' title='bbox 863 5169 956 5222; x_wconf 74' lang='grc' dir='ltr'><em>καὶ</em></span> <span class='ocrx_word' id='word_1_631' title='bbox 988 5169 1092 5222; x_wconf 83' lang='grc' dir='ltr'><strong><em>ὑπὸ</em></strong></span> <span class='ocrx_word' id='word_1_632' title='bbox 1124 5171 1232 5223; x_wconf 87' lang='grc' dir='ltr'><strong><em>τῶν</em></strong></span> <span class='ocrx_word' id='word_1_633' title='bbox 1268 5172 1484 5226; x_wconf 85' lang='grc' dir='ltr'><em>οἰκείων</em></span> <span class='ocrx_word' id='word_1_634' title='bbox 1516 5174 1748 5227; x_wconf 82' lang='grc' dir='ltr'><em>συνόδων</em></span> <span class='ocrx_word' id='word_1_635' title='bbox 1784 5175 1930 5244; x_wconf 77' lang='grc' dir='ltr'><em>ἐχει-</em></span> 
     </span>
    </p>
   </div>
   <div class='ocr_carea' id='block_1_95' title="bbox 338 5258 1924 5333">
    <p class='ocr_par' dir='ltr' id='par_1_95' title="bbox 338 5258 1924 5333">
     <span class='ocr_line' id='line_1_95' title="bbox 338 5258 1924 5333; baseline 0.005 -25"><span class='ocrx_word' id='word_1_636' title='bbox 338 5258 683 5325; x_wconf 78' lang='grc' dir='ltr'><em>ροτονοῡντο.</em></span> <span class='ocrx_word' id='word_1_637' title='bbox 714 5259 1087 5332; x_wconf 83' lang='grc' dir='ltr'><em>Μετετυπώθη</em></span> <span class='ocrx_word' id='word_1_638' title='bbox 1118 5262 1174 5314; x_wconf 80' lang='grc' dir='ltr'><em>δὲ</em></span> <span class='ocrx_word' id='word_1_639' title='bbox 1220 5264 1287 5316; x_wconf 82' lang='grc' dir='ltr'><em>τὰ</em></span> <span class='ocrx_word' id='word_1_640' title='bbox 1323 5264 1663 5333; x_wconf 64' lang='grc' dir='ltr'><em>περιιτούτου</em></span> <span class='ocrx_word' id='word_1_641' title='bbox 1694 5264 1799 5316; x_wconf 76' lang='grc' dir='ltr'><strong><em>ὑπὸ</em></strong></span> <span class='ocrx_word' id='word_1_642' title='bbox 1830 5263 1924 5316; x_wconf 78' lang='grc' dir='ltr'><em>τοῦ</em></span> 
     </span>
    </p>
   </div>
   <div class='ocr_carea' id='block_1_96' title="bbox 335 5350 1926 5426">
    <p class='ocr_par' dir='ltr' id='par_1_96' title="bbox 335 5350 1926 5426">
     <span class='ocr_line' id='line_1_96' title="bbox 335 5350 1926 5426; baseline 0.003 -23"><span class='ocrx_word' id='word_1_643' title='bbox 335 5357 434 5419; x_wconf 81' lang='grc' dir='ltr'><em>κη’</em></span> <span class='ocrx_word' id='word_1_644' title='bbox 478 5350 705 5414; x_wconf 80' lang='grc' dir='ltr'><em>κανόνος</em></span> <span class='ocrx_word' id='word_1_645' title='bbox 726 5351 827 5421; x_wconf 77' lang='grc' dir='ltr'><em>τῆς</em></span> <span class='ocrx_word' id='word_1_646' title='bbox 849 5353 906 5405; x_wconf 84' lang='grc' dir='ltr'><em>ὲν</em></span> <span class='ocrx_word' id='word_1_647' title='bbox 933 5352 1241 5424; x_wconf 81' lang='grc' dir='ltr'><em>Χαλκηδόνι</em></span> <span class='ocrx_word' id='word_1_648' title='bbox 1274 5355 1516 5421; x_wconf 78' lang='grc' dir='ltr'><em>συνόδου,</em></span> <span class='ocrx_word' id='word_1_649' title='bbox 1540 5356 1926 5426; x_wconf 69' lang='grc' dir='ltr'><em>διορισαμένης</em></span> 
     </span>
    </p>
   </div>
   <div class='ocr_carea' id='block_1_97' title="bbox 333 5444 1926 5517">
    <p class='ocr_par' dir='ltr' id='par_1_97' title="bbox 333 5444 1926 5517">
     <span class='ocr_line' id='line_1_97' title="bbox 333 5444 1926 5517; baseline 0.004 -22"><span class='ocrx_word' id='word_1_650' title='bbox 333 5444 470 5504; x_wconf 64' lang='grc' dir='ltr'><em>’τοὺς</em></span> <span class='ocrx_word' id='word_1_651' title='bbox 512 5444 915 5515; x_wconf 83' lang='grc' dir='ltr'><em>μητροπολίτας</em></span> <span class='ocrx_word' id='word_1_652' title='bbox 947 5446 1044 5514; x_wconf 82' lang='grc' dir='ltr'><strong><em>τῆς</em></strong></span> <span class='ocrx_word' id='word_1_653' title='bbox 1072 5447 1360 5517; x_wconf 81' lang='grc' dir='ltr'><em>Ποντικῆς,</em></span> <span class='ocrx_word' id='word_1_654' title='bbox 1393 5447 1487 5500; x_wconf 72' lang='grc' dir='ltr'><em>καὶ</em></span> <span class='ocrx_word' id='word_1_655' title='bbox 1527 5448 1803 5517; x_wconf 81' lang='grc' dir='ltr'><em>Ἀσιανῆς,</em></span> <span class='ocrx_word' id='word_1_656' title='bbox 1832 5449 1926 5502; x_wconf 72' lang='grc' dir='ltr'><em>καὶ</em></span> 
     </span>
    </p>
   </div>
   <div class='ocr_carea' id='block_1_98' title="bbox 335 5518 1927 5611">
    <p class='ocr_par' dir='ltr' id='par_1_98' title="bbox 335 5518 1927 5611">
     <span class='ocr_line' id='line_1_98' title="bbox 335 5518 1927 5611; baseline 0.004 -24"><span class='ocrx_word' id='word_1_657' title='bbox 335 5536 631 5603; x_wconf 56' lang='grc' dir='ltr'><em>θρακικῆς</em></span> <span class='ocrx_word' id='word_1_658' title='bbox 663 5535 1004 5607; x_wconf 74' lang='grc' dir='ltr'><em>διοικήσεως,</em></span> <span class='ocrx_word' id='word_1_659' title='bbox 1042 5537 1122 5590; x_wconf 77' lang='grc' dir='ltr'><em>ἔτι</em></span> <span class='ocrx_word' id='word_1_660' title='bbox 1167 5518 1231 5590; x_wconf 47' lang='grc' dir='ltr'><strong><em>δὲ’</em></strong></span> <span class='ocrx_word' id='word_1_661' title='bbox 1257 5538 1351 5591; x_wconf 81' lang='grc' dir='ltr'><em>καὶ</em></span> <span class='ocrx_word' id='word_1_662' title='bbox 1382 5541 1603 5610; x_wconf 79' lang='grc' dir='ltr'><em>ἐτέρους</em></span> <span class='ocrx_word' id='word_1_663' title='bbox 1661 5542 1813 5603; x_wconf 77' lang='grc' dir='ltr'><em>τινὰς</em></span> <span class='ocrx_word' id='word_1_664' title='bbox 1847 5541 1927 5611; x_wconf 82' lang='grc' dir='ltr'><em>τῷ</em></span> 
     </span>
    </p>
   </div>
   <div class='ocr_carea' id='block_1_99' title="bbox 333 5625 1925 5703">
    <p class='ocr_par' dir='ltr' id='par_1_99' title="bbox 333 5625 1925 5703">
     <span class='ocr_line' id='line_1_99' title="bbox 333 5625 1925 5703; baseline 0.009 -30"><span class='ocrx_word' id='word_1_665' title='bbox 333 5625 499 5696; x_wconf 76' lang='grc' dir='ltr'><em>αὐτῷ</em></span> <span class='ocrx_word' id='word_1_666' title='bbox 548 5627 735 5680; x_wconf 83' lang='grc' dir='ltr'><em>κανόνι</em></span> <span class='ocrx_word' id='word_1_667' title='bbox 782 5632 1226 5699; x_wconf 75' lang='grc' dir='ltr'><em>περιεχομένους,</em></span> <span class='ocrx_word' id='word_1_668' title='bbox 1283 5631 1384 5684; x_wconf 80' lang='grc' dir='ltr'><strong><em>ὑπὸ</em></strong></span> <span class='ocrx_word' id='word_1_669' title='bbox 1437 5634 1529 5684; x_wconf 79' lang='grc' dir='ltr'><em>τοῦ</em></span> <span class='ocrx_word' id='word_1_670' title='bbox 1583 5635 1925 5703; x_wconf 82' lang='grc' dir='ltr'><em>πατριάρχου</em></span> 
     </span>
    </p>
   </div>
   <div class='ocr_carea' id='block_1_100' title="bbox 338 5719 1924 5793">
    <p class='ocr_par' dir='ltr' id='par_1_100' title="bbox 338 5719 1924 5793">
     <span class='ocr_line' id='line_1_100' title="bbox 338 5719 1924 5793; baseline 0.007 -22"><span class='ocrx_word' id='word_1_671' title='bbox 338 5719 979 5784; x_wconf 81' lang='grc' dir='ltr'><em>Κωνσταντινουπόλεως</em></span> <span class='ocrx_word' id='word_1_672' title='bbox 1007 5722 1451 5793; x_wconf 71' lang='grc' dir='ltr'><em>χειροτονεῖσθαι,</em></span> <span class='ocrx_word' id='word_1_673' title='bbox 1474 5726 1568 5777; x_wconf 81' lang='grc' dir='ltr'><em>καὶ</em></span> <span class='ocrx_word' id='word_1_674' title='bbox 1601 5726 1924 5781; x_wconf 81' lang='grc' dir='ltr'><em>ὑποκεῖσθαι</em></span> 
     </span>
    </p>
   </div>
   <div class='ocr_carea' id='block_1_101' title="bbox 339 5809 1921 5890">
    <p class='ocr_par' dir='ltr' id='par_1_101' title="bbox 339 5809 1921 5890">
     <span class='ocr_line' id='line_1_101' title="bbox 339 5809 1921 5890; baseline 0.007 -30"><span class='ocrx_word' id='word_1_675' title='bbox 339 5809 523 5875; x_wconf 78' lang='grc' dir='ltr'><em>αυτῷ.</em></span> <span class='ocrx_word' id='word_1_676' title='bbox 573 5811 633 5864; x_wconf 77' lang='grc' dir='ltr'><strong><em>ει</em></strong></span> <span class='ocrx_word' id='word_1_677' title='bbox 693 5812 749 5866; x_wconf 79' lang='grc' dir='ltr'><em>δὲ</em></span> <span class='ocrx_word' id='word_1_678' title='bbox 802 5816 894 5868; x_wconf 65' lang='grc' dir='ltr'><em>καὶ</em></span> <span class='ocrx_word' id='word_1_679' title='bbox 928 5814 1122 5887; x_wconf 80' lang='grc' dir='ltr'><em>ἐτέρας</em></span> <span class='ocrx_word' id='word_1_680' title='bbox 1166 5816 1460 5890; x_wconf 76' lang='grc' dir='ltr'><em>ἐκκλησίας</em></span> <span class='ocrx_word' id='word_1_681' title='bbox 1514 5817 1921 5887; x_wconf 63' lang='grc' dir='ltr'><em>αὑτοκειξάλους</em></span> 
     </span>
    </p>
   </div>
   <div class='ocr_carea' id='block_1_102' title="bbox 2027 4802 3613 4870">
    <p class='ocr_par' dir='ltr' id='par_1_102' title="bbox 2027 4802 3613 4870">
     <span class='ocr_line' id='line_1_102' title="bbox 2027 4802 3613 4870; baseline -0.008 -3"><span class='ocrx_word' id='word_1_682' title='bbox 2027 4815 2203 4867; x_wconf 80' lang='lat' dir='ltr'><strong><em>adhuc</em></strong></span> <span class='ocrx_word' id='word_1_683' title='bbox 2257 4812 2700 4866; x_wconf 84' lang='lat' dir='ltr'><strong><em>consuetudinem</em></strong></span> <span class='ocrx_word' id='word_1_684' title='bbox 2756 4807 2985 4870; x_wconf 86' lang='lat' dir='ltr'><strong><em>servari,</em></strong></span> <span class='ocrx_word' id='word_1_685' title='bbox 3042 4803 3252 4861; x_wconf 78' lang='lat' dir='ltr'><strong><em>etiamsi</em></strong></span> <span class='ocrx_word' id='word_1_686' title='bbox 3315 4802 3383 4855; x_wconf 82' lang='lat' dir='ltr'><strong><em>sit</em></strong></span> <span class='ocrx_word' id='word_1_687' title='bbox 3417 4811 3613 4870; x_wconf 70' lang='lat' dir='ltr'><strong><em>praeter</em></strong></span> 
     </span>
    </p>
   </div>
   <div class='ocr_carea' id='block_1_103' title="bbox 2028 4894 3607 4971">
    <p class='ocr_par' dir='ltr' id='par_1_103' title="bbox 2028 4894 3607 4971">
     <span class='ocr_line' id='line_1_103' title="bbox 2028 4894 3607 4971; baseline -0.008 -13"><span class='ocrx_word' id='word_1_688' title='bbox 2028 4920 2291 4967; x_wconf 79' lang='lat' dir='ltr'><strong><em>canones,</em></strong></span> <span class='ocrx_word' id='word_1_689' title='bbox 2342 4914 2561 4971; x_wconf 86' lang='lat' dir='ltr'><strong><em>propter</em></strong></span> <span class='ocrx_word' id='word_1_690' title='bbox 2612 4903 2688 4956; x_wconf 89' lang='lat' dir='ltr'><strong><em>rei</em></strong></span> <span class='ocrx_word' id='word_1_691' title='bbox 2742 4899 3147 4956; x_wconf 88' lang='lat' dir='ltr'><strong><em>necessitatem.</em></strong></span> <span class='ocrx_word' id='word_1_692' title='bbox 3198 4894 3335 4951; x_wconf 84' lang='lat' dir='ltr'><strong><em>Nota</em></strong></span> <span class='ocrx_word' id='word_1_693' title='bbox 3374 4908 3502 4960; x_wconf 76' lang='lat' dir='ltr'><strong><em>ergo</em></strong></span> <span class='ocrx_word' id='word_1_694' title='bbox 3540 4907 3607 4947; x_wconf 80' lang='lat' dir='ltr'><strong><em>ex</em></strong></span> 
     </span>
    </p>
   </div>
   <div class='ocr_carea' id='block_1_104' title="bbox 2029 4981 3607 5064">
    <p class='ocr_par' dir='ltr' id='par_1_104' title="bbox 2029 4981 3607 5064">
     <span class='ocr_line' id='line_1_104' title="bbox 2029 4981 3607 5064; baseline -0.006 -19"><span class='ocrx_word' id='word_1_695' title='bbox 2029 4992 2279 5064; x_wconf 82' lang='lat' dir='ltr'><strong><em>praesenti</em></strong></span> <span class='ocrx_word' id='word_1_696' title='bbox 2341 5006 2550 5046; x_wconf 80' lang='lat' dir='ltr'><strong><em>canone</em></strong></span> <span class='ocrx_word' id='word_1_697' title='bbox 2601 4990 2743 5062; x_wconf 89' lang='lat' dir='ltr'><strong><em>quod</em></strong></span> <span class='ocrx_word' id='word_1_698' title='bbox 2792 4989 2917 5043; x_wconf 89' lang='lat' dir='ltr'><strong><em>olim</em></strong></span> <span class='ocrx_word' id='word_1_699' title='bbox 2965 5002 3156 5041; x_wconf 90' lang='lat' dir='ltr'><strong><em>omnes</em></strong></span> <span class='ocrx_word' id='word_1_700' title='bbox 3207 4981 3607 5054; x_wconf 83' lang='lat' dir='ltr'><strong><em>provinciarum</em></strong></span> 
     </span>
    </p>
   </div>
   <div class='ocr_carea' id='block_1_105' title="bbox 2030 5071 3611 5151">
    <p class='ocr_par' dir='ltr' id='par_1_105' title="bbox 2030 5071 3611 5151">
     <span class='ocr_line' id='line_1_105' title="bbox 2030 5071 3611 5151; baseline -0.008 -15"><span class='ocrx_word' id='word_1_701' title='bbox 2030 5083 2434 5151; x_wconf 86' lang='lat' dir='ltr'><strong><em>metropolitani</em></strong></span> <span class='ocrx_word' id='word_1_702' title='bbox 2475 5091 2628 5135; x_wconf 84' lang='lat' dir='ltr'><strong><em>erant</em></strong></span> <span class='ocrx_word' id='word_1_703' title='bbox 2664 5082 2764 5150; x_wconf 77' lang='lat' dir='ltr'><strong><em>ipsi</em></strong></span> <span class='ocrx_word' id='word_1_704' title='bbox 2809 5095 2907 5151; x_wconf 88' lang='lat' dir='ltr'><strong><em>per</em></strong></span> <span class='ocrx_word' id='word_1_705' title='bbox 2951 5093 3009 5133; x_wconf 90' lang='lat' dir='ltr'><strong><em>se</em></strong></span> <span class='ocrx_word' id='word_1_706' title='bbox 3041 5090 3259 5133; x_wconf 89' lang='lat' dir='ltr'><strong><em>suarum</em></strong></span> <span class='ocrx_word' id='word_1_707' title='bbox 3305 5071 3611 5143; x_wconf 85' lang='lat' dir='ltr'><strong><em>provincia-</em></strong></span> 
     </span>
    </p>
   </div>
   <div class='ocr_carea' id='block_1_106' title="bbox 2032 5163 3608 5243">
    <p class='ocr_par' dir='ltr' id='par_1_106' title="bbox 2032 5163 3608 5243">
     <span class='ocr_line' id='line_1_106' title="bbox 2032 5163 3608 5243; baseline -0.005 -17"><span class='ocrx_word' id='word_1_708' title='bbox 2032 5189 2151 5226; x_wconf 89' lang='lat' dir='ltr'><strong><em>rum</em></strong></span> <span class='ocrx_word' id='word_1_709' title='bbox 2184 5175 2381 5243; x_wconf 82' lang='lat' dir='ltr'><strong><em>capita,</em></strong></span> <span class='ocrx_word' id='word_1_710' title='bbox 2417 5182 2469 5227; x_wconf 89' lang='lat' dir='ltr'><strong><em>ct</em></strong></span> <span class='ocrx_word' id='word_1_711' title='bbox 2510 5188 2537 5225; x_wconf 92' lang='lat' dir='ltr'><strong><em>a</em></strong></span> <span class='ocrx_word' id='word_1_712' title='bbox 2577 5173 2811 5242; x_wconf 80' lang='lat' dir='ltr'><strong><em>propriis</em></strong></span> <span class='ocrx_word' id='word_1_713' title='bbox 2845 5170 3070 5241; x_wconf 66' lang='lat' dir='ltr'><strong><em>synodi!</em></strong></span> <span class='ocrx_word' id='word_1_714' title='bbox 3103 5167 3517 5224; x_wconf 77' lang='lat' dir='ltr'><strong><em>ordinabuntur.</em></strong></span> <span class='ocrx_word' id='word_1_715' title='bbox 3549 5163 3608 5218; x_wconf 87' lang='lat' dir='ltr'><strong><em>Id</em></strong></span> 
     </span>
    </p>
   </div>
   <div class='ocr_carea' id='block_1_107' title="bbox 2030 5257 3604 5319">
    <p class='ocr_par' dir='ltr' id='par_1_107' title="bbox 2030 5257 3604 5319">
     <span class='ocr_line' id='line_1_107' title="bbox 2030 5257 3604 5319; baseline -0.005 -2"><span class='ocrx_word' id='word_1_716' title='bbox 2030 5275 2209 5318; x_wconf 87' lang='lat' dir='ltr'><strong><em>autem</em></strong></span> <span class='ocrx_word' id='word_1_717' title='bbox 2260 5266 2602 5319; x_wconf 81' lang='lat' dir='ltr'><strong><em>immutatum</em></strong></span> <span class='ocrx_word' id='word_1_718' title='bbox 2651 5276 2731 5318; x_wconf 84' lang='lat' dir='ltr'><strong><em>est</em></strong></span> <span class='ocrx_word' id='word_1_719' title='bbox 2769 5280 2796 5318; x_wconf 89' lang='lat' dir='ltr'><strong><em>a</em></strong></span> <span class='ocrx_word' id='word_1_720' title='bbox 2847 5263 2918 5318; x_wconf 73' lang='lat'><strong><em>28</em></strong></span> <span class='ocrx_word' id='word_1_721' title='bbox 2959 5276 3163 5316; x_wconf 72' lang='lat' dir='ltr'><strong><em>canone</em></strong></span> <span class='ocrx_word' id='word_1_722' title='bbox 3202 5257 3604 5315; x_wconf 80' lang='lat' dir='ltr'><strong><em>Cltalcedonen.</em></strong></span> 
     </span>
    </p>
   </div>
   <div class='ocr_carea' id='block_1_108' title="bbox 2030 5347 3609 5426">
    <p class='ocr_par' dir='ltr' id='par_1_108' title="bbox 2030 5347 3609 5426">
     <span class='ocr_line' id='line_1_108' title="bbox 2030 5347 3609 5426; baseline -0.008 -16"><span class='ocrx_word' id='word_1_723' title='bbox 2030 5358 2246 5426; x_wconf 86' lang='lat' dir='ltr'><strong><em>synodi,</em></strong></span> <span class='ocrx_word' id='word_1_724' title='bbox 2280 5373 2399 5426; x_wconf 78' lang='lat' dir='ltr'><strong><em>quae</em></strong></span> <span class='ocrx_word' id='word_1_725' title='bbox 2441 5357 2655 5423; x_wconf 87' lang='lat' dir='ltr'><strong><em>delinit,</em></strong></span> <span class='ocrx_word' id='word_1_726' title='bbox 2688 5356 2943 5422; x_wconf 79' lang='lat' dir='ltr'><strong><em>Ponticae,</em></strong></span> <span class='ocrx_word' id='word_1_727' title='bbox 2986 5364 3034 5407; x_wconf 87' lang='lat' dir='ltr'><strong><em>et</em></strong></span> <span class='ocrx_word' id='word_1_728' title='bbox 3078 5353 3314 5416; x_wconf 79' lang='lat' dir='ltr'><strong><em>Asiatne,</em></strong></span> <span class='ocrx_word' id='word_1_729' title='bbox 3356 5359 3408 5404; x_wconf 90' lang='lat' dir='ltr'><strong><em>et</em></strong></span> <span class='ocrx_word' id='word_1_730' title='bbox 3436 5347 3609 5401; x_wconf 85' lang='lat' dir='ltr'><strong><em>Thra-</em></strong></span> 
     </span>
    </p>
   </div>
   <div class='ocr_carea' id='block_1_109' title="bbox 2027 5436 3604 5515">
    <p class='ocr_par' dir='ltr' id='par_1_109' title="bbox 2027 5436 3604 5515">
     <span class='ocr_line' id='line_1_109' title="bbox 2027 5436 3604 5515; baseline -0.01 -12"><span class='ocrx_word' id='word_1_731' title='bbox 2027 5451 2124 5503; x_wconf 70' lang='lat' dir='ltr'><strong><em>cia:</em></strong></span> <span class='ocrx_word' id='word_1_732' title='bbox 2155 5448 2403 5501; x_wconf 83' lang='lat' dir='ltr'><strong><em>dioecesis</em></strong></span> <span class='ocrx_word' id='word_1_733' title='bbox 2430 5448 2900 5515; x_wconf 67' lang='lat' dir='ltr'><strong><em>metropolitanos,</em></strong></span> <span class='ocrx_word' id='word_1_734' title='bbox 2929 5455 2981 5500; x_wconf 90' lang='lat' dir='ltr'><strong><em>et</em></strong></span> <span class='ocrx_word' id='word_1_735' title='bbox 3012 5445 3224 5512; x_wconf 83' lang='lat' dir='ltr'><strong><em>aliquos</em></strong></span> <span class='ocrx_word' id='word_1_736' title='bbox 3254 5441 3417 5495; x_wconf 81' lang='lat' dir='ltr'><strong><em>etiam</em></strong></span> <span class='ocrx_word' id='word_1_737' title='bbox 3449 5436 3604 5499; x_wconf 77' lang='lat' dir='ltr'><strong><em>alios,</em></strong></span> 
     </span>
    </p>
   </div>
   <div class='ocr_carea' id='block_1_110' title="bbox 2030 5527 3605 5611">
    <p class='ocr_par' dir='ltr' id='par_1_110' title="bbox 2030 5527 3605 5611">
     <span class='ocr_line' id='line_1_110' title="bbox 2030 5527 3605 5611; baseline -0.01 -17"><span class='ocrx_word' id='word_1_738' title='bbox 2030 5542 2118 5611; x_wconf 91' lang='lat' dir='ltr'><strong><em>qui</em></strong></span> <span class='ocrx_word' id='word_1_739' title='bbox 2155 5556 2220 5596; x_wconf 91' lang='lat' dir='ltr'><strong><em>eo</em></strong></span> <span class='ocrx_word' id='word_1_740' title='bbox 2259 5556 2469 5595; x_wconf 87' lang='lat' dir='ltr'><strong><em>canone</em></strong></span> <span class='ocrx_word' id='word_1_741' title='bbox 2513 5542 2878 5603; x_wconf 81' lang='lat' dir='ltr'><strong><em>continentur,</em></strong></span> <span class='ocrx_word' id='word_1_742' title='bbox 2921 5552 2948 5590; x_wconf 88' lang='lat' dir='ltr'><strong><em>a</em></strong></span> <span class='ocrx_word' id='word_1_743' title='bbox 2997 5527 3470 5597; x_wconf 86' lang='lat' dir='ltr'><strong><em>Constantinopol.</em></strong></span> <span class='ocrx_word' id='word_1_744' title='bbox 3507 5540 3605 5595; x_wconf 85' lang='lat' dir='ltr'><strong><em>pa-</em></strong></span> 
     </span>
    </p>
   </div>
   <div class='ocr_carea' id='block_1_111' title="bbox 2027 5617 3603 5701">
    <p class='ocr_par' dir='ltr' id='par_1_111' title="bbox 2027 5617 3603 5701">
     <span class='ocr_line' id='line_1_111' title="bbox 2027 5617 3603 5701; baseline -0.01 -15"><span class='ocrx_word' id='word_1_745' title='bbox 2027 5633 2268 5686; x_wconf 85' lang='lat' dir='ltr'><strong><em>triarcha</em></strong></span> <span class='ocrx_word' id='word_1_746' title='bbox 2324 5631 2568 5686; x_wconf 87' lang='lat' dir='ltr'><strong><em>ordinari</em></strong></span> <span class='ocrx_word' id='word_1_747' title='bbox 2625 5636 2783 5701; x_wconf 67' lang='lat' dir='ltr'><strong><em>eique</em></strong></span> <span class='ocrx_word' id='word_1_748' title='bbox 2837 5627 3052 5695; x_wconf 85' lang='lat' dir='ltr'><strong><em>subjici.</em></strong></span> <span class='ocrx_word' id='word_1_749' title='bbox 3109 5623 3164 5679; x_wconf 93' lang='lat' dir='ltr'><strong><em>Si</em></strong></span> <span class='ocrx_word' id='word_1_750' title='bbox 3219 5630 3399 5676; x_wconf 86' lang='lat' dir='ltr'><strong><em>autem</em></strong></span> <span class='ocrx_word' id='word_1_751' title='bbox 3465 5617 3603 5671; x_wconf 87' lang='lat' dir='ltr'><strong><em>alias</em></strong></span> 
     </span>
    </p>
   </div>
   <div class='ocr_carea' id='block_1_112' title="bbox 2024 5716 3600 5793">
    <p class='ocr_par' dir='ltr' id='par_1_112' title="bbox 2024 5716 3600 5793">
     <span class='ocr_line' id='line_1_112' title="bbox 2024 5716 3600 5793; baseline -0.012 -10"><span class='ocrx_word' id='word_1_752' title='bbox 2024 5730 2187 5783; x_wconf 83' lang='lat' dir='ltr'><strong><em>etiam</em></strong></span> <span class='ocrx_word' id='word_1_753' title='bbox 2237 5728 2501 5784; x_wconf 78' lang='lat' dir='ltr'><strong><em>ecclesias</em></strong></span> <span class='ocrx_word' id='word_1_754' title='bbox 2537 5727 2829 5789; x_wconf 80' lang='lat' dir='ltr'><strong><em>inveneris,</em></strong></span> <span class='ocrx_word' id='word_1_755' title='bbox 2870 5738 2990 5793; x_wconf 73' lang='lat' dir='ltr'><strong><em>qum</em></strong></span> <span class='ocrx_word' id='word_1_756' title='bbox 3044 5716 3366 5790; x_wconf 76' lang='lat' dir='ltr'><strong><em>principales</em></strong></span> <span class='ocrx_word' id='word_1_757' title='bbox 3414 5720 3468 5766; x_wconf 86' lang='lat' dir='ltr'><strong><em>et</em></strong></span> <span class='ocrx_word' id='word_1_758' title='bbox 3504 5726 3600 5783; x_wconf 87' lang='lat' dir='ltr'><strong><em>per</em></strong></span> 
     </span>
    </p>
   </div>
   <div class='ocr_carea' id='block_1_113' title="bbox 2024 5796 3597 5894">
    <p class='ocr_par' dir='ltr' id='par_1_113' title="bbox 2024 5796 3597 5894">
     <span class='ocr_line' id='line_1_113' title="bbox 2024 5796 3597 5894; baseline -0.008 -18"><span class='ocrx_word' id='word_1_759' title='bbox 2024 5837 2081 5878; x_wconf 87' lang='lat' dir='ltr'><strong><em>se</em></strong></span> <span class='ocrx_word' id='word_1_760' title='bbox 2113 5823 2224 5878; x_wconf 86' lang='lat' dir='ltr'><strong><em>sint</em></strong></span> <span class='ocrx_word' id='word_1_761' title='bbox 2252 5824 2451 5894; x_wconf 87' lang='lat' dir='ltr'><strong><em>capita,</em></strong></span> <span class='ocrx_word' id='word_1_762' title='bbox 2486 5834 2544 5877; x_wconf 85' lang='lat' dir='ltr'><strong><em>ut</em></strong></span> <span class='ocrx_word' id='word_1_763' title='bbox 2576 5822 2907 5891; x_wconf 71' lang='lat' dir='ltr'><strong><em>uulgariam,</em></strong></span> <span class='ocrx_word' id='word_1_764' title='bbox 2930 5796 3197 5888; x_wconf 47' lang='lat' dir='ltr'><strong><em>&#39;(Zyprum,</em></strong></span> <span class='ocrx_word' id='word_1_765' title='bbox 3230 5806 3484 5871; x_wconf 85' lang='lat' dir='ltr'><strong><em>lberiam,</em></strong></span> <span class='ocrx_word' id='word_1_766' title='bbox 3525 5820 3597 5864; x_wconf 84' lang='lat' dir='ltr'><strong><em>ne</em></strong></span> 
     </span>
    </p>
   </div>
  </div>
