3992 6480
463 397 570 464 319

1714 398 1813 455 ἸΙΙ
1827 396 1990 458 ΕΟΙ).
2026 394 2430 455 BALSAMON

3599 393 3698 456 320

463 508 696 564 mireris.
747 505 1012 576 Bulgaria:
1045 505 1187 559 enim
1233 504 1704 576 archiepiscopum
1744 505 2028 562 honoravit

2152 504 2406 574 ;ύρίσκεις
2460 503 2555 568 ὡς’
2587 504 2684 574 τὴν
2741 501 3102 571 Βουλγαρίας,
3150 501 3252 570 τὴν
3303 499 3552 570 Κύπρου,
3603 506 3696 572 τὴν

465 615 553 655 rex
583 597 940 652 Justiniauus.
978 598 1042 652 Et
1069 599 1184 667 lege
1217 597 1309 652 l5!
1349 598 1468 668 ejus
1505 598 1793 665 Novellum,
1827 613 1944 668 quae
1976 599 2030 653 in

461 690 676 744 Basilie.
718 690 808 745 lib.
854 707 904 753 v,
943 691 1039 744 tit.-
1066 692 1123 754 3,
1155 705 1274 756 cap.
1312 692 1362 753 1,
1400 691 1574 762 posita
1611 692 1678 744 ad
1713 692 2033 758 interpreta-

465 783 661 834 tionem
696 781 749 848 5,
777 797 898 850 cap.
935 783 1093 851 primi
1129 784 1209 837 tit.
1241 784 1523 852 praesentis
1547 782 1738 850 Operis
1771 801 1783 836 :
1823 785 2032 838 archie-

466 871 741 938 piscopum
779 872 938 941 Cypri
980 872 1264 925 honoravit
1317 875 1469 925 tertia
1505 873 1762 941 synodus.
1807 872 1871 925 Et
1918 872 2033 942 lege

466 961 701 1029 ejusdem
728 978 850 1032 syn.
877 979 996 1019 can.
1027 964 1058 1018 8
1088 975 1139 1016 et
1171 980 1292 1017 can.
1321 965 1388 1019 59
1412 982 1530 1035 syn.
1563 967 1615 1019 6.
1643 964 1824 1018 Iberia;
1853 975 2031 1018 autem

465 1056 777 1123 episc0pum
800 1055 1084 1108 honoravit
1109 1057 1454 1108 Antiochena:
1481 1056 1670 1125 synodi
1693 1056 2028 1123 dijudicatio.

470 1145 675 1198 Dicitur
714 1147 856 1200 enim
893 1147 1034 1214 quod
1079 1156 1317 1214 tempore
1352 1148 1677 1200 sanctissimi
1714 1149 2033 1216 patriarchas

466 1238 664 1292 divinae
713 1239 950 1291 civitatis
999 1255 1206 1308 magna:
1244 1239 1568 1304 Antiochim,
1611 1241 1812 1293 domini
1865 1239 2031 1305 Petri,

469 1330 566 1384 fuit
600 1331 855 1402 synodica
899 1331 1194 1394 ordinatio,
1234 1347 1336 1399 qua
1373 1342 1634 1387 statutum
1683 1341 1765 1386 est
1810 1333 2031 1386 liberam

468 1435 588 1474 esse
611 1437 674 1474 ac
707 1421 1076 1488 principalem,
1104 1432 1154 1475 et
1182 1438 1274 1490 per
1304 1437 1360 1476 se
1386 1431 1562 1490 caput,
1603 1423 1888 1476 ecclesiam
1921 1424 2035 1475 lbe-

469 1509 584 1573 ria,
628 1511 720 1564 sed
752 1518 932 1565 tamen
967 1520 1094 1565 tunc
1131 1513 1466 1567 Antiocheno
1505 1515 1824 1582 patriarcha:
1854 1515 2036 1584 subje-

470 1610 631 1653 ctam.
671 1600 788 1654 Jam
820 1616 952 1656 vero
977 1612 1030 1657 et
1059 1603 1239 1656 Sicilia
1272 1605 1432 1656 certis
1471 1604 1667 1658 abhinc
1704 1604 1859 1658 annis
1887 1608 2035 1662 urbis

470 1690 1077 1759 Coustantinopolitanm
1136 1695 1331 1747 throno
1393 1695 1673 1763 subjecta,
1735 1697 2035 1764 tyrannicis

470 1782 722 1835 manibus
765 1782 832 1836 ab
862 1796 923 1835 ea
959 1783 1142 1838 avulsa
1189 1793 1268 1838 est
1315 1801 1328 1838 :
1364 1799 1591 1854 eamque
1633 1786 1698 1838 ad
1745 1786 1836 1854 jus
1879 1801 2032 1840 suum

2147 599 2409 668 Ἰὄηρίας,
2447 598 2520 666 μὴ
2569 596 2878 666 θαυμάσῃς.
2911 596 3014 648 Τὸν
3049 595 3147 663 μὲν
3197 594 3308 663 γὰρ
3356 593 3698 662 ἀρχιεπίσκο-

2133 706 2234 744 πον
2261 690 2596 757 Βουλγαρίας
2630 689 2890 756 ἐτίμησεν
2931 689 2958 740 ό
3015 684 3269 756 βασιλεὺς
3309 683 3696 746 Ἰουστινιανός.

2134 785 2244 837 Καὶ
2295 783 2564 850 ἀνάγνωθι
2617 783 2713 852 τὴν
2747 781 2862 852 ρλα¹
2887 780 3086 848 νεαρὰν
3133 776 3299 832 αὐτοῦ
3338 775 3598 846 κειμένην
3646 778 3699 829 ἐν

2135 874 2324 944 βιϐλίῳ
2367 874 2473 926 τῶν
2514 871 2818 925 Βασιλικῶν
2866 877 2927 933 ε’,
2975 870 3140 938 τίτλῳ
3168 867 3238 936 γ’,
3271 885 3399 936 κειρ.
3433 865 3502 933 α’,
3529 885 3692 922 κατα-

2135 968 2467 1034 στρωθείσαν
2519 967 2597 1026 είς
2641 966 2739 1033 τὴν
2771 963 3067 1032 ἑρμηνείαν
3100 960 3194 1012 τοῦ
3230 976 3256 1011 ε
3321 975 3451 1026 κεφ.
3500 959 3596 1011 τοῦ
3653 966 3698 1014 α’

2132 1059 2310 1111 τίτλου
2339 1057 2430 1110 τοῦ
2464 1057 2730 1124 παρόντος
2763 1055 3175 1122 συντάγματοςο
3224 1052 3319 1104 τὸν
3351 1052 3696 1120 ἀρχιεπίσκο·

2135 1168 2236 1201 πον
2289 1149 2514 1217 Κύπρου
2570 1147 2827 1214 ἐτίμησεν
2860 1147 2891 1214 ἡ
2925 1151 2971 1212 γ’
3005 1144 3239 1207 σύνοδος.
3292 1145 3403 1197 Καὶ
3435 1145 3697 1212 ἀνάγνωθι

2133 1241 2231 1307 τῆς
2261 1240 2430 1307 αὐτῆς
2462 1239 2681 1291 συνόδου
2715 1238 2916 1290 κανόνα
2943 1243 2992 1305 η’
3023 1238 3117 1289 καὶ
3148 1236 3239 1288 τὸν
3273 1233 3353 1287 λθ¹
3381 1235 3580 1288 κανόνα
3607 1237 3698 1302 τῆς

2137 1329 2189 1394 ς’
2223 1331 2464 1384 συνόδου.
2505 1330 2606 1384 Τὸν
2637 1331 2695 1383 δέ
2740 1329 2980 1399 Ἰϐηρίας
3007 1329 3234 1399 ἐτίμησε
3265 1328 3560 1394 διάγνωσις
3610 1329 3700 1397 τῆς

2134 1425 2191 1474 ἐν
2229 1424 2530 1493 Ἀντιοχείᾳ
2586 1423 2828 1476 συνόδου.
2885 1422 3119 1489 Λέγεται
3173 1421 3285 1489 γὰρ
3339 1421 3421 1472 ὅτι
3471 1421 3558 1473 ἐπὶ
3600 1419 3699 1472 τῶν

2135 1515 2354 1586 ἡμερῶν
2381 1516 2474 1568 τοῦ
2505 1516 2813 1583 ἀγιιυτάτου
2850 1514 3189 1583 πατριάρχου
3234 1511 3577 1573 θεουπόλεως
3611 1528 3699 1580 με-

2135 1611 2306 1679 γάλης
2342 1608 2697 1678 Ἀντιοχείας,
2721 1606 2891 1675 κυροῦ
2925 1607 3150 1676 Πέτρου,
3175 1606 3402 1674 γέγονεν
3432 1605 3700 1672 οἰκονομία

2139 1700 2413 1768 συνοδικὴ,
2465 1699 2758 1766 ἐλευθέραν
2809 1694 2971 1762 εἶναι,
3025 1698 3120 1749 καὶ
3174 1694 3566 1762 αὐτοκέφαλον,
3610 1693 3702 1763 τὴν

2139 1792 2434 1861 ἐκκλησίαν
2464 1794 2562 1861 τῆς
2603 1790 2866 1860 Ἰϐηρίας,
2910 1788 3283 1856 ὑποκειμένην
3328 1787 3450 1838 τότε
3499 1785 3576 1854 τῷ
3611 1803 3702 1837 πα-

473 1874 764 1942 pristin-um
806 1875 981 1929 redire
1012 1876 1192 1945 cupio,
1227 1877 1430 1931 auxilio
1462 1878 1656 1931 divina;
1683 1879 2033 1946 gubernantis

2152 1859 2380 1956 τριάρχῃ
2416 1859 2766 1952 Ἀντιοχείας.
2807 1883 2872 1934 'H
2911 1881 3094 1952 μέντοι
3128 1880 3373 1941 Σικελία,
3428 1879 3534 1950 πρὸ
3581 1877 3700 1948 χρό-

473 1962 641 2016 nostri
703 1963 1076 2032 imperatoris,
1140 1974 1391 2034 tanquam
1447 1981 1564 2034 qua:
1617 1967 1668 2020 in
1723 1969 2039 2022 servitutem

473 2052 703 2105 abducta
740 2052 869 2119 ﬁlia,
908 2054 972 2107 ad
1023 2055 1246 2108 liberam
1283 2067 1504 2109 matrem
1539 2066 1858 2109 revertatur.
1892 2055 2042 2122 Quod

475 2142 632 2198 liceat
657 2145 871 2214 quidem
903 2161 972 2200 ex
1005 2148 1319 2201 meonomia‘.
1352 2148 1581 2212 ratione,
1623 2147 1756 2202 alias
1781 2150 2042 2205 ecclesias

473 2248 595 2300 qua:
633 2249 662 2287 a
694 2235 987 2304 gentilibus
1018 2246 1370 2303 occupantur,
1406 2239 1526 2291 aliis
1570 2238 1816 2292 ecclesiis
1851 2255 2043 2293 conce-

475 2325 626 2388 dere,
657 2339 722 2377 ex
754 2327 1030 2389 prmscnti,
1063 2337 1119 2380 ut
1153 2328 1384 2393 videtur,
1421 2344 1625 2383 canone
1655 2331 1906 2385 traditum
1935 2340 2036 2385 est.

473 2413 592 2468 1am
641 2417 782 2470 enim
828 2416 1422 2490 Constantinopolitana
1459 2424 1694 2493 synodus
1728 2425 2041 2495 metropolio

480 2517 606 2562 lano
649 2509 990 2566 Nazianzcno
1033 2513 1180 2567 dedit
1217 2516 1499 2569 ecclesiam
1546 2518 1797 2588 Ancyrae,
1837 2527 1888 2571 et
1919 2518 2043 2574 aliis

478 2600 705 2659 diversis
723 2604 1058 2660 antistitibus
1072 2607 1204 2660 alias
1217 2607 1480 2677 ejusmodi
1507 2611 1788 2666 ecclesias.
1806 2612 2042 2676 Quibus—

478 2693 602 2745 dam
652 2705 828 2749 autem
867 2697 1028 2750 etiam
1067 2699 1116 2752 id
1167 2700 1340 2768 ipsum
1378 2717 1696 2757 concessum
1735 2713 1838 2768 est,
1867 2713 1923 2758 ut
1953 2722 2041 2758 se-

479 2783 644 2836 deant
695 2786 745 2839 in
797 2787 910 2857 ipso
966 2791 1160 2845 throno
1213 2793 1422 2847 tradita:
1473 2794 1718 2849 ecclesia:
1772 2795 1826 2849 in
1884 2811 2042 2850 sacro

483 2872 754 2931 tribunali.

2139 1993 2246 2028 νων
2275 1975 2560 2044 μετρητῶν
2593 1973 2928 2041 ὑποκειμένη
2958 1970 3037 2034 τῷ
3067 1968 3244 2039 θρόνῳ
3288 1967 3391 2035 τῆς
3427 1967 3703 2020 Κωνσταν-

2140 2066 2534 2129 τινουπὸλεως,
2596 2065 2702 2117 ὑπὸ
2755 2062 3094 2130 τυραννικῶν
3151 2059 3351 2128 χειρῶν
3403 2059 3468 2110 ἐκ
3513 2056 3704 2121 ταύτης

2138 2156 2494 2225 ἀπεσπάσθη·
2524 2161 2616 2208 καὶ
2649 2153 2880 2224 εὔχομαι
2914 2153 3001 2206 ἵνα
3035 2153 3127 2204 καὶ
3161 2149 3303 2218 αὕτη
3335 2147 3599 2218 ἐπανέλθῃ
3632 2147 3704 2207 είς

2139 2253 2211 2305 τὰ
2241 2252 2486 2320 πρότερα
2518 2249 2700 2302 δίκαια
2738 2249 2804 2315 τῇ
2839 2244 3125 2314 ἀντιλήψει
3154 2243 3250 2296 τοῦ
3285 2241 3702 2310 θεοκυσερνήτου

2141 2345 2174 2414 ἡ
2185 2343 2298 2412 μῶν
2332 2340 2751 2410 αὐτοκράτορος,
2780 2337 2912 2390 ὡσεὶ
2935 2333 3442 2404 αἰχμαλωτισθεῖσα
3471 2331 3704 2400 θυγάτηρ

2144 2435 2280 2506 πρὸς
2345 2433 2638 2502 ἐλευθέραν
2697 2431 2930 2499 μητέρα.
2969 2429 3042 2481 Τὸ
3101 2427 3288 2497 μέντοι
3336 2421 3705 2494 προσηνῶσθαι

2145 2525 2285 2581 κατὰ
2317 2526 2475 2593 λόγον
2503 2523 2816 2592 οἰκονομίας
2862 2519 3180 2588 ἐκκλησίαις
3218 2517 3365 2569 τισὶν
3401 2515 3587 2584 ἐτέρας
3621 2513 3706 2564 ἐκιε

2147 2618 2378 2686 κλησίας
2412 2617 2515 2669 ὑπὸ
2547 2614 2714 2668 ἐθνῶν
2751 2613 3124 2682 κατεχομένας
3153 2609 3263 2662 ἀπὸ
3317 2607 3410 2660 τοῦ
3457 2603 3707 2672 παρόντος

2148 2709 2482 2773 κανόνος,ὼς
2511 2707 2708 2768 ἔοικεν,
2739 2706 3020 2781 ἐνδίδοται,
3050 2701 3249 2756 αὐτίκα
3283 2700 3394 2770 γὰρ
3422 2699 3454 2766 ἡ
3483 2701 3538 2748 ἐν
3567 2697 3710 2747 Κων-

2150 2799 2586 2853 σταντινουπόλει
2616 2797 2832 2860 σύνοδος
2856 2795 3052 2849 δέδωκε
3079 2793 3156 2864 τῷ
3189 2790 3560 2862 μητροπολίτῃ
3607 2787 3710 2840 N1-

2149 2889 2365 2955 ζιανζοῦ
2419 2890 2513 2960 τὴν
2568 2890 2862 2958 ἐκκλησίαν
2911 2887 3010 2955 τῆς
3053 2884 3350 2954 Ἀγκύρας,
3382 2884 3474 2935 καὶ
3517 2879 3710 2946 ἑτέροις

481 2965 796 3040 ἀρχιερεῦσι
852 2974 1128 3045 διαφόροις
1157 2976 1350 3046 ἐτέρας
1397 2979 1651 3044 τοιαύτας
1680 2979 1994 3050 ἐκκλησίας.
2021 2982 2145 3037 Τισὶ
2180 2985 2236 3037 δέ
2270 2983 2483 3053 ἐνεδόθη
2540 2984 2632 3037 καὶ
2663 2983 2792 3036 αὐτὸ
2820 2982 2880 3035 τὸ
2937 2979 3207 3048 καθῆσθαι
3252 2979 3336 3040 είς
3379 2975 3470 3030 τὸν
3516 2976 3571 3027 ἐν
3643 2967 3710 3037 τῷ

479 3061 622 3132 ἁγίῳ
653 3064 859 3134 βήματι
886 3068 1075 3139 θρόνον
1098 3073 1194 3142 τῆς
1225 3074 1568 3148 ἐπιδοθείσης
1591 3077 1906 3147 ἐκκλησίας.

553 3156 807 3213 ZONAR.
860 3162 930 3217 Ut
962 3165 1014 3216 in
1046 3166 1296 3221 ecclesiis
1326 3169 1710 3237 tranquillitas,
1739 3172 2049 3226 concordia-

2226 3170 2470 3224 ΖΩΝΑΡ.
2495 3167 2845 3221 Κατάστασιν
2873 3165 2932 3216 ἐν
2967 3165 3084 3226 ταῖς
3111 3162 3436 3230 ἐκκλησίαις
3460 3158 3546 3212 καὶ
3573 3154 3711 3223 εἰρή-

483 3262 589 3312 quo
635 3252 857 3318 vigeret,
909 3264 961 3306 et
1011 3256 1079 3308 ab
1124 3259 1379 3325 apostolis
1434 3261 1638 3327 primo,
1674 3271 1724 3315 et
1773 3278 1802 3316 a
1849 3263 2050 3316 sanctis

488 3340 736 3398 Palribns
786 3361 890 3397 non
935 3349 1192 3402 mediocri
1235 3351 1433 3416 studio,
1475 3369 1710 3422 curaque
1759 3365 1937 3421 postea
1968 3366 2052 3410 est

486 3431 842 3496 elaboratum.
875 3435 1006 3490 Nam
1037 3439 1110 3492 illi
1154 3441 1391 3506 quidem,
1441 3458 1506 3497 ne
1535 3445 1618 3497 cui
1663 3445 1914 3515 episcOpo
1955 3463 2050 3501 sua

490 3531 694 3595 relicta,
726 3535 776 3584 in
804 3535 1027 3589 alterius
1051 3533 1342 3599 parceciam
1371 3535 1574 3589 insilire
1602 3537 1782 3602 liccat,
1812 3537 2054 3593 decimo-

491 3633 685 3688 quarto
731 3639 938 3679 canone
987 3640 1238 3680 Satucrc.
1293 3626 1478 3679 Patres
1530 3637 1710 3682 autem
1769 3631 1818 3683 in
1881 3633 2050 3696 prima

494 3713 706 3769 Nicazna
736 3719 939 3786 synodo
969 3719 1300 3795 congregati,
1331 3722 1578 3786 antiquas
1613 3725 2052 3790 consuetudines,

495 3803 550 3858 in
579 3806 677 3859 hac
710 3818 860 3874 parte
896 3811 1225 3879 retinendas,
1261 3826 1311 3866 et
1339 3827 1604 3882 Quemque
1643 3815 1889 3868 thromtm
1932 3834 2055 3885 pro-

496 3896 704 3951 vincias
733 3900 832 3953 sibi
865 3903 1136 3970 subjectas
1163 3906 1543 3961 administrare
1566 3917 1719 3960 sexto
1748 3917 1800 3962 et
1831 3912 2057 3976 septimo

497 4001 705 4043 canone
733 3991 1108 4052 decreverunt.
1151 3996 1291 4050 Idem
1326 3998 1410 4052 hic
1441 4013 1656 4068 quoque
1684 4003 1957 4064 statuitur,
1995 4016 2058 4056 ac

497 4079 783 4150 episcopus
821 4085 1042 4151 quilibet
1075 4089 1353 4153 ecclesias,
1385 4100 1533 4143 extra
1571 4091 1848 4145 dioecesim
1880 4108 2055 4158 suam,

503 4170 604 4224 hoc
634 4181 716 4225 est
746 4173 1040 4240 subjeclam
1071 4179 1174 4232 sibi
1207 4181 1556 4247 provinciam,
1593 4183 1920 4252 ditionisque
1950 4201 2059 4238 suat

501 4263 762 4318 terminos
793 4266 994 4333 positas
1038 4268 1288 4323 invadere
1334 4271 1520 4339 (verbo
1558 4272 1865 4337 invadendi,
1897 4273 2058 4327 latro-

499 4351 696 4404 cinium
719 4356 1136 4421 quodammodo,
1163 4361 1676 4431 impressionemquc
1699 4364 2056 4418 turbulentam

500 4442 796 4511 iudicante)
830 4457 884 4500 et
922 4449 1055 4504 alios
1103 4449 1300 4504 limitrs
1345 4452 1547 4519 ingredi
1583 4455 1918 4522 prohibetur.
1953 4456 2062 4510 Hoc

2152 3281 2250 3332 νην
2282 3260 2661 3314 πολιτεύεσθαι
2696 3259 2782 3312 διὰ
2814 3257 3012 3326 πολλῆς
3045 3255 3330 3326 φροντίδος
3381 3253 3474 3307 καὶ
3499 3252 3547 3304 οἱ
3577 3251 3710 3315 ἅγιοι

2153 3354 2438 3407 ἀπόστολοι
2492 3353 2586 3404 καὶ
2635 3354 2682 3404 οἱ
2730 3351 2863 3402 θεῖοι
2912 3348 3154 3417 Πατέρες
3204 3348 3500 3416 μετέπειτα
3539 3339 3712 3407 ἐποιή-

2156 3462 2335 3499 σαντο.
2373 3445 2436 3496 Oi.
2469 3443 2568 3509 μὲν
2602 3445 2709 3511 γὰρ
2741 3440 3025 3493 ἀπόστολοι
3057 3442 3112 3490 ἐν
3141 3435 3712 3507 τεσσαρεσκαιδεκάτη)

2154 3540 2337 3592 κανόνι
2369 3539 2442 3606 μὴ
2483 3535 2681 3598 ἐξεῖναι
2730 3534 3012 3600 ὲπισκόπῳ
3042 3531 3202 3600 ἑτέρα
3239 3529 3511 3596 ἐπιπηδᾷν
3557 3540 3712 3578 κατα-

2155 3633 2365 3684 λιπόντι
2399 3631 2497 3697 τὴν
2540 3627 2734 3680 ἑαυτοῦ
2777 3626 3104 3691 διετάξαντο.
3141 3625 3200 3674 υἱ
3235 3623 3292 3673 δὲ
3328 3624 3384 3673 ἐν
3414 3623 3479 3688 τῇ
3534 3617 3712 3685 πρώτῃ

2157 3724 2357 3791 συνόδῳ
2413 3723 2552 3774 κατὰ
2582 3721 2818 3772 Νίκαιαν
2852 3714 3337 3785 συναθροισθέντες
3384 3714 3616 3780 Πατέρες
3661 3707 3713 3757 ἐν

2155 3817 2298 3886 ἓκτῳ
2329 3815 2422 3868 καὶ
2455 3815 2671 3883 ἑϐδόμῳ
2702 3811 2886 3863 κανόνι
2915 3810 2984 3862 τὰ
3007 3810 3210 3878 ἀρχαῖα
3239 3806 3463 3874 κρατεῖν
3498 3802 3597 3871 ἤθη
3618 3796 3711 3886 καὶ

2157 3884 2384 3959 ἕκαστον
2419 3903 2606 3973 θρόνον
2654 3905 2749 3963 τὰς
2780 3895 3088 3964 ἀνηκούσαις
3139 3892 3286 3962 αύτῷ
3324 3889 3585 3958 ἐπαρχίας
3612 3884 3710 3935 διέ-

2159 4015 2282 4050 πειν
2313 3994 2770 4065 ἐθεσμοθέτησαν.
2806 3989 2974 4042 Τοῦτο
3004 3988 3059 4039 δέ
3105 3987 3201 4040 καὶ
3231 3985 3258 4036 ὁ
3310 3983 3503 4053 παρὼν
3547 3974 3713 4032 κανὼν

2157 4087 2472 4160 διορίζεται,
2534 4087 2628 4138 καὶ
2681 4085 2978 4142 ἐπίσκοπος
3027 4080 3166 4146 ὑπὲρ
3216 4077 3501 4146 διοίκησιν,
3557 4071 3712 4138 ἤγουν

2161 4180 2302 4250 ὑπὲρ
2333 4179 2432 4246 τὴν
2464 4177 2774 4243 ἀνήκουσαν
2820 4170 2966 4240 αύτῷ
3001 4169 3267 4237 ἐπαρχίαν
3318 4168 3376 4217 ἐν
3405 4165 3523 4224 ταῖς
3557 4161 3712 4224 ὕπερ-

2159 4273 2329 4339 ορίοις
2361 4267 2696 4335 ἐκκλησίαις,
2716 4267 2833 4324 ταῖς
2863 4261 3048 4321 οὔσαις
3077 4256 3280 4328 δηλαδὴ
3317 4257 3460 4324 ὑπὲρ
3479 4253 3543 4305 τὰ
3575 4251 3690 4315 ἀφω

2165 4335 2396 4432 ρῂισμένα
2429 4358 2643 4425 ἑκάστῳ
2671 4358 2814 4423 ὅρια,
2849 4353 2924 4421 μὴ
2957 4353 3169 4403 ἐπιέναι
3218 4335 3712 4405 διακελεύεται,διὰ

2163 4431 2257 4504 τοῦ
2288 4454 2498 4502 ἐπιέναι
2529 4449 2626 4517 τὴν
2654 4445 2954 4518 λῃστρικὴν
2999 4437 3108 4494 οἷον
3145 4439 3429 4508 ἐμφαίνων
3472 4434 3564 4487 καὶ
3596 4431 3715 4483 ἄτα-

500 4537 645 4590 euim
677 4537 993 4604 intelligitur
1024 4555 1117 4607 per
1152 4541 1460 4610 episcopum
1499 4545 1638 4596 ultra
1685 4546 1959 4601 diceeesim
1993 4548 2049 4599 ad

2164 4562 2289 4596 κτον
2334 4542 2540 4608 ἔφοδον,
2589 4539 2690 4592 καὶ⁸
2746 4537 2877 4605 μτδὲ
2923 4533 3222 4586 ἐπιϐαίνειν
3275 4531 3464 4598 ἐτέρου
3521 4522 3711 4594 ἐνορίᾳ.

501 4642 712 4682 sacram
748 4630 984 4697 aliquam
1014 4632 1340 4685 iunctionem
1371 4637 1726 4688 exercendam
1759 4653 1867 4691 non
1899 4653 2062 4691 voca-

506 4729 640 4780 tum,
667 4719 757 4772 sed
784 4721 1152 4786 adhortatum,
1178 4732 1231 4777 et
1258 4740 1282 4775 a
1313 4725 1552 4791 pluribus
1579 4727 1644 4780 ad
1673 4729 1721 4780 id
1747 4743 2063 4794 persuasum

507 4810 772 4879 episcopis
817 4811 968 4879 juxta
1021 4815 1218 4867 dictum
1251 4830 1514 4870 canonem
1563 4820 1939 4886 apostolicum.
1975 4822 2068 4872 Ee-

504 4900 804 4956 clcsiastica
829 4916 1005 4958 autem
1035 4906 1299 4975 cujusque
1328 4909 1614 4978 provincia:
1647 4913 1878 4979 negotia,
1907 4913 2064 4964 nimi-

506 5009 621 5047 rum
654 4995 972 5059 eleCtibnes,
1009 5002 1398 5066 ordinationes,
1445 5013 1497 5056 et
1533 5005 1596 5054 de
1641 5003 2068 5056 excommunica-

506 5083 757 5148 ti0nibus,
794 5087 998 5151 multis,
1039 5087 1266 5158 aliisque
1294 5090 1552 5155 ejusmodi
1581 5091 2065 5144 controversiarum

500 5175 811 5252 decisiones
836 5182 1026 5248 synodi
1078 5183 1418 5250 provincialis
1459 5185 1783 5236 auctoritate
1831 5184 2066 5235 admini—

506 5267 668 5323 strari
701 5277 754 5323 et
792 5271 1044 5326 constitui
1083 5274 1275 5342 placet.
1311 5272 1438 5338 Quae
1477 5290 1601 5327 vero
1635 5275 1775 5327 ittlcl‘
1804 5275 2070 5326 Bai-haras

505 5371 694 5427 gentes
744 5359 1002 5417 Ecclesiae
1055 5365 1286 5419 ﬁdelium
1344 5366 1592 5420 excitatae
1650 5365 1887 5430 fuerunt,
1945 5381 2067 5416 cum

509 5453 786 5519 pauciores
807 5453 947 5511 forte
963 5457 1240 5526 episcopos
1263 5459 1542 5520 haberent,
1570 5473 1726 5526 quam
1752 5459 1840 5523 qui
1867 5459 2070 5526 synodo

509 5544 763 5612 cogendae
808 5547 940 5601 satis
989 5562 1110 5602 esse
1157 5557 1413 5616 possent,
1469 5559 1554 5600 attl
1614 5549 1656 5601 si
1705 5549 1824 5616 quis
1873 5548 1941 5599 ibi
1965 5548 2067 5598 ictu

511 5638 718 5693 dicendi
753 5638 1003 5696 facultate
1048 5650 1348 5710 praestaret,
1395 5657 1516 5695 eum
1556 5642 1621 5692 ad
1672 5656 1837 5693 novos
1872 5639 2072 5693 Christi

511 5725 712 5781 milites
749 5729 1166 5792 coolirmandos,
1215 5730 1459 5796 atquein
1507 5728 1780 5796 proposito
1816 5728 1935 5780 ﬁdei
1984 5744 2074 5778 su-

520 5825 702 5887 coepto
721 5818 1089 5881 stabiliendos.
1114 5814 1164 5874 lu
1188 5820 1412 5874 alienam
1441 5819 1759 5886 quandoque
1784 5817 2071 5883 parmciam

2165 4629 2336 4682 Τοῦτο
2363 4630 2470 4698 γὰρ
2503 4627 2561 4680 τὸ
2594 4626 2732 4694 ὑπὲρ
2759 4624 3024 4691 διοίκησιν
3055 4622 3354 4674 ἐπίσκοπον
3379 4617 3605 4685 ἄκλητον
3631 4610 3714 4660 ἐπί

2165 4721 2423 4790 οἱᾳδὴτινι
2463 4720 2704 4788 ἱερατικῇ
2740 4715 3028 4782 διοικήσει,
3062 4712 3195 4766 ἀλλά
3244 4705 3716 4790 παρακαλούμενον

2166 4789 2257 4864 καὶ
2291 4814 2442 4882 παρὰ
2483 4809 2742 4862 πλειόνων
2787 4805 3104 4859 ἐπισκόπων
3135 4803 3270 4874 πρὸς
3316 4801 3476 4853 τοῦτο
3508 4789 3714 4882 ἐπιτρέ-

2168 4880 2399 4969 πόμενον
2452 4901 2593 4952 κατά
2644 4899 2732 4950 τόν
2784 4894 3072 4965 εἰρημένον
3105 4889 3460 4946 ἀποστολικδν
3509 4880 3712 4937 κανόνα.

2168 4995 2276 5057 Τὰς
2309 4995 2363 5046 δέ
2391 4993 2511 5044 καθ’
2539 4992 2775 5058 ἑκάστην
2806 4987 3078 5057 ἐπαρχίαν
3107 4975 3566 5053 ἐκκλησιαστικάς
3592 4973 3718 5024 διοι-

2170 5090 2380 5157 κήσεις,
2415 5088 2581 5156 ἤγουν
2610 5085 2846 5152 ψήφους,
2880 5085 2974 5136 καὶ
3017 5079 3371 5152 χειροτονίας,
3417 5074 3510 5128 καὶ
3556 5070 3719 5157 ἀμφιξ
3795 5097 3806 5108 ⁸

2170 5179 2360 5230 πολιῶν
2398 5177 2582 5236 λύσεις
2639 5178 2695 5228 ἐν
2755 5175 3082 5243 ἀφορισμοῖς
3135 5170 3229 5223 καὶ
3286 5163 3578 5232 ἐπιτιμίοις
3631 5153 3719 5208 καὶ

2169 5268 2370 5328 λοιποῖς
2426 5265 2686 5322 τοιούτοις
2749 5264 2844 5332 τὴν
2898 5263 3136 5330 ἑκάστης
3191 5257 3455 5326 ἐπαρχίας
3517 5246 3718 5303 σύνοδον

2172 5356 2418 5418 θεσπίζει
2466 5355 2792 5422 οἰκονομεῖν.
2838 5354 2991 5403 Ἐπεὶ
3045 5351 3100 5402 δὲ
3166 5348 3259 5400 καὶ
3313 5349 3372 5398 ἐν
3431 5338 3717 5409 Βαρὸἀροις

2173 5449 2381 5500 ἔθνεσιν
2428 5445 2742 5508 Ἐκκλησίαι
2798 5444 2919 5495 τότε
2953 5438 3090 5511 ἦσαν
3144 5438 3369 5498 πιστῶν,
3419 5436 3549 5487 ὅπου
3589 5427 3718 5482 ’ἴσως

2171 5543 2234 5593 οὐ
2269 5541 2451 5594 πολλοὶ
2489 5536 2630 5606 ἦσαν
2665 5538 2969 5593 ἐπίσκοποι,
3004 5534 3142 5585 ὥστε
3175 5534 3362 5601 ἀρκεῖν
3387 5529 3464 5588 είς
3491 5517 3718 5606 σύνοδον)

2176 5633 2207 5702 ἣ
2248 5632 2340 5683 καὶ
2370 5632 2662 5696 ἀναγκαῖον
2697 5623 2784 5696 ἦν,
2823 5627 2876 5678 εἴ
2899 5643 2980 5688 τις
3014 5628 3068 5677 ἐν
3098 5624 3242 5691 λόγῳ
3271 5619 3584 5686 διαλάμπων
3631 5600 3718 5674 ἦν’

2177 5725 2290 5775 ἐκεῖ
2321 5720 2678 5790 προσφοιτᾷν,
2732 5719 2826 5769 καὶ
2866 5719 2982 5778 ταῖς
3034 5716 3142 5768 τῶν
3179 5713 3354 5766 ἄλλων
3399 5699 3718 5774 παροικίαις.

2178 5813 2318 5865 ὥστε
2371 5807 2746 5878 ἐπιστηρίςειν
2776 5809 2897 5871 τοὺς
2930 5809 2994 5877 τῇ
3028 5807 3210 5858 πίστει
3254 5801 3592 5873 προσιόντας,
3633 5793 3718 5840 καὶ
