3992 6480
304 317 406 382 321

1447 306 1528 365 IN
1563 301 1736 364 CAN.
1780 299 1876 359 111
1917 297 2129 358 CONC.
2163 299 2269 361 ΟΡ.
2321 300 2399 359 ΙΙ.

3466 304 3572 361 322

308 426 563 500 βεϐαιοῦν
599 427 655 477 ὲν
681 424 818 494 αὐτῇ
873 422 933 475 τὸ
983 419 1269 492 κρατῆσαν
1304 416 1426 479 ἔθος
1464 416 1624 485 μέχρι
1666 414 1789 465 τότε
1834 412 1889 463 ὲν

2032 423 2299 463 ommeare
2356 408 2515 462 etiam
2564 424 2787 463 necesse
2839 409 2998 474 foret,
3048 408 3187 463 nihil
3235 423 3304 463 ex
3348 381 3569 478 antiqua

305 524 419 582 τοῖς
448 514 712 578 τὸιοὺτοις
742 515 1083 582 ὲνδέδωκενή
1111 513 1239 579 ἁγία
1266 508 1480 569 σύνοδος
1500 509 1591 559 καὶ
1608 506 1888 557 είσέπειτα

308 609 721 666 πολιτεύεσθαι.

308 704 532 760 ΔΡΙΣΤ.
575 700 908 767 Ὺπερόριος
940 693 1150 765 μηδείς
1176 691 1482 760 συγχεέτω
1528 688 1635 748 τὰς
1663 688 1891 752 ἐκκλη-

380 799 547 859 σίας,
584 793 738 862 μήτε
767 787 1125 858 χειροτονῶν
1148 785 1299 854 μήτε
1341 778 1714 849 ἐνθρονίζων.
1759 779 1891 832 Ἐπὶ

378 888 585 957 μέντοι
633 886 752 937 τῶν
801 884 869 935 ἐν
903 881 1025 946 τοῖς
1059 879 1301 931 ἔθνεσιν
1335 872 1681 941 ἐκκλησιῶν
1706 872 1743 938 ἡ
1774 870 1893 923 τῶν

383 980 665 1049 Πατέρων
692 977 975 1043 κρατείτω
1000 971 1317 1035 συνήθεια.

396 1071 484 1123 Ἐν
512 1070 727 1128 πολλοῖς
773 1065 880 1116 τών
913 1061 1157 1115 κανόνων
1201 1060 1420 1127 εἴρηται
1448 1058 1530 1108 ὅτι
1562 1056 1622 1107 οὐ
1654 1054 1737 1106 δεῖ
1770 1052 1895 1105 επί-

320 1180 520 1216 σχοπον
556 1154 845 1225 ἀλλοτρίας
880 1154 1178 1206 ἐπιϐαίνειν
1230 1149 1536 1216 ἐπισκοπῆς
1561 1163 1575 1177 ⁸
1622 1145 1736 1199 ἀλλ’
1766 1145 1898 1197 ’ἐκα-

321 1273 444 1307 στον
494 1251 646 1314 ὲντδς
695 1250 804 1301 τῶν
854 1247 999 1298 ίδίων
1048 1246 1191 1312 ὅρων
1228 1243 1435 1311 μένειν,
1482 1241 1577 1293 καὶ
1610 1238 1687 1308 μὴ
1721 1237 1897 1305 πηδᾷν

321 1339 609 1408 ὑπερόρια,
644 1337 740 1389 καὶ
770 1336 869 1396 τὰς
899 1332 1193 1402 ἐκκλησίας
1226 1331 1507 1399 συγχέειν.
1560 1329 1683 1380 Ἐπὶ
1712 1326 1898 1396 μέντοι

319 1433 427 1484 τῶν
475 1432 533 1483 ἐν
590 1432 703 1491 τοῖς
758 1426 967 1480 ἔθνεσιν
1016 1425 1357 1491 ἐκκλησιῶν,
1391 1422 1498 1475 τῶν
1554 1423 1609 1473 ὲν
1643 1418 1900 1487 Αἰγύπτῳ

322 1522 414 1573 καὶ
465 1520 642 1589 Λιϐύῃ
695 1518 789 1571 καὶ
846 1516 1197 1579 Πενταπόλει,
1246 1513 1386 1567 κατὰ
1433 1514 1523 1565 τὸν
1583 1512 1740 1563 ἕκτον
1798 1526 1894 1563 κα·

322 1614 448 1666 νόνα
478 1611 581 1680 τῆς
613 1612 672 1662 ὲν
723 1607 927 1676 Νικαία
983 1606 1200 1659 συνόδου
1249 1610 1315 1659 τὰ
1362 1606 1566 1673 ἀρχαῖα
1614 1602 1711 1670 ἔθη
1765 1616 1900 1671 κρα-

323 1705 507 1757 τιίτω.

932 1791 1171 1844 ΚΑΝΩΝ
1210 1790 1284 1845 Γ’.

328 1890 442 1944 Tir
516 1886 727 1955 μέντοι
805 1878 1503 1943 Κωνσταντινουπόλεως
1567 1877 1908 1931 ἐπίσκοπον

399 1982 565 2047 ἔχειν
618 1990 691 2031 τα
748 1975 1033 2044 πρεσϐεῖα
1083 1973 1194 2042 τῆς
1247 1971 1418 2041 τιμῆς
1453 1972 1601 2041 μετὰ
1648 1970 1755 2023 τὸν
1798 1970 1908 2038 τῆς

410 2072 642 2139 Ῥώμης
689 2070 1049 2132 ἐπίσκοπον,
1093 2067 1189 2120 διὰ
1232 2066 1298 2119 τό
1343 2062 1496 2118 εἶναι
1525 2062 1721 2129 αὐτὴν
1763 2060 1910 2115 νέαν

413 2163 661 2231 Ῥώμην.

403 2253 601 2305 ΒΔΛΣ.
668 2249 734 2303 Ἦ
784 2249 937 2311 πόλις
986 2245 1125 2315 αὕτη
1177 2244 1272 2298 τοῦ
1325 2244 1597 2309 Βύζαντος
1644 2242 1744 2295 οὐκ
1796 2234 1907 2310 εἶχε

341 2347 498 2414 τιμὴν
524 2343 986 2414 ἀρχιεπισκόπου,
1025 2338 1163 2393 ἀλλὰ
1193 2338 1341 2408 παρὰ
1374 2335 1463 2390 τοῦ
1503 2334 1909 2405 μητροπολίτου

353 2438 676 2506 Ἡρακλείας
726 2432 1120 2504 ἐχειροτονεῖτό
1170 2447 1300 2501 ποτε
1340 2430 1634 2491 ἐπίσκοπος
1665 2430 1721 2478 ὲν
1750 2426 1909 2495 αὐτῇ.

348 2526 669 2593 Ἰστορεῑται
721 2524 830 2593 γὰρ
878 2523 971 2588 ὡς,
1022 2526 1072 2574 εί
1109 2521 1200 2573 καὶ
1244 2515 1311 2589 ἦν
1339 2519 1399 2571 τὸ
1426 2517 1723 2581 Βυζάντιον
1762 2514 1912 2577 πόλις

336 2618 460 2671 καθ’
511 2618 714 2685 ἑαυτὴν
766 2613 1150 2683 διεξαγομένη,
1205 2612 1320 2664 ἀλλ’
1381 2608 1751 2680 ἐπολιορκηθη
1811 2607 1916 2658 ὑπὸ

332 2707 578 2778 Σεϐήρου
620 2707 907 2773 Ῥωμαίων
936 2703 1364 2773 αὐτοκράτορος.
1392 2698 1756 2765 καὶ-ὑπετέθη
1789 2698 1915 2749 Πειο

338 2799 587 2869 ρινθίοις.
620 2798 905 2868 Πείρινθος
958 2796 1016 2872 δε
1065 2798 1213 2848 ἐστιν
1265 2795 1298 2864 ἡ
1349 2791 1665 2863 Ἡράκλεια.
1703 2788 1809 2842 Τοῦ
1860 2787 1916 2839 δὲ

336 2889 593 2956 Μεγάλου
651 2886 1060 2940 Κωνσταντίνου
1115 2882 1517 2953 μεταγαγόντος
1568 2882 1624 2933 ὲν
1670 2878 1806 2946 αὑτῇ
1852 2876 1920 2928 τὰ

338 2980 604 3049 σκῆπτρα
640 2979 735 3047 τῆς
769 2974 1045 3047 βασιλείας
1072 2973 1181 3027 τῶν
1221 2971 1533 3041 Ῥωμαίων,
1600 2967 1919 3037 μετωνομά-

1993 501 2403 563 consuetudine,
2430 500 2480 551 in
2498 516 2560 553 ea
2579 515 2637 553 re
2659 502 2894 568 synodus
2918 501 3127 555 censuit
3151 502 3569 557 immutandum.

1994 703 2107 773 89
2148 702 2374 756 ARIST.
2426 702 2625 757 Nullus
2656 706 2957 775 peregrinus
2984 706 3231 758 ecclesias
3260 704 3573 773 confundat,

2066 810 2227 863 neque
2251 793 2524 856 ordinans,
2552 810 2711 861 neque
2738 795 2788 847 in
2819 795 2936 847 sede
2970 795 3255 848 collocaris.
3294 793 3573 848 Verumtao

2067 901 2181 937 men
2210 885 2265 937 in
2298 885 2553 946 erclesiis,
2601 901 2717 951 qua?
2759 895 2877 937 sunt
2910 886 3045 938 inter
3073 886 3317 955 gentiles,
3350 885 3575 938 Patrum

2067 981 2389 1033 consuetudo
2424 990 2680 1035 servetur.

2068 1070 2123 1123 In
2175 1072 2358 1124 multis
2406 1072 2705 1125 canonibus
2754 1071 2976 1135 dicitur,
3026 1072 3170 1139 quod
3208 1087 3314 1125 non
3357 1080 3578 1140 oportet

1997 1166 2305 1233 episcopum
2358 1164 2422 1216 ad
2468 1164 2699 1218 alienum
2742 1165 2972 1217 transire
3024 1165 3438 1232 episcopatum;
3483 1165 3576 1217 sed

1997 1271 2265 1324 quemque
2297 1256 2435 1308 intra
2466 1272 2595 1310 suos
2627 1271 2845 1310 manere
2876 1256 3164 1320 terminos,
3196 1266 3249 1309 et
3279 1258 3419 1309 ultra
3451 1270 3578 1309 suos

1999 1348 2198 1401 limites
2232 1361 2336 1399 non
2383 1346 2677 1411 transilire,
2707 1356 2761 1399 et
2800 1346 3065 1400 ecclesias
3102 1346 3461 1399 confundere.
3497 1344 3574 1399 De

2000 1438 2067 1492 iis
2088 1450 2263 1490 autem
2288 1452 2407 1504 qua:
2429 1438 2568 1505 apud
2590 1447 2779 1505 gentes
2801 1442 2926 1489 sunt
2954 1435 3220 1498 ecclesiis,
3245 1434 3295 1486 in
3322 1434 3578 1505 Egypto,

2002 1530 2171 1599 Libya
2206 1537 2257 1582 et
2290 1526 2591 1596 Pentapoli.
2626 1530 2916 1583 secundum
2962 1540 3174 1582 sextum
3210 1527 3413 1580 Nicaeui
3450 1542 3579 1580 con-

2001 1624 2110 1677 cilii
2150 1637 2409 1677 canouem
2445 1622 2681 1691 antiquae
2712 1620 3131 1675 consuetudines
3160 1620 3270 1675 vim
3310 1620 3563 1673 habeant.

2604 1794 2834 1852 CANON
2875 1795 2967 1848 111.

2008 1888 2633 1958 Constantinopolitanus
2659 1889 2928 1957 episcopus
2954 1885 3140 1938 habeat
3160 1883 3350 1951 prioris
3370 1882 3583 1935 honoris

2079 1995 2252 2050 partes
2286 1994 2399 2049 post
2432 1982 2721 2036 Romanum
2753 1985 3077 2048 episcopum,
3111 1994 3169 2031 eo
3201 1976 3340 2047 quod
3371 1976 3436 2030 sit
3467 1977 3582 2043 ipsa

2082 2093 2210 2129 noro
2240 2076 2427 2131 Roma.

2083 2252 2276 2308 BALS.
2318 2251 2435 2320 Ipsa
2464 2252 2676 2319 quidem
2705 2253 2831 2306 urbs
2856 2250 3148 2319 Byzantina
3181 2252 3584 2320 archiepiscopi

2018 2346 2275 2398 honorem
2311 2359 2418 2397 non
2450 2345 2699 2407 habebat,
2734 2347 2825 2397 sed
2861 2345 2929 2400 ab
2964 2345 3236 2399 Heraclea:
3267 2343 3589 2412 metropoli.

2018 2447 2145 2492 tano
2204 2438 2487 2503 episcopus
2549 2438 2847 2505 aliquando
2914 2440 2964 2491 in
3032 2439 3143 2507 ipsa
3211 2440 3587 2497 ordinabatur.

2018 2528 2283 2581 Stribitur
2308 2531 2450 2580 enim
2477 2527 2620 2596 quod
2643 2530 2855 2581 etiamsi
2887 2538 3031 2582 esset
3054 2526 3368 2597 Byzantium
3397 2528 3590 2581 civitas

2017 2634 2135 2687 quae
2171 2634 2264 2687 per
2293 2632 2351 2672 se
2381 2629 2678 2686 regeretur,
2707 2634 2735 2671 a
2769 2618 2970 2671 Severo
3004 2629 3179 2671 tamen
3208 2617 3577 2671 Romanorum

2020 2709 2340 2778 imperatore
2372 2709 2589 2762 obsessa
2631 2720 2735 2770 est,
2778 2720 2830 2762 et
2874 2708 3167 2762 Perinthiis
3199 2710 3461 2775 subjecta.
3497 2709 3591 2762 Est

2020 2812 2198 2854 autem
2246 2800 2561 2863 Perinthus,
2615 2800 2895 2862 Heraclea,
2944 2802 3081 2853 Cum
3132 2813 3313 2855 autem
3368 2801 3592 2867 Magnus

2018 2894 2404 2948 Constantinus
2438 2894 2658 2947 Romani
2705 2894 2916 2961 imperii
2948 2906 3156 2961 sceptra
3189 2896 3239 2947 in
3265 2909 3379 2946 eam
3413 2904 3593 2948 trans-

2026 2983 2268 3048 tulisset,
2320 2983 2818 3052 Constantinopolis
2865 2987 3142 3037 nominata
3192 2992 3306 3047 est,
3357 2995 3411 3038 et
3456 3000 3591 3037 nova

341 3072 447 3141 σθη
479 3067 1061 3126 Κωνσταντινούπολις
1094 3065 1187 3118 καὶ
1217 3064 1311 3116 νέα
1354 3062 1563 3131 Ῥώμη,
1599 3060 1693 3113 καὶ
1730 3058 1919 3111 πασῶν

2032 3077 2214 3143 Roma,
2234 3087 2286 3131 et
2308 3077 2548 3129 omnium
2574 3078 2783 3129 urhiutn
2812 3078 3013 3145 regina.
3037 3078 3271 3145 Etjuxta
3302 3080 3591 3135 secundani

339 3166 453 3219 τῶν
485 3164 696 3215 πόλεων
728 3159 958 3230 βασιλίς.
1008 3158 1165 3211 Κατὰ
1194 3154 1291 3225 τὴν
1344 3153 1389 3223 β’
1419 3152 1633 3205 σύνοδον
1682 3151 1918 3220 ἐτιμήθη

339 3264 373 3320 6
416 3259 606 3332 θρόνος
634 3258 732 3327 τῆς
762 3250 1419 3309 Κωνσταντινουπόλεωςο
1477 3246 1787 3313 ἀνάγνωσον
1827 3241 1921 3297 τοῦ

342 3353 393 3410 α’
420 3352 603 3406 τίτλον
636 3348 732 3401 τοῦ
763 3346 1031 3415 παρόντος
1063 3342 1441 3410 συντάγματος
1481 3354 1607 3405 κεφ.
1645 3334 1691 3400 ζ’
1725 3337 1819 3388 καὶ
1852 3336 1921 3387 τὰ

345 3446 407 3501 iv
453 3442 623 3511 αὐτῷ.
672 3432 981 3492 Κάντεῦθεν
1038 3432 1130 3486 καὶ
1180 3433 1227 3483 οἱ
1270 3430 1365 3499 τῆς
1418 3428 1461 3497 β’
1509 3427 1725 3479 συνόδου
1776 3424 1924 3492 ἆγιοι

346 3537 589 3605 Πατέρες
615 3532 935 3601 διωρίσαντο
968 3529 1115 3597 ἐχειν
1165 3524 1257 3577 τὸν
1306 3522 1603 3576 ἐπίσκοπον
1637 3519 1811 3586 αὐτῆς
1857 3517 1926 3569 τὰ

346 3627 617 3699 πρεσϐεῖα
662 3625 760 3691 τῆς
808 3621 970 3690 τιμῆς
1007 3619 1147 3690 μετὰ
1194 3620 1283 3669 τὸν
1330 3616 1627 3668 ἐπίσκοπον
1658 3613 1755 3681 τῆς
1791 3627 1923 3680 πρε-

350 3720 621 3787 σϐυτέρας
665 3714 907 3782 Ῥώμης,
933 3710 1021 3763 διὰ
1050 3709 1110 3762 τὸ
1142 3705 1282 3761 εἶναι
1311 3706 1480 3775 αὐτὴν
1511 3704 1638 3757 νέαν
1680 3702 1923 3769 Ῥώμην.

348 3808 572 3866 Τούτων
630 3808 683 3860 δὲ
737 3805 877 3859 οὕτω
929 3800 1358 3871 διορισθέντων,
1438 3796 1581 3857 τινὲς
1635 3793 1734 3862 τὴν
1780 3792 1930 3860 μετὰ

348 3903 638 3974 πρόθεσιν,
688 3900 791 3966 οὐχ
839 3892 1218 3963 ὑποϐιϐασμὸν
1247 3890 1345 3959 τῆς
1373 3889 1537 3957 τιμῆς
1590 3888 1927 3955 νενοήκασιν,

348 3995 470 4052 ἀλλ’
501 3994 819 4059 ἐξελάθοντο
868 3988 1037 4055 αὐτὴν
1074 3986 1149 4047 ei;
1196 3985 1256 4037 τὸ
1309 3983 1448 4052 μετὰ
1493 3981 1682 4050 χρόνον
1734 3980 1928 4048 μόνον⁸

348 4088 631 4158 χρώμενοι
663 4083 797 4154 πρὸς
827 4079 1191 4148 συγκρότησιν
1218 4074 1311 4127 τοῦ
1339 4073 1497 4140 λόγου
1531 4071 1709 4123 αὐτῶν
1734 4068 1827 4123 καὶ
1858 4066 1932 4137 τῷ

350 4186 445 4249 κη’
478 4176 660 4229 κανόνι
684 4175 780 4241 τῆς
805 4169 844 4226 δ’
881 4171 1117 4234 συνόδου,
1140 4168 1373 4235 λέγοντι,
1410 4165 1490 4215 Τὰ
1540 4164 1630 4216 ῖσα
1662 4161 1930 4231 πρεσϐεῖα

350 4270 438 4341 τῷ
462 4269 561 4337 τῆς
589 4264 967 4337 πρεσϐυτέρας
1008 4263 1229 4329 Ῥώμης
1265 4255 1555 4325 ἁγιωτάτῳ
1587 4254 1761 4324 θρόνῳ
1790 4254 1933 4321 ἔχειν

352 4368 454 4415 τὸν
505 4363 607 4423 τῆς
638 4353 1263 4411 Κωνσταντινουπόλεως
1299 4349 1487 4417 θρόνον
1521 4346 1778 4413 δεύτερον
1817 4343 1933 4411 μετ’

2024 3170 2283 3251 synodum
2319 3170 2612 3223 honoratus
2654 3168 2755 3222 fuit
2785 3170 3009 3223 thronus
3036 3170 3542 3238 Constantinopolis
3576 3187 3589 3223 :

2026 3261 2141 3327 lege
2177 3258 2333 3327 primi
2371 3259 2452 3311 tit.
2493 3258 2648 3326 hujus
2673 3257 2863 3327 Oporis
2897 3275 3013 3326 cap.
3048 3258 3077 3308 7
3104 3269 3157 3313 et
3186 3273 3307 3328 qua:
3357 3267 3483 3313 sunt
3542 3262 3594 3311 in

2026 3367 2109 3406 eo.
2127 3350 2274 3405 Etex
2304 3353 2404 3405 hoc
2426 3353 2595 3406 sancti
2619 3351 2866 3403 secunda:
2891 3365 3011 3419 syn.
3038 3349 3227 3405 Patres
3251 3350 3595 3413 deﬁnierunt,

2030 3442 2146 3512 ejus
2175 3442 2483 3510 episcOpum
2532 3442 2752 3493 honoris
2784 3440 2985 3493 habere
3023 3441 3433 3509 prterogativam
3476 3453 3597 3510 post

2030 3534 2265 3601 antiqua:
2297 3533 2479 3585 Romae
2508 3535 2840 3602 episcopum,
2869 3548 2935 3587 eo
2964 3534 3105 3603 quod
3138 3536 3208 3587 sit
3237 3549 3370 3587 nova
3408 3535 3597 3588 Roma.

2032 3623 2949 3691 llisautemsicdelinitis,quidam
3009 3623 3438 3690 pra’pOsitionem
3486 3631 3602 3691 post

2034 3734 2139 3770 non
2179 3732 2297 3770 esse
2333 3718 2553 3769 honoris
2586 3717 3005 3769 submissioncm
3042 3718 3421 3783 exc03itarunt
3460 3734 3470 3767 :
3508 3719 3600 3768 sed

2033 3808 2202 3875 ipsam
2255 3806 2319 3858 ad
2373 3806 2474 3859 hoc
2518 3806 2658 3873 quod
2708 3815 2788 3857 est
2844 3813 2959 3869 post
3006 3812 3222 3873 tempus
3265 3805 3603 3856 solummodo

2034 3903 2394 3964 acceperunt;
2432 3898 2495 3948 ad
2528 3897 2609 3948 sui
2642 3896 2770 3948 dicti
2801 3896 3299 3964 comprobationeut
3328 3896 3360 3949 4
3392 3912 3602 3964 quoilue

2034 3992 2221 4062 synodi
2260 3988 2328 4041 9.8
2372 4004 2633 4042 canonem
2680 3988 2986 4051 alierentes,
3040 3991 3333 4052 dicentem,
3374 3992 3602 4058 :equalia

2035 4082 2310 4150 privdegia
2341 4083 2572 4148 antiquae
2597 4079 2779 4131 Romae
2805 4080 3157 4134 sanctissimo
3181 4082 3373 4135 throno
3405 4082 3604 4135 haltere

2036 4174 2285 4224 thronum
2315 4170 2994 4235 Constantinopolimnum,
3027 4172 3278 4223 thronum
3311 4174 3603 4224 secundum

2038 4274 2157 4332 post
2200 4263 2344 4314 illum
2381 4264 2752 4314 exsisteutem.
2790 4260 2866 4312 Tu
2913 4273 3090 4314 autem
3128 4265 3240 4330 lege
3288 4262 3387 4316 150
3439 4261 3608 4315 Justi-

2046 4356 2186 4410 niani
2237 4354 2532 4416 Novellam,
2564 4370 2681 4420 qua:
2733 4354 2783 4406 iu
2828 4369 2857 4405 ν
2908 4355 3043 4406 libro
3088 4354 3248 4406 Basil.
3285 4355 3455 4422 posita
3503 4365 3605 4415 est,

355 4455 571 4507 ἐκεῖνον
601 4450 933 4518 ὑπάρχοντα.
962 4446 1032 4497 Σὺ
1062 4444 1118 4495 δὲ
1152 4439 1425 4508 ἀνάγνωθι
1458 4439 1556 4505 τὴν
1589 4433 1664 4507 ρλ¹
1712 4437 1921 4486 ἰουστι-

2041 4452 2123 4508 tit.
2160 4451 2193 4502 3
2216 4458 2267 4501 et
2293 4447 2551 4500 collocata
2589 4450 2638 4498 iu
2668 4446 3069 4499 Commentario
3097 4444 3130 4497 5
3184 4461 3303 4511 cap.
3335 4447 3489 4513 primi
3520 4448 3605 4499 tit.

356 4547 595 4598 vsivstov
625 4542 825 4610 νεαρὰν
852 4538 948 4609 τὴν
976 4537 1239 4604 κειμένην
1267 4536 1323 4586 ὲν
1356 4530 1547 4601 βιϐλίῳ
1576 4534 1614 4580 ε’
1641 4527 1751 4581 τῶν
1779 4528 1939 4578 Βασι-

357 4635 555 4700 λικῶν,
588 4632 752 4702 τίτλῳ
785 4628 854 4698 γ’,
886 4630 977 4682 καὶ
1006 4622 1490 4695 καταστρωθεῖσαν
1521 4622 1601 4683 είς
1633 4620 1694 4671 τὸ
1729 4618 1939 4687 σκόλιον

356 4727 459 4782 τοῦ
487 4725 528 4780 ε’
560 4743 687 4793 κεφ.
714 4722 808 4776 τοῦ
843 4728 892 4776 α’
916 4719 1095 4774 τίτλον
1132 4715 1225 4770 τοῦ
1254 4714 1519 4783 παρόντος
1539 4712 1935 4779 συντάγματος,

358 4823 462 4875 καὶ
507 4818 599 4871 τὸν
646 4813 733 4880 λς’
764 4815 964 4867 κανόνα
1008 4813 1108 4882 τῆς
1154 4811 1214 4862 ὲν
1258 4806 1337 4877 τῷ
1382 4804 1643 4877 Τρούλλῳ
1698 4803 1937 4867 συνόδου,

358 4914 599 4982 λέγοντα
625 4905 764 4963 εἷναι
792 4908 1044 4977 δεύτερον
1074 4904 1163 4957 τὸν
1186 4902 1284 4972 τῆς
1314 4894 1941 4956 Κωνσταντινουπόλεως

358 5006 580 5076 θρόνον.
616 5002 781 5071 Ζητει
810 5000 905 5053 κα)⁵
935 5000 1127 5065 κεφαλ.
1160 5000 1208 5047 α’
1240 4992 1336 5045 τοῦ
1369 4990 1422 5061 η’
1450 4989 1637 5043 τίτλου
1670 4986 1764 5040 τοῦ
1804 5003 1942 5056 παρ-

359 5102 520 5159 όντος
554 5095 951 5161 συντάγματος.
970 5086 1447 5153 Κατεστρώθησαν
1470 5084 1578 5153 γὰρ
1602 5082 1782 5133 ἐκεῖσε
1816 5078 1943 5149 παρ’

357 5192 529 5263 ἡμῶν
560 5187 808 5255 διάξοροι
836 5185 990 5254 νόμοι
1023 5182 1149 5250 περὶ
1182 5179 1290 5231 τῶν
1321 5176 1633 5245 προνομίων
1653 5171 1787 5251 ..τῆς
1836 5186 1945 5224 πα-

360 5262 531 5345 λαιᾶς
568 5278 789 5348 Ῥώμης
816 5278 908 5329 καὶ
934 5274 1030 5343 τῆς
1059 5271 1207 5334 νέας,
1238 5270 1331 5321 καὶ
1362 5269 1423 5320 τὸ
1453 5265 1547 5319 τοῦ
1576 5265 1734 5331 ἁγίου
1771 5262 1947 5332 μεγά-

361 5376 466 5428 λου
500 5368 915 5424 Κωνσταντίνου
944 5365 1220 5433 ἔγγραφον
1253 5358 1631 5427 θέσπισμα,τὸ
1656 5356 1949 5425 γενόμενον

364 5464 513 5537 πρὸς
541 5463 631 5517 τὸν
663 5462 819 5529 ἅγιον
843 5458 1165 5527 Σίλϐεστρον
1184 5456 1274 5507 τὸν
1300 5453 1420 5505 τότε
1452 5451 1681 5503 πάππαν
1706 5446 1946 5516 Ῥώμης,

365 5560 539 5633 χάριν
563 5556 670 5610 τῶν
699 5550 1195 5621 ἀπονενεμημένων
1224 5544 1538 5617 προνομίων
1569 5538 1949 5633 τῇἙκκλησίᾳ

367 5632 477 5721 τῆς
511 5647 749 5709 παλαιᾶς
784 5642 1025 5714 Ῥώμης.
1060 5641 1132 5693 Τὸ
1162 5639 1223 5691 δὲ
1248 5634 1675 5708 χειροτονεῖσθαι
1709 5632 1950 5700 σήμερον

370 5746 471 5801 τὸν
495 5742 635 5798 κατὰ
664 5738 891 5811 καιροὺς
918 5735 1219 5805 ἁγιώτατον
1277 5730 1628 5800 πατριάρχην
1662 5728 1953 5781 Κωνσταν-

2040 4541 2321 4613 praesentis
2357 4538 2547 4608 Operis
2582 4557 2594 4593 :
2633 4548 2688 4592 ct
2729 4538 2797 4593 56
2831 4553 3091 4590 cauouem
3123 4538 3313 4606 synodi
3357 4553 3473 4603 qua:
3512 4538 3609 4590 fuit

2042 4634 2092 4684 in
2116 4630 2318 4693 Trullo,
2349 4629 2615 4681 dit-cutem
2640 4642 2759 4679 esse
2783 4627 3076 4680 secundum
3112 4623 3610 4690 ConstantinOpolis

2044 4726 2314 4775 thronum.
2346 4719 2535 4785 Quiete
2564 4728 2619 4772 et
2661 4720 2891 4787 primum
2935 4727 3098 4784 caput
3134 4716 3166 4770 8
3210 4716 3293 4768 tit.
3335 4717 3611 4784 praesentis

2042 4813 2254 4884 Operis.
2290 4811 2397 4863 Illic
2429 4812 2569 4863 enim
2602 4810 2787 4874 positae
2813 4817 2937 4861 sunt
2962 4822 2989 4859 a
3026 4807 3179 4860 uohis
3214 4808 3438 4860 diversae
3470 4808 3612 4875 leges

2045 4908 2109 4959 de
2156 4903 2451 4974 privilegiis
2500 4903 2735 4969 antiquae
2791 4899 2971 4952 Romae
3021 4906 3075 4954 et
3124 4916 3293 4963 novre,
3342 4908 3395 4952 et
3440 4900 3613 4954 sancti

2044 4997 2381 5052 Constantini
2413 4994 2584 5061 Magni
2619 4993 2881 5059 scriptum
2916 4992 3384 5058 decretumquod
3412 4990 3612 5044 factum

2046 5099 2129 5142 est
2168 5088 2233 5140 ad
2280 5097 2525 5139 sanctum
2575 5084 2893 5137 Silvestrum
2947 5091 3076 5135 tunc
3128 5086 3385 5152 temporis
3434 5086 3614 5139 Romae

2050 5194 2263 5249 papam,
2293 5178 2359 5230 de
2406 5174 2700 5244 privilegiis
2728 5175 2927 5227 veteris
2962 5173 3142 5226 [totum
3172 5174 3424 5229 Ecclesia:
3463 5174 3612 5227 altri-

2049 5272 2210 5325 bulis.
2240 5268 2391 5333 Quod
2426 5275 2606 5319 autem
2635 5265 2793 5319 hodie
2818 5268 3096 5319 ordinetur
3126 5268 3499 5321 sanctissimus
3523 5282 3617 5335 pro

2053 5373 2294 5430 tempore
2324 5358 2626 5429 patriarcha
2662 5356 3315 5422 ConstantinopoliIanus,
3344 5358 3410 5409 ah
3437 5372 3501 5409 eo
3525 5357 3615 5423 qui

2052 5467 2134 5507 est
2166 5470 2263 5521 pro
2305 5463 2543 5519 tempore
2574 5449 2849 5505 Heracleae
2885 5451 3355 5516 metropolitanus,
3398 5466 3502 5502 non
3536 5460 3617 5503 est

2052 5546 2266 5601 aliunde
2288 5559 2444 5613 quam
2474 5558 2539 5596 ex
2570 5558 2635 5595 eo
2661 5542 2801 5611 quod
2828 5543 3066 5610 subjecta
3102 5542 3268 5595 luerit
3292 5549 3350 5593 ut
3373 5541 3621 5608 superius

2053 5640 2255 5694 dictum
2299 5644 2403 5699 est,
2446 5634 2738 5691 Perint—hiis
2781 5636 2894 5688 sive
2933 5634 3281 5689 llcracleanis
3322 5632 3619 5702 Byzantina

2056 5732 2269 5787 civitas.
2309 5729 2372 5783 Et
2408 5738 2531 5784 nota
2568 5727 2710 5782 unde
2757 5726 3028 5781 Heracleae
3074 5728 3359 5796 episc0pus
3391 5723 3621 5793 patriar-
