3992 6480
258 271 368 335 325

1423 259 1505 323 IN
1544 259 1710 323 CAN.
1756 258 1853 321 III
1891 259 2101 325 CONC.
2145 264 2251 326 CI‘.
2295 265 2371 326 II.

3425 263 3530 327 326

257 382 362 449 οὐχ
402 378 785 449 ὑποϐιεασμδν
816 378 916 447 τῆς
945 374 1115 448 τιμῆς
1163 373 1300 447 πρὸς
1333 378 1431 444 τὴν
1462 372 1844 444 πρεσϐυτέραν

1958 388 2145 430 t'eterts
2179 377 2361 431 Romae
2390 375 2642 445 indicari,
2662 376 2882 448 quidam
2911 377 3315 433 existimavere.
3341 375 3520 444 Quam

270 471 520 542 Ῥώμην.
567 471 819 542 Χρῶνται
851 468 907 523 δὲ
938 469 1077 541 πρὸς
1111 466 1459 537 κατασκευὴν
1504 464 1597 518 τοῦ
1634 463 1847 517 ἐκείνου

262 564 423 632 λόγου
454 564 535 634 τῷ
580 561 811 634 εἰκοστῷ
844 561 1018 632 ὀγδόῳ
1066 559 1255 614 κανόνι
1294 560 1393 628 τῆς
1440 559 1498 611 ὲν
1543 555 1850 625 Χαλκηδόνι

270 657 491 710 συνόδου
557 656 893 727 μεμνημένῳ
954 655 1049 725 μὲν
1105 653 1200 706 τοῦ
1267 651 1534 721 παρόντος
1593 649 1850 713 κανόνος“,

265 749 531 815 ἐπάγοντι
584 749 639 801 δὲ
690 748 772 800 ὅτι
833 747 943 800 Καὶ
973 748 1134 817 ἡμεῖς
1194 744 1263 798 τὰ
1311 741 1452 795 αὐτὰ
1498 740 1854 811 ψηφιζόμεθα

267 838 403 911 περὶ
452 839 565 891 τῶν
621 836 934 908 πρεσϐείων
990 835 1092 905 τῆς
1147 834 1458 903 ἁγιωτάτης
1520 831 1853 902 Ἐκκλησίας

268 931 904 992 Κωνσταντινουπόλεως
954 929 1081 991 νέας
1143 927 1387 996 Ῥώμης.
1449 927 1558 979 Kal.
1612 925 1723 995 γὰρ
1774 925 1853 995 τῷ

265 1025 449 1095 θρόνῳ
474 1024 573 1093 τῆς
605 1021 989 1093 πρεσϐυτέρας
1029 1020 1269 1090 Ῥώμης,
1320 1019 1407 1073 διὰ
1444 1017 1503 1071 τὸ
1544 1016 1854 1087 βασιλεύειν

264 1118 372 1186 τὴν
399 1115 556 1169 πόλιν
584 1114 823 1186 ἐκείνην,
859 1115 910 1167 οἱ
939 1112 1185 1183 Πατέρες
1216 1111 1442 1173 εἰκότως
1474 1108 1853 1163 ἀποδεδώκασι

262 1213 341 1264 τά
371 1210 661 1280 πρεσϐεῖα,
696 1209 793 1261 καὶ
823 1209 902 1278 τῷ
931 1208 1081 1276 αὐτῷ
1108 1206 1296 1277 σκοπῷ
1333 1206 1422 1259 ίσα
1448 1204 1763 1273 κινούμενοι
1801 1204 1851 1255 oi

265 1303 471 1355 ἑκατὸν
534 1302 873 1369 πεντήκοντα
944 1299 1354 1368 θεοφιλέστατοι
1420 1296 1713 1350 ἐπίσκοποι
1780 1296 1851 1348 τὰ

262 1394 536 1463 πρεσϐεῖα
571 1395 874 1463 ἀπένειμαν
906 1392 984 1463 τῷ
1012 1393 1113 1461 τῆς
1144 1392 1270 1453 νέας
1311 1390 1530 1462 Ῥώμης
1563 1389 1850 1460 ἁγιωτάτῳ

264 1486 470 1556 θρόνῳ,
518 1485 758 1552 εὐλόγως
804 1485 1093 1555 κρίναντες
1121 1483 1219 1553 τὴν
1252 1480 1531 1550 βασιλείαν
1586 1482 1680 1533 καὶ
1722 1496 1852 1548 συγ-

266 1577 457 1646 κλήτῳ
476 1576 803 1646 τιμηθείσαν
834 1574 1008 1637 πόλιν,
1040 1573 1135 1626 καὶ
1165 1572 1271 1625 τῶν
1308 1571 1439 1625 ῐσων
1468 1570 1849 1625 ἀπολαύουσαν

265 1668 580 1739 πρεσϐείων
622 1669 688 1737 τῇ
744 1664 1098 1737 πρεσϐυτέρᾳ
1135 1663 1372 1734 βασιλίδι
1418 1661 1631 1734 Ῥώμῃ,
1663 1664 1758 1716 καὶ
1790 1663 1849 1716 ὲν

1954 469 2169 536 quidem
2217 470 2538 523 sententiam
2589 485 2765 536 suam,
2798 471 3065 525 vicesimo
3107 479 3300 525 octavo
3336 470 3527 543 synodi

1956 558 2408 615 Chalcedonensis
2454 575 2660 615 canone
2715 561 3040 615 confirmare
3096 563 3344 616 nituntur
3389 578 3405 618 :
3452 561 3526 615 ibi

1954 666 2211 720 namque,
2248 652 2518 707 mentione
2553 652 2711 721 hujus
2733 654 2955 706 canonis
2988 653 3208 720 injecta,
3257 654 3369 708 haec
3402 668 3529 722 pos-

1958 752 2040 797 tea
2102 742 2481 810 subjiciuntur.
2543 742 2643 815 [De
2690 745 2984 814 privilegiis
3037 746 3396 801 sanctissimae
3436 747 3532 802 Ec-

1954 832 2133 887 clesia:
2184 833 2694 904 Constantinopolis
2753 851 2905 891 novae
2952 838 3135 891 Bonae
3185 840 3373 893 eadem
3424 854 3527 896 nos

1956 940 2170 995 quoque
2198 927 2494 981 sancimus.
2526 925 2741 983 Veteris
2769 929 2910 981 enim
2938 926 3125 983 Batnae
3157 930 3350 986 throno
3380 932 3525 1000 quod

1955 1018 2148 1071 civitas
2172 1018 2275 1072 ista
2299 1018 2589 1087 imperaret
2614 1017 2803 1072 Patres
2824 1020 2944 1087 jure
2962 1020 3240 1090 privilegia
3262 1022 3525 1085 tribuere,

1954 1114 2007 1161 et
2050 1106 2239 1160 eadem
2285 1109 2500 1161 ratione
2543 1109 2674 1163 moti
2725 1120 2945 1163 centum
2998 1112 3393 1182 quinquaginta
3431 1110 3528 1165 Dei

1955 1202 2319 1255 amantissimi
2376 1202 2618 1271 episcopi
2668 1204 3076 1258 sanctissimum
3131 1219 3282 1259 novae
3342 1204 3528 1260 Romae

1956 1293 2209 1347 thronum
2247 1295 2545 1362 aequalibus
2598 1294 2893 1365 privilegiis
2928 1298 3129 1366 dignati
3182 1306 3342 1361 sunt,
3382 1309 3531 1351 recte

1947 1383 2257 1451 judicantes
2297 1400 2415 1455 quae
2456 1388 2580 1442 urbs
2627 1390 2856 1458 imperio
2899 1404 2964 1442 ac
3006 1399 3196 1442 senatu
3249 1389 3530 1445 honestam

1955 1493 2018 1533 ac
2052 1478 2243 1534 iisdem
2291 1496 2413 1536 cum
2452 1493 2632 1537 vetere
2681 1483 2890 1537 nrbittm
2938 1481 3168 1551 Regina,
3218 1483 3531 1537 muneribus

1953 1580 2145 1626 ornata
2178 1570 2336 1637 foret,
2362 1590 2479 1629 eam
2508 1576 2563 1630 in
2594 1576 2961 1630 ecclesiastica
2994 1588 3206 1647 quoque
3234 1573 3531 1642 republica,

1954 1664 2249 1733 aequalibus
2292 1680 2415 1720 cum
2458 1666 2545 1719 illa
2591 1666 2891 1721 honoribus
2928 1664 3291 1719 extollendam
3339 1678 3404 1716 ac
3440 1677 3530 1717 sc-

262 1762 377 1821 τοίς
400 1756 882 1826 ὲκκλησιαστικοϊς
905 1755 979 1818 ώς
998 1755 1214 1824 ἐκείνην
1242 1753 1642 1826 μεγαλύνεσθαι
1668 1754 1847 1825 πράγ-

1958 1756 2177 1810 cundam
2225 1758 2292 1812 ab
2336 1757 2424 1811 illa
2481 1757 2851 1814 collocandam
2900 1756 3064 1828 esse].
3120 1757 3312 1810 Dicunt
3347 1755 3531 1824 igitur,

268 1865 425 1919 μασι,
456 1847 719 1917 δευτέραν
749 1845 869 1914 μετ’
896 1844 1114 1915 ἐκείνην
1141 1843 1519 1913 ὑπάρχουσαν.
1550 1841 1720 1896 Φασὶν
1750 1836 1843 1895 οὖν

264 1923 366 2001 δτιξ
394 1937 518 1991 ἐπεὶ
550 1936 663 1989 τῶν
700 1937 833 1988 ίσων
861 1930 1106 1999 ἀξιοῦσιν
1134 1932 1306 2002 αὐτὴν
1341 1932 1537 2002 τιμῶν,
1569 1930 1685 1993 πῶς
1713 1947 1841 2000 νοη-

266 2029 495 2101 θήσεται
553 2030 586 2098 ἡ
615 2028 767 2097 μετὰ
818 2025 1077 2097 πρόθεσις
1133 2023 1502 2087 ὑποπτώσεως
1534 2024 1841 2094 δηλωτική;

277 2123 344 2176 Ἦ
372 2121 428 2174 δὲ
456 2120 553 2173 τοῦ
596 2117 978 2171 ἰουστινιανοῦ
1014 2116 1285 2186 έκατοστὴ
1318 2115 1620 2186 τριακοστὴ
1675 2116 1845 2185 νεαρά

270 2213 497 2282 κειμένη
530 2212 613 2274 είς
643 2209 851 2280 βιϐλίον
876 2208 986 2261 τῶν
1022 2206 1333 2260 Βασιλικῶν
1365 2208 1636 2275 πέμπτον,
1667 2206 1845 2258 τίτλον

274 2305 452 2374 τρίτον
477 2301 653 2364 ἄλλως
680 2299 922 2355 νοεῖσθαι
958 2298 1084 2361 τοὺς
1124 2296 1354 2359 κανόνας
1409 2296 1625 2359 δίδωσι,
1663 2294 1846 2357 καθὼς

272 2392 423 2464 παρά
469 2391 561 2466 τοῦ
615 2390 883 2462 βασιλέως
933 2387 1142 2442 ἐκείνου
1172 2387 1492 2458 ὲνοήθησαν.
1528 2386 1663 2456 Φησὶ
1712 2387 1843 2461 γὰρ,

268 2483 610 2552 Θεσπέζομεν
668 2481 809 2535 κατά
843 2480 972 2542 τοὺς
1019 2477 1130 2531 τῶν
1183 2478 1357 2545 ἁγίων
1411 2477 1643 2531 συνόδων
1690 2478 1848 2546 ὅρους

260 2576 357 2629 τὸν
405 2573 715 2643 ἁγιώτατον
770 2574 868 2641 τῆς
905 2569 1280 2639 πρεσϐυτέρας
1340 2567 1559 2638 Ῥώμης
1616 2568 1848 2623 πάππαν

262 2670 483 2739 πρῶτον
520 2663 664 2719 εἶναι
703 2666 919 2718 πάντων
954 2663 1060 2715 τών
1100 2662 1311 2731 ἱερέων,
1350 2661 1438 2713 τὸν
1466 2661 1522 2714 δὲ
1554 2660 1849 2729 μακαριώ-

260 2778 426 2816 τατον
486 2760 790 2813 ἐπίσκοπον
870 2754 1498 2817 Κωνσταντινουπόλεως
1572 2754 1668 2806 καὶ
1721 2754 1851 2817 νέας

270 2854 498 2924 Ῥώμης
524 2852 784 2922 δευτέραν
816 2851 966 2918 τάξιν
995 2849 1213 2920 ἐπέχειν
1246 2850 1383 2917 μετὰ
1436 2846 1521 2899 τὸν
1552 2847 1845 2900 ἀποστολι-

265 2946 363 2999 κον
402 2944 595 3016 θρόνον
624 2944 725 3014 τῆς
752 2943 1131 3013 πρεσϐυτέρας
1171 2941 1415 3009 Ῥώμης,
1442 2938 1553 2990 τῶν
1586 2938 1643 2990 δὲ
1673 2939 1853 2992 ἄλλων

266 3038 491 3091 πάντων
540 3036 934 3106 προτιμᾶσθαι.
998 3032 1278 3086 Ἐντεῦθεν
1318 3030 1411 3084 οὖν
1450 3030 1699 3098 ἐναργῶς
1739 3027 1851 3084 δεί-

266 3148 461 3183 κνυται
497 3131 534 3201 ἡ
558 3129 711 3200 μετὰ
749 3129 1005 3199 πρόθεσις
1037 3124 1411 3195 ὑποϐιϐασμὸν
1470 3122 1704 3194 δηλοῦσα
1760 3125 1856 3177 καὶ

266 3220 596 3273 ἐλάττωσιν.
636 3219 746 3272 Καὶ
771 3218 948 3279 ἄλλως
973 3216 1030 3270 δὲ
1056 3217 1320 3270 ἀδύνατον
1352 3214 1417 3267 ἂν
1443 3213 1527 3283 είη
1565 3214 1625 3266 τὸ
1656 3212 1854 3267 ταύτὸν

265 3316 440 3384 τιμῆς
488 3313 582 3366 καὶ
611 3311 670 3363 ὲν
701 3309 1035 3380 ἀμφοτέροις
1069 3310 1183 3369 τοῖς
1217 3306 1429 3374 θρόνοις
1460 3304 1854 3374 φυλάττεσθαι.

277 3408 526 3474 ’Δνάγκη
557 3405 668 3474 γὰρ
709 3404 766 3456 ὲν
813 3403 932 3464 ταῖς
962 3401 1265 3470 ἀναφοραῖς
1293 3398 1403 3451 τῶν
1432 3399 1715 3467 ὀνομάτων
1746 3397 1858 3451 τῶν

267 3498 694 3571 προϊσταμένων
744 3495 924 3548 αὐτῶν
956 3492 1048 3545 τὸν
1088 3492 1185 3562 μὲν
1243 3489 1623 3561 προτερεύειν,
1664 3490 1758 3543 τὸν
1799 3489 1859 3543 δὲ

264 3588 633 3660 δευτερεύειν,
682 3584 779 3641 καὶ
809 3587 868 3639 ὲν
911 3583 1205 3653 καθέδραις
1253 3583 1342 3636 ὅτε
1374 3581 1699 3647 συνέλθοιεν,
1763 3584 1860 3635 καὶ

264 3681 711 3752 ἀννῦπογραφαῖς
744 3678 834 3731 ὅτε
859 3675 1071 3731 τούτων
1112 3675 1319 3745 δεήσει.
1361 3672 1565 3741 Ἥγουν
1596 3673 1689 3727 τοῦ
1711 3672 1860 3743 μετὰ

265 3775 569 3846 ἐξήγησις,
617 3772 651 3842 ὴ
688 3769 925 3837 λέγουσα
983 3765 1079 3820 τοῦ
1134 3766 1331 3837 χρόνου
1368 3763 1677 3835 δηλωτικὴν
1718 3761 1858 3819 εἶναι

263 3866 368 3938 τὴν
411 3862 692 3933 πρόθεσιν,
738 3861 837 3930 οὐχ
873 3857 1281 3928 ὑποϐιϐασμοῦ,
1332 3856 1669 3927 βεϐιασμένη
1717 3856 1855 3922 ἐστὶ,

264 3959 362 4013 καὶ
399 3955 644 4017 διανοίας
673 3954 774 4006 οὑκ
807 3951 1019 4015 εὐθείας
1073 3951 1186 4003 οὐδ’
1211 3947 1442 4018 ἀγαθῆς.
1484 3948 1645 4002 Ἀλλά
1680 3947 1776 4002 καὶ
1829 3949 1858 4002 6

261 4048 369 4120 τῆς
399 4049 460 4100 ὲν
486 4045 566 4115 τῷ
596 4043 852 4115 Τρούλλῳ
884 4041 1106 4095 συνόδου
1135 4042 1457 4111 τριακοστὸς
1486 4038 1646 4102 ’ἐκτος
1679 4039 1858 4092 κανὼν

262 4141 545 4213 ἀριδήλως
583 4138 820 4191 δείκνυσι
856 4134 956 4207 τὴν
1002 4134 1140 4203 μετὰ
1191 4132 1450 4204 πρόθεσιν
1484 4132 1859 4201 ὑποϐιϐασμὸν

266 4232 562 4304 δηλοῦσαν,
593 4229 845 4296 δεύτερον
873 4228 1052 4296 λέγων
1079 4228 1168 4279 τὸν
1220 4226 1408 4295 θρόνον
1439 4228 1537 4296 τῆς
1568 4225 1860 4277 Κώνσταν·

263 4324 637 4386 τινουπόλεως
670 4320 985 4388 λογίζεσθαι
1018 4318 1157 4389 μετά
1188 4317 1278 4371 τὸν
1326 4318 1424 4388 τῆς
1480 4315 1859 4386 πρεσϐυτέρας

1946 1861 2068 1902 cum
2118 1850 2414 1917 :equalibus
2457 1850 2600 1906 illam
2650 1852 2865 1922 dignam
2906 1848 3204 1904 honoribus
3244 1856 3529 1912 censeant,

1946 1941 2217 2008 quomodo
2254 1941 2560 2012 praepositio
2588 1955 2705 2013 post
2768 1940 3156 2010 subiectionem
3224 1939 3532 2007 signiﬁcare

1946 2030 2172 2101 intelligi
2195 2034 2410 2102 potest?
2438 2031 2632 2087 Verum
2656 2032 2946 2088 Justiniani
2979 2030 3201 2085 Novella
3236 2029 3529 2085 cetttesima

1951 2121 2263 2186 tricesima,
2329 2122 2807 2192 imperatoriarum
2861 2120 3326 2177 Constitutionum
3392 2120 3531 2173 libro

1948 2216 2137 2283 quinto
2161 2255 2174 2278 ,
2207 2214 2361 2269 titulo
2389 2217 2570 2281 tertio,
2598 2231 2856 2269 canonem
2886 2215 3038 2268 aliter
3064 2213 3316 2282 explicat,
3344 2226 3533 2281 quem-

1949 2307 2237 2361 admodum
2296 2318 2349 2362 et
2416 2307 2481 2360 ab
2540 2307 2632 2362 illo
2690 2309 3017 2377 imperatore
3073 2304 3378 2359 intellectus
3427 2313 3529 2358 est.

1951 2398 2362 2453 Sanctissimtnn
2399 2416 2650 2469 namque,
2694 2400 2785 2463 ait,
2838 2398 3037 2452 veteris
3083 2397 3268 2452 Romae
3308 2411 3528 2465 papam,

1949 2508 2013 2547 ex
2060 2502 2369 2546 sanctarum
2415 2492 2740 2561 synodoruzn
2781 2492 3013 2562 placitis,
3069 2491 3232 2545 totius
3275 2489 3533 2543 ecclesia-

1951 2583 2070 2637 stici
2092 2584 2298 2639 ordinis
2330 2583 2624 2651 principem
2657 2598 2800 2646 esse,
2834 2582 3202 2637 beatissimum
3228 2595 3359 2635 vero
3388 2581 3536 2632 Con-

1951 2675 2448 2744 stantinopolitana:
2510 2675 2695 2738 urbis,
2760 2690 2911 2728 novae
2966 2674 3169 2738 Roma,
3220 2673 3532 2743 episcopum

1968 2768 2265 2823 secundum
2301 2768 2368 2819 ab
2398 2766 2695 2836 apostolica
2738 2769 2937 2821 veteris
2967 2765 3150 2819 Romae
3193 2769 3320 2818 sede
3360 2764 3535 2818 locum

1970 2858 2240 2921 obtinere,
2292 2856 2412 2909 aliis
2472 2857 2724 2910 omnibus
2783 2857 2988 2911 honore
3032 2855 3367 2925 superiorem
3417 2869 3538 2910 esse

1956 2949 2322 3003 decernimus.
2359 2946 2498 3001 Hinc
2554 2948 2719 3016 igitur
2751 2949 3033 3015 perspicue
3065 2957 3292 3017 apparet
3337 2946 3533 3013 subje-

1959 3042 2217 3106 ctiouem,
2248 3050 2302 3094 et
2338 3040 2754 3093 diminutionem
2787 3054 2880 3107 per
2908 3040 3363 3108 praepositionem,
3398 3046 3535 3105 post,

1960 3134 2279 3206 signiﬁcari,
2333 3148 2452 3187 cum
2503 3130 2699 3202 alioqui
2744 3133 3065 3200 przesertim,
3110 3130 3330 3185 honoris
3362 3146 3539 3198 acqua-

1960 3227 2083 3280 litas
2117 3227 2168 3279 in
2195 3236 2421 3293 utraque
2451 3224 2580 3279 sede
2604 3224 2826 3277 retineri
2856 3223 3164 3277 nullatenus
3194 3233 3374 3292 queat.
3398 3222 3535 3277 Nam

1960 3322 2072 3375 sive
2095 3319 2204 3386 ipsa
2231 3317 2516 3386 praeSulnm
2551 3319 2766 3370 nomina
2795 3317 3089 3378 recitanda,
3115 3318 3229 3370 sive
3262 3317 3313 3370 in
3346 3318 3537 3371 eodem

1959 3424 2218 3465 consessu
2255 3410 2472 3476 utrique
2498 3406 2871 3470 assidendum,
2905 3408 3021 3461 sive
3048 3407 3330 3477 utriusque
3355 3405 3539 3461 chiro-

1959 3500 2166 3569 grapho
2221 3498 2407 3552 eadem
2468 3496 2772 3568 syngrapha
2829 3497 2900 3551 sit
2961 3496 3252 3562 ﬁrmanda,
3304 3497 3537 3552 alterum

1959 3600 2108 3645 certe
2150 3588 2390 3660 praeferri
2426 3602 2648 3642 necesse
2688 3597 2792 3642 est.
2829 3587 3147 3656 Quicunque
3190 3601 3321 3657 ergo
3365 3589 3538 3658 parti-

1958 3683 2138 3740 culam
2187 3694 2325 3752 post,
2354 3682 2524 3735 solam
2553 3678 2813 3750 temporis
2847 3681 3065 3746 seriem,
3092 3694 3194 3733 non
3228 3679 3539 3734 inferiorem

1958 3793 2173 3849 quoque
2205 3777 2485 3847 dignitatis
2518 3776 2745 3846 gradum
2788 3774 3099 3845 signiﬁcare
3137 3778 3454 3841 contendat,
3493 3774 3540 3830 is

1960 3882 2015 3928 et
2043 3873 2148 3926 vim
2192 3871 2317 3925 huic
2358 3868 2475 3923 loco
2523 3866 2737 3930 inferat,
2773 3877 2829 3921 et
2875 3866 3195 3920 sententiam
3234 3881 3408 3934 neque
3450 3882 3538 3921 re-

1959 3972 2122 4024 ctam,
2159 3975 2333 4029 neque
2359 3962 2553 4013 bonam
2579 3957 2774 4011 eliciat.
2807 3956 2946 4023 Quin
2975 3966 3028 4009 et
3053 3954 3324 4011 Trullana!
3349 3956 3537 4027 synodi

1960 4068 2165 4109 canone
2193 4051 2466 4106 tricesimo
2492 4058 2668 4110 sexto,
2700 4045 3007 4117 praepositio
3030 4087 3045 4111 ,
3074 4058 3215 4116 post,
3249 4047 3539 4111 subiectio-

1961 4162 2082 4200 nctn
2140 4154 2326 4214 aperte
2378 4152 2551 4206 notat,
2604 4142 2854 4204 dicente,
2906 4151 3023 4201 post
3078 4141 3313 4208 antiquze
3355 4140 3540 4193 limum

1962 4240 2236 4301 thronum,
2279 4232 2554 4289 secundus
2583 4231 3199 4300 Constantinopolitame
3230 4230 3342 4284 sedi
3391 4232 3538 4285 locus

1960 4333 2264 4400 assignetur
2287 4346 2303 4395 ;
2322 4327 2517 4381 deinde
2539 4324 2828 4395 subjungit,
2854 4332 2973 4393 post
3000 4324 3138 4377 hanc
3154 4324 3538 4385 Alexandrina,

280 4417 507 4488 Ῥώμης
533 4432 547 4447 ο
597 4409 718 4467 εἶτα
760 4412 981 4480 ἐπάγει,
1020 4409 1140 4480 μεθ’
1165 4409 1224 4462 δν
1270 4411 1297 4461 6
1327 4409 1429 4478 τῆς
1467 4406 1853 4477 Ἀλεξανδρέων

1971 4423 2093 4475 inde
2146 4418 2507 4484 Autiocheua,
2563 4428 2615 4472 et
2681 4425 2802 4486 post
2868 4415 3263 4470 Antiochenam
3323 4415 3537 4468 deruunt

270 4505 621 4582 ἀριθμείσθω
650 4505 861 4575 θρόνος,
880 4499 1000 4555 εἶτα
1032 4502 1061 4553 ό
1094 4501 1193 4571 τῆς
1222 4497 1571 4568 ’Δντιοχείας,
1606 4498 1698 4549 καὶ
1720 4494 1861 4565 μετὰ

268 4603 469 4656 τοῦτον
494 4601 525 4653 6
556 4599 655 4667 τῆς
690 4595 1163 4670 Ἱεροσολυμιτῶν.
1430 4610 1431 4613 η

270 4691 502 4749 ΔΡΙΣΤ.
518 4690 583 4744 '0
607 4688 1297 4751 Κωνσταντινουπόλεως
1327 4683 1477 4755 μετὰ
1510 4680 1860 4748 τὸνῬώμης

901 4781 1231 4846 τετίμηται.

343 4874 471 4930 Τῶν
518 4872 701 4927 αὐτῶν
756 4870 1065 4942 πρεσϐείων
1115 4871 1209 4922 καὶ
1260 4868 1359 4936 τῆς
1414 4866 1583 4935 αὐτῆς
1643 4862 1859 4932 μεθέξει

269 4967 447 5038 τιμῆς
500 4965 579 5035 τῷ
615 4962 837 5034 Ῥώμης
888 4966 1178 5032 ὲπισκόπῳ
1223 4961 1318 5013 καὶ
1354 4962 1380 5012 6
1414 4960 1860 5011 Κωνσταντινου-

202 5116 209 5119 _
272 5058 488 5120 πόλεως
526 5056 863 5118 ἐπίσκοπος⁶
910 5053 1096 5115 καθὼς
1153 5053 1243 5105 καὶ
1294 5053 1320 5103 6
1379 5049 1621 5109 εἰκοστὸς
1673 5044 1861 5113 δγδοος

275 5147 463 5203 κανὼν
485 5147 583 5217 τῆς
613 5148 673 5198 ἐν
714 5145 1019 5215 Χαλκηδόνι
1057 5145 1278 5197 συνόδου
1310 5142 1402 5194 τὸν
1438 5142 1641 5193 κανόνα
1673 5135 1861 5189 τοῦτον

270 5240 499 5310 ἐνόησε,
527 5240 616 5293 διὰ
647 5237 710 5291 τὸ
738 5233 877 5291 εἶναι
906 5238 1113 5307 ταύτην
1139 5237 1267 5289 νέαν
1301 5233 1547 5304 Ῥώμην,
1579 5230 1671 5283 καὶ
1695 5244 1861 5298 τιμη-

273 5333 444 5402 θῆναι
474 5330 727 5402 βασιλεία
760 5347 821 5383 τε
855 5330 950 5384 καὶ
981 5329 1292 5399 συγκλήτῳ.
1325 5328 1399 5380 T6
1430 5328 1542 5396 γὰρ
1564 5322 1717 5392 μετὰ
1770 5322 1856 5371 ὲν-

269 5424 455 5479 ταῦθα
505 5423 564 5477 οὐ
610 5422 712 5491 τῆς
761 5423 945 5492 τιμῆς,
997 5422 1134 5475 ἀλλά
1170 5419 1263 5472 τοῦ
1292 5418 1485 5491 χρόνου
1516 5415 1635 5468 ἐστὶ
1681 5411 1855 5483 δηλω-

271 5517 468 5571 τικόν·
518 5519 593 5580 ώς
638 5517 707 5570 ἂν
752 5517 896 5585 εῐποι
945 5534 1030 5579 τις
1076 5515 1158 5568 ὅτι
1197 5514 1336 5584 μετά
1376 5510 1603 5570 πολλοὺς
1628 5506 1857 5579 χρόνους

274 5614 381 5677 τῆς
420 5610 540 5676 ἴσης
568 5607 735 5679 τιμῆς
766 5607 843 5679 τῷ
872 5607 1097 5678 Ῥώμης
1125 5606 1357 5678 μετέσχε
1391 5604 1486 5658 καὶ
1511 5603 1538 5655 6
1566 5602 1853 5656 Κωνστανυ

275 5719 435 5756 τινου
444 5701 647 5764 πόλεως
659 5738 672 5753 .

1968 4510 2457 4581 Hierosolymitana
2497 4516 2831 4562 numeretur.

1966 4690 2195 4748 ABIST.
2246 4687 2862 4753 ConstantinOpolitanus
2901 4687 3170 4754 cpiscopus
3198 4692 3311 4751 post
3342 4681 3541 4735 Roma-

2374 4797 2495 4833 num
2530 4780 2798 4846 proximus
2833 4781 3141 4831 honoratur.

2035 4875 2236 4929 Eadem
2286 4871 2583 4941 privilegia,
2629 4871 3009 4937 eumdemque,
3062 4884 3220 4936 quem
3262 4868 3542 4923 Romanus

1968 4970 2249 5038 episcOpus
2294 4966 2557 5017 honorem
2597 4960 2815 5015 habebit
2859 4970 2913 5015 et
2954 4960 3241 5030 episcopus
3274 4960 3539 5014 Constan-

1964 5056 2352 5125 tinopolitanus
2381 5049 2876 5121 ;quetnadmodum
2908 5057 2962 5103 et
2993 5050 3282 5105 vicesimus
3320 5060 3541 5105 octavus

1960 5150 2148 5222 synodi
2181 5144 2646 5202 Chalcedonensis
2681 5157 2852 5197 canon
2890 5142 3037 5197 hunc
3083 5157 3347 5197 canonem
3382 5141 3538 5195 intel-

1960 5243 2092 5298 lexit
2117 5258 2133 5296 :
2163 5241 2419 5311 quoniam
2465 5238 2578 5305 ipsa
2608 5246 2692 5290 est
2726 5251 2863 5291 nova
2906 5234 3077 5291 Roma
3099 5273 3115 5300 ,
3149 5251 3211 5291 ac
3245 5236 3541 5291 honoratur

1958 5347 2011 5390 et
2040 5334 2265 5403 imperio
2294 5340 2347 5385 et
2378 5338 2587 5385 senatu.
2618 5327 2749 5382 Nam
2794 5330 3112 5403 praepositio
3158 5338 3274 5397 post
3320 5328 3408 5382 hic
3435 5342 3539 5381 non

1962 5428 2243 5488 honorem,
2275 5423 2367 5477 sed
2406 5435 2613 5493 tempus
2644 5423 2909 5492 signiticat
2935 5438 2949 5452 ·
2987 5435 3050 5474 ac
3077 5421 3120 5474 si
3152 5421 3355 5475 diceret
3393 5418 3540 5486 quis-

1962 5516 2127 5587 piam,
2157 5515 2300 5584 quod
2332 5525 2454 5584 post
2486 5515 2680 5569 multos
2713 5527 2881 5567 annos
2934 5513 3218 5581 episcopus
3271 5510 3540 5565 Constan-

1966 5606 2352 5676 tinopolitauus
2385 5606 2630 5661 Romano
2662 5604 2921 5675 azqualetn
2969 5604 3219 5658 habuerit
3260 5603 3537 5657 honorem.
