3992 6480
318 390 431 449 3‘29

1513 391 1596 452 IN
1637 389 1810 453 CAN.
1853 389 1898 451 γ
1943 388 2160 452 CONC.
2200 388 2310 453 (ΞΡ.
2347 389 2430 451 II.

3479 394 3585 458 330

318 505 377 558 δι
406 504 504 558 τοῦ
534 501 929 575 ἀρχιερατικοῦ
961 501 1154 574 θρόνου
1209 500 1313 573 τῆς
1370 499 1897 556 Κωνσταντινουπό-

2031 500 2259 572 criptus.
2301 508 2492 554 sancto
2536 497 2681 556 Patri
2728 500 2866 558 adeo
2914 500 3200 559 familiaris
3243 500 3364 570 luit,
3421 513 3482 559 ut
3521 507 3590 560 ad

321 593 463 657 λεως
490 595 753 665 γεγονὼς,
777 596 1039 667 χρήματα
1063 593 1276 649 στέλλει
1311 595 1392 658 είς
1457 593 1901 666 Ἀλεξάνδρειαν,

329 688 592 741 κάκεῖθεν
647 688 983 748 ἐπισκόπους
1034 688 1159 755 ἄγει
1217 687 1700 758 χειροτονήσοντας
1747 686 1911 741 αὑτὸν

328 779 602 851 ἀρχιερέα
650 782 749 851 τῆς
781 779 1433 842 Κωνσταντινουπόλεως,
1471 780 1623 856 Eximi.
1646 779 1741 834 καί
1783 796 1910 834 τινα

325 872 594 942 συνεργὸν
626 871 736 925 τῶν
767 872 1120 925 οἰκειοτάτων
1149 870 1227 941 τῷ
1264 871 1533 943 Θεολόγῳ.
1570 873 1708 942 Ἤδη
1735 871 1791 925 δὲ
1813 873 1911 939 τῆς

323 963 628 1034 ἐκκλησίας
654 964 800 1018 ἔνδον
827 964 1138 1034 γενόμενοι,
1205 964 1314 1034 πρὸ
1383 964 1476 1017 τοῦ
1543 963 1760 1023 τελέσαι
1810 965 1910 1036 τὴν

323 1056 549 1128 τελετὴν
579 1057 946 1125 γνωσθέντες,
975 1056 1345 1126 ἀπηλάθησαν
1373 1056 1480 1109 ὑπὸ
1525 1056 1637 1111 τῶν
1675 1056 1907 1122 πιστῶν,

323 1151 423 1201 καὶ
442 1149 813 1212 ἀπελαθέντες
849 1149 949 1202 οὐκ
1006 1148 1389 1220 ὲφησύχασαν,
1439 1148 1556 1202 ἀλλ⁴
1613 1151 1694 1212 είς
1733 1150 1912 1204 οἰκίαν

325 1243 604 1305 εἰσδύντες
665 1240 932 1312 χοραύλου
998 1241 1164 1304 τινος,
1212 1241 1328 1295 ἐκεῖ
1381 1241 1756 1311 χειροτονοῦσι
1817 1242 1910 1294 τὸν

325 1333 601 1402 Μάξιμον,
637 1334 686 1384 si
720 1333 813 1384 καὶ
869 1331 1039 1401 μηδὲν
1078 1331 1336 1403 ἀπώνατο
1385 1330 1484 1399 τῆς
1536 1331 1666 1403 περὶ
1732 1331 1909 1386 ταῦτα

326 1425 632 1493 μοχθηρίας
665 1439 680 1453 ο
707 1423 827 1476 οὐδὲ
850 1423 957 1493 γὰρ
979 1422 1178 1477 ἀνύσαι
1210 1441 1263 1476 τι
1290 1402 1622 1493 ’δεδύνητοξ
1676 1424 1914 1490 Ἀπεκη-

327 1515 502 1583 ρύχθη
530 1514 623 1568 οὖν
655 1514 744 1567 διά
787 1514 883 1567 τοῦ
916 1516 1190 1586 παρόντος
1220 1515 1444 1578 κανόνος
1478 1515 1584 1569 ὑπὸ
1609 1515 1716 1568 τῶν
1751 1517 1809 1568 ὲν
1839 1519 1906 1588 τῇ

326 1607 562 1678 δευτέρᾳ
600 1607 804 1675 συνόδῳ
836 1606 1210 1663 συνελθόντων
1242 1605 1414 1674 ἁγίων
1446 1607 1713 1678 Πατέρων
1792 1609 1912 1678 ὁρι-

328 1700 534 1753 σάντων
563 1700 703 1770 μήτε
742 1700 1046 1752 ἐπίσκοπον
1079 1698 1245 1751 αὑτὸν
1277 1697 1561 1766 γενέσθαι,
1592 1698 1624 1767 ἢ
1656 1693 1794 1752 εἷναι
1821 1699 1912 1753 διὰ

327 1790 381 1841 τὸ
403 1791 691 1860 ὲκθέσμως
724 1790 1230 1862 κεχειροτονῆσθαι,
1269 1791 1408 1862 μήτε
1459 1789 1591 1860 παρ’
1627 1789 1775 1860 αύτῷ
1800 1808 1913 1861 χει·-

326 1880 713 1950 ροτονηθέντας
739 1881 1034 1952 κληρικοὺς
1063 1881 1353 1953 ὑπάρχειν.
1384 1880 1654 1951 ’Ὑστερον
1678 1879 1735 1933 δὲ
1773 1897 1912 1947 γνω⁶

327 1971 476 2035 σθεὶς
539 1971 610 2024 τὰ
667 1968 1088 2044 Ἀπολλιναρίου
1157 1974 1380 2044 φρονεῖν
1438 1973 1536 2026 καὶ
1593 1971 1918 2041 ἀνεθεματί-

328 2065 448 2133 σθη.
506 2065 716 2120 Τούτου
775 2067 872 2121 καὶ
914 2069 942 2121 0
999 2067 1263 2134 Θεολόγος
1309 2065 1367 2120 ἐν
1400 2082 1509 2119 τινι
1546 2065 1656 2120 τῶν
1686 2065 1762 2135 μὴ
1821 2065 1908 2118 ἐπ’

329 2157 622 2226 ὶκκλησίας
652 2157 1174 2228 ἀναγινωσκομένων
1201 2158 1375 2227 λόγων
1412 2157 1579 2213 αὑτοῦ
1616 2158 1912 2229 μέμνηται.

2013 607 2215 647 mensa:
2242 604 2458 660 quoque
2486 592 2923 648 communionem
2958 593 3024 648 ab
3063 595 3254 650 eodem
3278 595 3595 651 admittere-

2015 693 2122 739 tur.
2165 683 2360 739 Postea
2390 699 2513 740 eum
2543 685 2958 756 patriarcbalem
2981 687 3595 762 Constantinopolitanae

2012 778 2159 832 sedis
2199 778 2514 848 dignitatem
2569 778 2965 848 concupiisset,
3010 780 3253 848 pecunia:
3299 796 3590 837 numerum

2014 870 2179 924 mittit
2226 870 2637 937 Alexandriam,
2691 870 2901 940 sibique
2931 871 3056 927 inde
3095 873 3354 928 subornat
3385 872 3598 943 episco-

2011 977 2112 1032 ρος
2154 963 2652 1035 Constantinpolis
2680 964 3044 1034 patriarebam
3091 965 3241 1021 illum
3286 967 3591 1032 electurus;

2014 1069 2078 1109 ex
2133 1055 2338 1110 intimis
2392 1037 2554 1111 etiam
2586 1055 2846 1126 Thcologi
2900 1055 3133 1125 quodam
3180 1056 3295 1126 ejus
3328 1058 3596 1126 adjutore.

2014 1147 2115 1214 Qui
2165 1148 2416 1218 quidem,
2481 1163 2603 1203 cum
2663 1149 2713 1204 in
2769 1149 2998 1204 ecclesia
3043 1147 3156 1219 jam
3197 1150 3597 1212 constitissent,

2016 1242 2255 1293 nondum
2302 1239 2539 1308 perfecta
2577 1255 2635 1294 rc
2665 1240 3019 1311 deprehensi,
3078 1250 3241 1312 atque
3287 1257 3316 1296 a
3351 1243 3598 1298 ﬁdelibus

2015 1332 2196 1401 ejecti,
2254 1349 2358 1388 non
2410 1346 2699 1404 propterea
2759 1339 3105 1406 quieverunt,
3170 1336 3267 1391 sed
3313 1336 3598 1392 Choraula:

2015 1425 2293 1493 cujusdam
2341 1429 2556 1482 domum
2591 1429 2842 1498 ingressi,
2887 1428 3181 1483 Maximum
3231 1430 3596 1500 patriar-chain

2015 1515 2313 1580 ordinant,
2399 1517 2651 1587 quamvis
2719 1518 2854 1572 nihil
2923 1518 2971 1572 ei
3028 1518 3233 1587 profuit
3296 1519 3600 1576 istiusmodi

2019 1605 2354 1675 improbitas,
2409 1621 2510 1661 nec
2558 1606 2848 1681 quidquam
2905 1604 3049 1660 enim
3099 1607 3363 1676 perlicere
3409 1617 3600 1676 potue-

2017 1711 2164 1756 runt.
2253 1699 2542 1757 Hominem
2603 1702 2806 1772 igitur,
2868 1703 3118 1757 secundae
3171 1703 3363 1773 synodi
3428 1706 3600 1760 sancti

2019 1791 2206 1846 Patres
2236 1791 2338 1847 hoc
2371 1807 2581 1848 canone
2607 1801 2888 1857 notaverc,
2923 1806 3024 1846 nec
3053 1791 3365 1862 episc0pum
3401 1794 3600 1850 factum

2017 1881 2183 1937 fuisse
2231 1892 2326 1938 aut
2380 1898 2523 1948 esse,
2576 1883 2886 1941 ordinatum
2931 1883 3131 1952 quippe
3185 1891 3376 1937 contra
3433 1884 3601 1956 leges,

2023 1989 2125 2029 nec
2176 1975 2374 2044 quibus
2412 1974 2632 2029 ordines
2679 1970 3018 2039 contulisset,
3063 1974 3116 2026 in
3152 1973 3470 2030 clericorum
3504 1992 3602 2031 nu.

2022 2083 2175 2122 mero
2220 2068 2498 2122 habendos
2547 2082 2665 2124 esse
2719 2067 3002 2122 deﬁniunt.
3089 2067 3347 2121 Eutndem
3395 2081 3602 2139 posrea,

2025 2175 2146 2215 cum
2189 2163 2258 2215 ab
2299 2160 2637 2230 Apollinario
2685 2158 2902 2214 stetisse
2943 2159 3214 2227 cognitum
3265 2167 3433 2227 esset,
3466 2173 3598 2214 ana.

331 2249 562 2305 themate
623 2251 974 2309 damnavere.
1010 2251 1088 2309 Ac
1138 2253 1300 2324 hujus
1345 2252 1564 2322 quidem
1619 2251 1892 2322 hominis,
1931 2255 2077 2325 apud
2125 2253 2478 2327 Theologum,
2532 2253 2586 2311 in
2647 2255 2734 2321 iis,
2777 2269 2914 2325 quas
2957 2255 3198 2312 Ecclesia
3237 2269 3342 2310 non
3391 2255 3603 2310 recitat'

336 2337 694 2407 Orationibus,
727 2343 1052 2398 mentionem
1079 2342 1272 2399 alicubi
1305 2341 1504 2398 factam
1542 2343 1801 2412 reperias.

339 2435 546 2488 ΔΡΙΣΤ.
575 2435 892 2504 Μάξιμος-ό
915 2436 1176 2503 Κυνικὸς
1201 2436 1322 2492 τῶν
1343 2437 1694 2491 ἐπισκόπων
1725 2437 1912 2492 ἀλλό-

399 2528 591 2595 τριος-ς’
616 2528 713 2581 καί
732 2527 890 2595 ἅπας
918 2529 1177 2599 ἀνίερος,
1205 2531 1274 2597 ὃς
1293 2530 1503 2595 ἐκείνῳ
1519 2531 1911 2600 κεκλήρωται.

396 2615 522 2669 Ὅτι
557 2634 662 2687 περ
693 2609 851 2682 οὗτος
892 2619 992 2688 τὴν
1056 2619 1391 2691 Ἐκκλησίαν
1441 2619 1745 2692 ὲσπάραξε,
1806 2621 1902 2674 καὶ

2011 2440 2532 2516 ΔΒΙΒΤ.ιΜαέεὶηιιιε
2558 2441 2782 2513 Cynicus
2802 2443 2865 2495 ab
2887 2442 3138 2512 episcopis
3161 2441 3384 2508 alienus,
3403 2449 3450 2495 et
3467 2441 3603 2507 qui"

2066 2538 2183 2606 quis
2201 2537 2264 2590 ab
2295 2553 2355 2590 eo
2374 2539 2427 2589 in
2444 2535 2642 2589 clerum
2659 2535 2952 2604 adscriptas
2969 2543 3067 2602 est,
3089 2535 3348 2605 profanus
3369 2535 3603 2590 habetur.

2069 2628 2336 2696 Quoniam
2383 2628 2474 2682 hic
2525 2626 2824 2686 Ecclesiam
2860 2629 3197 2694 dilaceravit,
3235 2643 3463 2699 eamque
3489 2642 3603 2697 per-

332 2711 577 2781 ταραχῆς
608 2711 783 2783 αὐτὴν
813 2712 908 2764 καὶ
939 2710 1174 2782 θορύϐου
1200 2711 1493 2782 ἐνέπλησε,
1549 2710 1715 2774 λύκος
1786 2711 1912 2765 ἀντὶ

2030 2721 2326 2779 turbatione
2353 2730 2408 2776 et
2441 2722 2674 2778 tumultu
2730 2720 2996 2790 implevit,
3046 2721 3205 2792 lupus
3255 2737 3355 2791 pro
3389 2731 3604 2792 pastore

332 2805 592 2873 ποιμένος
621 2805 935 2873 ὀφθεὶς,καὶ
968 2806 1146 2859 πάντα
1182 2803 1484 2875 συγχωρῶν
1513 2803 1748 2874 ἑτοίμως
1797 2805 1912 2867 τοῖς

2030 2814 2195 2878 visus,
2242 2825 2298 2869 et
2328 2815 2506 2870 omnia
2549 2814 2946 2872 oﬂ‘endentibus
2988 2824 3238 2887 prompte
3286 2816 3604 2880 concedens,

331 2894 644 2962 πταίουσιν,
683 2895 824 2966 ὑπὲρ
855 2896 974 2960 ἑνὸς
1000 2895 1095 2949 τοῦ
1154 2896 1374 2952 ἀσεϐεῖν
1421 2897 1480 2950 ὲν
1521 2899 1633 2960 τοῖς
1678 2895 1915 2966 δόγμασι

2030 2925 2090 2966 eo
2140 2910 2319 2966 solum
2375 2911 2519 2980 quod
2556 2912 2608 2965 in
2650 2897 2917 2982 dogmatis
2972 2912 3171 2984 impius
3225 2912 3344 2981 fuit,
3405 2928 3605 2969 secuns

331 2988 471 3040 (ατὰ
497 2989 590 3040 τὸν
617 2989 794 3058 μέγαν
825 2990 883 3043 ὲν
926 2988 1180 3074 θεολογιᾳ
1223 2989 1553 3061 Γρηγόριον.
1609 2988 1915 3061 Ἀλλότριος

2030 3003 2150 3058 tium
2219 3018 2471 3073 magnum
2540 3001 2879 3074 Theologum
2945 3004 3292 3072 Gregorium.
3383 3004 3604 3058 Alienus

333 3075 421 3131 ἦν
454 3081 549 3129 καὶ
571 3079 600 3129 0
635 3078 887 3148 Μάξιμος
924 3071 1081 3141 οὗτος
1115 3077 1224 3131 τῶν
1253 3078 1573 3132 ἐπισκόπων
1607 3078 1788 3145 ἔσται,
1817 3077 1914 3131 καὶ

2030 3095 2207 3165 itaque
2240 3071 2605 3165 abiepiscopis
2631 3096 2736 3148 erit
2758 3071 3047 3178 Maximus,
3077 3104 3132 3150 et
3167 3094 3256 3166 qui
3285 3096 3352 3151 ab
3380 3109 3444 3151 eo
3470 3095 3588 3150 ordi

335 3169 378 3221 si
413 3170 548 3240 παρ’
574 3169 743 3223 αὐτοῦ
773 3171 1268 3243 χειροτονηθέντες,
1289 3172 1347 3224 ὲν
1378 3171 1681 3243 οίῳδήποτε
1714 3169 1915 3242 βαθμῷ

2030 3185 2133 3240 nati
2185 3185 2362 3250 fuere,
2417 3199 2742 3258 quocunque
2789 3169 3004 3240 tandem
3048 3183 3180 3240 cleri
3226 3183 3417 3256 gradu,
3467 3184 3605 3243 inter

333 3260 540 3331 κλήρου
581 3262 814 3335 ἀνίεροι.

934 3354 1176 3410 ΚΑΝΩΝ
1209 3357 1286 3410 Ε’.

336 3446 473 3512 Περί
505 3446 614 3501 τοῦ
643 3449 828 3516 τόμον
853 3447 973 3502 τῶν
999 3448 1262 3503 δυτικῶν
1292 3449 1392 3504 καί
1422 3449 1566 3518 τοὺς
1600 3451 1670 3505 ἐν
1699 3451 1927 3506 Ἀντιο-

398 3542 536 3612 χείᾳ
592 3539 1007 3610 ἀπεδεξάμεθα
1058 3541 1202 3608 τοὺς
1254 3542 1406 3612 μίαν
1477 3543 1929 3616 ὁμολογοῦντας

396 3631 655 3698 Πατρός,
708 3633 809 3687 καὶ
843 3633 1005 3702 Υιοῦ,
1038 3633 1138 3688 καὶ
1189 3634 1366 3706 ἁγίου
1399 3637 1744 3707 Πνεύματος
1800 3638 1927 3691 θεό-

415 3740 567 3790 tnta
590 3725 727 3795 (76).

405 3816 612 3870 ΒΑΛΣ.
639 3818 752 3873 Καὶ
781 3812 936 3885 οὗτος
956 3820 985 3874 0
1011 3820 1191 3876 κανὼν
1217 3821 1385 3886 ίδικός
1415 3821 1587 3878 ἐστιν.
1621 3822 1926 3893 ’ῐστόρηται

337 3906 450 3978 γὰρ
477 3908 560 3962 ὅτι
591 3910 972 3975 Κωνστάντιος
999 3913 1027 3968 0
1059 3911 1334 3984 βασιλεὺς,
1376 3914 1405 3966 0
1433 3914 1548 3978 υίὸς
1599 3914 1694 3968 τοῦ
1729 3914 1922 3984 Μεγά-

337 4003 437 4053 λου
461 4000 908 4068 Κωνσταντίνου,
951 4004 1323 4075 ’Δρειανίσας,
1354 4005 1586 4060 ἔσπευδε
1613 4005 1925 4077 ἀνατρέψαι

337 4091 442 4161 τὴν
473 4093 700 4163 πρώτην
732 4094 974 4151 σύνοδον.
993 4096 1201 4154 Μαθὼν
1258 4097 1316 4152 δὲ
1367 4097 1529 4154 τοῦτο
1597 4098 1862 4163 Κώνστας
1897 4100 1925 4152 0

339 4182 576 4253 ἁδελφὸς
597 4185 788 4252 αὑτοῦ,
806 4190 914 4242 τῶν
939 4189 1215 4262 ἑσπερίων
1239 4191 1509 4263 κυριεύων
1542 4192 1749 4262 μερῶν,
1769 4191 1926 4264 ηπεί-

339 4276 479 4348 λησε
513 4277 602 4330 διὰ
644 4279 876 4349 γραφῶν
897 4281 1136 4354 πόλεμον
1154 4283 1234 4354 τῷ
1279 4283 1496 4354 ἀδελφῷ
1550 4284 1741 4350 αὑτοῦ,
1768 4286 1818 4337 εί
1848 4284 1925 4354 μὴ

341 4367 620 4421 παύσαιτο
648 4369 746 4447 τὴν
777 4373 946 4446 ὀρθὴν
975 4374 1160 4432 πίστιν
1203 4375 1473 4432 σαλεύειν.
1553 4377 1776 4444 Ἔδοξεν
1829 4376 1923 4433 οὖν

342 4461 456 4521 τοῖς
490 4460 779 4532 βασιλεῦσι
815 4466 1094 4526 συνελθεῖν
1120 4469 1179 4522 ὲν
1235 4469 1482 4542 Σαρδικῇ
1512 4470 1634 4542 ἦτοι
1661 4472 1727 4541 τῇ
1746 4470 1921 4541 Τρια-

2028 3275 2285 3346 profanos
2314 3274 2503 3330 habiti.

2531 3365 2642 3440 92
2680 3363 2986 3422 CANON
3039 3363 3104 3422 ν.

2028 3457 2182 3524 Quod
2224 3457 2295 3510 ad
2339 3455 2579 3510 volumen
2613 3458 2797 3510 attinet
2836 3455 3276 3522 Occidentalium,
3325 3456 3487 3517 etiam
3525 3472 3606 3512 eos

2097 3549 2412 3619 suscipimus
2445 3550 2535 3616 qui
2563 3549 2857 3606 Antiochia:
2884 3567 3048 3603 unum
3081 3547 3261 3605 Putris
3307 3559 3358 3605 et
3404 3548 3532 3604 Filii
3562 3561 3607 3604 st

2097 3644 2264 3698 sancti
2291 3641 2524 3713 Spiritus
2557 3642 2824 3700 Deitatem
2854 3642 3194 3711 conﬁtentur.

2098 3813 2295 3871 DALS.
2349 3813 2450 3870 llic
2470 3828 2689 3884 quoque
2716 3827 2889 3868 canon
2917 3820 3002 3868 est
3027 3811 3298 3881 specialis.
3342 3811 3402 3871 ln
3430 3811 3608 3872 Histoo

2026 3909 2127 3965 riis
2149 3909 2292 3964 enim
2319 3908 2579 3978 scriptum
2600 3917 2704 3972 est,
2743 3907 2885 3977 quod
2910 3907 3206 3976 imperator
3233 3905 3608 3972 Constantius,

2025 4002 2202 4075 Magni
2239 4000 2582 4056 Constantini
2629 3999 2791 4064 ﬁlius,
2847 3998 3083 4057 Arianus
3123 3999 3323 4065 factus,
3379 4001 3608 4071 primatu

2025 4098 2292 4169 synodum
2343 4103 2591 4150 evertere
2640 4103 2869 4148 conatus
2916 4101 3020 4147 est.
3090 4092 3224 4147 Cum
3277 4093 3382 4150 hoc
3428 4103 3609 4148 autem

2027 4187 2341 4243 rescivisset
2370 4184 2490 4255 ejus
2530 4182 2699 4238 frater
2729 4184 3018 4249 Constans,
3050 4183 3140 4255 qui
3174 4181 3608 4238 Occidentalibus

2027 4281 2274 4351 partibus
2333 4276 2737 4341 dominabatur,
2795 4274 2950 4330 fratri
3001 4291 3098 4330 suo
3155 4275 3354 4331 bellum
3413 4274 3609 4329 litteris

2030 4375 2269 4430 minatus
2290 4378 2396 4433 est,
2429 4369 2533 4423 nisi
2560 4377 2762 4422 rectam
2785 4367 2941 4421 [idem
2965 4366 3288 4421 labefactare
3314 4366 3608 4424 desineret.

2027 4465 2214 4522 Visum
2248 4473 2332 4520 est
2364 4478 2494 4534 ergo
2525 4461 2967 4533 imperatoribus,
3000 4469 3059 4514 ut
3085 4458 3322 4514 Sardica:
3341 4474 3435 4513 seu
3458 4457 3610 4512 Tria-

340 4552 500 4627 δίτζῃ
529 4557 658 4619 τοὺς
691 4558 1049 4627 ἐπισκόπους,
1125 4563 1222 4620 καὶ
1297 4562 1741 4634 διαγνωμονῆσαι
1796 4562 1919 4635 περὶ

2032 4559 2193 4614 diua:
2226 4555 2464 4628 episcopi
2509 4553 2887 4618 convenirent,
2927 4561 2983 4607 et
3028 4551 3095 4605 de
3136 4550 3204 4605 iis
3255 4564 3375 4620 qua:
3419 4546 3610 4604 Nicrea:

343 4645 456 4699 τῶν
477 4649 537 4700 ὲν
552 4647 761 4721 Νικαία
780 4650 1275 4722 δογματισθέντων.
1300 4654 1809 4725 Συναθροισθέντων
1830 4651 1925 4708 οὖν

2033 4653 2255 4708 decreta
2307 4658 2501 4717 erant,
2556 4648 2946 4719 disceptarent.
3030 4642 3388 4714 Congregatis
3431 4641 3610 4716 itaque

1543 4797 1749 4860 Guill.
1785 4793 2122 4874 Beveregii
2149 4799 2336 4856 notat.

423 4895 538 4968 (76)
565 4895 673 4949 Kal
716 4897 824 4953 τοῦ
868 4899 1044 4968 ἁγίου
1097 4900 1444 4967 Πνεύματος
1493 4900 1764 4966 θεότητα.
1811 4898 1940 4952 Post

344 4968 452 5020 ista
482 4967 670 5019 ultima
705 4969 863 5036 hujus
894 4970 1119 5022 canonis
1161 4973 1326 5023 verba
1373 4969 1424 5022 in
1476 4968 1700 5024 Joannis
1747 4969 1936 5022 Antio-

343 5036 510 5090 chcui
537 5036 763 5099 Collect,
794 5055 916 5091 can.
947 5040 1029 5091 tit.
1065 5038 1158 5106 36,
1187 5039 1302 5106 huic
1334 5041 1624 5103 adduntur,
1649 5040 1696 5091 οἱ
1723 5039 1780 5091 δὲ
1809 5055 1936 5091 συν-

344 5107 602 5168 ελθόντες
625 5108 934 5180 γέπίσκοποί
960 5133 973 5170 ι
997 5103 1150 5180 εἰσιν
1191 5103 1337 5164 οὗτοι
1364 5125 1379 5180 ἐ
1437 5109 1744 5180 Νξκτὰριος
1805 5108 1937 5180 Ῠὲπί-

347 5191 560 5248 σκοπος
622 5179 1251 5248 Κωνσταντινουπόλεως
1277 5218 1291 5242 ,
1341 5178 1637 5248 Τιμόθεος
1673 5179 1928 5244 Ἀλεξαν-

343 5247 541 5314 δρεὺς,
575 5248 670 5319 καί
729 5248 777 5301 oi
823 5246 1001 5302 λοιποὶ
1053 5249 1344 5303 ἐπίσκοποι
1382 5246 1481 5319 ρν.
1520 5248 1673 5315 Quae,
1726 5248 1926 5314 fateor,

344 5319 518 5367 verba
547 5317 891 5374 subiudicare
926 5320 1228 5383 videantur,
1288 5317 1606 5388 praise-ment
1662 5333 1926 5374 cauonem

348 5403 380 5438 a
414 5388 651 5460 secunda
686 5389 920 5454 generali
948 5389 1461 5460 synodo__sancitum
1529 5404 1676 5453 esse,
1731 5398 1926 5445 contra

348 5471 421 5509 ac
452 5456 667 5528 anubis
694 5470 962 5511 assertum
980 5456 1091 5513 est.
1154 5458 1348 5513 Verum
1379 5460 1487 5514 iste
1543 5461 1924 5528 episcottorum

349 5524 642 5594 catalogus
675 5527 745 5580 ibi
777 5527 1032 5599 collocari
1069 5530 1261 5599 potuit,
1317 5524 1598 5599 postquam
1634 5524 1923 5585 hic'canon

347 5602 589 5668 quatuor
615 5599 892 5666 prioribus
921 5598 1164 5667 adjectus
1198 5598 1380 5654 fuerit.
1404 5598 1470 5656 Et
1494 5608 1774 5668 praeterea,
1801 5613 1925 5668 cum

352 5665 597 5742 Ittaxitna
619 5665 752 5735 pars
787 5665 1185 5742 etiiscoporuut,
1215 5669 1307 5742 qui
1335 5671 1386 5742 in
1410 5665 1646 5742 secunda
1683 5667 1924 5742 generali

350 5735 567 5808 synodo
618 5741 928 5808 congregati
974 5735 1388 5802 ‘fuerautfbuic
1436 5741 1600 5793 etiam
1643 5735 1926 5793 cendenda

359 5805 559 5859 tithoni
624 5805 968 5874 interessent,
1031 5809 1219 5864 iisdem
1267 5821 1481 5863 certum
1537 5810 1928 5880 quinquaginta

689 5908 960 5969 Parnm.
998 5908 1117 5968 Gn.
1162 5909 1528 5970 CXXXVII.

2029 4895 2296 4952 ‘Patribus
2328 4894 2432 4949 iste
2463 4908 2569 4946 non
2600 4890 2872 4945 immerito
2905 4888 3238 4944 attribuatur
3268 4907 3282 4942 ς
3311 4885 3612 4956 praesertim

2040 4983 2166 5022 cum
2206 4967 2258 5020 in
2293 4963 2518 5032 cpistola
2549 4963 2638 5016 illa
2667 4962 2948 5032 synodica,
2980 4975 3046 5032 e_x
3085 4974 3190 5028 qua
3236 4973 3477 5032 praesens
3525 4956 3612 5009 hic

2038 5052 2214 5092 canon
2237 5027 2551 5103 des'ttmptus
2565 5027 2729 5086 nobis
2747 5031 2983 5103 videtur,
3006 5027 3216 5093 Patres,
3235 5029 3612 5103 quieamcou-

2039 5108 2401 5175 scripserunt,
2422 5097 2633 5175 diserte
2648 5103 2829 5154 testati
2845 5100 3069 5175 fuerint,
3102 5115 3162 5154 se
3185 5097 3427 5175 eamdem
3449 5097 3612 5175 tidem

2040 5177 2094 5231 in
2112 5168 2448 5231 tet-umerum
2466 5171 2672 5243 synodo
2689 5172 3024 5243 praecedente
3040 5185 3182 5224 anno
3202 5169 3418 5243 uberius
3435 5168 3611 5243 εχυὶις

2040 5249 2247 5308 cuisse,
2279 5245 2391 5298 Kal
2423 5237 2759 5312 τῷ’πέρυσιν
2788 5241 2848 5294 ἐν
2875 5238 3418 5312 Κωσταντινουπρλει
3452 5237 3612 5312 παρά

2034 5315 2136 5387 τῆς
2165 5304 2869 5387 οἰκουμενικῆςέκτεθέντι
2896 5310 3144 5387 συνόδου,
3177 5312 3235 5362 ἐν
3277 5304 3360 5387 οἷς
3408 5304 3612 5387 ’πλατύ-⁹

2035 5380 2192 5456 τέρον
2217 5380 2532 5456 τὴνίιπίστιν
2550 5381 3012 5456 ῲμολογήσαμεν.
3045 5381 3181 5435 lliuc
3203 5380 3348 5434 enim
3372 5385 3611 5456 constat,

2034 5448 2252 5509 eosdem
2272 5448 2459 5508 'luisse
2485 5448 2804 5520 episcopos,
2823 5448 2917 5522 qui
2954 5461 3235 5521 sequente,
3272 5464 3336 5502 ac
3363 5448 3454 5522 qui
3483 5462 3613 5516 pra:-

2035 5526 2263 5579 cedente
2336 5536 2480 5576 anno
2536 5519 3007 5590 Constantinopoli
3034 5519 3059 5590 ί
3082 5519 3396 5589 congregati
3462 5524 3609 5573 sunt,

2035 5593 2199 5669 unde
2235 5593 2395 5669 quod
2425 5594 2478 5646 in
2515 5591 2838 5669 alteranilla
2895 5589 3104 5669 synodo
3161 5591 3441 5669 decretum
3499 5593 3609 5669 est,

2034 5663 2203 5734 priori
2233 5659 2490 5734 facillime
2543 5659 2940 5729 adscribatur;'
2973 5677 3036 5714 ac
3063 5660 3120 5734 si
3138 5661 3205 5713 ab
3231 5659 3364 5728 ipsis
3393 5663 3612 5734 centum

2033 5726 2428 5804 quinquaginta
2455 5734 2750 5804 episcopis,
2774 5726 2829 5786 in
2854 5726 3192 5788 aicumenica
3237 5726 3445 5804 synodo
3485 5738 3613 5784 con»

2035 5802 2300 5876 gregalis,
2331 5804 2615 5862 definitum
2647 5802 2859 5859 inisset.
