3992 6480
395 288 497 344 335

1660 274 1937 336 ΤΠΕΟΙ).
1970 273 2376 337 BALSAMON

3543 277 3638 343 336

456 397 816 471 πραγμάτων
859 396 1022 461 τάξει
1097 390 1633 464 συκοφαντοῦντες
1699 394 1805 446 τὸν
1870 395 2397 463 κατηγορούμενον
2466 394 2809 449 ἐπισκοπον
2887 393 3253 465 ἐλεηθεῖεν.
3307 393 3465 450 Ειδέ
3537 413 3641 464 τις,

454 492 926 563 καταφρονήσας
984 486 1103 541 τῶν
1158 486 1312 541 κατὰ
1374 485 1449 540 τὰ
1504 485 1969 555 προδηλωθέντα
2008 488 2401 558 δεδογμένων,
2476 487 2837 559 τολμήσειεν
2895 489 2933 558 ἢ
2982 488 3313 556 ,βασιλικὰς
3378 489 3643 559 ἐνοχλεῖν

455 588 667 654 ἀκοὰς,
729 585 766 655 ἣ
836 582 1177 657 κοσμικῶνᾼ
1222 580 1536 649 ἀρχόντων
1581 578 1960 650 δικαστήρια,
2034 582 2073 652 ἢ
2137 583 2565 657 οὶκουμενικὴν
2627 583 2896 639 σύνοδον
2968 582 3336 652 ταράσσειν,
3425 584 3645 652 πάντας

456 682 757 754 ἀτιμάσας
814 678 956 746 τοὺς
1008 676 1119 745 τῆς
1155 654 1538 743 ⁸διοικήσεως·
1586 676 1991 745 ἐπισκόπους,
2024 679 2131 733 τὸν
2191 654 2603 735 τοιοῦτοντὸ
2681 681 2936 751 πάμπαν
2982 682 3068 746 εὶς
3146 680 3506 749 κατηγορίαν
3566 682 3646 751 μὴ

455 774 985 841 εἷναιδειιτὸν,ὠς
1050 772 1506 841 καθυϐρίσαντα
1553 771 1697 840 τοὺς
1754 775 2043 842 κανόνας,
2092 777 2193 830 καὶ
2242 775 2359 845 τὴν
2414 777 2937 847 ἐκκλησιαστικὴν
2993 776 3421 848 λυμηνάμενον
3489 780 3647 833 εὑταο

461 874 496 935 ξ
501 873 622 924 ίαν.

463 964 664 1021 BALS.
711 964 845 1019 Nota
894 970 1220 1033 praasentem
1251 976 1539 1025 canonem,
1584 971 1806 1033 propter
1850 963 1975 1018 illos

2154 965 2353 1021 ΒΑΛΣ.
2400 962 2719 1035 Σημείωσαι
2778 961 2868 1015 τὸν
2935 960 3182 1032 παρόντα
3239 959 3442 1015 κανόνα
3498 961 3649 1033 χάριν

396 1063 480 1134 qui
527 1062 649 1114 lites
685 1058 978 1112 intendunt
1024 1055 1339 1111 criminales
1378 1057 1647 1112 adversus
1688 1059 1976 1128 episcopos

396 1169 445 1210 ιτι
487 1154 727 1222 reliquos
764 1168 829 1205 ex
870 1151 1064 1205 ordine
1103 1149 1427 1205 Sacerdotali
1456 1166 1479 1203 ι
1524 1149 1648 1220 lege
1691 1152 1854 1205 etiam
1887 1166 1979 1206 ca-

396 1262 592 1301 nonetn
630 1244 732 1299 129
764 1242 954 1314 synodi
991 1240 1466 1312 Carthaginensis,
1499 1252 1553 1297 et
1586 1242 1729 1312 leges
1773 1242 1824 1296 in
1858 1243 1976 1310 ejus

396 1340 732 1408 t‘XpOSiliOtte
761 1336 1024 1404 allegatas
1060 1352 1074 1387 :
1108 1347 1169 1388 ac
1204 1348 1268 1387 ex
1310 1334 1412 1387 hoc
1441 1347 1650 1388 canone
1684 1343 1740 1387 et
1766 1348 1830 1388 ex
1868 1333 1979 1389 illis

397 1434 570 1486 discas
634 1430 853 1497 quinam
904 1425 1294 1494 prohibeantur
1342 1424 1661 1479 criminales
1736 1426 1978 1481 actiones

398 1525 655 1577 adversus
686 1535 800 1583 eos,
842 1518 932 1587 qui
965 1517 1140 1573 sacris
1170 1516 1455 1571 ordinibus
1488 1516 1687 1571 initiati
1716 1526 1865 1580 sunt,
1894 1517 1981 1572 in-

398 1627 630 1672 tentare.
676 1614 795 1668 Non
825 1611 1058 1668 cessavit
1095 1626 1331 1680 unquam
1366 1610 1623 1666 inimicus
1653 1621 1840 1666 noster
1872 1610 1978 1665 Sa-

400 1720 510 1770 tan,
539 1709 801 1760 bonorum
833 1702 1109 1758 hominum
1140 1701 1630 1765 existimationem,
1661 1711 1717 1757 et
1741 1702 1979 1756 maxime

400 1801 798 1869 episcoporum,
831 1811 925 1865 per
949 1795 1274 1849 calumniam
1310 1792 1569 1865 polluere.
1602 1793 1668 1849 Et
1692 1802 1981 1864 prepterea

400 1888 508 1961 94
527 1888 849 1943 delinierunt
866 1884 1075 1950 Patres,
1100 1885 1346 1954 quemvis
1368 1884 1664 1949 hominem,
1685 1886 1799 1952 sive
1828 1886 1983 1939 bonae

400 1982 474 2037 sit
515 1977 963 2042 existimationis,
997 1975 1111 2030 sive
1147 1975 1365 2030 infamis
1386 2014 1402 2037 ,
1433 1976 1608 2030 ﬁdelis
1634 1987 1690 2031 et
1723 1975 1982 2042 inﬁdelis,

401 2074 661 2143 privatam
718 2071 938 2140 quidem
991 2084 1235 2133 causam,
1296 2069 1399 2123 hoc
1447 2077 1551 2135 est,
1607 2069 1981 2138 pecuniariam

402 2169 661 2224 adversus
704 2166 1022 2236 episcOpum
1070 2164 1359 2219 habentem
1395 2164 1633 2227 admitti,
1665 2172 1721 2219 et
1762 2180 1884 2220 cum
1918 2179 1984 2219 eo

402 2265 450 2315 in
497 2260 704 2329 judicio
749 2256 1096 2313 convenienti
1143 2257 1377 2327 litigare.
1425 2256 1529 2313 Pro
1579 2271 1745 2312 causa
1804 2267 1983 2312 autem

2077 1060 2187 1113 τῶν
2218 1059 2546 1113 ἐνιστάντων
2588 1056 2976 1127 ἐγκληματικὰ
3005 1056 3338 1125 δικαστήρια
3370 1054 3510 1109 κατὰ
3546 1057 3648 1109 τῶν

2079 1150 2397 1205 ἐπισκόπων
2446 1149 2544 1204 καὶ
2591 1149 2798 1203 λοιπῶν
2845 1148 3201 1219 ἱερωμένων·
3236 1146 3508 1215 ἀνάγνωθι
3558 1148 3647 1201 καὶ

2079 1243 2171 1296 τὸν
2234 1242 2349 1311 ρκθ¹
2398 1241 2606 1295 κανόνα
2657 1240 2757 1310 τῆς
2810 1242 2869 1293 ὲν
2923 1239 3257 1311 Καρθαγὲνῃ
3307 1240 3523 1293 συνόδου
3558 1242 3650 1295 καὶ

2078 1336 2208 1401 τοὺς
2243 1338 2324 1399 εἰς
2350 1335 2451 1407 τὴν
2474 1335 2777 1406 ἑρμηνείαν
2824 1334 2991 1388 αὑτοὺ
3035 1333 3527 1406 καταστρωθέντας
3559 1334 3644 1387 v6-

2084 1446 2218 1500 μους
2239 1445 2253 1459 ’
2295 1430 2389 1483 καὶ
2433 1428 2626 1498 μάθοις
2653 1430 2715 1483 ἐκ
2748 1424 2844 1483 τοῦ
2894 1427 3167 1498 παρόντος
3214 1427 3437 1491 κανόνος
3471 1428 3561 1480 καὶ
3592 1427 3648 1491 ἐξ

2082 1520 2309 1575 ἐκείνων
2334 1520 2480 1583 τίνες
2504 1520 2811 1574 κωλύονται
2847 1519 3150 1589 γυμνάζειν
3176 1520 3319 1573 κατὰ
3345 1518 3649 1589 ἱερωμένων

2082 1614 2502 1685 ἐγκληματικᾶς
2536 1614 2783 1684 ἀγωγάς.
2816 1614 2933 1668 Οὑκ
2974 1612 3253 1667 ἐπαύσατό
3284 1629 3416 1666 ποτε
3442 1614 3469 1666 ό
3497 1612 3652 1664 πολέ-

2086 1726 2208 1779 μιος
2245 1708 2402 1778 ἡμῶν
2438 1709 2684 1770 Σατανᾶς
2712 1708 2802 1762 διὰ
2857 1708 3228 1775 συκοφαντίας
3273 1705 3514 1776 μολύνων
3558 1707 3652 1768 τὰς

2084 1802 2387 1873 ὑπολήψεις
2420 1801 2529 1856 τῶν
2554 1800 2779 1870 ἀγαθῶν
2809 1800 3138 1873 ἀνθρώπων,
3179 1802 3277 1854 καὶ
3320 1800 3519 1870 μᾶλλον
3547 1800 3644 1853 τῶι

2085 1896 2424 1950 ἐπισκόπων.
2455 1894 2567 1948 Ka‘t.
2598 1894 2688 1948 διὰ
2725 1893 2886 1947 τοῦτο
2911 1894 3122 1965 ὥρισαν
3147 1894 3197 1947 οἱ
3222 1895 3464 1963 Πατέρες
3486 1892 3653 1946 πάντα

2085 1988 2373 2058 ἄνθρωπον
2413 1987 2632 2057 ἔντιμον
2662 1986 2759 2040 κοιλ⁸
2784 1987 3002 2056 ἄτιμον,
3038 1986 3231 2040 πιστὸν
3280 1987 3376 2040 καὶ
3408 1986 3651 2045 ἄπιστον.

2089 2082 2367 2152 ἰδιωτικὴν
2399 2080 2499 2151 μὲν
2526 2081 2808 2145 ὑπόθεσιν,
2839 2081 3087 2134 τουτέστι
3119 2081 3479 2152 χρηματικὴν
3523 2080 3659 2134 κατὰ

2088 2175 2391 2228 ἐπισκόπου
2449 2173 2661 2243 ἔχοντα,
2727 2173 3130 2245 προσδέχεσθαι
3185 2174 3285 2228 καὶ
3350 2174 3657 2238 δικάζεσθαι

2091 2266 2244 2337 παρὰ
2276 2267 2353 2337 τῷ
2415 2267 2713 2337 προσφόρῳ
2763 2268 3123 2338 δικαστηρίῳ.
3174 2269 3355 2338 Χάριν
3382 2270 3438 2323 δὲ
3471 2269 3657 2339 ἐγκλη-

403 2349 707 2414 critninali,
744 2348 827 2403 vel
877 2362 1202 2417 quacunque
1241 2348 1609 2403 ecclesiastica
1658 2349 1976 2418 quaestione,

2098 2362 2329 2433 μωικῆς
2381 2362 2695 2424 ὑποθέσεως
2740 2361 2771 2432 ἢ
2831 2363 3295 2430 ἐκκλησιαστικοῦ
3345 2328 3659 2435 οἱουδήτινος

404 2459 519 2513 qua:
563 2442 978 2512 depositionem,
1012 2440 1093 2494 vel
1137 2440 1300 2495 etiam
1340 2454 1556 2510 poenam
1594 2442 1849 2512 episcOpo
1895 2441 1983 2496 in-

404 2538 575 2601 ducit,
615 2551 738 2590 eunt
775 2547 885 2588 non
934 2532 1095 2587 aliter
1127 2533 1290 2596 trahi,
1330 2548 1494 2603 quam
1545 2533 1590 2588 si
1645 2534 1985 2590 accusatoris

405 2642 633 2696 persona
676 2626 850 2697 prius
904 2624 1211 2679 examinata
1262 2622 1450 2679 fuerit.
1501 2621 1789 2679 llaereticis
1838 2624 1984 2678 enim

406 2720 553 2772 ιιυιιυ
618 2718 777 2771 modo
820 2716 1147 2787 permissum
1192 2727 1276 2771 est
1328 2717 1645 2786 episcopum
1699 2730 1984 2771 accusare.

406 2810 651 2879 Separati
682 2818 883 2873 autem,
917 2808 999 2862 vel
1029 2808 1118 2877 qui
1152 2816 1279 2863 sunt
1305 2809 1470 2863 etiam
1497 2808 1987 2879 quomodocunque

407 2902 552 2969 prius
575 2898 842 2963 accusati,
875 2913 980 2951 non
1007 2906 1237 2965 possunt
1269 2897 1531 2951 adversus
1559 2898 1871 2966 episc0pnm
1905 2896 1986 2951 vel

408 2993 665 3048 rlericum
698 2991 1097 3045 accusationem
1124 2989 1427 3056 instituere,
1453 2989 1553 3043 nisi
1580 2990 1728 3059 prius
1753 2989 1983 3058 seipsos,

408 3100 589 3139 eorum
638 3099 758 3153 qua:
790 3082 870 3137 eis
914 3081 1271 3150 objiciuntur,
1321 3081 1566 3137 insontes
1616 3082 1985 3137 ostenderint.

408 3186 484 3237 Ac
525 3183 653 3237 licet
703 3181 771 3236 sit
823 3180 949 3236 talis
994 3188 1301 3243 accusator,
1350 3194 1459 3233 non
1507 3178 1831 3246 simpliciter
1888 3191 1989 3231 nec

408 3286 614 3331 temere
640 3274 753 3327 vult
786 3288 983 3337 canon,
1009 3271 1294 3338 clericum,
1321 3272 1403 3324 vel
1439 3271 1753 3341 episcopum
1787 3269 1932 3324 trahi
1974 3284 1989 3324 :

408 3369 501 3422 sed
547 3382 671 3422 cum
706 3368 852 3420 omni
893 3365 1130 3434 legitima
1168 3364 1575 3429 observatione,
1621 3374 1674 3418 et
1721 3379 1817 3433 per
1847 3365 1993 3420 seri-

409 3472 643 3529 pluram,
694 3458 776 3512 vel
828 3456 1225 3527 depositionem
1283 3457 1639 3523 accusatoris,
1692 3472 1811 3528 qute
1862 3472 1987 3513 eum

410 3552 581 3608 eidem
633 3566 806 3620 pmnze
849 3548 1125 3617 subjiciat,
1173 3549 1275 3603 nisi
1331 3550 1561 3614 crimen,
1612 3548 1762 3617 cujus
1812 3549 1988 3616 ipsum

2089 2452 2409 2523 ζητήματος
2458 2453 2847 2523 καθαίρεσινῆ
2912 2455 3006 2508 καὶ
3049 2456 3333 2526 ἐπιτίμιον
3380 2456 3663 2524 ἐπάγοντος

2087 2545 2165 2615 τῷ
2215 2545 2502 2613 ἐπισκόπῳ
2566 2544 2640 2616 μὴ
2682 2544 2859 2610 άλλως
2913 2546 3104 2602 τοῦτον
3164 2548 3447 2615 ἕλκεσθαι,
3480 2551 3525 2602 εί
3591 2548 3659 2617 μὴ

2088 2636 2357 2707 πρότερον
2410 2636 2673 2707 ἐξετασθῇ
2726 2637 2787 2689 τὸ
2835 2637 3131 2707 πρόσωπον
3188 2641 3289 2694 τοῦ
3344 2640 3662 2711 κατηγόρου.

2091 2729 2216 2793 Τοῖς
2264 2729 2375 2799 γάρ
2426 2730 2729 2800 αίρετικοῖς
2751 2730 2859 2783 οὐδ’
2889 2732 3028 2795 ὅλως
3080 2733 3306 2804 ἐνεδόθη
3352 2735 3665 2803 κατηγορεῖν

2091 2823 2415 2878 ἐπισκόπου.
2468 2824 2529 2875 0i
2576 2823 2632 2875 δὲ
2665 2824 3066 2893 ἀφωρισμένοι,
3106 2825 3138 2896 ἦ
3178 2826 3277 2880 καὶ
3330 2839 3665 2895 προκατηγο-

2094 2915 2352 2985 ρηθέντες
2381 2915 2767 2984 ὁπωσδήποτε,
2797 2920 2856 2971 οὑ
2889 2918 3152 2973 δύνανται
3197 2920 3345 2974 κατὰ
3378 2918 3661 2971 ἐπισκόπου

2092 3007 2436 3082 ἢκληρικοῦ
2494 3011 2837 3079 κατηγορίαν
2903 3012 3169 3079 εἰσάγειν,
3222 3014 3272 3065 εί
3327 3014 3399 3083 μὴ
3453 3010 3667 3069 ἑαυτοὺς

2092 3102 2394 3156 ἀθτιὼσωσι
2434 3104 2533 3172 τῆς
2580 3103 2949 3173 κατηγορίας.
2979 3104 3089 3157 Καὶ
3135 3105 3229 3158 τοῦ
3283 3104 3587 3175 κατηγόρου
3616 3100 3667 3153 δὲ

2092 3195 2340 3248 τοιούτου
2400 3195 2698 3265 δντος,οὑχ
2763 3194 2953 3259 ἁπλῶς
3000 3196 3097 3249 καὶ
3131 3196 3206 3259 ὡς
3265 3197 3429 3267 ἔτυχε
3466 3194 3600 3247 θέλει
3640 3191 3668 3245 ὁ

2094 3288 2275 3342 κανὼν
2301 3290 2393 3342 τὸν
2422 3288 2684 3359 κληρικδν
2716 3287 2748 3359 ἢ
2784 3288 2876 3342 τὸν
2908 3289 3211 3344 ἐπίᾶκοπον
3236 3285 3664 3353 ἓλκεσθαι,άλλὰ

2098 3381 2235 3451 μετὰ
2264 3380 2445 3450 πάσης
2479 3380 2714 3451 νομικῆς
2746 3383 3214 3451 παρατηρήσεως,
3239 3381 3340 3436 καὶ
3365 3381 3451 3433 διὰ
3473 3380 3668 3447 ἐγγρασ

2096 3471 2203 3540 φῆς
2232 3471 2352 3540 ἦτοι
2404 3469 2494 3523 διὰ
2540 3470 2890 3535 καταθέσεως
2937 3472 3031 3526 τοῦ
3072 3473 3387 3545 κατηγόρου
3441 3470 3669 3524 καθυπο-

2100 3562 2401 3631 ϐαλλούσης
2437 3562 2627 3616 τοῦτον
2654 3566 2712 3634 τῇ
2744 3564 3139 3636 ταυτοπαθείᾳ.
3170 3567 3218 3619 sl
3258 3566 3337 3637 μὴ
3372 3564 3430 3619 τὸ
3456 3548 3684 3628 εἰσαγόοῗ

410 3644 715 3708 insimulat,
768 3641 1099 3712 probat-erit.
1141 3639 1246 3695 Sed
1279 3648 1329 3695 et
1378 3642 1617 3711 episcopi
1662 3642 1777 3696 sive
1806 3641 1991 3697 clerici

2103 3673 2263 3728 μενον
2301 3656 2432 3725 παρ’
2466 3655 2633 3709 αὑτοῦ
2665 3656 2921 3728 ἔγκλημα
2943 3658 3258 3726 ἀποδείξει·
3300 3658 3437 3713 ἀλλὰ
3468 3655 3556 3710 καὶ
3580 3653 3673 3721 τὴν

411 3738 840 3801 accusationem,
887 3735 1123 3805 primum
1166 3734 1385 3804 quidem
1429 3736 1572 3805 apud
1615 3736 1986 3805 metropolita-

411 3848 538 3885 num
570 3830 761 3900 agitari
800 3846 813 3883 :
841 3828 885 3882 si
920 3836 1101 3882 autem
1135 3842 1241 3881 non
1284 3828 1453 3896 possit
1486 3828 1724 3897 regionis
1754 3828 1995 3899 synodus

411 3938 629 3976 causam
682 3920 916 3985 solvere,
962 3929 1112 3985 tunc,
1169 3920 1365 3988 inquit,
1414 3933 1534 3974 eam
1584 3921 1769 3976 audiet
1821 3921 1996 3991 major

413 4013 676 4082 synodus.
708 4010 846 4065 Eum
887 4021 1068 4064 autem
1100 4009 1189 4078 qui
1229 4019 1427 4079 pra-ter
1461 4010 1577 4065 haec
1621 4010 1774 4074 facit,
1810 4020 1865 4064 et
1909 4011 1994 4064 vel

415 4108 481 4160 ad
517 4106 893 4175 imperatorem
931 4103 1160 4167 accedit,
1194 4103 1279 4157 vel
1325 4103 1392 4158 ad
1439 4103 1718 4159 srecularia
1760 4103 1991 4174 judicia,

413 4202 495 4253 vel
537 4201 604 4252 ad
645 4196 1003 4251 universalern
1035 4196 1322 4265 synodum,
1352 4210 1456 4250 non
1498 4210 1619 4251 esse
1658 4197 1725 4249 ad
1772 4211 1999 4251 accusa-

415 4296 614 4347 tionem
642 4289 1055 4354 admittendum,
1084 4297 1143 4341 ut
1175 4288 1264 4356 qui
1294 4303 1532 4343 canones
1558 4287 1751 4356 injuria
1780 4273 1999 4354 adiciat,

412 4395 465 4441 et
510 4382 941 4440 ecclesiasticum
988 4380 1237 4434 ordinem
1275 4388 1572 4449 pervertat.
1606 4379 1856 4434 Privatas
1895 4396 1997 4433 au-

415 4489 521 4532 tem
558 4474 857 4546 nominavit
886 4487 1059 4528 canon
1092 4470 1438 4540 pecuniarias
1469 4485 1682 4534 causas,
1712 4469 1779 4523 ad
1810 4470 2001 4524 critni.

416 4572 617 4626 nalium
650 4554 1034 4635 diderentiam,
1068 4579 1188 4632 qua:
1214 4561 1431 4631 quidem
1458 4560 1689 4629 publica:
1721 4561 2000 4623 dicuntur,

419 4676 476 4721 ut
503 4679 622 4735 qua:
652 4665 717 4718 ab
740 4661 1016 4723 omnibus,
1038 4658 1127 4728 qui
1153 4665 1279 4713 sunt
1302 4671 1364 4709 ex
1394 4656 1615 4725 populo,
1643 4666 1999 4711 moveantur:

418 4759 558 4831 quod
592 4772 697 4811 non
746 4764 832 4809 est
874 4754 928 4805 in
977 4749 1158 4804 causis
1189 4746 1544 4817 pecuniariis.
1596 4748 1643 4801 Is
1674 4749 1816 4801 enim
1859 4748 2005 4803 solus

418 4868 512 4908 cas
540 4858 741 4913 movet,
782 4845 938 4913 cujus
975 4844 1220 4896 interest.
1254 4838 1391 4893 Cum
1439 4850 1623 4894 autem
1671 4841 1826 4896 audis
1869 4857 2006 4912 pra:-

2101 3748 2445 3817 κατηγορὶαν
2487 3746 2581 3800 τοῦ
2613 3748 2919 3801 ἐπισκόπου
2950 3748 2983 3818 ἢ
3016 3749 3111 3802 τοῦ
3161 3748 3432 3821 κληρικοῦ
3468 3744 3674 3816 πρῶτον

2101 3840 2256 3909 παρὰ
2305 3839 2384 3908 τῷ
2436 3839 2814 3911 μητροπολίτῃ
2844 3840 3094 3907 γίνεσθαι
3122 3857 3137 3872 '
3174 3844 3223 3895 ei
3268 3842 3328 3895 δὲ
3373 3842 3432 3893 οὑ
3480 3833 3674 3905 δυνηθῇ

2099 3934 2133 4001 ἡ
2174 3931 2446 4003 ἐγχώριος
2491 3932 2712 3994 σύνοδος
2740 3931 2902 3986 λῦσαι
2940 3933 3041 4003 τὴν
3073 3933 3356 3998 ὑπόθεσιν,
3391 3933 3534 3991 τότε,
3575 3926 3688 4004 (ειη-ξ

2103 4026 2226 4090 σιν,
2267 4025 2604 4096 ἀκροάσεται
2645 4024 2853 4096 ταύτης
2904 4026 3109 4095 μείζων
3170 4026 3415 4090 σύνοδος.
3482 4025 3582 4077 Τὸν
3625 4019 3680 4073 δὲ

2102 4117 2256 4188 παρὰ
2284 4117 2454 4170 ταῦτα
2484 4116 2767 4183 ποιοῦντα,
2796 4119 2889 4172 καλ⁹
2919 4119 2951 4189 ἢ
2981 4118 3197 4189 βασιλεῖ
3224 4106 3687 4190 προσερχόμενονλ

2107 4210 2139 4280 ἦ
2167 4187 2455 4278 κοσμικοϊς
2501 4209 2784 4279 ἄρχουσιν,
2822 4209 2855 4280 ἢ
2890 4187 3510 4283 οἱήκουμενικῇνσυνόδῳ,
3541 4187 3687 4289 ἀπα-ξ

2110 4302 2368 4374 ράδεκτον
2419 4304 2499 4365 είς
2556 4302 2895 4373 κατηγορίαν
2926 4300 3089 4365 εἶναι,
3133 4304 3208 4367 ὡς
3253 4303 3522 4377 ὑϐριστὴν
3575 4295 3679 4350 τῶν

2110 4394 2352 4448 κανόνων
2382 4395 2477 4447 καὶ
2502 4394 2601 4464 τῆς
2626 4394 3096 4466 ἐκκλησιαστικῆς
3117 4398 3378 4464 εὐταξίας
3403 4391 3676 4465 λυμεῶνα.

2124 4484 2425 4548 Ἰδιωτικάς
2464 4484 2520 4537 δὲ
2560 4483 2845 4556 ὠνόμασεν
2887 4489 2916 4540 ό
2964 4488 3146 4542 κανὼν
3183 4489 3282 4553 τὰς
3337 4481 3686 4565 χρηματικὰς

2117 4576 2405 4641 ὑποθέσεις
2448 4577 2585 4647 πρὸς
2636 4578 3045 4652 ἁντιδιαστολὴν
3093 4581 3203 4635 τῶν
3237 4574 3687 4651 ἐγκληματικῶνν

2115 4668 2320 4729 αἵτινες
2381 4668 2638 4738 δημόσιαι
2695 4670 2969 4738 λέγονται,
3020 4672 3097 4735 ὡς
3157 4676 3479 4743 κινούμεναι
3541 4658 3687 4733 παρά’

2115 4762 2318 4825 παντὸς
2350 4762 2460 4815 τῶν
2505 4762 2600 4815 τοῦ
2636 4763 2835 4833 δήμου,
2864 4765 3001 4834 ὅπερ
3046 4765 3143 4819 ἐπὶ
3185 4766 3295 4818 τῶν
3326 4755 3686 4836 χρηματικῶν,

2113 4851 2348 4919 ἀγωγῶν
2401 4853 2501 4909 οὑκ
2553 4853 2690 4909 ἐστι.
2724 4854 2903 4917 Μόνος
2943 4854 3054 4925 γὰρ
3090 4856 3119 4909 ό
3145 4854 3288 4927 ἔχων
3341 4854 3403 4909 τὸ
3434 4843 3687 4919 διαφέρον

1646 4980 1848 5044 Guill.
1882 4985 2225 5068 Beveregii
2254 4999 2451 5053 noue.

406 5106 485 5195 ἰιι
515 5131 589 5195 ex.
615 5114 857 5195 Epistula
891 5110 1104 5165 Damasi
1137 5108 1331 5195 fama.
1373 5109 1438 5195 ad
1489 5110 1849 5195 ﬁteplianum,
1905 5114 1983 5171 Ca

2116 5120 2235 5195 quis
2270 5122 2468 5195 crimen
2515 5122 2763 5195 intendit,
2820 5140 2923 5179 non
2968 5125 3281 5195 impunitam
3320 5124 3437 5195 fore
3467 5109 3684 5195 ποιητῇ

425 5180 737 5248 lumniator,
765 5185 810 5236 si
841 5184 892 5235 in
930 5182 1276 5252 accusatione
1297 5180 1567 5252 defecerit,
1635 5180 1886 5240 talionem
1925 5205 2010 5242 re-

426 5259 621 5326 cipiat,
645 5256 775 5307 ibid.
808 5252 1023 5326 cap.__‘2,
1048 5252 1140 5326 sed
1171 5251 1335 5326 verba
1366 5251 1495 5321 ipsa
1548 5253 1766 5309 Damasi
1801 5258 2012 5326 plenius

428 5320 508 5383 sic
541 5320 889 5396 referuntur,
913 5320 1056 5396 Nam
1086 5322 1362 5396 inscriptio
1385 5320 1555 5393 primo
1581 5342 1783 5395 semper
1803 5320 1931 5396 'ﬁat,
1957 5339 2013 5382 ut

428 5399 679 5452 tationem
737 5394 1390 5464 calumniatonrecipiat,
1450 5396 1573 5464 quia
1635 5407 1767 5449 ante
1814 5394 2014 5453 inscii-

428 5472 665 5537 ptionenn
701 5480 850 5537 nemo
893 5463 1054 5537 debet
1091 5462 1335 5537 judicari
1385 5462 1469 5518 vel
1503 5470 1774 5537 _damnari
1810 5485 1925 5522 cum
1959 5479 2007 5522 et

431 5534 786 5608 sarculileges
817 5534 926 5587 Ita'c
957 5535 1138 5608 eadem
1170 5536 1450 5608 retineant.
1503 5535 1737 5608 lbich.
1788 5539 1841 5603 4,
1879 5557 1934 5608 q,
1960 5540 2014 5604 4,

433 5626 482 5662 c.
513 5608 568 5660 9..
608 5604 729 5659 Ihec
750 5606 1016 5659 habentur
1045 5606 1096 5657 in
1128 5615 1321 5673 quarta
1380 5604 1595 5660 Damasi
1640 5604 1907 5677 Epistola'
1934 5614 2001 5663 ad

437 5677 772 5749 Stephanum
835 5678 1304 5749 τιπλειιίευὶεουιιιιιιι
1358 5692 1481 5749 cap.
1536 5677 1591 5732 7.
1645 5679 1783 5749 Lege
1838 5681 2003 5733 etiam

436 5749 579 5807 civili
606 5746 875 5803 lluanrius
904 5757 957 5800 ct
988 5744 1329 5805 Theodosius
1357 5744 1441 5805 sic
1463 5744 1798 5819 statuerunt,
1848 5750 2006 5815 Quis-

2115 5182 2387 5245 [icentiam
2445 5182 2760 5258 mentiendi,
2805 5211 2924 5248 cum
2976 5182 3367 5251 ca'lumniantés
3408 5191 3477 5244 ad
3525 5182 3689 5263 vindif

2112 5270 2253 5335 ctam
2279 5273 2458 5335 poscat
2494 5255 2789 5318 similitudo
2834 5266 3084 5335 supplicii
3107 5268 3144 5320 Ι.
3180 5283 3232 5333 x,
3261 5282 3312 5323 c.
3355 5264 3435 5319 De
3460 5255 3685 5335 fam”:

2113 5334 2431 5406 uiatoribus.
2469 5335 2725 5400 Basilica,
2753 5338 2781 5389 ό
2812 5325 3101 5406 γινόμενος
3126 5325 3396 5406 προδότης
3426 5330 3524 5398 τῆς
3555 5325 3685 5406 ἰδέας

2117 5404 2455 5477 ’ξαῖηγορίας
2496 5407 2590 5477 ἐπὶ
2623 5406 2891 5476 ποιναλίῳ
2926 5403 3259 5477 ἐγκλήματι,
3294 5408 3393 5477 τὴν
3418 5403 3689 5476 τιμωρίαν,

2126 5471 2462 5549 ὑφίσταται,
2516 5476 2582 5546 ἢν
2624 5471 3023 5549 δ’ἐναγᾷμεχός
3067 5471 3305 5547 ἤμελλεν
3348 5471 3683 5549 θπθῗῗῗῗθ

2117 5530 2282 5596 Basil.
2318 5544 2353 5596 I.
2393 5530 2482 5607 si,
2514 5530 2595 5599 tit.
2622 5546 2716 5610 ‘26,
2753 5530 2886 5601 εί
2932 5530 3063 5601 Vide
3088 5530 3261 5603 ctiam
3286 5530 3528 5613 Dionysii
3563 5530 3690 5608 VG)"

2117 5612 2349 5668 thofredi
2383 5631 2537 5671 uetas
2560 5618 2613 5672 in
2638 5619 2674 5671 Ι.
2710 5634 2803 5685 vn,
2834 5618 2891 5671 tl.
2938 5617 3011 5673 De
3044 5612 3475 5674 accusationibus
3519 5614 3566 5661 ei
3609 5614 3689 5650 ³η·

2116 5687 2511 5752 scr.‘ptionibus.
