3992 6480
322 384 414 440 337

1467 388 1547 448 IN
1579 334 1749 450 CAN.
1788 385 1869 449 VI
1904 383 2113 448 CONC.
2144 386 2252 450 CP.
2308 389 2385 450 ΙΙ.

3453 385 3561 450 3‘33

319 490 517 555 ταύτας
582 496 740 548 κινεῖ.
792 496 1032 553 ’Λκούων
1089 499 1146 553 δὲ
1194 499 1290 556 τοῦ
1350 501 1618 574 παρόντος
1662 500 1885 562 κανόνος

2002 510 2201 557 tentem
2244 519 2534 568 canoncm,
2576 503 2870 568 dicentem,
2917 500 3207 557 hmreticos
3245 500 3407 557 etiam
3443 514 3562 563 cos,

322 584 569 649 λέγοντος
622 589 940 657 αἱρετικοὺς
998 594 1092 646 καὶ
1142 594 1271 658 τοὺς
1316 595 1415 667 τὴν
1443 596 1630 648 πίστιν
1661 593 1759 663 μὲν
1790 591 1887 662 τὴν

322 677 448 746 ύγιῆ
483 683 995 753 προσποιουμένους
1041 686 1344 755 ὁμολογεῖν,
1392 687 1799 757 ἀποσχίσαντας
1831 686 1890 738 δὲ

321 770 412 821 καὶ
469 773 1006 842 ἁντισυναγαγόντας
1052 780 1163 842 τοῖς
1216 782 1521 843 κανονικοῖς
1575 779 1732 849 ἡμῶν
1770 779 1891 831 ἐπι-

319 856 565 923 σκόποις,
609 859 685 930 μὴ
716 865 1045 935 ἐναντιιυθῇς
1081 866 1159 935 τῷ
1196 867 1241 936 β’
1274 868 1460 921 κανόνι
1510 866 1605 921 τοῦ
1656 866 1890 938 μεγάλου

322 948 608 1005 Βασιλείου
659 953 736 1023 μὴ
780 954 1100 1026 ὀνομάζοντι
1134 961 1449 1030 αίρετικοὺς
1483 960 1612 1022 τοὺς
1659 977 1892 1031 σχισμα-

318 1043 527 1107 τικούς.
573 1043 715 1099 Ἀλλ’
757 1047 877 1101 είπὲ
911 1050 1153 1115 ἐκείνους
1182 1054 1310 1118 τοὺς
1333 1053 1729 1123 σχισματικοὺς
1768 1051 1891 1103 ὀνο-

320 1135 594 1204 μάζεσθαι
652 1138 759 1191 ὑπὸ
808 1141 904 1193 τοῦ
963 1144 1236 1212 παρόντος
1294 1144 1522 1208 κανόνος
1577 1144 1889 1214 αίρετικοὺς

318 1228 442 1290 τοὺς
497 1229 980 1300 ἀλλοτριόφρονας,
1011 1237 1107 1290 καὶ
1158 1237 1301 1290 κατὰ
1356 1237 1727 1307 προσποίησιν
1791 1236 1891 1305 μὲν

295 1315 755 1405 βρθοδοξοῦντας,
781 1327 922 1379 κατὰ
953 1327 1216 1398 ἀλήθειαν
1249 1330 1307 1382 δὲ
1342 1317 1504 1390 ὄντας
1537 1328 1850 1396 αἱρετικούς
1874 1344 1887 1359 ·

292 1413 404 1477 Δτὸν
452 1415 511 1467 δὲ
544 1415 748 1469 κανόνα
799 1416 894 1469 τοῦ
945 1420 1103 1487 ἁγίου
1164 1422 1450 1476 Βασιλείω
1502 1423 1634 1491 περὶ
1685 1420 1892 1489 ἑτέρων

320 1509 701 1575 σχισματικῶν
744 1509 1040 1577 διδάσκειν,
1089 1513 1198 1568 τῶν
1229 1514 1399 1570 ὄντων
1437 1516 1535 1585 μὲν
1587 1512 1891 1584 ὀρθοδόξων

321 1598 379 1665 τῇ
408 1597 663 1671 ἀληθείᾳ,
688 1601 777 1654 διὰ
821 1603 879 1656 δέ
925 1622 1043 1658 τινα
1092 1607 1370 1676 πρόφασιν
1420 1604 1890 1678 ὲκκλησιαστικοῠ

319 1687 634 1760 ζητήματος
674 1694 1088 1765 ἀποσχισάντων
1120 1699 1352 1763 ἑαυτοὺς
1385 1700 1529 1753 κατὰ
1570 1698 1894 1763 ἀλαζονείαν

321 1781 420 1833 ἀπὸ
462 1783 564 1850 τῆς
594 1782 850 1854 ὁλότητος
879 1786 988 1840 τῶν
1017 1787 1263 1856 ἀδελφῶν
1282 1804 1298 1822 ⁸
1349 1792 1444 1844 καὶ
1491 1791 1768 1860 ἀνάγνωθι
1800 1792 1893 1845 τὸν

321 1873 553 1940 ῥηθέντα
578 1876 780 1929 κανόνα
806 1879 901 1931 τοῦ
932 1867 1092 1948 ἁγίου
1120 1882 1355 1952 Πατρός.
1398 1884 1534 1937 Ἀπὸ
1573 1885 1762 1954 μέντοι
1794 1886 1893 1938 τοῦ

323 1964 632 2020 τελευταίου
669 1968 835 2038 ῥητοῦ
861 1970 955 2022 τοῦ
986 1972 1259 2042 παρόντος
1289 1975 1544 2038 κανόνος,
1572 1976 1669 2029 τοῦ
1702 1976 1895 2043 λέγον-

323 2073 404 2120 τος
434 2058 821 2130 ἀπαράδεκτον
847 2064 927 2124 είς
957 2066 1297 2133 κατηγορίαν
1329 2061 1471 2121 εἶναι
1496 2068 1589 2121 τὸν
1621 2069 1772 2139 παρὰ
1803 2069 1897 2122 τὸν

324 2150 518 2202 κανόνα
566 2151 847 2216 ποιοῦντα,
876 2152 951 2214 ὡς
1003 2154 1268 2226 ὑϐριστὴν
1295 2156 1404 2211 τῶν
1468 2160 1733 2225 κανόνων,
1769 2162 1896 2214 ἐπε-

326 2240 583 2310 χείρησαν
612 2245 788 2297 εἰπεῖν
830 2263 979 2308 τινες
1020 2247 1116 2299 καὶ
1169 2248 1365 2319 ἀτιμίᾳ
1416 2249 1605 2303 τοῦτον
1652 2252 1895 2305 καθυπο-

332 2330 626 2389 ὂάλλεσθαι.
673 2334 827 2405 Ἐμοὶ
863 2336 919 2391 δὲ
961 2337 1110 2392 δοκεῖ
1141 2340 1249 2394 ἀπὸ
1296 2340 1490 2395 τούτου
1530 2344 1610 2414 μὴ’
1638 2344 1895 2412 γενέσθαι

336 2424 408 2475 τὸν
425 2424 601 2489 οὕτως
646 2426 1006 2493 ἀσυντάκτως
1036 2431 1380 2500 ὲναγαγόντα
1429 2435 1615 2505 ἔνοχον
1662 2438 1727 2507 τῇ
1763 2440 1897 2507 περὶ

328 2514 527 2585 ὕϐρεως
569 2517 788 2589 ἀγωγῇ,
817 2520 960 2573 ὥστε
1014 2522 1363 2596 ἁτιμωθῆναι
1393 2541 1408 2557 ’
1450 2529 1545 2580 καὶ
1581 2528 1898 2593 ἀκολούθως

324 2607 738 2677 καθαιρεθῆναι,
767 2611 856 2664 διὰ
877 2612 966 2666 τὸν
994 2615 1193 2668 κανόνα
1217 2617 1308 2669 τὸν
1324 2618 1555 2686 λέγοντα
1579 2636 1594 2652 ⁶
1628 2621 1701 2673 Τὸ
1719 2638 1899 2690 φανε-

325 2698 409 2764 ρὸν
473 2697 731 2767 βλάπτει,
765 2700 827 2753 τὸ
889 2702 1343 2773 ὲκτετυπωμένον
1384 2708 1444 2760 οὐ
1482 2708 1713 2776 βλάπτει
1744 2712 1893 2782 (78)’

320 2790 490 2852 ἄλλως
519 2791 579 2844 δέ
615 2811 731 2855 πως
782 2796 1233 2865 τιμωρηθήσεται
1290 2799 1433 2853 κατὰ
1481 2800 1542 2853 τὸ
1573 2802 1772 2856 δοκοῦν
1821 2803 1898 2873 τῷ

315 2881 616 2945 δικάζοντι.
653 2884 987 2939 Ἐπισκόπου
1034 2887 1091 2940 δέ
1146 2905 1293 2950 τινος
1340 2889 1696 2954 ἑλκυσθέντος
1739 2893 1899 2963 χάριν

319 2974 742 3045 ὲγκληματικῆς
768 2978 1080 3043 ὑποθέσεως
1121 2981 1201 3044 είς
1230 2981 1330 3053 τὴν
1361 2984 1419 3036 ὲν
1453 2986 1900 3038 Κωνσταντινου-

321 3067 469 3121 πόλει
517 3069 683 3136 ἁγίαν
739 3070 981 3134 σύνοδον,
1029 3074 1123 3126 καὶ
1184 3074 1525 3144 ζητήσαντος
1582 3077 1682 3147 τὴν
1713 3077 1900 3147 κρίσιν

1990 595 2080 661 qui
2109 610 2291 648 sanam
2323 595 2481 651 fidem
2514 596 2763 651 conliteri
2795 610 2903 665 prae
2929 610 2991 649 se
3017 594 3218 657 ferunt,
3244 602 3563 662 separantcs

1990 696 2171 740 autem
2222 702 2302 749 se,
2358 689 2620 741 adversus
2670 686 2966 741 canonicos
3014 694 3228 739 nostros
3274 683 3562 752 cpiscOpos

1990 778 2462 846 congregationem
2494 777 2717 841 faciunt,
2758 793 2823 831 ne
2849 792 3087 847 pugnare
3117 775 3402 830 existimes
3437 789 3560 827 cum

1990 872 2048 926 2.
2097 886 2306 925 canone
2345 870 2521 941 magni
2555 870 2758 936 Basilii,
2792 886 2895 925 non
2929 870 3240 925 nominanle
3277 868 3564 922 haereticos

1992 961 2393 1017 schismaticos.
2425 959 2533 1015 Sed
2563 960 2648 1015 dic
2677 959 2800 1015 illos
2831 959 3212 1014 schismaticos
3247 972 3275 1011 a
3307 954 3563 1025 prmsenli

1992 1069 2202 1110 canone
2238 1053 2523 1109 haereticos
2563 1053 2849 1123 appellari,
2882 1052 2972 1121 (ιυί
3006 1051 3180 1106 aliena
3218 1053 3479 1111 sentiunt,
3511 1057 3569 1102 et

1992 1145 2340 1200 simulatione
2368 1146 2583 1215 quidem
2619 1160 2683 1200 ac
2715 1146 2896 1212 specie
2929 1152 3055 1199 sunt
3086 1142 3402 1206 orthodoxi,
3439 1150 3569 1195 sunt.

1992 1247 2170 1295 autem
2205 1255 2391 1293 revera
2435 1239 2673 1295 haeretici
2709 1255 2724 1295 :
2760 1239 2933 1292 sancti
2970 1248 3148 1291 autem
3185 1236 3369 1290 Basilii
3399 1250 3569 1288 cano-

1994 1348 2116 1387 nem
2164 1332 2228 1387 de
2263 1332 2388 1387 aliis
2434 1332 2795 1388 schismaticis
2830 1333 3047 1393 docere,
3083 1329 3177 1399 qui
3223 1338 3347 1384 sunt
3378 1341 3565 1381 revera

1993 1427 2209 1495 quidem
2227 1426 2539 1489 orthodoxi,
2564 1426 2657 1480 sed
2683 1436 2903 1493 propter
2923 1423 3157 1488 aliquem
3185 1421 3568 1476 ecclesiasticae

1993 1521 2308 1591 quasstionis
2351 1529 2692 1589 praetextum,
2747 1532 2806 1571 se
2846 1534 2942 1587 per
2984 1516 3353 1582 arrogantiam
3386 1529 3413 1567 a
3461 1514 3570 1566 fra-

1996 1620 2136 1666 trum
2167 1612 2475 1677 integritate
2503 1609 2859 1664 absciderunt
2896 1627 2911 1663 :
2942 1618 2997 1663 et
3030 1609 3141 1676 lege
3170 1607 3369 1661 dictum
3404 1618 3570 1659 cano-

1996 1719 2117 1758 ncm
2150 1703 2323 1757 sancti
2358 1702 2554 1756 Patris.
2588 1700 2665 1754 Ex
2692 1700 2881 1753 ultimo
2904 1708 3082 1753 autem
3120 1700 3263 1753 dicto
3292 1697 3571 1767 prmsentis

1997 1796 2243 1859 canonis,
2275 1796 2526 1861 dicentis,
2557 1794 2621 1847 ad
2653 1794 3050 1849 accusationem
3085 1808 3190 1847 non
3222 1807 3341 1847 esse
3375 1791 3574 1845 admit-

2000 1888 2241 1952 tendum,
2287 1887 2377 1956 qui
2424 1897 2619 1955 praeter
2654 1900 2914 1939 canonem
2963 1885 3113 1947 facit,
3164 1895 3222 1938 ut
3264 1880 3479 1949 qui‘sit
3517 1883 3569 1935 iu

1998 1990 2234 2030 canones
2259 1975 2704 2035 contumeliosus,
2732 1975 2910 2027 conati
2944 1982 3069 2028 sunt
3094 1973 3338 2027 nonnulli
3370 1973 3570 2035 dicere,

1995 2079 2118 2119 eum
2142 2066 2303 2120 etiam
2333 2064 2573 2119 infantiae
2601 2062 2822 2130 subjici.
2855 2062 2982 2116 Mihi
3015 2072 3193 2116 autem
3221 2061 3437 2115 videtur
3458 2070 3571 2114 non

1997 2169 2063 2207 ex
2095 2169 2181 2219 eo,
2206 2153 2378 2218 illum,
2401 2154 2491 2221 qui
2521 2152 2657 2207 adeo
2688 2150 2994 2205 inordinate
3024 2151 3291 2203 actionem
3319 2150 3571 2213 intendit,

1998 2246 2317 2316 injuriarum
2350 2238 2564 2300 actione
2592 2245 2785 2309 teneri,
2824 2253 2880 2298 ut
2907 2242 3231 2300 sit.inl’amis
3256 2259 3270 2308 ;
3296 2253 3351 2296 et
3380 2257 3575 2297 conse-

2000 2346 2231 2405 quenter
2280 2337 2626 2406 deponatur,
2681 2344 2900 2405 propter
2950 2334 3207 2405 Regulam
3254 2349 3373 2403 qua:
3421 2334 3574 2397 dicit,

1999 2427 2264 2497 Expressa
2298 2437 2493 2484 nocent
2522 2446 2535 2482 :
2564 2443 2669 2482 non
2706 2441 2963 2496 expressa
2997 2441 3102 2479 non
3130 2432 3347 2479 nocent.
3379 2424 3578 2492 Aliquo

2000 2530 2181 2576 autem
2231 2522 2339 2575 alio
2380 2520 2540 2575 modo
2575 2520 2827 2590 punietur
2861 2526 3021 2585 prout
3061 2516 3226 2586 judici
3278 2516 3572 2572 videbitur.

2001 2612 2136 2667 Cum
2167 2622 2349 2668 autem
2382 2613 2666 2682 episcopus
2690 2610 2889 2679 aliquis
2912 2625 3008 2677 pro
3031 2608 3296 2663 criminali
3319 2622 3482 2661 causa
3521 2607 3574 2659 in

2000 2715 2245 2760 sanctam
2316 2703 2970 2771 Constantinopolitanam
3042 2701 3304 2772 synodum
3371 2707 3577 2752 tractus

1999 2806 2165 2861 esset,
2195 2805 2249 2851 et
2274 2795 2555 2864 petivisset
2575 2805 2635 2849 ut
2658 2809 2685 2847 a
2713 2808 2811 2849 suo
2836 2792 3254 2863 metropolitano
3277 2800 3331 2845 et
3360 2790 3578 2861 propria

2000 2888 2205 2958 synodo
2257 2886 2616 2955 judicaretur,
2671 2896 2727 2939 ut
2780 2886 2894 2940 vult
2947 2885 3033 2939 hic
3089 2897 3324 2952 praesens
3377 2896 3576 2948 canon,

2001 2979 2255 3034 dixerunt
2310 2978 2575 3044 nonnulli,
2622 2978 2763 3047 quod
2814 2976 3069 3044 quoniam
3127 2975 3578 3045 metropolitauus

2000 3085 2238 3142 praesens
2259 3070 2372 3124 vult
2397 3085 2551 3126 suum
2577 3070 2891 3138 episcopum
2923 3082 2952 3122 a
2982 3082 3175 3136 magna
3205 3055 3580 3139 synodojudi-
3676 3102 3679 3103 ν

322 3160 404 3212 τοῦ
471 3160 876 3230 μητροπολίτου
932 3162 1100 3215 αὐτοῦ
1148 3164 1215 3218 ὲκ
1265 3168 1365 3235 τῆς
1412 3166 1623 3230 οἰκείας
1678 3167 1897 3221 συνόδου

2006 3161 2141 3226 cari,
2196 3160 2333 3229 apud
2378 3175 2498 3215 eam
2551 3169 2699 3215 recte
2737 3158 3089 3227 iudicabitur.
3145 3158 3352 3227 contra
3398 3167 3578 3211 autem

319 3252 460 3305 κατὰ
492 3252 591 3304 τὸν
623 3254 871 3331 παρόντα
915 3256 1142 3319 κανόνα,
1179 3250 1333 3310 εἶπόν
1371 3275 1514 3320 τινες
1550 3258 1650 3323 ὡς,
1688 3261 1840 3314 Ἐπεὶ
1869 3264 1898 3316 6

319 3344 730 3414 μητροπολίτης
786 3348 1178 3417 παρουσιάζων
1245 3348 1388 3403 θέλει
1450 3349 1543 3404 τὸν
1594 3352 1898 3408 ἐπίσκοπον

320 3434 485 3489 αὐτοῦ
532 3436 687 3503 παρὰ
739 3439 805 3506 τῇ
858 3439 1071 3510 μεγάλῃ
1128 3441 1334 3511 συνόδῳ
1384 3442 1666 3513 κριθῆναι,
1716 3444 1899 3508 καλῶς

317 3528 470 3597 παρὰ
528 3529 702 3598 ταύτῃ
760 3529 1106 3599 κριθήσεται.
1151 3534 1463 3587 Ἀντέθεντο
1497 3535 1543 3587 δ’
1588 3536 1768 3606 ἕτεροι
1820 3538 1895 3609 μὴ

319 3618 533 3671 κεῖσθαι
588 3619 691 3688 τὴν
728 3620 912 3688 κρίσιν
966 3621 1162 3675 τούτου
1224 3623 1374 3693 παρὰ
1412 3627 1477 3696 τῇ
1534 3624 1756 3695 ἐξουσίᾳ
1794 3626 1892 3680 τοῦ

318 3709 749 3779 μητροπολίτου,
786 3710 924 3764 ἀλλὰ
964 3714 1030 3783 τῇ
1077 3715 1199 3767 κατ’
1240 3715 1403 3770 αὐτὸν
1448 3719 1674 3789 συνόδῳ.
1714 3720 1902 3790 Ἐχειν

319 3800 372 3854 δὲ
409 3803 509 3854 καὶ
548 3803 692 3870 μέγα
714 3802 970 3875 διαφέρον
1000 3806 1092 3858 τὸν
1129 3806 1429 3861 ἐπίσκοπον
1452 3812 1531 3873 είς
1564 3812 1665 3881 τὴν
1690 3812 1899 3867 οἰκείαν

318 3892 639 3957 δικάζεσθαι
702 3894 938 3961 σύνοδον,
976 3897 1068 3950 καὶ
1107 3897 1182 3967 μὴ
1231 3899 1521 3955 ἐλκύεσθαι
1576 3904 1659 3967 είς
1707 3905 1903 3976 ἑτέραν

319 3984 567 4051 σύνοδον,
600 3987 697 4039 καὶ
738 3987 828 4041 διὰ
865 3988 1025 4041 τοῦτο
1058 3990 1194 4059 μηδὲ
1231 3990 1416 4063 χώραν
1459 3992 1607 4064 ἔχειν
1658 3994 1759 4067 τὴν
1808 3998 1901 4051 τοῦ

320 4078 727 4149 μητροπολίτου
778 4081 1109 4151 καταδοχήν.
1172 4084 1291 4137 Ἔτ’
1348 4082 1503 4139 εἶπόν
1570 4105 1720 4152 τινες
1772 4093 1904 4161 περὶ

317 4171 712 4240 οίκουμενικῆς
760 4172 979 4226 συνόδου
1025 4174 1117 4228 τὸν
1144 4176 1346 4230 κανόνα
1379 4178 1770 4247 διαλέγεσθαι·
1803 4183 1905 4252 τὴν

317 4262 372 4314 δὲ
401 4265 461 4317 ὲν
494 4263 1079 4325 Κωνσταντινουπόλει
1110 4265 1355 4336 μεγάλην
1400 4267 1624 4324 σύνοδον
1651 4270 1727 4342 μὴ
1759 4267 1902 4325 εἶναι

318 4355 714 4425 οἱκουμενικήν
737 4369 753 4384 ·
796 4355 892 4407 καὶ
919 4356 1006 4409 διὰ
1033 4355 1194 4410 τοῦτο
1227 4359 1363 4429 μηδὲ
1397 4359 1585 4432 χώραν
1631 4363 1777 4434 ἔχειν
1809 4364 1906 4418 ἐπὶ

318 4449 383 4516 τῇ
448 4446 706 4517 παρούσῃ
764 4447 1045 4503 ὑποθέσει.
1091 4450 1245 4519 Ἐμοὶ
1302 4451 1361 4504 δὲ
1415 4452 1566 4506 δοκεῖ
1608 4455 1692 4507 ὅτι
1753 4457 1785 4526 ή
1843 4457 1903 4511 ἐν

2007 3261 2260 3316 dixerunt
2291 3258 2556 3321 nonnulli,
2586 3271 2692 3312 non
2726 3271 2847 3312 esse
2876 3257 3040 3312 situm
3078 3256 3195 3324 ejus
3223 3255 3487 3326 judicium
3523 3255 3597 3307 in.

2006 3361 2274 3425 potestate
2318 3350 2742 3420 metropolitani,
2775 3350 2870 3404 sed
2919 3350 3107 3419 synodi
3152 3364 3275 3420 qua:
3319 3357 3402 3402 est
3439 3346 3580 3416 apud

2007 3447 2204 3517 ipsum.
2232 3444 2457 3499 Multum
2489 3443 2650 3497 etiam
2682 3443 2919 3513 episcopi
2963 3442 3245 3506 interesse,
3277 3450 3343 3494 ut:
3366 3440 3419 3493 in
3447 3450 3585 3507 pro-

2006 3539 2121 3609 pria
2165 3536 2374 3608 synodo
2420 3535 2713 3606 judicctur,
2750 3542 2803 3588 et
2847 3533 2913 3588 ad
2958 3533 3121 3587 aliam
3166 3532 3432 3599 synodum
3467 3544 3593 3583 non-

2011 3630 2276 3684 trahatur.
2315 3628 2381 3682 Et
2413 3635 2695 3697 propterea
2740 3640 2839 3681 nec
2878 3626 3055 3679 locum
3101 3626 3316 3694 quidem
3361 3621 3579 3683 habere,

2011 3720 2408 3789 metropolitani
2434 3718 2838 3774 admissionem.
2873 3718 3136 3773 Prmterea
3169 3717 3422 3772 dixerunt
3448 3730 3586 3767 non-

2011 3813 2139 3868 nulli
2169 3827 2432 3868 canonem
2469 3810 2616 3881 loqui
2647 3811 2715 3868 de
2745 3812 3036 3865 universali
3072 3811 3299 3882 synodo,
3332 3823 3583 3879 magnam

2010 3914 2191 3959 autem
2226 3905 2512 3977 synodum,
2541 3919 2659 3973 quae
2695 3914 2783 3959 est
2806 3903 3294 3972 Constantinopoli,
3335 3918 3438 3955 non
3467 3916 3587 3955 esse

2011 3995 2415 4052 universalem:
2455 4005 2511 4051 et
2537 4004 2820 4065 propterea
2853 4009 2951 4049 nec
2977 3996 3148 4048 locum
3181 3994 3380 4047 habere
3404 3992 3456 4047 in
3484 3992 3586 4045 hac

2010 4101 2199 4143 causa.
2240 4086 2367 4140 Mihi
2405 4096 2583 4151 autem
2624 4086 2857 4151 videtur,
2897 4086 3041 4155 quod
3075 4085 3288 4140 etiamsi
3320 4085 3584 4154 synodus,

2011 4194 2131 4248 quae
2159 4187 2241 4232 est
2268 4177 2453 4232 habita
2481 4177 2979 4247 Constantinopoli,
3010 4192 3125 4231 non
3148 4186 3229 4230 est
3263 4173 3587 4229 universalis

2011 4273 2275 4342 synodus,
2316 4283 2439 4323 cum
2485 4267 2575 4322 alii
2610 4283 2823 4337 quoque
2856 4268 3178 4336 patriarcha:
3220 4280 3326 4320 non
3359 4265 3583 4318 adsint:

2012 4374 2094 4418 est
2123 4372 2311 4416 tamen
2330 4360 2513 4435 major;
2533 4360 2786 4414 omnibus
2814 4358 3055 4431 synodis,
3092 4368 3145 4411 et
3173 4358 3289 4421 ejus
3312 4355 3587 4422 archiepi-

2010 4470 2206 4523 scopus
2230 4452 2550 4508 universalis
2573 4451 2875 4522 patriarcha
2903 4457 3145 4506 vocatur.
3163 4447 3272 4518 95
3297 4447 3361 4500 Et
3384 4456 3587 4499 metro-

321 4537 901 4592 Κωνσταντινουπόλει
950 4540 1186 4608 σύνοδος,
1237 4542 1342 4596 κᾶν
1391 4544 1746 4617 οἰκουμενικὴ
1773 4525 1897 4600 σύν-

2011 4546 2231 4613 politani
2254 4546 2471 4615 quidem
2495 4560 2598 4599 non
2622 4545 2864 4607 interest,
2889 4542 2980 4598 sed
2999 4542 3259 4611 episcopi,
3288 4538 3371 4593 vel
3399 4537 3586 4593 clerici

320 4630 438 4693 οδος
496 4629 601 4682 οὐκ
650 4630 816 4695 ἐστιν,
855 4634 931 4695 ὡς
983 4634 1057 4702 μὴ
1112 4636 1593 4704 παρουσιαζόντων
1630 4638 1726 4692 καὶ
1797 4639 1906 4692 τῶν

322 4719 501 4773 ἄλλων
553 4724 937 4792 πατριαρχῶν,
975 4724 1113 4778 ἀλλὰ
1175 4726 1380 4795 μείζων
1409 4729 1528 4782 ἐστὶ
1579 4731 1769 4784 πασῶν
1798 4733 1908 4787 τῶν

2006 4640 2094 4710 qui
2123 4640 2379 4693 trahitur.
2405 4638 2765 4704 Quamobrem
2804 4653 2901 4691 nec
2930 4636 3153 4690 lanietur
3190 4635 3405 4703 quidem
3438 4630 3589 4700 quis-

2008 4734 2174 4801 piam
2203 4746 2268 4787 οε
2309 4731 2393 4786 his
2427 4746 2491 4784 ex
2529 4730 2925 4798 metrOpolitaui
2965 4727 3317 4787 admissione,
3369 4732 3590 4794 propter

324 4810 580 4877 συνόδων,
608 4812 705 4863 καὶ
754 4815 781 4865 6
817 4813 1249 4883 ἁρχιεπίσκοπος
1277 4815 1483 4887 ταύτης
1521 4818 1897 4888 οίκουμενικὸς

2010 4825 2181 4894 legem
2206 4838 2323 4891 qum
2349 4823 2477 4878 dicit
2503 4840 2517 4878 :
2541 4823 2671 4890 Qum
2695 4823 2763 4877 ab
2785 4821 2906 4876 aliis
2923 4821 3076 4885 liunt,
3096 4819 3230 4874 alios
3256 4831 3354 4872 nec
3372 4817 3586 4887 juvant,

323 4903 678 4972 πατριάρχης
699 4904 971 4956 καλεῖται.
1001 4906 1111 4960 Καὶ
1136 4908 1198 4960 τὸ
1230 4907 1493 4979 διαφέρον
1516 4910 1578 4963 δὲ
1608 4912 1708 4982 οὐχ
1740 4915 1768 4966 6
1793 4932 1906 4984 μη-

2013 4932 2112 4970 nec
2145 4916 2363 4971 lmdunt.

323 4993 677 5065 τροπολίτης,
707 4994 824 5047 ἀλλ’
875 4997 903 5048 6
955 4997 1256 5061 ἐπίσκοπος
1302 4998 1439 5070 ἔχει,
1471 5002 1505 5072 ἢ
1556 5004 1583 5055 ὁ
1614 5003 1897 5070 ἐλκυσθεὶς
1921 5008 2204 5079 κληρικός.
2253 5009 2347 5061 Διὸ
2381 5008 2503 5062 οὐδὲ
2534 5007 2867 5079 βλαϐήσεταί
2905 5024 2988 5071 τις
3041 5006 3100 5075 ἐξ
3134 5006 3314 5061 αὐτῶν
3359 5005 3424 5060 ὲκ
3484 5004 3589 5074 τῆς

1537 5138 1737 5202 Guill.
1775 5142 2106 5219 Beveregii
2134 5150 2320 5206 notae.

407 5282 513 5359 ([8)
542 5282 632 5359 _T6
677 5285 938 5359 pauenda
964 5285 1249 5359 βλάπτει,
1310 5288 1376 5342 τὸ
1406 5289 1904 5359 ἐκτετυπωμένον

329 5352 716 5415 οὺβλάπτει.
783 5352 1567 5425 Modestinus,Nonnunquam
1624 5352 1900 5427 contingit,

330 5434 389 5475 ut
422 5427 672 5501 quadarn
713 5427 1024 5501 nuntiantim
1074 5442 1319 5501 expressa
1361 5430 1620 5497 ofﬁciant,
1668 5433 1904 5501 quamvis

334 5494 535 5545 omissa
567 5496 723 5569 tacite
752 5494 973 5569 intelligi
1011 5498 1324 5569 potuissent,
1380 5494 1471 5551 nec
1522 5494 1690 5553 essent
1743 5500 1903 5569 obfu—

333 5574 497 5636 tura;
530 5565 889 5636 quodjeuenit,
925 5567 970 5618 si
993 5566 1157 5636 alicui
1183 5569 1260 5620 ita
1283 5569 1510 5636 legatur,
1544 5569 1688 5624 Titio
1715 5565 1903 5624 decent

338 5632 429 5691 do,
465 5635 604 5701 lugu,
641 5634 686 5686 si
718 5633 938 5687 Maevius
990 5632 1702 5701 Capitolium-ascenderit.
1759 5638 1906 5693 Nunt

335 5703 571 5777 quamvis
601 5703 911 5777 in_arbitrio
946 5704 1122 5759 Μωυίὶ
1145 5710 1241 5777 ait,
1275 5725 1342 5761 au
1377 5707 1698 5777 Capitolium
1723 5727 1907 5763 ascen-

338 5774 450 5835 dat,
478 5782 525 5826 et
572 5773 691 5827 velit
741 5772 968 5843 efﬁcere,
1026 5785 1081 5832 ut
1141 5775 1278 5833 Titio
1321 5772 1552 5849 legatum
1612 5782 1906 5848 debeatur;

2013 5311 2117 5348 non
2171 5304 2346 5350 tamen
2404 5294 2593 5363 potarit
2652 5295 2773 5349 aliis
2821 5295 2986 5348 rerbis
3044 5292 3249 5363 utiliter
3296 5291 3509 5360 legari:
3541 5292 3587 5345 si

2014 5363 2233 5417 vaius
2263 5360 2513 5424 voluerit.
2543 5362 2689 5418 Titio
2722 5366 2907 5418 decent
2936 5368 3024 5419 do.
3086 5360 3221 5416 Nam
3256 5363 3311 5415 in
3358 5363 3588 5415 alienam

2011 5435 2333 5489 volunlalt’m
2369 5434 2601 5502 conferri
2656 5436 2887 5503 legatum
2926 5451 3028 5486 non
3074 5444 3262 5500 potest.
3330 5431 3459 5485 Inde
3507 5433 3589 5482 di-

2012 5514 2157 5557 ctum
2181 5516 2283 5567 est,
2322 5504 2587 5572 Expressa
2617 5516 2823 5568 nocent,
2853 5520 2953 5556 non
2975 5518 3220 5569 expressa
3242 5519 3349 5572 non
3380 5510 3587 5572 nocent,

2013 5572 2049 5628 l.
2085 5590 2181 5637 ιιι,
2211 5576 2261 5626 ll.
2302 5573 2376 5627 De
2407 5570 2708 5630 condition.
2745 5586 2789 5628 et
2838 5577 3184 5626 demonstrat.
3240 5570 3441 5625 Ultima
3489 5571 3587 5623 ista

2010 5646 2175 5724 verba
2211 5654 2530 5725 repetuntur
2588 5646 2782 5701 itidem
2848 5644 2885 5701 ι.
2955 5658 3113 5709 cxcv,
3164 5642 3224 5695 ί).
3263 5641 3338 5695 De
3367 5642 3587 5695 diversis

2016 5729 2121 5784 reg.
2142 5730 2311 5784 Jurts.
