3992 6480
385 333 488 398 343

970 462 1201 519 CANON
1244 465 1357 520 VII.

384 549 509 617 Eos,
534 553 626 622 qui
653 561 807 608 rectm
823 553 948 623 ﬁdei
975 572 1031 610 se
1055 557 1370 628 adjungunt,
1393 568 1445 616 et
1460 565 1604 630 parti
1629 576 1832 630 eorum,
1867 559 1960 634 qui

447 659 514 698 es
547 645 811 699 hareticis
843 658 1144 714 servantur,
1177 653 1480 722 recipimus,
1509 659 1798 713 secundum
1831 661 1960 714 sub-

440 740 634 808 jectam
654 741 739 792 hic
757 745 1176 812 consequentia»:
1198 753 1249 798 et
1264 750 1708 809 consuetudinem.
1731 753 1960 810 Arionos

448 833 657 902 quidem
683 843 730 888 et
763 833 1193 903 Macedonianos,
1217 848 1269 893 et
1298 837 1668 909 Sabbatianos,
1701 853 1752 899 et
1779 843 1963 902 Nova-

450 925 652 989 tianos,
690 927 780 994 qui
819 928 1015 992 seipsos
1053 939 1238 983 vocant
1283 929 1544 986 Cat/mres
1581 944 1629 988 et
1658 933 1910 992 Sinistros
1938 954 1959 992 :

445 1027 496 1070 et
537 1017 1052 1084 Quortadecimanos
1088 1022 1197 1076 sive
1226 1021 1528 1079 Tetraditas
1560 1037 1608 1081 et
1633 1027 1959 1094 Apollinari-

357 1110 360 1112 ⁷
445 1120 575 1173 stas,
619 1111 918 1180 recipimus,
952 1115 1140 1168 dantes
1169 1115 1380 1185 quidem
1416 1117 1638 1183 libellos,
1678 1132 1723 1174 et
1749 1137 1957 1177 omnem

447 1205 689 1257 haresim
712 1207 1238 1277 onathematisautes,
1276 1227 1394 1281 qua:
1421 1229 1524 1267 non
1557 1214 1714 1269 sentit
1743 1227 1801 1269 ut
1829 1233 1957 1271 san-

454 1308 540 1350 cta
563 1295 662 1351 Dei
681 1297 939 1356 catholica
966 1310 1015 1355 et
1035 1301 1323 1367 apostolica
1346 1303 1584 1359 Ecclesia
1605 1321 1627 1360 :
1653 1313 1705 1360 et
1725 1307 1957 1378 signatos

446 1393 556 1445 sire
586 1401 772 1446 unctos
804 1395 1036 1461 primum
1063 1406 1249 1450 sancto
1279 1396 1583 1464 chrismate,
1620 1410 1670 1453 et
1701 1399 1953 1468 frontem,

447 1495 498 1540 et
528 1485 733 1547 oculos,
759 1495 810 1540 et
840 1502 1017 1551 nares,
1044 1501 1091 1543 et
1119 1505 1200 1556 os,
1231 1500 1284 1546 et
1315 1509 1470 1548 aures
1499 1504 1591 1560 :et
1619 1511 1707 1550 eos
1733 1497 1954 1566 signan-

444 1587 520 1632 tes
580 1577 843 1642 dicimus,
893 1577 1240 1650 Signaculum
1292 1583 1416 1636 doni
1476 1583 1714 1650 Spiritus
1760 1590 1953 1644 sancti.

441 1668 600 1737 Atqui
636 1669 1022 1740 Eunomianos,
1048 1675 1140 1744 qui
1167 1691 1274 1728 una
1319 1676 1644 1731 demersione
1675 1677 1953 1747 baptizan-

441 1771 548 1826 tur,
575 1771 626 1816 et
663 1761 1040 1827 Mantanistas,
1068 1767 1161 1837 qui
1201 1768 1286 1822 hic
1326 1769 1573 1823 dicuntur
1602 1771 1859 1842 Phryges,
1900 1785 1949 1829 ct

440 1852 801 1922 Sabeltianos,
833 1859 924 1928 qui
965 1860 1103 1914 idem
1133 1877 1244 1916 esse
1275 1860 1495 1917 Patrem
1526 1875 1572 1918 et
1613 1863 1816 1920 Filium
1853 1867 1954 1922 do-

441 1958 579 2011 cent,
609 1958 657 2001 et
690 1949 800 2002 alia
841 1950 1083 2020 qua’dom
1126 1955 1419 2021 perniciosa
1458 1955 1660 2024 faciunt
1690 1975 1709 2012 :
1743 1970 1788 2014 et
1820 1960 1955 2016 alias

442 2055 619 2096 omnes
649 2044 868 2098 Ittcreses
893 2046 1163 2116 (quoniam
1185 2049 1270 2103 hic
1297 2052 1450 2104 multi
1477 2063 1618 2118 sunt,
1653 2063 1700 2107 et
1730 2058 1958 2110 maxime

440 2133 531 2199 qui
553 2148 617 2186 ea:
638 2132 954 2190 Galatarum
979 2140 1190 2208 regione
1211 2142 1544 2211 prodierunt)
1567 2144 1862 2213 quicunque
1892 2161 1956 2199 es:

439 2227 520 2278 his
544 2237 697 2281 recta:
718 2229 841 2296 ﬁdei
864 2231 1057 2284 ascribi
1075 2231 1274 2298 volunt,
1293 2244 1348 2287 ut
1372 2233 1582 2290 σταται
1605 2235 1957 2306 admittimus,

439 2326 491 2370 et
540 2319 712 2383 primo
742 2320 950 2382 quidem
997 2322 1084 2374 die
1113 2323 1253 2388 ipsos
1296 2323 1633 2382 Christianos
1674 2327 1899 2398 facimus
1935 2347 1956 2394 ;

440 2411 690 2476 secundo,
710 2412 1108 2467 catechumenos
1133 2428 1152 2466 :
1177 2416 1365 2471 deinde
1387 2421 1563 2482 tertio,
1589 2421 1956 2475 exorcisamus

441 2502 602 2569 ipsos,
632 2510 710 2555 ter
734 2505 786 2557 in
813 2504 922 2574 97
950 2507 1136 2574 faciem
1159 2525 1337 2561 eorum
1365 2519 1412 2563 et
1440 2527 1593 2564 aures
1619 2511 1953 2582 insuﬂlaudo.

441 2590 512 2644 Et
538 2593 617 2645 sic
638 2610 725 2648 eos
758 2596 812 2648 in
845 2595 1110 2666 religionis
1139 2599 1496 2666 fundamentis
1528 2603 1874 2666 instituimus,
1906 2617 1953 2658 et

440 2700 693 2740 curamus
733 2697 790 2740 ut
818 2689 910 2742 diu
950 2691 1003 2743 in
1038 2690 1278 2746 Ecclesia
1318 2706 1607 2762 versentur,
1641 2706 1692 2750 et
1732 2697 1954 2752 audiant

446 2773 775 2847 Scriptores,
813 2791 863 2836 et
897 2791 1020 2837 tunc
1051 2784 1190 2853 ipsos
1223 2785 1577 2854 baptizamus.

443 3487 638 3546 BALS.
695 3490 941 3545 Praesens
987 3505 1159 3545 canon
1208 3492 1490 3548 ha‘reticos
1539 3496 1602 3548 ad
1652 3494 1950 3552 Eccleslam

373 3583 692 3638 accedentes
727 3582 778 3636 in
814 3583 923 3637 duo
954 3583 1167 3647 dividit,
1199 3593 1251 3636 et
1283 3584 1380 3638 hos
1409 3586 1625 3654 quidem
1659 3587 1955 3644 chrismate

373 3675 586 3744 inungi,
615 3690 831 3729 orantem
865 3675 1101 3741 primum
1127 3675 1370 3728 lucresim
1405 3678 1950 3744 anathematizautcs,

373 3775 424 3821 et
444 3767 667 3822 credere
691 3767 1026 3834 profitentes,
1054 3774 1110 3819 ut
1133 3777 1322 3822 saneta
1357 3766 1449 3820 Dei
1478 3771 1641 3822 sentit
1670 3769 1909 3825 Ecclesia
1935 3792 1948 3828 :

373 3859 497 3915 Illos
527 3873 656 3912 vero
686 3858 929 3913 decernit
958 3866 1102 3913 recte
1141 3859 1207 3912 de
1238 3860 1450 3926 integro
1481 3861 1851 3928 baptiz-mdos.
1883 3865 1954 3920 Ac

372 3964 468 4004 eos
499 3950 740 4018 quidem,
763 3950 851 4017 qui
889 3950 1005 4003 solo
1039 3950 1331 4005 chrismate
1360 3953 1544 4022 inungi
1571 3955 1790 4019 debent,
1825 3957 1955 4011 dicit

372 4055 498 4096 esse
534 4041 787 4108 Ariauos,
834 4040 1271 4103 Macedonianos,
1308 4044 1722 4111 Apollinaristas
1762 4057 1816 4102 et
1849 4046 1955 4103 No-

373 4135 649 4201 vati-suos,
671 4136 762 4202 qui
791 4137 952 4190 etiam
977 4135 1194 4189 Cathari
1226 4136 1502 4199 dicuntur,
1527 4153 1755 4206 quorum
1789 4142 1956 4196 luere-

371 4241 463 4282 ses
507 4225 907 4281 declara-vimus
951 4228 1005 4279 in
1060 4228 1235 4294 primo
1272 4243 1482 4281 canone
1529 4232 1810 4295 pra-sentis
1864 4247 1954 4284 se-

372 4321 564 4375 cunda:
611 4319 824 4391 synodi.
867 4319 1152 4374 Novatiaui
1199 4330 1377 4374 autem
1431 4323 1683 4392 appellati
1729 4333 1857 4377 sunt
1901 4332 1954 4377 et

375 4411 719 4477 Sabbatiani,
767 4429 796 4466 a
848 4413 1079 4480 quodam
1138 4415 1454 4483 presbytero
1503 4414 1780 4480 Sabbatio,
1833 4416 1950 4484 qui,

1640 291 1916 406 TiiEOD.
1958 342 2193 404 BALSA
2201 345 2366 408 ΜοΝ

3536 349 3633 420 3H

2680 463 2924 524 KANON
2951 467 3026 524 Z'.

2067 554 2214 624 Τοὺς
2242 557 2750 630 προστιθεμένους
2779 554 2857 632 τῇ
2879 556 3193 631 ὀρθοδοξίᾳ
3219 560 3322 620 και
3349 561 3427 635 τῆ
3449 569 3634 637 μερίδι

2132 645 2254 706 τῶν
2283 648 2634 724 σωζομένων
2668 656 2790 710 ἀπὸ
2827 653 3141 726 αἰρετικῶν
3170 657 3463 728 δεχόμεθα
3495 664 3636 720 κατὰ

2134 745 2251 814 τὴν
2269 739 2760 818 ὑποτεταγμένην
2779 749 3147 804 ἀκολουθίαν
3170 749 3269 804 καὶ
3292 749 3635 819 συνήθειαν.

2145 837 2491 906 Ἀρειανοὺς
2509 831 2627 907 μὲν
2651 839 2748 892 καὶ
2771 835 3258 908 Μακεδονιανοὺς
3294 843 3393 897 καὶ
3426 847 3635 900 Σαϐϐα-

2133 932 2402 999 τιανοὺς,
2459 932 2559 986 καὶ
2628 933 3052 1002 Ναυατιανοὺς
3074 974 3090 998 ,
3145 935 3290 1002 τοὺς
3351 937 3635 1007 λέγοντας

2128 1022 2387 1089 ἑαυτοὺς
2421 1024 2734 1094 Καθαροὺς
2781 1024 2883 1079 καὶ
2927 1026 3308 1095 Ἀριστεροὺς
3345 1028 3490 1099 (79),
3539 1030 3631 1084 καί

2129 1114 2271 1182 τοὺς
2317 1115 3041 1185 Τεσσαρεσκαιδεκατίτας
3083 1117 3219 1186 ἢτοι
3273 1119 3639 1188 Τετραόίτας,

2136 1206 2238 1261 και
2290 1208 2824 1279 Ἀπολλιναριστὰς
2867 1209 3186 1280 δεχόμεθα,
3235 1210 3512 1278 διδόντας
3549 1215 3639 1267 λι-

2131 1297 2237 1352 σέλ
2248 1301 2412 1366 ιους,
2449 1299 2548 1353 και
2579 1299 3119 1370 ἀναθεματίζοντας
3149 1298 3360 1357 πᾶσαν
3387 1302 3636 1370 αἵρεσιν,

2121 1392 2208 1464 μὴ
2241 1393 2595 1463 φρονοῦσαν
2625 1395 2706 1460 ὡς
2733 1393 2946 1464 φρονεῖ
2966 1393 3005 1461 ἡ
3037 1393 3177 1465 ἁγία
3214 1393 3324 1448 τοῦ
3366 1394 3514 1449 Θεοῦ
3541 1412 3638 1451 κα⁴

2135 1486 2348 1555 θολικὴ
2380 1486 2479 1541 καὶ
2521 1485 2899 1555 ἁποστολικὴ
2936 1487 3269 1557 Ἐκκλησία
3289 1506 3302 1520 ·
3331 1489 3428 1542 καὶ
3457 1505 3638 1559 σφρα-

2128 1574 2475 1649 γιζομένους
2527 1573 2662 1648 ἤτοι
2715 1577 3075 1649 χρωμένους
3112 1578 3350 1648 πρῶτον
3371 1579 3451 1646 τῷ
3501 1582 3642 1652 ἁγίῳ

2117 1671 2288 1739 μύρῳ
2318 1669 2388 1722 τό
2419 1682 2484 1723 τε
2511 1669 2794 1738 μέτωπον
2829 1669 2930 1722 καὶ
2974 1669 3117 1736 τοὺς
3164 1670 3512 1740 ὀφθαλμοὺς
3543 1671 3637 1725 καὶ

2123 1765 2233 1829 τὰς
2263 1759 2436 1829 ῥῖνας
2463 1763 2653 1818 καὶτὸ
2682 1763 2877 1831 στόμα
2907 1763 3004 1816 καὶ
3037 1761 3110 1816 τὰ
3139 1756 3292 1817 ὦτα·
3321 1763 3420 1816 καὶ
3452 1779 3639 1832 σφρα-

2130 1855 2394 1926 τίζοντες
2461 1851 2686 1922 αὐτοὺς
2752 1855 3051 1926 λέγομεν’
3122 1857 3387 1925 Σφραγὶς
3425 1855 3640 1924 δωρεᾶς

2130 1949 2477 2020 Πνεύματος
2503 1948 2700 2016 ἁγίου.
2733 1946 3144 2017 Εὐνομίανοὺς
3165 1949 3374 2018 μέντοι
3400 1943 3538 2014 τοὺς
3559 1946 3640 2016 εἰς

2123 2042 2271 2108 μίαν
2325 2041 2664 2095 κατάδυσιν
2717 2037 3217 2110 βαπτιζομένους,
3274 2040 3375 2094 καὶ
3420 2043 3641 2095 Morta-

2128 2134 2344 2199 νιστὰς
2376 2135 2524 2200 τοὺς
2561 2133 2821 2188 ἐνταῦθα
2855 2133 3226 2202 λεγομένους
3257 2133 3512 2201 Φρύγας,
3545 2131 3638 2185 καὶ

2128 2223 2575 2292 Σαϐελλιανοὺς
2603 2221 2748 2290 τοὺς
2789 2222 3182 2291 υίοπατορίαν
3209 2219 3631 2286 διδάσκοντας,

2128 2312 2226 2366 καὶ
2270 2313 2444 2382 ἕτερά
2498 2330 2631 2367 τινα
2686 2312 2924 2382 χαλεπὰ
2973 2309 3340 2379 ποιοῦντας,
3393 2311 3489 2366 καί
3540 2309 3640 2378 τὰς

2127 2406 2325 2473 ἄλλας
2378 2406 2583 2472 πάσας
2629 2403 2890 2474 αἱρέσεις
2932 2400 3166 2476 (ἐπειδή
3212 2404 3446 2460 πολλοί
3487 2407 3637 2458 εἰσιν

2129 2498 2410 2565 ἐνταῦθα,
2428 2498 2698 2566 μάλιστα
2747 2499 2802 2551 οι
2841 2498 2958 2552 ἀπὸ
2992 2497 3104 2565 τῆς
3133 2489 3428 2552 Γαλατῶν
3452 2497 3636 2565 χώρας

2128 2590 2518 2658 ὁρμώμενοι),
2554 2589 2790 2654 πάντας
2817 2589 2961 2653 τοὺς
2990 2588 3094 2644 ὑπ’
3122 2588 3327 2642 αὐτῶν
3357 2590 3635 2652 θέλοντας

2125 2683 2558 2749 προστίθεσθαι
2603 2680 2678 2749 τῇ
2723 2681 3039 2750 ὀρθοδοξίᾳ
3079 2682 3158 2747 ὡς
3202 2681 3512 2749 ’Έλληνας
3549 2680 3637 2733 de.

2125 2775 2386 2842 χόμεθα,
2420 2773 2518 2827 καὶ
2547 2771 2665 2840 τὴν
2690 2773 3194 2841 πρώτην’ἠμέραν
3226 2772 3516 2841 ποιοῦμεν
3539 2772 3636 2823 αὑ-

2124 2864 2268 2930 τοὺς
2305 2863 2738 2932 Χριστιανοὺς,
2774 2863 2893 2932 τὴν
2925 2863 2994 2918 δὲ
3032 2864 3323 2931 δευτέραν
3358 2879 3637 2932 κατηχου-

2123 2953 2372 3024 μένους,
2437 2949 2565 3010 εἷτα
2618 2953 2692 3021 τῇ
2741 2955 2911 3024 τρίτῃ
2955 2953 3348 3024 ἐξορκίζομεν
3398 2952 3640 3017 αὐτοὺς,

2117 3045 2269 3115 μετὰ
2300 3046 2404 3100 τοῦ
2432 3044 2716 3115 ἐμφυσᾷν
2750 3046 2951 3113 τρίτον
2975 3049 3063 3112 εις
3088 3047 3155 3100 τὸ
3189 3048 3523 3114 πρόσωπον
3546 3041 3640 3097 καὶ

1978 3157 2030 3226 C
2128 3141 2219 3207 είς
2269 3137 2342 3193 τὰ
2384 3133 2523 3194 ὦτα.
2565 3137 2676 3193 Kal
2725 3137 2914 3204 οὕτως
2962 3138 3356 3207 κατηχοῦμεν·
3401 3135 3637 3199 αὐτοὺς,

2130 3235 2231 3288 καὶ
2293 3231 2585 3300 ποιοῦμεν
2626 3230 2923 3301 χρονίζειν
2951 3233 3040 3298 είς
3068 3231 3187 3300 τὴν
3246 3230 3639 3298 Ἐκκλησίαν,

2129 3323 2228 3380 καὶ
2267 3323 2601 3393 ἀκροᾶσθαι
2643 3323 2762 3377 τῶν
2789 3321 3072 3392 Γραφῶν,
3103 3323 3201 3377 καὶ
3250 3324 3393 3379 τότε
3430 3316 3642 3384 αὐτοὺς

2121 3414 2504 3485 βαπτίζοιιεν.

2128 3510 2325 3565 ΒΑΛΣ.
2377 3509 2473 3572 Εἰς
2518 3508 2612 3561 δύο
2643 3507 2845 3578 διαιρεῖ
2890 3509 2917 3562 ὁ
2957 3506 3139 3562 κανὼν
3177 3505 3304 3568 τοὺς
3335 3507 3641 3575 αἱρετικους

2055 3605 2182 3668 τοὺς
2225 3603 2694 3674 προσερχομένους
2734 3605 2802 3672 τῇ
2861 3595 3194 3672 Ἔκκλησίᾳο
3244 3600 3342 3654 καὶ
3384 3600 3504 3660 τοὺς
3547 3591 3640 3666 μέν

2058 3714 2193 3768 φησι
2227 3696 2313 3748 διὰ
2349 3691 2519 3764 μύρου
2559 3691 2836 3763 χρίεσθαι,
2875 3689 3382 3762 ἀναθεματῐζοντας
3429 3687 3641 3759 πρῶτον

2059 3791 2239 3844 πᾶσαν
2294 3785 2530 3855 αἵρεσιν,
2593 3785 2688 3838 καὶ
2745 3782 3145 3851 ὁμολογοῦντας
3205 3781 3507 3844 πιστεύειν,
3568 3777 3638 3837 ὡς

2060 3881 2092 3950 ἡ
2120 3879 2253 3949 ἁγία
2276 3879 2371 3934 τοῦ
2401 3877 2535 3931 Θεοῦ
2577 3875 2875 3943 Ἐκκλησία
2903 3877 3095 3943 φρονεῖ
3119 3888 3131 3903 ⁸
3166 3873 3294 3934 τοὺς
3325 3873 3384 3925 δὲ
3412 3866 3639 3940 διορίζε-

2056 3992 2145 4028 ται
2183 3974 2242 4037 ἐξ
2273 3970 2435 4044 ὀρθοῦ
2472 3967 2855 4042 βαπτίζεσθαι.
2883 3967 2993 4021 Καὶ
3025 3967 3151 4028 τοὺς
3183 3968 3281 4035 μὲν
3311 3967 3459 4036 μόνῳ
3491 3960 3640 4032 μύρῳ

2055 4066 2304 4137 χρξεσθαι
2339 4062 2650 4134 ὀφείλοντας
2695 4055 2849 4113 εἷπεν
2887 4053 3028 4112 εἶναι
3087 4057 3425 4128 Ἀρειανοὺς,
3455 4055 3638 4109 Μακε-

2055 4158 2350 4222 δονιανοὺς,
2415 4151 2918 4224 Ἀπολλιναριστὰς,
2955 4151 3050 4204 καὶ
3083 4151 3468 4210 Ναυατιανοὺς
3516 4143 3638 4206 τοὺς

2056 4251 2344 4318 Καθαροὺς
2372 4247 2726 4317 λεγομένους,
2751 4236 2829 4297 ὧν
2855 4245 2953 4306 τὰς
2983 4241 3226 4312 αἱρέσεις
3260 4235 3640 4311 παρεδηλώσα·

2060 4361 2162 4414 μεν
2193 4345 2250 4396 ὲν
2276 4341 2352 4411 τῷ
2381 4341 2582 4412 πρώτῳ
2613 4339 2796 4391 κανόνι
2819 4337 2916 4406 τῆς
2934 4333 3216 4406 παρούσης
3239 4332 3498 4402 δευτέρας
3518 4341 3640 4378 συνο

2060 4438 2203 4490 ὁδου.
2236 4435 2300 4489 Ol
2331 4431 2664 4487 Ναυατιανοὶ
2709 4427 2765 4483 δὲ
2808 4428 3114 4497 ἐκλήθησαν
3157 4425 3251 4478 καὶ
3287 4417 3640 4476 Σαϐϐατιανοὶ

374 4522 526 4561 more
551 4504 797 4565 iudaice.
825 4505 1068 4559 Sabbala
1084 4509 1354 4559 servabat.
1385 4505 1742 4560 Nominantur
1770 4519 1949 4561 autem

2102 4526 2171 4578 πὸ
2204 4522 2580 4597 πρεσϐυτέρου
2628 4520 2773 4584 τινὸς
2802 4514 3128 4576 Σαϐϐατίου.
3173 4513 3314 4567 κατὰ
3338 4514 3464 4575 τοὺς
3511 4509 3639 4597 Ἰουῗ

375 4597 538 4653 iidem
568 4607 622 4652 et
663 4597 905 4660 Siuistri,
943 4606 1127 4664 utpote
1177 4612 1392 4649 manum
1444 4597 1718 4651 sinistram
1748 4598 1950 4653 abhor-

372 4701 574 4755 rentes,
601 4700 650 4745 el
679 4700 734 4744 ut
759 4706 852 4761 per
876 4705 996 4745 eam
1024 4689 1316 4760 quidquam
1344 4690 1610 4759 accipiant
1638 4691 1688 4744 in
1713 4693 1951 4746 animum

373 4798 484 4838 non
526 4782 863 4836 induceules.
898 4780 1374 4848 Quartadccimani
1421 4789 1598 4835 autem
1636 4796 1731 4834 seu
1764 4782 1956 4834 Tetra-

372 4878 503 4932 dita:
550 4875 825 4939 dicuntur,
884 4876 973 4945 qui
1032 4874 1235 4928 Pascha
1291 4888 1395 4927 non
1440 4873 1492 4927 in
1545 4873 1634 4926 die
1676 4873 1954 4928 Dominico

371 4971 670 5034 celebrant,
725 4969 820 5024 sed
875 4967 1090 5036 quando
1142 4965 1546 5036 quartadecima
1597 4965 1720 5020 luna
1769 4965 1952 5031 fuerit,

371 5065 685 5135 quicunque
725 5063 771 5117 is
809 5063 872 5117 sit
907 5062 1062 5125 dies;
1110 5061 1254 5130 quod
1301 5069 1388 5114 est
1421 5057 1656 5112 iudaiczn
1691 5059 1958 5128 supersti-

371 5158 536 5213 tionis
564 5157 797 5210 maxitue
821 5155 1120 5224 proprium.
1173 5152 1339 5205 Iidem
1369 5162 1549 5207 autem
1577 5152 1740 5207 etiam
1767 5152 1957 5206 Tetra-

371 5254 496 5309 dita:
519 5251 796 5316 dicuntur,
823 5247 968 5318 quod
991 5263 1112 5303 cum
1136 5245 1342 5301 Pascha
1368 5245 1662 5302 celebrant.
1689 5246 1955 5317 jejunium

378 5362 487 5400 non
539 5345 777 5410 solvunt,
831 5343 924 5399 sed
971 5341 1220 5412 jcjtmanl
1268 5339 1411 5395 sicut
1461 5348 1516 5394 et
1562 5355 1681 5406 nos,
1735 5349 1958 5409 quartas

375 5439 541 5495 ferias
589 5455 604 5492 :
646 5435 853 5492 iaciunt
897 5443 1077 5490 autem
1119 5434 1220 5489 hoc
1257 5433 1362 5488 ritu
1409 5430 1663 5488 Iudaico.
1700 5434 1740 5489 li
1785 5438 1953 5503 enim,

2059 4594 2260 4680 δαιους
2294 4613 2739 4679 σαϐὗατίζοντος.
2793 4609 3101 4664 Καλοῠνται
3147 4606 3205 4659 δὲ
3236 4607 3284 4659 οἱ
3341 4603 3496 4659 αὐτοὶ
3549 4594 3641 4651 καὶ

2072 4711 2400 4781 Ἀριστεροὶ,
2441 4709 2518 4772 ὡς
2555 4706 2654 4777 τὴν
2687 4703 2981 4777 ἀριστερὰν
3017 4703 3174 4773 χεῖρα
3215 4697 3636 4771 βδελυττόμενοι,

2060 4807 2153 4857 κοιλ⁵
2195 4803 2270 4875 μὴ
2302 4804 2617 4874 ἀνεχόμενοι
2653 4799 2718 4853 δι’
2757 4797 2925 4866 αὐτῆς
2964 4795 3024 4849 τὸ
3055 4791 3234 4848 ὁτιοῦν
3267 4785 3637 4860 ὑποδέχεσθαι.

2060 4894 2716 4968 Τεσσαρεσκαιδεκατῖται
2743 4889 2800 4943 δὲ
2825 4889 3071 4958 λέγονται
3097 4888 3266 4958 ἤγουν
3300 4879 3638 4968 Τετραδζτξιεο

2061 4965 2257 5047 οἵτινες
2287 4983 2349 5035 τὸ
2380 4983 2572 5051 Πάσχα
2599 4979 2847 5033 τελοῦσιν
2887 4978 2986 5030 οὐκ
3016 4979 3073 5029 ἐν
3106 4975 3380 5045 κυριακῇ,
3413 4967 3526 5024 ἀλλ’
3552 4965 3638 5018 ὅτε

2060 5072 2684 5148 τεσσαρεσκαιδεκαταία
2740 5073 2773 5144 ἡ
2825 5070 3022 5140 σελήνη
3075 5068 3321 5137 γένηται,
3378 5066 3438 5118 ιν
3575 5055 3640 5108 ἂν

2063 5171 2247 5241 ἡμέρᾳ
2294 5169 2456 5241 τύχῃ.
2492 5168 2631 5238 ὅπερ
2680 5166 2778 5235 τῆς
2819 5161 3117 5232 Ἰουδαϊκῆς
3165 5157 3461 5232 θρησκείας
3498 5149 3641 5206 ἐστὶν

2069 5263 2381 5317 ἱδιαὶτατον.
2413 5260 2477 5313 Oi
2505 5258 2658 5313 αὐτοὶ
2686 5255 2874 5322 δὲέκαὶ
2906 5253 3224 5321 Τετραδῖται
3250 5249 3528 5346 λέγονται.
3559 5241 3637 5346 δ’ξι

2063 5356 2125 5410 τὸ
2161 5355 2350 5424 Πάσχα
2382 5351 2730 5425 ἑορτάζοντες
2755 5349 2816 5403 οὑ
2842 5346 3226 5408 καταλύουσιν,
3259 5341 3639 5436 ἀλλὰ-νηστεύ-

2063 5465 2217 5501 ουσιν
2239 5491 2256 5515 ,
2284 5444 2474 5519 ὥσπερ
2515 5444 2676 5518 ἡμεῖς
2704 5443 2800 5508 τὰς
2829 5437 3091 5512 τετράδας
3113 5452 3130 5470 '
3158 5432 3372 5490 ποιοῦσι
3397 5433 3453 5487 δὲ
3486 5432 3639 5484 τοῦτο

1591 5553 1796 5617 Guill.
1827 5557 2159 5636 Bevcregii
2199 5565 2392 5620 note).

448 5692 562 5761 (79)
597 5689 902 5760 Καθαροὺς
938 5691 1036 5746 καὶ
1057 5690 1432 5760 ἁριστερούς.
1459 5686 1778 5761 ΔΙμεειξιιιιιιιιι
1810 5684 1963 5761 haud.

377 5754 818 5841 sluhie'opistou;
848 5754 929 5841 vel
959 5754 1151 5819 saltent
1178 5754 1626 5841 καθαρώτεροὺς.
1676 5754 1818 5838 sane
1846 5754 1957 5841 ζεο-

376 5833 582 5892 ηιίειιί
615 5833 859 5905 nuspiam
905 5833 1160 5907 leguntur
1206 5848 1266 5892 so
1335 5832 1674 5903 ἀριστεροὺς·
1707 5832 1957 5882 sinistros

2064 5702 2294 5743 vocasse
2325 5705 2341 5742 :
2374 5691 2468 5744 sed
2499 5689 2683 5771 pmius
2713 5702 2770 5741 se
2801 5685 3082 5768 ᾁρῑστους,
3112 5681 3348 5752 optimos
3396 5671 3637 5735 omnium

2065 5769 2118 5814 ct
2153 5760 2635 5829 prmstantissimos
2661 5772 2782 5814 esse
2808 5760 3160 5828 iactitarunt.
