3992 6480
224 373 314 436 ns
1371 384 1451 446 IN
1477 382 1648 448 CAN.
1689 381 1800 447 vu
1834 385 2052 454 CONC.
2085 382 2196 454 cp.
2235 388 2315 450 II.
3350 349 3456 459 ιιι

224 482 346 537 κατὰ
375 483 501 546 τοὺς
541 485 851 553 Ἰουδαίους.
897 477 1058 545 Οὗτοι
1090 491 1198 563 γὰρ
1227 493 1365 565 μετὰ
1395 495 1456 548 τὸ
1496 497 1774 566 πασχάσαι

1881 499 2164 566 postquam
2200 496 2407 554 Pascha
2433 492 2860 568 celebraverint,
2923 506 3066 560 totos
3099 515 3304 576 septem
3335 508 3455 563 dies

223 577 297 628 ἐπὶ
337 573 503 667 δλαιςῗ
529 577 670 632 ἑπτὰ
711 580 945 651 ἡμέραις
987 583 1331 652 νηστεύουσι,
1381 589 1632 658 πικρίδας
1677 591 1770 643 καὶ

1878 586 2156 656 Iejunant,
2193 591 2430 646 lactucas
2480 601 2720 663 agrestes
2762 602 2816 649 et
2859 611 3052 667 azyma
3088 600 3452 667 comedentes,

223 665 383 734 ἄζυμα
417 666 691 729 ἐσθίοντες
714 673 853 726 κατὰ
879 673 978 744 τὴν
1002 672 1094 728 τοῦ
1126 677 1357 731 παλαιοῦ
1387 679 1553 749 νόμου
1584 680 1771 734 διάτα-

1878 677 2026 748 iuxta
2079 681 2279 735 veteris
2331 681 2462 752 legis
2507 665 2970 741 constitutionem.
3025 665 3454 758 Rebaptizandos

222 758 308 819 ξιν.
337 758 476 821 Τοὺς
514 759 571 812 δὲ
604 761 1064 829 ἀναὸαπτίζεσθαι
1097 768 1409 836 ὀφείλοντας
1442 766 1597 824 εἶπεν
1629 769 1769 825 εἶναι

1878 780 2050 825 autem
2083 787 2204 828 esse
2236 772 2370 828 dixit
2401 773 2793 842 Eunomianos,
2827 778 2918 847 qui
2966 793 3070 832 una
3110 780 3454 838 demersione

221 848 584 916 Βύνομιανοὺς,
607 853 735 916 τοὺς
757 855 835 916 εἰς
857 855 985 924 μίαν
1007 855 1297 912 κατάδυσιν
1321 861 1713 931 βαπτιζομένου
1729 880 1766 929 ⁸,

1878 862 2177 932 baptizant,
2212 874 2268 920 et
2311 865 2694 934 Montanistas,
2727 883 2756 923 a
2791 871 3021 938 quodam
3071 871 3325 928 Montano
3352 876 3453 942 ,sic

221 941 297 992 καὶ
323 939 717 1007 Μοντανιστὰς,
756 946 882 1007 τοὺς
909 947 1052 1001 οὕτω
1087 950 1388 1019 κληθέντας
1421 953 1528 1006 ἀπὸ
1560 953 1768 1008 Mona.-

220 1030 295 1083 νοῦ
322 1047 484 1099 τινος,
517 1035 874 1106 Παράκλητον
899 1039 1090 1093 ἑαυτὸν
1121 1044 1640 1114 προσαγορεύοντος,
1675 1048 1768 1101 καὶ

217 1122 290 1176 διά
313 1122 402 1176 δύο
433 1123 656 1192 φαύλων
689 1131 981 1198 γυναικῶν,
1007 1133 1105 1201 τῆς
1126 1149 1185 1186 τε
1216 1136 1513 1204 Πρισκίλας
1545 1137 1640 1192 καὶ
1670 1140 1770 1208 τῆς

218 1214 506 1283 Maelmin;
529 1255 545 1280 ,
574 1218 1076 1293 ψευδοπροφητείας
1105 1225 1598 1295 ἀποφοισάζοντοςο
1631 1231 1768 1300 πρὸς

216 1305 263 1360 ει
303 1307 392 1362 καὶ
424 1309 817 1374 Σαόελλιανοὺς
848 1316 976 1379 τοὺς
1012 1315 1184 1383 οὕτως
1230 1319 1630 1390 ὀνομασθέντας
1659 1323 1768 1376 ἀπό

217 1411 339 1462 τινος
387 1399 680 1455 Σαϐελλίου
733 1403 982 1474 λέγοντος
1033 1411 1170 1480 μετὰ
1215 1412 1324 1466 τῶν
1371 1413 1545 1468 ἄλλων
1600 1415 1765 1469 αὐτοῦ

1872 955 2070 1021 dictos,
2098 957 2190 1024 qui
2234 974 2296 1013 se
2338 956 2682 1015 Paracletum
2710 962 3017 1031 appellabat
3050 981 3067 1018 :
3097 976 3151 1019 et
3189 981 3287 1037 per
3317 969 3452 1022 duas

1871 1046 2146 1115 improbas
2182 1050 2453 1115 mulieres,
2478 1045 2778 1108 Priscillam
2803 1064 2855 1109 et
2883 1055 3258 1122 Maximillam,
3290 1060 3452 1116 falsas

1868 1140 2178 1208 prophetias
2203 1142 2462 1199 tItthbi
2493 1146 2716 1202 numine
2741 1144 2954 1203 amatus
2982 1150 3193 1206 edebat.
3221 1151 3453 1206 Prteter-

1867 1243 1931 1284 ea
1978 1239 2154 1286 autem
2211 1243 2265 1287 et
2310 1229 2678 1300 Sabellianos,
2729 1251 2758 1289 a
2807 1236 3044 1292 Sabellio
3085 1239 3316 1308 quodam
3369 1241 3452 1295 sic

1869 1321 2197 1390 nominatos,
2247 1327 2337 1393 qui
2377 1325 2539 1379 etiam
2579 1341 2698 1381 cum
2749 1327 2870 1382 aliis
2918 1329 3238 1397 quibusdam
3275 1330 3430 1399 nugis

1866 1412 2100 1480 dicebat,
2127 1418 2373 1470 eumdem
2401 1431 2521 1472 esse
2561 1415 2799 1485 Patrem,
2830 1417 3025 1475 Filium
3049 1462 3061 1481 .
3100 1430 3154 1476 et
3191 1421 3449 1491 Spiritum

217 1487 474 1577 φλυαριῶν
502 1490 594 1544 τὸν
621 1493 785 1548 αὐτὸν
822 1492 961 1552 εἶναι
997 1500 1212 1571 Πατέρα
1231 1544 1244 1564 ,
1281 1502 1373 1556 τὸν
1403 1504 1566 1559 αὑτὸν
1598 1506 1758 1570 Υίδν,

1878 1513 2116 1559 sanctum
2145 1521 2160 1572 ;
2187 1516 2243 1560 ut
2273 1506 2383 1561 sint
2414 1507 2466 1562 in
2494 1523 2599 1563 una
2636 1523 2868 1577 persona
2905 1510 3007 1564 tria
3039 1487 3278 1573 nomina,
3309 1511 3455 1566 sicut

218 1576 292 1630 τὸν
319 1579 479 1634 αὐτὸν
508 1582 661 1650 ἅγιον
693 1585 939 1657 Πνεῦμα,
970 1589 1046 1653 ὡς
1074 1587 1214 1645 εῖναι
1243 1595 1301 1648 ὲν
1333 1597 1435 1668 μιᾷ
1469 1597 1765 1653 ὑποστάσει

1878 1600 1922 1656 iu
1965 1596 2182 1652 homine
2219 1611 2442 1668 corpus,
2474 1609 2528 1654 et
2569 1602 2746 1655 anima
2784 1611 2838 1656 et
2869 1601 3095 1670 spiritus
3133 1621 3146 1657 :
3185 1602 3266 1656 vel
3305 1612 3362 1655 ut
3398 1603 3450 1656 iu

217 1671 337 1738 τρεῖς
368 1670 670 1742 ὀνομασίας
689 1691 703 1706 ’
741 1678 815 1740 ὡς
846 1680 905 1732 εν
936 1680 1210 1755 ἀνθρώπῳ
1243 1686 1431 1756 σῶμα,
1471 1688 1566 1742 καὶ
1589 1688 1766 1761 ψυχὴν

1878 1686 1986 1742 sole
2015 1687 2206 1757 triplex
2234 1688 2497 1756 eﬂicacia,
2532 1692 2742 1747 scilicet
2775 1692 3230 1748 circumferentia:
3257 1696 3449 1763 ligura,

218 1763 295 1814 καὶ
336 1763 576 1836 πνεῦμα,
613 1767 657 1836 ἢ
706 1767 782 1832 ὡς
821 1771 878 1822 ὲν
922 1770 1058 1842 ἡλίῳ
1094 1776 1242 1843 τρεῖς
1279 1776 1562 1847 ἐνεργείας
1604 1779 1771 1849 ἤγουν

1878 1778 1958 1832 vis
1989 1779 2332 1836 illuminandi
2372 1792 2425 1837 et
2455 1783 2538 1839 vis
2567 1784 2941 1841 calefaciendi.
2978 1787 3235 1840 Dicuntur
3268 1795 3450 1841 autem

220 1854 267 1944 τδ
317 1854 408 1921 τῆς
475 1861 831 1931 περιφερείας
891 1863 1098 1933 σχῆμα,
1152 1866 1214 1917 τὸ
1271 1870 1620 1934 φωτιστικὸν,
1679 1871 1770 1924 καὶ

1878 1869 2213 1924 llontauistte
2265 1872 2543 1944 Phryges,
2597 1875 2747 1930 vela
2796 1875 3030 1944 quodam
3086 1877 3451 1932 hmresiareha

223 1941 268 1997 τὸ
312 1945 531 2003 Θάλπον.
575 1950 839 2020 Λέγονται
893 1953 951 2006 δὲ
1006 1955 1055 2008 οἱ
1111 1957 1476 2012 Μοντανισταὶ
1523 1960 1768 2031 Φρύγες,

1878 1958 2108 2031 Phryge,
2138 1961 2218 2014 vel
2253 1979 2316 2016 ex
2347 1941 2582 2034 covquod
2618 1941 2850 2033 primum
2882 1981 2911 2020 e
2944 1966 3175 2038 Phrygia
3208 1968 3321 2021 haec
3349 1969 3454 2021 ha:-

225 2037 249 2128 lj
293 2037 344 2089 Ex
394 2057 542 2103 τινος
597 2043 955 2115 αίρεσιάρχου
1023 2047 1235 2118 Φρυγὸς
1287 2049 1319 2119 ἢ
1375 2050 1483 2103 ἀπὸ
1547 2051 1642 2105 τοῦ
1705 2053 1771 2105 ἐκ

1878 2053 2010 2106 resis
2041 2064 2227 2108 exorta
2263 2055 2354 2111 sit.
2395 2055 2657 2112 Praeterea
2689 2068 2868 2113 autem
2905 2070 3167 2114 vocantur
3193 2069 3245 2113 et
3275 2059 3452 2128 Pepu-

225 2125 426 2197 Φρυγίας
467 2133 805 2205 ἀναφανῆναι
843 2136 1073 2208 πρώτως
1108 2139 1208 2211 τὴν
1235 2141 1490 2211 τοιαύτην
1535 2143 1766 2213 αἵρεσιν.

1878 2143 2036 2208 niani,
2088 2161 2154 2199 ex
2213 2147 2452 2215 quadam
2509 2149 2729 2218 regione
2781 2150 2994 2219 Pepuza
3047 2151 3193 2206 diota
3249 2152 3317 2206 ab
3371 2153 3453 2207 eis

229 2220 342 2291 Πρδς
387 2223 599 2290 τούτοις
656 2227 951 2284 καλοῦνται
1007 2232 1102 2285 καὶ
1147 2233 1512 2298 Πεπουζιανοὶ
1558 2235 1666 2288 ἀπό
1691 2254 1771 2290 τι-

1878 2231 2231 2293 llierusalem.
2293 2235 2395 2303 Qui
2462 2249 2645 2293 autem
2706 2241 2840 2296 tales
2890 2251 3056 2306 sunt,
3117 2243 3330 2310 nuptias
3395 2251 3453 2297 ut

236 2327 307 2374 νος
349 2313 628 2380 Πεπούζας
680 2318 1028 2391 καλουμένης
1075 2319 1208 2392 παρ’
1257 2323 1438 2377 αὐτῶν
1491 2328 1632 2379 κατα
1670 2327 1771 2394 τὴν

1878 2327 2250 2384 abhorrcndas
2300 2331 2537 2396 solvunt,
2587 2331 2822 2387 alienum
2868 2334 3130 2402 jejunium
3181 2334 3451 2403 jejunant,

246 2397 582 2477 Ἰερουσαλήμ.
647 2409 712 2462 Ol
759 2410 814 2463 δὲ
865 2412 1098 2466 τοιοῦτοι
1151 2413 1337 2468 λύοντι
1389 2415 1515 2479 τοὺς
1560 2417 1770 2487 γάμους

1878 2416 2077 2472 Pascha
2128 2430 2465 2488 pervertunt,
2523 2432 2768 2477 sanctam
2812 2424 3134 2478 Trinitatem
3181 2426 3234 2479 in
3287 2439 3450 2478 unaur

229 2494 290 2556 ὡς
327 2498 615 2568 μυσαροὺς,
667 2501 1018 2572 νηστεύουσιν
1058 2504 1342 2558 ἀλλόκοτον
1386 2507 1660 2578 νηστείαν,
1711 2507 1770 2560 τὸ

1878 2524 2157 2579 personam
2196 2514 2526 2567 contrahunt
2558 2522 2610 2568 et
2642 2513 3002 2578 confundunt,
3035 2525 3087 2568 et
3122 2516 3445 2585 sanguinem

227 2583 382 2657 Πάσχα
426 2589 865 2662 διαστρέφουσιν,
912 2595 991 2659 είς
1035 2595 1094 2649 ἒν
1132 2597 1425 2668 πρόσωπον
1464 2600 1562 2670 τὴν
1605 2600 1768 2668 ἁγίαν

1878 2604 2051 2673 pueri,
2081 2604 2174 2671 qui
2207 2614 2434 2672 pnnclus
2479 2603 2660 2670 fuerit,
2706 2603 2893 2660 larium
2926 2608 3362 2671 commiscentes,
3397 2616 3453 2661 et

223 2676 396 2745 szi6a
432 2681 773 2752 συναιροῦσι,
807 2685 902 2738 καὶ
933 2686 1246 2755 συγχέουσι,
1279 2690 1374 2742 καὶ
1411 2684 1550 2761 αἷμα
1581 2691 1769 2754 παιδὸς

1878 2710 2036 2764 panes
2077 2697 2364 2760 facientes,
2416 2696 2670 2751 oll'erunt.
2721 2697 2785 2750 Et
2819 2698 2931 2753 lucc
2981 2701 3195 2768 quidem
3250 2699 3345 2752 ita.
3392 2697 3450 2753 Si

221 2773 724 2843 κατακεντουμένου,
775 2776 987 2847 ἀλεύρῳ
1030 2780 1425 2853 συμφύροντες,
1469 2782 1565 2836 καὶ
1605 2782 1769 2852 ἀρτο-

1878 2788 1992 2857 quis
2021 2799 2202 2843 autem
2232 2790 2592 2856 orthodoxus,
2629 2789 2952 2844 Montaulsta
2990 2791 3072 2844 vel
3110 2790 3452 2846 Sabellianus

219 2859 474 2925 ποιοῦντες
498 2864 922 2935 προσφέρουσιν.
946 2870 1055 2921 Καὶ
1083 2868 1251 2922 ταῦτα
1284 2871 1383 2940 μὲν
1410 2869 1602 2935 οὕτως.
1642 2873 1767 2925 Ἐάν

1878 2884 2048 2936 I'actus
2099 2882 2192 2945 sit,
2243 2890 2297 2935 et
2345 2881 2718 2936 haereticorum
2761 2881 3082 2948 baptismum
3130 2881 3450 2948 susceperit,

219 2949 260 3001 δέ
283 2968 352 3014 τις
373 2953 654 3022 όρθόδοξος
679 2959 825 3012 Move
837 2959 1049 3029 ανιστὴς
1076 2962 1302 3030 γένηται
1332 2963 1363 3032 ἢ
1392 2963 1764 3029 Σαϐελλιανὸς,

1878 2989 1999 3026 num
2037 2974 2157 3027 talis
2193 2972 2486 3026 chrismate
2527 2973 2837 3040 inungetur,
2867 2981 2960 3025 aut
3001 2972 3448 3040 rebaptizabitur,

219 3043 291 3094 καὶ
318 3044 602 3117 βάπτισμα
641 3049 935 3120 αίρετικῶν
959 3050 1177 3122 δέξηται
1210 3053 1242 3123 ἢ
1279 3055 1352 3123 μὴ
1383 3053 1621 3123 δέξηται,
1657 3051 1768 3125 ἆρα

1878 3073 1929 3116 ιιι
1966 3064 2144 3117 rmteri
2178 3062 2547 3118 Montanisth
2579 3063 2769 3128 Quaere
2809 3061 2874 3115 de
2915 3062 3016 3115 hoc
3046 3063 3232 3129 prima:
3260 3062 3449 3131 synodi

220 3138 238 3186 ὁ
271 3139 501 3202 τοιοῦτος
535 3141 692 3212 μύρῳ
720 3143 1093 3214 χρισοήσεται,
1126 3145 1160 3217 ἢ
1201 3145 1761 3217 ἀναὸαπτισθήσεται,

1878 3167 1993 3206 can.
2022 3152 2088 3207 l9
2113 3162 2167 3205 et
2191 3160 2501 3205 sanctorum
2526 3150 2892 3220 apostolorum
2914 3164 3174 3204 canonem
3205 3152 3294 3206 Π.
3314 3150 3448 3204 Nota

218 3223 276 3289 ὡς
304 3229 346 3280 οξ
379 3225 540 3284 λοποὶ
571 3233 968 3303 Μοντανιπταίς
1002 3239 1161 3306 Ζήτει
1217 3241 1344 3308 περὶ
1373 3239 1564 3292 τούτου
1596 3240 1694 3310 τῆς
1720 3236 1766 3290 α’

1878 3255 2047 3296 autem
2077 3258 2142 3297 ex
2175 3242 2423 3312 praesenti
2451 3255 2681 3307 canone,
2712 3240 2858 3312 quod
2886 3255 3075 3295 omnes
3104 3257 3206 3294 una
3235 3243 3449 3296 denter-

219 3321 407 3375 συνόδου
433 3326 640 3378 κανόνα
678 3326 741 3378 ιϐ’
783 3330 876 3380 καί⁵
905 3330 1011 3382 τῶν
1038 3329 1209 3397 ἁγίων
1230 3331 1545 3386 ἀποστόλων
1569 3332 1772 3385 κανόνα

1878 3334 2025 3388 sione
2058 3335 2320 3405 baptizati
2357 3335 2790 3403 rebaptizautur.

219 3410 303 3479 με’.
347 3415 668 3484 Σημείωσαι
699 3418 756 3472 δὲ
799 3420 908 3474 ἀπὸ
951 3421 1045 3475 τοῦ
1097 3423 1362 3494 παρόντος
1403 3424 1627 3488 κανόνος
1672 3425 1755 3479 ὅτι
1783 3422 1983 3490 πάντες
2037 3429 2088 3482 οἱ
2163 3427 2554 3500 βαπτιζόμενοι
2627 3429 2707 3492 εἰς
2751 3426 2880 3499 μίαν
2954 3426 3244 3481 κατάδυσιν
3287 3427 3453 3484 πάλιν

219 3504 573 3572 βαπτίζονται.

271 3604 510 3658 ΖΩΝΔΡ.
561 3607 750 3667 Ὅπως
798 3607 903 3678 χρὴ
946 3608 1196 3680 δέχεσθαι
1243 3612 1370 3675 τοὺς
1405 3613 1463 3679 ἐξ
1501 3612 1768 3682 αἱρέσεων

1948 3605 2202 3662 LONAR.
2241 3605 2613 3660 Redeuntibus
2637 3604 2704 3659 ad
2736 3611 2936 3660 rectam
2969 3604 3126 3658 tidem
3164 3602 3452 3658 luereticisv

218 3699 675 3768 προσερχομένους
715 3703 780 3771 τῇ
814 3701 948 3772 ὀρθῇ
982 3704 1197 3769 πίστει,
1229 3706 1258 3758 ό
1304 3703 1494 3776 παρὼν
1526 3705 1770 3758 διδάσκει

1878 3713 1995 3768 quae
2030 3713 2151 3752 cum
2197 3699 2277 3753 eis
2308 3699 2502 3765 agendi
2546 3696 2686 3752 ratio
2733 3699 2962 3750 tenemla
2997 3695 3090 3758 sit,
3119 3696 3219 3749 hoc
3248 3708 3453 3748 canone

218 3789 394 3846 κανών.
438 3791 584 3855 Τοὺς
632 3792 731 3862 μὲν
769 3792 860 3846 οῦν
913 3793 1118 3848 τούτων
1150 3795 1250 3848 οὐκ
1301 3795 1771 3859 άναϐαπτὶζεσθαι

1878 3789 2268 3860 praescribitur.
2302 3787 2451 3844 Alios
2499 3788 2724 3850 etenim,
2777 3801 2881 3840 non
2926 3787 3120 3840 iterato
3165 3786 3452 3854 baptismo,

216 3877 584 3941 διατάττεται,
623 3879 760 3933 ἀλλὰ
788 3881 1064 3946 λιϐἐλλους
1103 3884 1482 3949 ἀπαιτεῖσθαι,
1520 3885 1772 3955 ἔγγραφοι

1878 3883 1969 3938 sed
2011 3881 2223 3937 libellos
2257 3881 2628 3935 tantummodo
2659 3879 3002 3943 exhibentes,
3037 3878 3140 3932 hoc
3171 3886 3275 3940 est,
3313 3876 3453 3930 scri-

217 3963 437 4038 δηλονότι
467 3971 565 4034 τὰς
588 3971 745 4038 δόξας
766 3973 942 4027 αὐτῶν
966 3975 1432 4044 ἁναθεματὶζοντα
1462 3977 1553 4030 καὶ
1583 3976 1771 4046 στηλι-

1878 3981 1996 4044 ptos
2022 3987 2054 4026 a
2079 3987 2135 4026 se
2162 3972 2459 4034 codicillos,
2490 3972 2684 4037 quibus
2707 3969 2990 4039 opiniones
3019 3983 3144 4022 suas
3169 3966 3452 4029 damnent,

219 4061 427 4117 τεύοντα
465 4064 567 4131 τὴν
620 4065 942 4129 κακοδοξίαν
989 4068 1168 4120 αὐτῶν
1212 4070 1306 4122 καὶ
1346 4071 1526 4124 πᾶσαν
1557 4070 1772 4140 αἵρεσιν

1878 4074 1925 4120 et
1947 4077 2188 4118 errorem
2219 4078 2376 4117 suum
2410 4060 2632 4114 infamia
2673 4068 2881 4123 notent,
2913 4067 2966 4111 et
3001 4057 3306 4111 universam
3345 4055 3453 4108 hm-

218 4154 504 4224 ἁναθέματι
535 4157 929 4214 ὑποϐάλλοντα.
962 4160 1082 4212 Εἰσὶ
1101 4160 1155 4214 δὲ
1174 4155 1320 4215 οὗτοι
1359 4162 1652 4232 Ἀρειανοὶ,
1681 4164 1775 4217 καὶ¹

1880 4155 2046 4210 resim
2097 4161 2477 4215 exsecrentur,
2525 4150 2735 4204 admitti
2776 4149 2970 4218 placet.
3007 4146 3140 4203 Sunt
3177 4147 3228 4200 in
3254 4160 3319 4200 eo
3351 4161 3454 4199 nu-

219 4245 618 4314 Ηακεδονιανοὶ,
646 4248 740 4300 καὶ
770 4249 1122 4319 Ναυατιανοὶ,
1153 4255 1202 4306 oi
1229 4253 1456 4317 ἑαυτοὺς
1486 4254 1775 4324 Καθαροὺς

1879 4260 2028 4299 mero
2066 4243 2276 4310 Ariani,
2303 4241 2791 4310 Macedoniamque
2815 4251 2870 4295 et
2893 4238 3200 4300 Novatiani,
3225 4238 3297 4291 illi
3317 4278 3332 4300 .
3360 4237 3453 4305 qui

218 4339 559 4408 ὀνομάζοντες
580 4381 594 4404 ,
629 4336 705 4398 ὧν
733 4342 832 4408 τὰς
857 4343 1098 4414 αἱρέσεις
1127 4343 1614 4416 προδεδηλώκαμεν
1634 4385 1648 4409 ,
1681 4346 1775 4400 καὶ

1879 4349 1998 4390 sese
2029 4333 2295 4390 Catharos
2323 4333 2624 4395 nominant,
2652 4344 2998 4400 quorumque
3036 4328 3268 4383 haereses
3291 4343 3453 4395 supra

218 4432 583 4500 Σαδϐατιανοὶ,
612 4429 687 4489 ὧν
712 4437 954 4506 ἡγήσατο
977 4436 1276 4500 Σαϐϐάτιός
1296 4455 1381 4500 τις
1404 4439 1774 4519 πρεσϐύτερος

1882 4425 2280 4482 indicavimus:
2325 4432 2379 4479 et
2415 4421 2750 4488 Sabbatiani,
2777 4421 2976 4491 quibus
3005 4420 3220 4489 prml'uit
3249 4419 3456 4519 Sahba-

218 4522 299 4591 τῆς
336 4527 603 4596 αἱρέσεως
636 4529 732 4582 τοῦ
770 4528 1024 4583 Ναυάτου
1053 4531 1303 4592 κάκεῖνος
1335 4527 1433 4594 ὢν,
1465 4528 1605 4599 ἔχων
1632 4497 1690 4583 δέ
1722 4550 1775 4586 τι

1884 4516 1990 4569 tius
2023 4514 2238 4583 quidam
2273 4513 2559 4584 presbyter
2584 4513 2631 4568 is
2667 4526 2887 4581 quoque
2912 4526 2976 4565 ex
3011 4510 3203 4564 hazre‘si
3237 4508 3452 4573 Novati,

219 4620 301 4671 καὶ
329 4621 494 4674 πλέον
519 4622 762 4690 ἐκείνου,
793 4624 888 4678 καὶ
914 4623 1008 4678 τδν
1035 4622 1356 4694 καθηγητὴν
1384 4622 1483 4692 τῆς
1515 4623 1775 4692 αἱρέσεως

1882 4606 1974 4661 sed
2002 4607 2091 4675 qui
2140 4604 2339 4676 aliquid
2376 4615 2560 4659 tamen
2600 4604 2667 4658 ad
2701 4617 2818 4658 eam
2859 4602 3176 4663 addidisset,
3206 4610 3259 4654 et
3290 4601 3455 4670 magl-

222 4712 286 4771 εἰς
317 4711 516 4767 κακίαν
554 4714 746 4780 νικῶν,
783 4715 879 4768 καὶ
915 4716 1028 4778 τοῖς
1069 4691 1343 4778 Ἰουδαίοις
1379 4713 1775 4787 συνεορτάζων,

1881 4707 2048 4754 strum
2074 4697 2336 4752 Novatum
2371 4697 2716 4765 improbitate
2748 4701 3089 4765 superasset,
3125 4691 3456 4761 festivosque

222 4750 284 4771 --τ
319 4750 514 4767 ηεροδ-νιν
563 4750 746 4780 γυιων,
785 4750 879 4768 nui
925 4750 1025 4778 νυνι
1087 4750 1343 4778 ινυυυινυνν»
1379 4750 1775 4787 υννςυι-ιυυινων.

221 4801 300 4852 καὶ
322 4803 1009 4871 Τεσσαρεσκαιδεκατῖται,
1037 4804 1087 4858 οἳ
1118 4805 1180 4858 τὸ
1212 4807 1401 4876 Πάσχα
1431 4807 1775 4877 ἑορτάζουσιν

1881 4750 2141 4848 illescum
2159 4750 2486 4844 Judaeisicoli
2517 4788 2694 4843 vellet.
2713 4750 2846 4842 cum
2871 4787 2954 4842 his
2977 4750 3455 4877 Quartadecimaui

218 4895 303 4946 οὐκ
323 4896 379 4948 ιν
401 4898 684 4969 Κυριακῇ,
716 4898 829 4951 ἀλλ’
856 4900 944 4953 ὅτε
964 4899 1588 4970 τεσσαρεσκαιδεκαταία
1618 4901 1653 4970 ἡ
1686 4917 1779 4953 σε·

218 4981 335 5058 tam
367 4991 636 5061 γένηται,
679 4992 740 5053 ιν
764 4992 850 5062 ea
881 4992 947 5046 av
975 4993 1157 5064 ἡμέρᾳ
1185 4993 1324 5064 τύχη
1362 4993 1567 5063 ταύτην
1594 4993 1778 5065 πλήρη

221 5081 502 5143 γενέσθαιο
568 5084 886 5156 ἑορτάζουσι
942 5085 1020 5153 δὲ,
1073 5087 1433 5158 νηστεύοντες
1488 5087 1634 5153 τότε,
1686 5086 1782 5140 καὶ

219 5167 640 5240 ἀγρυπνοῦντες,
667 5175 764 5228 καὶ
782 5174 1298 5247 Ἀπολλιναριασταί
1323 5194 1334 5207 ·
1358 5177 1458 5230 οὐκ
1481 5175 1783 5231 ἁναϐαπτί-

219 5256 394 5338 ζονται
439 5259 532 5318 οῦν
561 5259 737 5328 οῦτοι,
776 5267 857 5320 ἵκει
887 5267 1014 5338 περὶ
1045 5269 1102 5321 τὸ
1137 5268 1290 5337 ἅγιον
1325 5269 1610 5340 βάπτισμα
1658 5269 1781 5324 κατ’

221 5349 363 5404 οὐδὲν
385 5353 518 5423 ἡμῖν
541 5354 917 5427 διαφέρονται,
943 5357 1058 5411 ἀλλ’
1099 5358 1296 5430 ἐπίσης
1338 5363 1450 5424 τοῖς
1479 5361 1782 5432 όρθοδόξοις

225 5437 592 5507 βαπτίζονται.
636 5446 1154 5519 Ἀναθεματίζοντες
1187 5446 1280 5506 οὖν
1313 5450 1545 5516 ἕκαστος
1575 5451 1674 5522 τὴν
1703 5454 1781 5506 ol-

223 5531 367 5586 κείαν
400 5533 614 5606 αἵρεσιν
649 5537 833 5602 ἰδικῶς
852 5579 866 5602 ,
903 5540 998 5594 καὶ
1030 5542 1210 5595 πᾶσαν
1238 5541 1294 5595 δὲ
1321 5543 1517 5607 κοινῶς
1543 5544 1778 5615 αἵρεσιν,

223 5622 462 5692 χρίονται
502 5627 583 5698 τῷ
624 5628 768 5700 ἁγίῳ
814 5629 996 5700 μύρῳ,
1047 5634 1144 5687 καὶ⁵
1193 5633 1260 5687 τὰ
1308 5633 1443 5688 ἄλλα
1501 5634 1781 5690 τελοῦνται

227 5715 363 5768 κατὰ
400 5717 491 5770 τὸν
519 5719 743 5775 κανόνα.
767 5723 828 5776 Οί
855 5723 912 5776 δὲ
939 5723 1264 5794 Εὺνομιανοὶ
1296 5729 1390 5780 καὶ
1417 5727 1774 5781 Σαϐελλιανοὶ

227 5795 297 5859 ὧν
327 5809 386 5863 αἱ
413 5809 654 5882 αἱρέσεις
683 5813 783 5887 ἤδη
802 5801 938 5889 ’παρ’
968 5818 1102 5890 ἡμῖν
1121 5817 1488 5890 ὲδηλώθησαν,
1518 5819 1610 5874 καὶ
1639 5820 1782 5876 Μοδο

1881 4896 2098 4950 quoque
2129 4882 2219 4952 qui
2254 4881 2479 4934 Paschae
2506 4878 2769 4934 solemnia
2803 4893 2908 4932 non
2939 4879 3025 4932 die
3052 4876 3333 4931 Dominica
3359 4872 3456 4930 sed

1883 4971 2091 5026 decima
2121 4981 2314 5042 quarta
2344 4971 2492 5035 luna,
2526 4981 2851 5040 quocunque
2886 4969 3102 5023 tandem
3127 4968 3214 5021 die
3243 4966 3456 5036 plenam

1882 5059 2027 5114 illam
2061 5060 2179 5116 ﬁeri
2223 5060 2543 5130 contigerit,
2589 5057 2814 5128 jejuniis
2853 5067 3032 5112 autem
3079 5066 3133 5112 et
3179 5054 3458 5126 pervigilio

1883 5159 2095 5205 noctem
2127 5151 2385 5206 ducentes
2412 5149 2526 5219 98
2551 5149 2830 5204 celebrant
2853 5158 2908 5204 et
2933 5147 3354 5217 Apollinaristze.
3374 5145 3457 5200 Ab

1883 5241 1969 5296 his
1995 5242 2158 5312 igitur
2193 5241 2527 5306 hominibus.
2563 5242 2819 5314 quoniam
2852 5241 2904 5296 iu
2930 5257 3015 5305 ea,
3040 5254 3158 5309 quae
3187 5239 3256 5293 de
3287 5237 3456 5308 bapti-

1883 5351 2000 5392 smo
2029 5347 2132 5402 est,
2158 5338 2462 5407 disciplina,
2489 5336 2622 5392 nihil
2649 5352 2678 5392 a
2704 5337 2864 5394 nobis
2885 5336 3220 5406 discrepant,
3243 5334 3457 5390 eodem-

1881 5442 1985 5499 que
2027 5443 2272 5498 prorsus,
2316 5443 2425 5498 quo
2456 5428 2767 5495 orthodoxi,
2810 5429 2916 5483 ritu
2950 5427 3315 5498 baptizantur,
3361 5425 3457 5477 ba‘

1882 5522 2140 5593 ptismum
2172 5530 2460 5592 propterea
2497 5521 2667 5591 repeti
2698 5537 2804 5577 non
2843 5530 3078 5591 oportet.
3117 5520 3257 5574 Suos
3289 5517 3456 5587 igitur

1883 5611 2180 5682 sigillatim,
2225 5622 2280 5666 et
2327 5612 2464 5667 alios
2513 5615 2810 5684 generatim
2852 5628 2916 5669 ac
2954 5613 3204 5668 universe
3242 5619 3456 5663 errores

1885 5704 2155 5770 detestati,
2197 5719 2355 5760 sacro
2392 5704 2687 5761 chrismate
2721 5707 3070 5772 inungnntur,
3109 5701 3322 5770 aliaque
3363 5711 3457 5751 τοι

1887 5810 2028 5854 none
2068 5796 2383 5868 praescripta
2419 5805 2694 5867 peragunt.
2744 5793 3060 5851 Eunomiani
3095 5807 3223 5848 vero
3265 5798 3320 5846 (ι
3356 5786 3456 5842 Sa-
