3992 6480
177 289 278 352 353

1255 291 1335 351 1N
1365 289 1526 350 CAN.
1567 290 1660 348 IlI
1699 289 1910 352 CUNC.
1955 292 2217 354 EPHES.
2267 291 2378 357 Ill.

3327 300 3432 365 354

238 398 784 466 ἐ.τα,ιινόρόμησαν
851 398 1003 467 πρὸς
1057 399 1125 453 τὸ
1201 399 1313 469 τῆς
1367 401 1752 465 ἁποστασίας

1935 415 2289 468 recurrentur,
2323 405 2363 457 ii
2401 406 2636 472 omnino,
2684 415 2743 460 ut
2781 418 2978 463 sancta:
3016 408 3214 480 synodo
3264 411 3432 466 visunt

241 492 572 560 συνέδριον
601 510 614 523 ο
662 495 908 558 τούτους
946 493 1142 558 πιὶντη
1176 495 1326 547 κατὰ
1363 494 1430 546 τό
1457 493 1648 556 δόξαν
1681 492 1757 561 τῇ

242 587 380 653 ἁγίᾳ
423 584 668 647 συνόδῳ
687 585 1048 651 ἀλλοτρίους
1081 581 1233 638 εἶναι
1274 585 1386 653 τῆς
1420 586 1755 653 ἱερωσύνης

244 677 337 728 καὶ
379 676 493 728 τοῦ
519 675 762 743 βαθμοῦ
793 677 1128 730 ἐκπίπτειν.

244 767 447 819 ΒΑΛΣ.
481 764 565 816 Τὰ
594 766 687 817 τοῦ
718 766 984 833 παρόντος
1010 765 1054 835 β’
1073 765 1298 826 κανόνος
1329 761 1757 834 ἡρμηνεύθησαν

182 865 231 914 ἐν
258 860 331 928 τῷ
357 865 410 910 α’
442 857 652 920 κανόνι,
676 857 751 919 ὡς
781 858 848 910 τὰ
881 857 1020 909 αὐτὰ
1051 855 1246 925 ἐκείνῳ
1270 854 1757 924 διαλαμϐάνοντος.

181 950 517 1021 Προστξθησι
572 949 629 1001 δὲ
679 943 834 1010 οὗτος
884 947 1308 1021 καθῃρημένους
1338 945 1479 1001 εἶναι
1509 946 1758 1010 καὶτοὺς

185 1043 610 1112 επογράψαντας
642 1041 824 1110 μὲνέν
851 1043 916 1110 τῇ
944 1041 1266 1111 καθαιρέσει
1300 1039 1396 1093 τοῦ
1422 1039 1749 1110 Νεστορίου,

183 1136 406 1204 ὕστερον
463 1136 524 1187 δὲ
586 1134 984 1204 προστεθέντας
1037 1131 1115 1203 τῷ
1171 1134 1327 1203 μέρει
1373 1131 1467 1185 τοῦ
1509 1131 1754 1186 Ἰωάννου

193 1230 545 1299 Ἀντιοχείας.
582 1230 705 1282 Ὀτι
735 1228 789 1281 δὲ
815 1229 842 1279 ὁ
874 1228 1053 1281 κανὼν
1090 1230 1146 1280 ἐν
1187 1227 1268 1296 τῷ
1296 1227 1443 1280 τέλει
1478 1226 1756 1296 μέμνηται

183 1321 592 1391 ἀλλοτριώσεως
645 1321 948 1392 ἱερωσύνης
994 1323 1090 1374 καὶ
1144 1322 1471 1383 ἐκπτώσεως
1520 1319 1753 1392 βαθμοῦ,

185 1417 293 1469 εἰπὲ
329 1414 778 1483 ἐκλαμϐάνεσθαι
806 1415 904 1483 τὴν
940 1415 1040 1483 μὲν
1072 1414 1432 1483 ἀλλοτρίωσιν
1473 1414 1571 1482 τῆς
1599 1415 1757 1483 ἱερω-

186 1507 345 1574 σύνης
373 1509 455 1568 εἰς
513 1506 639 1568 τοὺς
694 1505 1051 1567 ἐπισκόπους,
1085 1508 1183 1574 τὴν
1235 1506 1293 1557 δὲ
1347 1504 1622 1557 ἔκπτωσιν
1659 1503 1753 1555 τοῦ

191 1597 389 1666 βαθμοῦ
447 1599 530 1660 είς
585 1596 679 1659 οὒς
737 1597 942 1664 κυρίως
999 1599 1046 1649 οί
1086 1597 1284 1666 βαθμοὶ
1337 1594 1754 1664 ἐξελήφθησαν·

191 1691 317 1742 ὥστε
345 1691 440 1742 καὶ
464 1690 590 1750 τοὺς
617 1688 1014 1758 προστεθέντας
1040 1689 1332 1758 κληρικοὺς
1359 1686 1435 1756 τῷ
1469 1687 1624 1757 μέρει
1647 1685 1754 1738 τῶν

1929 504 2028 558 est,
2064 498 2167 550 sint
2201 511 2233 548 a
2263 497 2556 551 sacerdotio
2585 498 2772 564 alieni,
2803 511 2849 554 el
2869 504 3037 570 gradu
3067 504 3335 558 excidant.

1933 767 2125 822 BALS.
2169 766 2266 823 Hic
2305 783 2475 823 canon
2510 773 2779 826 secundus
2819 777 2873 828 in
2902 777 3076 844 primo
3107 792 3314 832 canone
3347 791 3431 835 est

1861 865 2158 928 expositus,
2187 869 2243 913 ιιι
2271 860 2361 930 qui
2394 861 2580 915 eadem
2607 877 2727 916 cum
2761 862 2851 917 illo
2881 874 3095 922 tractet.
3126 869 3222 921 llic
3247 877 3426 921 autem

1859 949 2125 1018 adiungit,
2159 966 2254 1005 eos
2293 953 2454 1005 etiam
2493 967 2614 1007 esse
2661 953 2950 1021 depositas,
2980 958 3068 1026 qui
3111 959 3161 1010 iu
3198 957 3426 1013 Ne3torii

1860 1044 2077 1112 quidem
2113 1046 2446 1113 depositione
2491 1047 2963 1117 subscripserunt,
2998 1050 3219 1106 Joannis
3248 1064 3425 1108 autem

1860 1132 2179 1188 Antiocheni
2207 1136 2342 1202 parti
2370 1144 2550 1204 postea
2575 1150 2941 1196 accesserunt.
2960 1141 3225 1205 Quoniam
3249 1155 3428 1196 autem

1870 1239 2106 1293 prwsens
2135 1241 2308 1282 canon
2340 1228 2391 1280 in
2423 1228 2524 1282 line
2556 1231 2799 1284 meminit
2825 1232 3162 1288 alienationis
3184 1249 3212 1286 a
3244 1250 3429 1289 sacer-

1859 1315 2027 1379 dotio,
2064 1325 2117 1369 et
2152 1331 2310 1371 casus
2341 1332 2369 1370 a
2416 1319 2607 1386 gradu,
2642 1319 2728 1373 dic
2767 1320 2837 1372 ita
2877 1322 3045 1390 accipi
3083 1333 3137 1374 ut
3168 1323 3430 1376 alienetur

1858 1409 2072 1476 quidem
2104 1423 2130 1461 a
2155 1411 2460 1464 sacerdotio
2489 1413 2796 1482 episcopus,
2826 1429 2852 1464 a
2883 1416 3049 1482 gradu
3076 1425 3252 1469 autem
3280 1417 3428 1469 excio

1858 1499 1988 1554 dunt
2037 1500 2243 1561 clerici,
2279 1502 2328 1554 in
2361 1503 2556 1570 quibus
2589 1505 2802 1573 proprie
2848 1506 3048 1573 gradus
3092 1517 3376 1560 sumuntur
3412 1524 3428 1562 :

1859 1591 1930 1646 ita
1967 1601 2022 1645 ut
2050 1593 2228 1648 clerici
2265 1594 2484 1663 quidem
2525 1596 2588 1649 ad
2621 1607 2827 1663 partem
2867 1612 3049 1650 earum
3085 1598 3177 1668 qui
3208 1599 3429 1652 defece-

1862 1692 1989 1736 runt
2029 1685 2510 1754 quomodocunque
2544 1689 2885 1751 accedentes,
2917 1687 3023 1741 sint
3062 1689 3309 1757 depositi.
3344 1689 3427 1744 ln-

197 1775 674 1845 ἁποστατησάντων
722 1776 1073 1845 ὁπωσδήποτε
1126 1774 1543 1845 καθῃρημένους
1592 1770 1752 1828 εἶναι.

1869 1773 2020 1826 terim
2055 1784 2235 1828 autem
2277 1792 2449 1832 canon
2485 1777 2693 1846 primus
2736 1778 2960 1846 loquens
2993 1780 3045 1832 in
3087 1778 3198 1834 fine
3227 1781 3291 1834 de
3317 1780 3434 1849 epi-

197 1870 330 1930 Τέως
376 1868 433 1919 δέ
490 1868 520 1918 ὁ
564 1865 613 1918 α’
660 1865 841 1919 κανὼν
879 1866 1009 1935 περὶ
1039 1868 1358 1918 ἐπισκόπων
1388 1865 1562 1933 λέγων
1591 1866 1649 1918 ἐν
1679 1864 1758 1933 τῷ

199 1958 345 2019 τέλει,
376 1956 514 2025 φησι
544 1957 638 2010 καὶ
665 1956 765 2024 τὴν
792 1956 1100 2027 ἐπισκοπὴν
1135 1957 1366 2027 βαθμόν.

264 2050 502 2104 ΖΩΝΑΡ.
537 2049 643 2102 Τοῦ
705 2048 1038 2118 Ἀντιοχείας
1100 2047 1348 2102 Ἰωάννου
1402 2046 1498 2100 καὶ
1548 2045 1754 2100 Θεοδω-

206 2142 353 2211 ρὴτου
396 2141 492 2193 καὶ
548 2140 696 2204 Ἴϐα,
754 2139 828 2202 ὡς
863 2140 1101 2210 εἴρηται,
1154 2138 1590 2192 ἐναντιωθέντων
1641 2140 1754 2202 τοῖς

214 2234 377 2296 δόξασι
419 2232 494 2302 τῷ
536 2231 824 2302 ἀθροισμῷ
855 2231 964 2284 τῶν
1009 2229 1293 2299 Πατέρων,
1321 2230 1465 2293 τινὲς
1505 2229 1600 2282 καὶ
1645 2230 1756 2282 τῶν

214 2327 370 2379 ἄλλων
421 2325 734 2377 ἐπισκόπων
782 2321 1209 2392 συνυπήχθησαν
1260 2321 1510 2387 ἐκείνοις,
1559 2321 1609 2372 οἱ
1656 2321 1755 2390 μὲν

207 2415 599 2482 ἀπολειφθέντες
626 2413 726 2484 τῆς
765 2412 1008 2475 συνόδου,
1036 2411 1085 2464 oi
1135 2409 1192 2463 δὲ
1235 2411 1756 2481 συμπαρονσιάσαν-

202 2525 298 2572 τες,
327 2508 413 2560 καὶ
445 2507 547 2576 τὴν
574 2506 674 2576 τῆς
705 2504 1080 2572 καθαιρέσεως
1113 2501 1209 2558 τοῦ
1250 2502 1545 2572 Νεστορίου
1576 2501 1755 2570 ψῆφον

200 2600 304 2659 ταῖς
344 2596 579 2658 οἰκείαις
628 2595 980 2664 ὑπογραφαῖς
1031 2591 1456 2662 βεϐαιώσαντες.
1484 2591 1620 2661 Περὶ
1646 2593 1754 2647 τῶν

198 2689 435 2742 τοιούτων
477 2688 572 2742 οὖν
602 2688 630 2740 ὁ
665 2685 858 2758 παρὼν
901 2686 1264 2754 διαλαμϐάνει
1310 2685 1490 2739 κανὼν
1536 2683 1752 2738 ἐκπτώ-

197 2800 302 2844 too;
350 2778 496 2835 εἶναι
536 2781 639 2851 τῆς
673 2779 977 2849 ἱερωσύνης
1018 2777 1258 2842 ἐκείνους
1295 2777 1751 2848 διαταττόμενος’

196 2874 332 2928 τοῦτο
360 2891 426 2927 πε
440 2875 497 2944 pl
522 2873 630 2927 τῶν
662 2873 979 2926 ἐπισκόπων
1013 2870 1234 2939 νοητέον
1265 2887 1280 2903 ·
1333 2869 1392 2922 τὸ
1439 2869 1494 2922 δὲ
1534 2869 1629 2922 καὶ
1657 2866 1753 2922 τοῦ

199 2967 381 3036 βαθμοῦ
445 2966 818 3027 ἐκπίπτοντας
881 2964 1011 3033 περὶ
1066 2961 1346 3031 κληρικῶν
1401 2960 1748 3030 ἐκληπτέον⁶

197 3051 316 3110 οὗτοι
358 3058 477 3126 γὰρ
528 3056 633 3109 ὑπὸ
684 3053 926 3124 βαθμούς
974 3054 1140 3108 εἰσιν.
1193 3055 1255 3107 Οἱ
1300 3053 1402 3121 μὲν
1450 3053 1546 3106 οὖν
1586 3053 1755 3122 ἱερεῖς

200 3151 422 3218 pegma;
492 3151 599 3200 εἰσι
642 3146 852 3217 βαθμοῦ
903 3148 1021 3214 ἤτοι
1078 3145 1257 3212 ἀξίας,
1310 3148 1359 3198 oi
1409 3145 1466 3198 δὲ
1514 3145 1753 3202 διάκονοι

196 3242 422 3309 ἥττονος,
451 3242 549 3293 καὶ
585 3238 824 3305 καθεξῆς
857 3239 904 3289 οἱ
943 3236 1143 3291 λοιποί.

197 3336 398 3390 ΑΡΙΣΤ.
465 3333 573 3387 Kal
604 3333 774 3397 ὅστις
811 3330 1114 3398 Νεστορίῳ
1161 3329 1453 3398 σύμφρων
1482 3328 1583 3382 καί
1621 3330 1757 3399 όμό-

439 3444 608 3496 φρων
645 3427 1001 3490 ἐπίσκοπος,
1039 3422 1483 3489 ἁποκήρυκτος.

789 3519 1028 3573 ΚΑΝΩΝ
1057 3518 1135 3572 I".

195 3614 250 3668 ει
277 3612 338 3664 δέ
366 3629 536 3678 τινες
565 3610 684 3664 τῶν
718 3609 788 3663 ἐν
825 3609 1054 3675 ἑκάστῃ
1087 3609 1258 3661 πόλει
1289 3608 1327 3677 ἢ
1369 3607 1527 3676 χώρᾳ
1554 3611 1756 3674 κληριο

259 3705 376 3759 κῶν
421 3704 546 3760 ὑπὸ
582 3705 915 3770 Νεστορίου
949 3699 1187 3753 καὶτῶν
1213 3699 1336 3754 σὺν
1373 3700 1532 3765 αὐτῷ
1565 3700 1756 3752 ὄντων

251 3799 352 3865 τῆς
390 3797 731 3864 ἱερωσύνης
761 3794 1158 3860 ἐκωλύθησαν
1178 3791 1276 3845 διὰ
1303 3791 1367 3844 τὸ
1400 3791 1587 3858 ὀρθῶς
1613 3808 1756 3859 sapo-

252 3891 395 3950 νεῖν,
418 3887 854 3955 ἐδικαιώσαμεν
868 3885 966 3939 καὶ
981 3885 1230 3950 τούτους
1245 3885 1352 3939 τὸν
1363 3884 1518 3937 ίδιον
1529 3884 1755 3938 ἀπολα-

259 3984 378 4036 ϐεῖν
414 3983 680 4047 βαθμόν.
711 3978 935 4044 Κοινῶς
966 3977 1034 4030 δὲ
1057 3976 1198 4044 τοὺς
1227 3975 1301 4044 τῇ
1331 3975 1626 4044 ὅρθοδόξῳ
1653 3974 1752 4028 καὶ

252 4073 638 4142 οἰκουμενικῇ
659 4070 899 4136 συνόδῳ
913 4068 1414 4139 συμφρονοῦντας
1428 4066 1754 4134 κληρικοὺς

251 4168 579 4233 κελεύομεν
611 4162 736 4226 τοῖς
787 4159 1295 4226 ἁποστατήσασιν
1342 4157 1379 4225 ἢ
1425 4156 1753 4226 ἀφισταμέ-

250 4274 374 4322 νοις
424 4253 784 4315 ἐπισκόποις
827 4250 961 4320 μηδ’
996 4247 1152 4314 ὅλως
1203 4245 1558 4302 ὑποκεῖσθαι
1603 4245 1754 4299 κατὰ

250 4349 481 4418 μηδένα
504 4347 750 4414 τρόπον.

1863 1865 2062 1933 sc0pis,
2099 1867 2464 1937 episc0patum
2497 1884 2710 1939 quoque
2741 1871 2968 1940 gradum
3005 1871 3159 1926 dicit.

1933 2049 2185 2105 ZONAR.
2227 2049 2362 2106 Cum
2410 2051 2782 2108 Antiochenus
2828 2055 3139 2122 patriarcha
3187 2055 3428 2114 Joannes

1861 2151 1915 2196 et
1946 2141 2317 2197 Theodoretus
2346 2153 2400 2198 et
2428 2145 2560 2211 lbas,
2590 2155 2899 2200 sanctorum
2934 2146 3156 2201 Patrqu
3185 2150 3430 2220 decreta,

1863 2243 1921 2286 ut
1950 2234 2208 2299 diximus,
2239 2235 2517 2291 infirmare
2548 2240 2727 2291 conati
2761 2238 3010 2305 fuissent,
3047 2241 3182 2295 alios
3217 2256 3430 2312 quoque

1861 2324 1916 2378 in
1967 2339 2119 2380 suam
2165 2329 2488 2381 sententiam
2541 2329 2797 2397 praesules
2847 2332 3152 2397 adduxere,
3200 2348 3430 2402 quorum

1861 2417 2029 2486 aliqui
2062 2431 2167 2471 non
2209 2430 2467 2473 venerant
2498 2420 2550 2473 in
2583 2430 2909 2475 conventum
2945 2423 3156 2492 synodi,
3186 2405 3272 2477 alii
3309 2440 3429 2477 cum

1861 2508 2156 2564 adfuissent
2197 2511 2361 2565 etiam
2413 2511 2646 2566 Nestorii
2696 2514 3085 2581 depositionem
3135 2515 3249 2569 suis
3296 2516 3431 2570 sub-

1860 2600 2246 2670 scriptionibus
2277 2602 2682 2660 conﬁrmarant.
2717 2604 2860 2671 Quos
2891 2606 3105 2674 quidem
3142 2618 3426 2675 propterea

1870 2706 2069 2756 canon,
2124 2693 2266 2748 sacri
2319 2696 2557 2749 numeris
2603 2696 2894 2764 dignitate,
2946 2697 3257 2765 spoliandos
3308 2714 3430 2753 esse

1862 2785 2126 2853 decernit,
2154 2787 2295 2854 quod
2324 2787 2389 2841 de
2413 2787 2682 2855 episcopis
2712 2788 3111 2858 intelligendum
3144 2799 3226 2844 est
3257 2808 3269 2842 :
3299 2791 3430 2846 illud

1861 2886 2062 2942 autem,
2096 2878 2265 2943 gradu
2294 2879 2547 2931 excidere
2575 2878 2641 2932 de
2673 2879 2887 2933 clericis
2917 2879 3291 2945 accipiendum
3327 2898 3342 2936 :
3374 2883 3428 2935 hi

1861 2967 2004 3020 enim
2052 2969 2150 3021 sub
2191 2968 2450 3037 gradibus
2496 2969 2866 3023 continentur.
2919 2969 3239 3023 Sacerdotes
3282 2971 3426 3023 enim

1861 3061 2120 3128 majorem
2168 3062 2392 3130 gradum
2443 3060 2558 3114 sive
2600 3060 2941 3127 dignitatem,
2995 3061 3202 3115 diaconi
3247 3071 3426 3120 autem

1859 3154 2145 3219 minorem,
2178 3161 2230 3206 et
2253 3152 2330 3207 sic
2358 3152 2611 3221 deinceps
2644 3151 2839 3221 reliqui
2876 3151 3143 3208 obtinent.

1853 3329 2080 3390 AlllS'l‘.
2123 3330 2191 3384 Et
2215 3330 2507 3400 quicunque
2534 3330 2802 3396 episcopus
2830 3328 3076 3383 Nestorio
3110 3329 3425 3396 assentitur,

2309 3425 2563 3493 fovetque,
2593 3423 2935 3476 abdicandus.

2347 3515 2498 3583 101
2537 3511 2763 3568 CANON
2790 3514 2875 3569 ιιι.

1852 3604 1912 3661 Si
1938 3605 2027 3677 qui
2069 3615 2242 3660 autem
2282 3605 2337 3659 in
2372 3622 2679 3675 unaquaque
2712 3606 2857 3670 urbe,
2899 3609 2980 3659 vet
3021 3608 3224 3676 regione
3256 3604 3431 3660 clerici

1923 3697 2016 3752 sub
2052 3696 2301 3751 Nestorio
2351 3706 2399 3751 et
2441 3698 2507 3750 iis
2547 3699 2777 3766 quicum
2820 3699 2950 3764 ipso,
2987 3697 3276 3749 sacerdotio
3307 3706 3429 3750 sunt

1923 3790 2213 3851 interdicti,
2253 3805 2312 3842 eo
2357 3789 2496 3858 quod
2543 3799 2681 3842 recte
2730 3789 2982 3851 sentiant,
3036 3798 3088 3838 ut
3142 3789 3182 3840 ii
3230 3801 3430 3856 quoque

1923 3882 2190 3951 proprium
2239 3882 2462 3950 gradum
2518 3879 2791 3945 recipiant,
2834 3877 3040 3946 justum
3099 3878 3426 3930 censuimus.

1924 3975 2284 4031 Communilcr
2304 3985 2479 4029 autem
2507 3975 2763 4038 omnibus,
2796 3977 2886 4041 qui
2916 3989 3032 4025 cum
3059 3973 3348 4027 orthodoxa
3380 3979 3429 4024 et

1924 4069 2418 4140 universalisynodo
2447 4067 2794 4130 consentiunt,
2819 4066 3018 4119 clericis
3043 4065 3311 4133 jubentus,
3341 4064 3428 4128 iis,

1924 4163 2014 4232 qui
2039 4161 2360 4216 desciverunt
2393 4159 2470 4213 vel
2500 4159 2798 4213 desciscunt
2826 4195 2842 4220 ,
2880 4157 3137 4226 episcopis
3169 4155 3312 4208 nullo
3336 4171 3428 4223 pe-

1919 4255 2059 4308 nitus
2100 4253 2252 4306 ntodo
2293 4251 2506 4318 subjici.

254 4442 447 4494 ΒΑΛΣ.
482 4440 606 4492 Τῶν
664 4437 886 4490 εἰκότων
930 4430 998 4506 ἦν
1035 4451 1190 4496 τινας
1242 4432 1544 4503 κληρικοῦς
1594 4432 1752 4502 ὀρθον

1926 4427 2122 4483 BALS.
2155 4428 2249 4484 Est
2277 4426 2574 4482 verisimile
2598 4426 2806 4496 aliquos
2839 4429 3063 4482 clericos
3093 4425 3420 4480 orthodoxos

194 4533 358 4599 δόξους
417 4531 494 4602 μὴ
548 4530 818 4602 φρονῆσαι
865 4527 935 4580 τὰ
978 4525 1074 4578 τοῦ
1125 4523 1425 4594 Νεστορίου
1475 4524 1508 4594 ἢ
1547 4523 1613 4576 τὰ
1643 4521 1753 4575 τῶν

198 4626 691 4698 συμφρονησάντων
747 4621 897 4689 αὐτῷ
931 4620 1275 4683 ἐπισκόπων,
1305 4617 1402 4671 καὶ
1455 4617 1544 4670 διὰ
1593 4617 1754 4670 τοῦτο

199 4720 579 4788 ἀφορισθῆναι.
618 4716 1087 4785 ’Δποκαθίστησιν
1118 4707 1210 4765 οὖν
1256 4711 1284 4762 ὁ
1317 4710 1500 4764 κανὼν
1529 4710 1754 4772 τούτους

198 4812 264 4873 είς
287 4813 413 4875 τοὺς
444 4810 682 4872 οἰκείους
716 4809 977 4879 βαθμοὺς,
1013 4805 1382 4876 προσεπάγων
1433 4803 1509 4872 μὴ
1560 4803 1755 4872 μόνους

199 4902 380 4965 αὐτοὺς
439 4900 585 4972 ἔχειν
637 4900 764 4962 τοὺς
824 4897 1026 4958 οἰκείας
1076 4896 1402 4965 ἐπιτιμίας,
1462 4896 1598 4948 ἀλλὰ
1657 4895 1755 4948 καὶ⁸

200 4993 396 5054 πάντας
443 4991 572 5054 τοὺς
622 4989 921 5059 κληρικοὺς
965 4987 1073 5039 τῶν
1114 4985 1377 5040 τοιούτων
1432 4983 1755 5039 ἐπισκόπων

202 5084 310 5152 μηδ’
362 5084 502 5146 ὅλως
542 5079 872 5134 ὑποκεῖσθαι
918 5078 1102 5140 αὐτοῖς
1159 5078 1236 5140 ὡς
1285 5076 1753 5145 ἁποστατήσασιν.

259 5175 496 5229 ΖΩΝΑΡ.
535 5173 896 5244 ῐίατριάρχης
925 5172 1022 5236 ὢν,
1065 5170 1141 5235 ὥς
1169 5171 1409 5241 εἴρηται,
1456 5169 1754 5221 Κωνσταν-

202 5265 551 5328 τινουπύλεως
578 5266 606 5318 ὁ
633 5264 951 5334 Νεστόριος,
980 5262 1226 5335 ἀφώρισε
1263 5278 1418 5324 τινας
1453 5261 1754 5330 κληρικοὺς

206 5358 272 5426 μὴ
303 5355 747 5427 συμφρονοῦντας
782 5355 952 5427 αὐτῷ.
1010 5355 1119 5409 Καὶ
1145 5355 1203 5407 ἐν
1233 5354 1420 5416 ἄλλαις
1448 5351 1504 5404 δὲ
1534 5350 1754 5403 πόλεσιν

204 5451 244 5500 ot
271 5447 652 5518 ὁμοδοξοῦντες
689 5448 883 5518 ἐκείνῳ
921 5447 1211 5500 ἐπίσκοποι
1256 5446 1316 5498 τὸ
1344 5443 1478 5496 αὐτὸ
1513 5440 1753 5510 πεποιή-

205 5556 344 5593 κασι.
379 5543 517 5604 Τοὺς
545 5540 640 5594 οὖν
666 5541 767 5605 τῆς
802 5537 1105 5608 ἱερωσύνης
1150 5533 1518 5597 κωλυθέντας,
1560 5532 1637 5595 ὡς
1678 5531 1754 5602 μὴ

209 5635 595 5705 συντιθεμένοις
641 5636 706 5702 τῇ
749 5630 845 5685 τοῦ
886 5629 1184 5700 Νεστορίου
1230 5627 1325 5680 καὶ
1372 5625 1480 5679 τῶν
1513 5622 1755 5695 ὁμοφρά-

207 5742 301 5780 νων
353 5727 500 5800 αὐτῷ
532 5725 839 5799 κακοδοξίᾳ,
868 5725 902 5796 ἡ
935 5723 1064 5795 ἁγία
1100 5723 1318 5784 σύνοδος
1360 5719 1448 5775 διὰ
1477 5715 1573 5773 τοῦ
1609 5734 1752 5790 παρ-

1857 4538 1963 4577 uou
1993 4521 2230 4578 sensisse
2258 4520 2420 4586 idem,
2449 4520 2591 4589 quod
2633 4517 2912 4574 Nesmrius
2953 4524 3007 4571 et
3048 4516 3138 4585 qui
3175 4514 3247 4568 illi
3290 4527 3421 4569 ceu-

1854 4610 2156 4666 sentiebant
2186 4609 2444 4678 episc0pi,
2466 4617 2517 4662 et
2541 4615 2820 4678 propterea
2855 4605 3020 4659 fuisse
3047 4602 3420 4658 excommuni-

1855 4713 2026 4758 catos.
2065 4701 2161 4756 llic
2189 4715 2316 4770 ergo
2343 4715 2512 4754 canon
2539 4713 2631 4754 eos
2659 4696 2895 4753 restituit
2929 4696 2981 4748 in
3023 4696 3272 4765 proprios
3295 4708 3424 4762 gra-

1856 4797 1989 4860 dus,
2023 4790 2260 4848 inferens
2285 4801 2566 4860 prmterea,
2597 4802 2689 4844 eos
2720 4802 2826 4842 non
2861 4787 3032 4843 solum
3069 4784 3267 4840 habere
3294 4799 3423 4839 suos

1856 4886 2088 4940 honores
2118 4898 2183 4939 ac
2211 4882 2530 4953 dignitates,
2575 4879 2671 4936 sed
2711 4893 2898 4934 omnes
2925 4877 3109 4933 talium
3139 4877 3425 4946 episcopo-

1859 5000 1976 5038 rum
2005 4981 2230 5040 clericos
2269 4979 2350 5038 eis
2386 4991 2725 5049 nequaquam
2769 4974 2986 5046 subjici,
3025 4981 3083 5028 ut
3111 4973 3202 5044 qui
3246 4972 3425 5028 desci-

1854 5083 2181 5222 νεὲἓζᾼίῖ.
2217 5162 2350 5218 Cum
2381 5160 2811 5231 patriarcharum
2853 5155 3154 5220 Nestorius,
3181 5165 3239 5208 ut
3279 5154 3424 5208 dixi-

1858 5274 1997 5323 tuus,
2030 5253 2490 5323 Constantinpoli
2531 5260 2760 5322 gereret,
2793 5249 3016 5306 clericos
3053 5248 3314 5318 quosdam
3355 5248 3424 5301 ab

1858 5354 1978 5424 ipso
2011 5349 2394 5405 dissentientes
2432 5343 2944 5399 excommunicavit.
2973 5339 3118 5394 Idem
3148 5347 3325 5393 autem
3366 5346 3424 5392 et

1858 5447 1909 5500 in
1963 5443 2084 5498 aliis
2133 5438 2354 5494 urbibus
2398 5453 2428 5491 ιι
2470 5433 2805 5491 Nestorianae
2853 5431 3102 5486 factionis
3152 5429 3421 5499 episcopis

1859 5534 2181 5588 factitatum.
2239 5527 2345 5582 Eos
2401 5527 2580 5594 itaque
2640 5524 2731 5594 qui
2788 5538 2817 5576 a
2862 5521 3166 5577 sacerdotio
3217 5517 3420 5586 depulsi

1856 5632 1982 5680 Slllll
2013 5638 2078 5678 eo
2120 5621 2260 5693 quod
2299 5619 2452 5674 malae
2500 5616 2754 5680 Nestorii,
2781 5615 2937 5684 eique
2971 5611 3418 5669 consentientium

1857 5715 2120 5789 opinioni,
2147 5727 2427 5771 assensum
2460 5725 2564 5768 non
2600 5709 2920 5780 praeberent,
2957 5720 3052 5776 per
3083 5703 3226 5758 hunc
3249 5713 3419 5756 cano-
