3992 6480
252 433 346 500 θυι

311 548 709 614 διδάσκοντες
747 549 820 606 τὰ
857 549 926 604 ἐν
962 548 1038 620 τῇ
1076 549 1550 618 προκομισθείσῃ
1589 547 1820 603 ἐκθέσει
1847 553 1894 613 Α

313 644 476 713 παρὰ
501 644 786 713 Χαρισίου
805 642 911 697 τοῦ
933 640 1340 709 πρεσϐυτέρου
1361 639 1626 709 περὶτῆς
1646 640 1822 692 ἐναν-

318 736 680 802 θρωπήσεως
729 733 837 787 τοῦ
879 730 1247 801 μονογενοῦς
1293 730 1428 783 Υῑοῦ
1478 731 1585 782 τοῦ
1637 727 1784 782 Θεοῦ
1805 767 1819 792 ,

313 829 512 896 ἥψουν
546 827 616 880 τὰ
649 827 828 894 μιαρὰ
859 825 954 878 καί
991 823 1426 893 διεστραμμένα
1457 821 1564 874 τοῦ
1598 824 1822 875 Neam.

307 921 448 986 ρίου
477 919 760 989 δόγματα,
779 916 817 971 ιῖ
845 916 943 971 καί
972 915 1384 971 ὑποτέτακται.
1430 915 1824 968 Ὺποκείσθω-

312 1027 436 1064 σαν
477 1009 552 1078 τῇ
601 1011 905 1080 ἀποφάσει
947 1008 1058 1077 τῆς
1107 1010 1280 1078 ἁγίας
1324 1008 1546 1073 ταύτης
1592 1005 1690 1058 καὶ
1739 1008 1822 1058 οι-

313 1101 682 1170 κουμενικῆς
719 1101 984 1156 συνόδου
1006 1141 1022 1166 ,
1054 1099 1209 1156 ὥστε
1246 1100 1529 1165 δηλονότι
1563 1099 1680 1151 τῶν
1708 1100 1824 1168 μὲν

312 1194 655 1248 ἐπίσκοπον
671 1192 1218 1260 ἀπαλλοτριοῦσθαι
1236 1190 1347 1258 τῆς
1365 1189 1704 1256 ἐπισκοπῆς
1723 1189 1822 1242 καὶ

313 1280 466 1338 εἶναι
516 1283 934 1352 καθῃρημένον
957 1323 972 1348 ,
1019 1283 1125 1336 τὸν
1166 1282 1234 1334 δὲ
1282 1281 1570 1349 κληρικὸν
1610 1281 1822 1349 ὁμοίως

313 1377 627 1429 ἐκπίπτειν
667 1376 775 1429 τοῦ
815 1375 1043 1444 κλήρου
1067 1391 1080 1404 ·
1125 1377 1177 1427 εί
1211 1372 1281 1426 δὲ
1322 1373 1535 1438 λαῑκός
1574 1390 1664 1436 τις
1703 1372 1819 1438 ειη,

317 1470 413 1520 καὶ
450 1465 637 1534 οὗτος
669 1467 1198 1536 ἀναθεματιζὲσθω,
1232 1466 1424 1532 καθὼς
1456 1467 1820 1535 προείρηται.

315 1560 512 1613 ΒΑΛΣ.
550 1559 660 1612 Τοῦ
699 1560 986 1629 γεγονότος
1021 1559 1224 1612 ίδίκτου
1263 1558 1376 1629 (84)
1413 1559 1573 1630 χάριν
1605 1558 1713 1610 τῶν
1736 1558 1824 1611 δοο

251 1653 660 1722 γματισθέντων
707 1653 858 1722 παρὰ
900 1653 999 1718 τῆς
1045 1654 1102 1706 ὲν
1140 1652 1353 1721 Ἐφέσῳ
1394 1653 1557 1720 ἁγίας
1602 1651 1820 1704 συνόδου

256 1743 686 1810 ἀναγνωσθέντος
730 1743 823 1795 ἐπὶ
863 1742 1065 1806 κοινοῦ,
1102 1741 1365 1806 ὡσαύτως
1402 1743 1494 1795 καὶ
1527 1741 1621 1794 τοῦ
1662 1742 1820 1810 ἁγίου

261 1835 520 1902 συμϐόλου
555 1834 651 1888 τοῦ
685 1833 998 1898 ἐκτεθέντος
1033 1836 1090 1888 ὲν
1122 1836 1188 1904 τῇ
1224 1834 1415 1904 πρώτῃ
1470 1833 1692 1903 συνόδῳ,
1737 1832 1822 1896 ὲξ-

1367 435 1446 495 ΙΝ
1489 434 1654 495 CAN.
1693 431 1804 494 VII
1839 430 2052 493 CONC.
2088 431 2354 492 EPHES.

3381 429 3486 494 362

1993 544 2260 613 dogmata,
2313 559 2430 611 qua
2461 545 2620 598 etiam
2649 543 2880 611 subjecta
2923 549 3083 606 sunt,
3136 537 3488 608 subjiciuntur

1995 637 2262 690 sententia:
2294 636 2452 704 hujus
2479 644 2678 688 sancta:
2722 643 2771 686 et
2819 632 3126 687 universalis
3177 632 3385 701 synodi,
3431 642 3486 684 ut

1993 727 2186 780 scilicet
2222 727 2494 796 cpiscOpus
2522 726 2730 795 quidem
2755 726 2822 779 sit
2845 725 2909 777 ab
2936 725 3237 792 episcopatu
3278 723 3486 777 alienus

1992 827 2044 872 et
2094 818 2382 885 depositus,
2419 817 2637 870 clericus
2687 828 2861 870 autem
2901 816 3040 869 clero
3069 815 3308 869 similiter
3347 814 3490 869 exci-

1993 911 2106 964 dat.
2134 910 2193 966 Si
2209 914 2278 964 sit
2302 927 2419 964 vero
2441 911 2559 981 quis
2582 911 2770 974 laicus,
2797 910 3275 962 anathematizetur
3290 909 3486 977 etipse,

1995 1016 2050 1058 ut
2072 1007 2219 1074 prius
2248 1005 2445 1063 dictum
2473 1013 2573 1058 cst.

1993 1556 2188 1611 BALS.
2222 1557 2356 1610 Cum
2387 1557 2644 1621 edictum,
2685 1555 2884 1612 factum
2935 1571 3118 1611 eorum
3151 1557 3343 1628 gratia,
3369 1572 3488 1626 qute

1923 1661 1950 1698 a
2005 1659 2188 1702 sancta
2227 1646 2496 1714 Ephesina
2539 1651 2740 1718 synodo
2776 1651 2988 1703 decreta
3034 1658 3208 1713 erant,
3260 1648 3309 1702 in
3357 1664 3489 1702 conv

1922 1748 2088 1792 ventu
2114 1739 2306 1794 lectum
2334 1749 2480 1794 esset
2507 1757 2520 1794 :
2552 1740 2802 1795 similiter
2821 1751 2873 1795 et
2898 1752 3142 1796 sanctum
3161 1741 3486 1812 symbolum,

1925 1831 2068 1899 quod
2098 1833 2148 1886 in
2176 1833 2348 1900 prima
2390 1833 2593 1903 synodo
2622 1842 2705 1887 est
2734 1834 3059 1902 expositum.
3111 1833 3349 1902 prolatus
3403 1843 3490 1887 est

268 1893 509 1997 ιςωνήθη
541 1929 571 1979 ὁ
609 1926 792 1981 κανὼν
827 1893 1001 1989 οὗτος,
1038 1927 1127 1980 καὶ
1162 1893 1610 1997 ,ώρίσθηηὲτέραν
1640 1893 1824 1978 πίστιν

1927 1923 2014 1977 hic
2045 1938 2238 1987 canon,
2259 1934 2313 1978 et
2335 1933 2551 1978 cautum
2587 1939 2654 1979 ne
2687 1926 2809 1993 quis
2829 1925 2986 1979 aliam
3014 1926 3170 1979 {idem
3199 1940 3491 1994 compone-

259 2018 331 2086 .jtq
364 2016 668 2070 συντιθέναι
701 2017 844 2072 τινά.
880 2017 944 2070 El
977 2015 1034 2070 δέ
1067 2032 1212 2079 τινες
1244 2016 1581 2085 τολμήσουσι
1613 2018 1728 2079 τοῖς
1763 2015 1824 2080 ἐξ

273 2109 527 2178 Ἑλλήνων
563 2108 594 2178 ἢ
632 2107 930 2173 Ἰουδαίων,
961 2108 996 2178 ἢ
1021 2109 1078 2174 ἐξ
1100 2108 1301 2179 ἐτέρων
1333 2108 1624 2178 αίρετικῶν
1657 2125 1824 2178 προσ·-

270 2203 569 2272 εργομένοις
616 2204 684 2272 τῇ
722 2199 1014 2270 ἐπιγνώσει
1048 2201 1148 2271 τῆς
1183 2199 1438 2270 ἀληθείας
1492 2200 1824 2270 προσφέρειν

279 2296 452 2364 ὶτίραν
491 2295 693 2360 πίστιν,
733 2294 1021 2348 ἐπίσκοποι
1069 2293 1169 2364 μὲν
1211 2293 1364 2356 ὄντες
1409 2292 1501 2346 καὶ
1549 2292 1821 2363 κληρικοὶ,

282 2387 726 2459 καθαιρείσθωσαν
754 2404 768 2418 ·
801 2387 980 2442 λαῖκοὶ
1009 2387 1088 2449 δὲ,
1120 2385 1717 2455 ἁναθεματιζέσθωσαν.
1751 2385 1825 2438 Τὸ

275 2478 390 2531 αὐτὸ
417 2479 656 2547 γίνεσθαι
686 2477 783 2533 καὶ
811 2481 891 2541 εἰς
913 2479 1038 2541 τοὺς
1067 2478 1392 2548 δεχομένους
1416 2479 1482 2530 τὰ
1505 2477 1598 2530 τοῦ
1626 2477 1825 2529 Νεστο-

269 2571 373 2641 ρίου
406 2573 499 2625 καὶ
532 2572 881 2635 διδάσκοντας
911 2571 1105 2627 ταῦτα.
1137 2551 1287 2624 Ἑπεῖ
1317 2570 1375 2624 δὲ
1403 2572 1496 2624 καὶ
1529 2568 1827 2641 πρεσϐύτε-

264 2664 345 2735 ρός
374 2681 454 2726 τις
489 2664 783 2735 λεγόμενος
815 2663 1107 2734 Χαρίσιος,
1141 2663 1209 2716 τὰ
1245 2663 1468 2734 μυσαρὰ
1492 2663 1587 2716 τοῦ
1621 2663 1826 2716 Νεστο-

262 2754 368 2821 pios
396 2753 647 2822 δόγματα
674 2752 1040 2820 οἰκειούμενος
1072 2751 1182 2823 (85)
1214 2753 1580 2821 προεκόμισεν
1605 2751 1824 2805 ἔκθεσίν

257 2862 367 2897 τινα
404 2845 515 2899 τῶν
555 2846 980 2915 συγγραφέντων
1021 2846 1174 2914 παρὰ
1214 2843 1307 2896 τοῦ
1351 2843 1684 2913 Νεστορίου,
1727 2841 1834 2895 καὶ

257 2935 608 3005 κατεγνώσθη
655 2935 793 3006 αὕτη
837 2935 913 2998 ώς
955 2933 1190 2997 ἀσεϐὴς,
1235 2933 1530 3005 διορίζεται
1570 2937 1600 2988 ό
1644 2934 1824 2988 κανὼν

254 3028 360 3086 ταῖς
386 3025 583 3088 αὑταῖς
607 3025 925 3088 καταδίκαις
949 3023 1271 3078 ὑποκεῖσθαι
1296 3027 1392 3076 καὶ
1415 3026 1541 3086 τοὺς
1567 3025 1826 3094 φρονοῦν-

253 3134 342 3180 τας
376 3116 411 3186 ἢ
452 3116 800 3180 διδάσκοντας
833 3115 904 3170 τὰ
939 3117 999 3169 ὲν
1032 3119 1098 3187 τῇ
1131 3115 1356 3186 τοιαύτῃ
1390 3115 1603 3168 ἐκθέσει
1641 3133 1824 3186 περιε-

254 3210 477 3280 χόμενα.

314 3303 566 3357 ΖΩΝΑΡ.
594 3304 654 3356 '0
685 3302 945 3375 δυσσεϐὴς
977 3302 1270 3373 Νεστόριος
1303 3302 1362 3356 ού
1399 3303 1560 3372 μόνον
1587 3301 1656 3355 τὰ
1689 3303 1824 3355 ἄθεα
1871 3334 1874 3337 -

252 3393 413 3448 αὑτοῦ
449 3394 694 3446 ἐδίδασκε
721 3393 999 3462 δόγματα,
1035 3397 1127 3448 καὶ
1157 3395 1462 3464 ἀναφανδὸν
1495 3395 1821 3465 ἐκήρυττεν,

251 3484 377 3537 ἀλλὰ
407 3485 506 3536 καὶ
530 3485 622 3536 ἐπὶ
647 3483 807 3537 πλέον
830 3483 1173 3554 θρασυνοεὶς,
1199 3485 1292 3538 καὶ
1319 3483 1587 3553 σύμϐολον
1611 3483 1824 3548 ἐξέθετο

256 3577 506 3645 περιέχον
540 3575 750 3646 τρανῶς
789 3577 890 3628 ὅσα
930 3577 1058 3647 περὶ
1092 3578 1190 3646 τῆς
1231 3575 1696 3646 ὲνανθρωπήσεως
1730 3576 1823 3630 τοῦ

253 3669 374 3722 Υἰοῦ
413 3671 510 3722 καὶ
544 3668 716 3737 Λόγου
745 3668 839 3722 τοῦ
872 3667 1004 3721 Θεοῦ
1039 3669 1222 3731 κακῶς
1246 3669 1480 3739 ἐφρόνει,
1505 3669 1600 3722 καὶ
1631 3669 1826 3722 ἐϐλασ-

279 3763 484 3832 φήμει.
519 3759 690 3814 Τοῦτο
721 3761 782 3814 τὸ
816 3761 1082 3833 σύμϐολον
1114 3765 1181 3832 τῇ
1217 3763 1420 3832 συνόδῳ
1452 3761 1824 3833 προκομισθὲν

250 3857 397 3921 παρὰ
447 3853 708 3923 Χαρισίου
754 3855 847 3908 τοῦ
892 3855 1291 3927 πρεσϐυτέρου,
1339 3855 1436 3909 καὶ
1479 3855 1824 3924 ἁναγνωσθὲν

249 3951 608 4020 κατεγνώσθη
660 3951 734 4014 ὠς
785 3951 1036 4016 ἀσεϐείας
1092 3953 1308 4022 μεστόν.
1359 3953 1470 4006 Καὶ
1517 3953 1724 4024 ὥρισαν
1774 3953 1825 4004 oi

248 4042 378 4094 θεῖοι
412 4044 656 4113 Πατέρες
680 4043 740 4096 τὸ
767 4045 824 4096 ὲν
849 4046 913 4114 τῇ
951 4043 1141 4115 πρώτῃ
1173 4045 1374 4114 συνόδῳ
1405 4032 1658 4097 συντεθὲν
1683 4043 1822 4113 σύμ-

248 4134 402 4186 ϐολον
442 4137 686 4204 κρατεῖν,
731 4134 824 4187 καὶ
865 4135 967 4188 ὅσα
1008 4137 1066 4187 ὲν
1103 4136 1284 4206 ἐκείνῃ
1325 4134 1821 4205 ὲδογματίσθησαν,

247 4229 446 4298 ἑτέραν
469 4227 527 4280 δὲ
557 4229 738 4280 πίστιν
766 4229 900 4298 μήτε
930 4228 1272 4281 συντίθεσθαι
1302 4229 1452 4298 παρά
1475 4245 1658 4294 τινων,
1685 4230 1822 4298 μήτε

251 4320 664 4390 συγγράφεσθαι
684 4337 697 4351 ·
727 4323 775 4374 εἰ
799 4322 854 4373 δέ
879 4339 1022 4385 τινες
1047 4322 1378 4393 τολμήσαιεν
1405 4323 1464 4387 ἐξ
1493 4323 1763 4394 Ἑλλήνων
1789 4323 1821 4394 ἢ

262 4415 535 4468 Ἰουδαίων
576 4413 609 4482 ἢ
656 4413 716 4478 ἐξ
759 4416 1048 4484 αἱρετικών
1096 4416 1553 4488 προσερχομένοις
1598 4417 1712 4470 τισὶ⁵
1756 4417 1822 4488 τῇ

1927 2024 2028 2069 ret.
2064 2014 2118 2068 Si
2149 2019 2237 2084 qui
2267 2025 2443 2069 antem
2480 2015 2597 2069 ausi
2640 2015 2842 2070 fuerint
2891 2016 2978 2077 iis,
3015 2017 3105 2086 qui
3139 2032 3204 2070 ex
3259 2016 3487 2080 Graecis,

1922 2106 2007 2160 vel
2035 2105 2259 2173 ludatis,
2295 2107 2377 2162 vel
2409 2107 2528 2164 aliis
2563 2107 2856 2174 hareticis,
2902 2118 2967 2162 ad
3015 2109 3257 2164 veritatis
3293 2110 3491 2179 mgni-

1924 2202 2122 2255 tionem
2154 2202 2443 2269 accedunt,
2482 2204 2642 2258 aliam
2691 2203 2848 2258 iidem
2877 2203 3095 2270 offerre,
3145 2205 3189 2258 si
3232 2204 3342 2258 sint
3371 2205 3493 2274 qui-

1922 2295 2045 2348 dem
2076 2295 2338 2364 episcopi,
2372 2296 2458 2351 vel
2503 2296 2710 2362 clerici,
2736 2298 3074 2367 deponantur
3103 2313 3117 2351 :
3151 2295 3270 2350 laici
3305 2307 3488 2350 autem

1923 2386 2484 2441 anathematizentur.
2516 2387 2749 2456 ldipsum
2780 2399 2960 2442 autem
2991 2387 3082 2441 iiat
3121 2395 3175 2441 et
3197 2386 3249 2440 in
3275 2401 3368 2440 eos
3393 2385 3488 2456 qui

1922 2476 2155 2533 Nestorii
2185 2479 2397 2534 decreta
2432 2466 2752 2548 suscipiunt.
2784 2490 2840 2536 et
2863 2494 2924 2534 ea
2962 2479 3173 2534 docent.
3223 2478 3486 2543 Quoniam

1925 2583 2104 2624 autem
2127 2571 2413 2643 presbyter
2439 2573 2657 2642 quidam
2687 2573 2864 2628 dictus
2898 2569 3202 2638 Charisius,
3231 2586 3489 2626 exsecra-

1924 2659 2052 2716 bilia
2083 2660 2315 2718 Nestorii
2362 2663 2614 2733 dogmata
2663 2666 3018 2734 amplectens,
3068 2678 3276 2727 eorum,
3314 2676 3487 2731 quaen

1924 2753 2178 2809 Nestorio
2227 2756 2530 2826 conscripta
2575 2764 2722 2822 sunt,
2765 2757 3156 2826 expositionem
3199 2755 3486 2826 quamdam

1924 2845 2124 2910 attulit,
2158 2859 2211 2901 et
2239 2847 2350 2915 ipsa
2377 2863 2591 2918 quoque
2613 2858 2669 2902 ut
2699 2848 2860 2918 impia
2907 2849 3156 2902 damnata
3212 2857 3332 2911 est;
3392 2849 3485 2901 de-

1925 2939 2101 2992 cernit
2129 2955 2326 3004 canon,
2356 2941 2530 2994 eidem
2562 2941 2894 2994 damnationi
2930 2939 3120 3006 subjici
3164 2939 3327 2993 etiam
3371 2952 3487 3002 eos,

1924 3030 2014 3099 qui
2046 3030 2310 3094 sentiunt,
2349 3031 2430 3085 vel
2461 3031 2654 3086 docent
2680 3046 2766 3099 ea,
2795 3046 2915 3100 quae
2943 3032 2996 3086 in
3033 3029 3120 3084 tali
3152 3029 3490 3100 expositione

1926 3123 2472 3192 comprehenduntur.

1995 3305 2247 3363 ZONAR.
2300 3307 2497 3374 Impius
2536 3306 2624 3360 ille
2673 3305 2990 3368 Nestorins,
3041 3312 3343 3358 commenta
3392 3317 3489 3358 sua

1926 3400 2132 3456 nefaria
2179 3399 2662 3470 docuisse’palam,
2698 3407 2858 3468 atque
2903 3398 2955 3450 in
3015 3397 3200 3466 vulgus
3240 3394 3493 3450 dissemi-

1926 3507 2084 3546 nasse
2130 3509 2233 3546 non
2284 3501 2595 3556 contentus,
2661 3506 2900 3560 cousque
2954 3500 3208 3561 praeterea
3257 3485 3492 3541 audaciae

1925 3594 2211 3651 provectus
2249 3592 2351 3648 est,
2382 3593 2442 3636 ut
2469 3583 2632 3637 etiam
2665 3582 2987 3652 symbolum,
3022 3579 3290 3634 universis
3319 3577 3371 3632 in
3404 3593 3489 3641 eo,

1925 3689 2044 3742 qua:
2074 3675 2138 3728 de
2167 3676 2432 3728 incarnuti
2465 3675 2583 3729 Filii
2615 3685 2669 3728 et
2693 3673 2852 3728 Verbi
2880 3672 2970 3726 Dei
3009 3670 3266 3741 mysterio
3299 3685 3493 3739 perpe-

1925 3781 2042 3820 ram
2079 3768 2386 3838 excogitata
2438 3767 2814 3838 hlasphemare
2863 3765 3054 3819 solitus
3106 3772 3245 3828 erat,
3294 3761 3496 3818 diserte

1924 3859 2229 3928 explicatis,
2258 3859 2419 3914 edere
2469 3874 2573 3914 non
2620 3859 2898 3914 dubitarit.
2950 3856 3062 3911 lloc
3112 3854 3412 3927 symbolum
3463 3869 3490 3906 a

1924 3951 2173 4006 Charisio
2216 3951 2532 4024 presbytero
2588 3951 2655 4006 ad
2701 3951 2963 4021 synodum
3006 3949 3252 4012 allatum,
3297 3947 3494 4002 recita-

1926 4055 2167 4113 tumque,
2219 4053 2274 4098 ut
2312 4043 2606 4113 impietatis
2650 4042 2863 4112 plenum
2909 4043 3324 4096 condemnatum
3369 4049 3490 4104 cst;

1927 4153 1990 4192 ac
2037 4137 2090 4191 in
2127 4137 2297 4205 prima
2349 4136 2556 4206 synodo
2598 4135 2951 4204 compositmn
3005 4133 3327 4201 symbolum,
3371 4145 3492 4183 cum

1926 4227 2192 4281 universis
2219 4225 2456 4292 ejusdem
2484 4225 2670 4296 synodi
2695 4223 2953 4288 decretis,
2981 4223 3319 4276 retinendum
3350 4234 3494 4284 esse,

1927 4333 2102 4388 neque
2127 4318 2288 4373 aliam
2317 4317 2475 4371 [idem
2509 4317 2574 4369 ab
2597 4316 2776 4384 aliquo
2809 4315 3124 4384 excogitari,
3157 4322 3250 4366 aut
3276 4310 3494 4378 scriptis

1926 4411 2234 4482 consignari
2265 4411 2430 4467 licere
2456 4410 2627 4464 sancti
2655 4409 2846 4464 Patres
2874 4412 3251 4462 decreverunt.
3299 4405 3352 4458 Si
3397 4405 3490 4474 qui

249 4503 549 4573 ἐπιγνώσει
583 4505 685 4574 τῆς
717 4506 972 4574 ἀληθείας
1009 4509 1338 4578 προσφέρειν
1372 4507 1565 4578 ἑτέραν
1601 4507 1817 4574 πίστιν,

1926 4516 2102 4560 autem
2132 4504 2334 4560 Graecis
2365 4502 2448 4558 vel
2480 4501 2700 4565 .ludaeis,
2733 4500 2816 4556 vel
2867 4499 3156 4564 haereticis,
3186 4499 3274 4566 qui
3304 4497 3368 4550 ad
3402 4509 3494 4550 ve:

246 4597 522 4650 διδάσκειν
549 4595 749 4666 δηλαδὴ
779 4597 874 4649 κα)⁸
907 4600 1162 4673 κατηχεῐν
1190 4599 1386 4661 αὐτοὺς
1413 4600 1825 4669 διεστραμμένα

1927 4599 2104 4654 ritatis
2155 4597 2520 4667 cognitionem
2569 4595 2852 4666 pervenire
2901 4591 3086 4654 velint,
3139 4589 3295 4642 aliam
3335 4587 3492 4641 [idem

249 4689 341 4738 καὶ
375 4686 636 4755 ἀλλότρια
667 4685 766 4754 τῆς
797 4688 903 4738 τῶν
930 4687 1102 4754 ἁγίων
1137 4687 1394 4758 Πατέρων
1427 4686 1778 4750 διδασκαλίας
1797 4724 1813 4750 ,

1926 4704 2244 4762 propooere,
2281 4689 2383 4743 hoc
2409 4699 2513 4754 est,
2542 4689 2756 4751 docere,
2785 4695 2839 4739 et
2871 4701 2898 4737 a
2932 4692 3237 4738 sanctorum
3272 4679 3488 4734 Patrum

248 4784 368 4842 τούς
391 4779 671 4840 τοιούτους
699 4780 878 4848 φασὶν,
904 4780 1232 4842 ἐπισκόπους
1255 4780 1414 4844 ὄντας
1440 4781 1471 4850 ἢ
1500 4780 1814 4849 κληρικοὺς,

1926 4779 2546 4848 doctrinadiscrepantia
2574 4789 2733 4848 atque
2759 4777 2929 4831 aliena
2978 4773 3136 4846 104
3175 4771 3488 4826 catechismi

251 4872 541 4923 ἐκπίπτειν
573 4870 671 4939 τῆς
711 4871 1036 4935 ἐπισκοπῆς,
1075 4871 1107 4940 ἢ
1145 4870 1237 4922 τοῦ
1277 4871 1478 4940 κλήρου
1517 4871 1813 4940 καθαιρου-

1926 4875 2143 4930 nomine
2174 4874 2390 4928 tradere
2414 4875 2529 4927 ausi
2564 4872 2788 4937 fuerint,
2826 4885 2920 4925 eos
2943 4870 3151 4932 dicunt,
3178 4868 3221 4922 si
3253 4865 3490 4936 episcopi

252 4965 447 5032 μένους
476 4962 752 5033 δηλονότι,
781 4961 999 5025 λαῖκοὺς
1029 4962 1084 5014 δὲ
1114 4963 1512 5032 τυγχάνοντας,
1542 4960 1818 5029 ἀναθεμα-

1926 4966 2030 5018 sint
2057 4974 2149 5017 aut
2169 4964 2354 5036 clerici
2383 4963 2692 5033 episcopatu
2732 4962 2816 5018 vel
2849 4963 2993 5016 clero
3018 4962 3290 5023 excidere,
3320 4957 3484 5026 depo-

1475 5055 1666 5118 Guill.
1701 5057 2023 5135 Beveregii
2073 5067 2262 5119 noun.

326 5161 441 5232 (84)
499 5159 610 5232 Τοῦ
672 5160 988 5232 γεγονότος
1043 5160 1294 5214 ιδίκτου.
1375 5160 1473 5214 llic
1504 5159 1810 5232 Balsamon

1926 5161 2351 5232 οἰκειούμενος.
2379 5158 2478 5232 llic
2503 5159 2667 5232 alium
2687 5157 3025 5215 Balsamonis
3045 5175 3290 5216 errorem
3316 5161 3492 5214 anim-

253 5229 466 5303 egregie
501 5231 882 5303 hallucinatur.
905 5231 1018 5283 Non
1041 5233 1182 5284 enim
1206 5240 1324 5303 post
1353 5230 1518 5303 edicti
1539 5229 1800 5303 alicujus,
1917 5231 2201 5303 advertere
2245 5241 2352 5303 est.
2387 5230 2666 5303 Charisius
2699 5235 2873 5303 enim
2925 5247 3031 5303 non
3075 5233 3248 5285 solum
3311 5235 3494 5303 pravis

255 5297 314 5356 ei
338 5297 566 5372 sy'iiiholi
599 5300 800 5353 Nicaeni
831 5302 1345 5372 lectionem,editus_
1371 5308 1456 5354 est
1499 5297 1806 5372 hiecanon,
1916 5297 2154 5372 Nesmrii
2188 5299 2535 5367 opinionibus
2561 5315 2664 5372 non
2699 5300 2930 5372 infectus
2962 5301 3083 5364 luit,
3110 5315 3291 5372 verum
3312 5297 3487 5372 etiam

255 5386 313 5426 ut
338 5368 624 5424 Ealsamon
653 5372 738 5424 hic
768 5371 1025 5431 allirmat;
1067 5371 1160 5424 sed
1193 5382 1312 5438 post
1336 5370 1533 5424 lectum
1571 5370 1804 5424 Charisii
1916 5370 2152 5423 libellum
2176 5384 2342 5440 suum
2365 5368 2930 5440 contraNestorianos
2956 5373 3160 5440 synodo
3189 5369 3441 5423 exhibuit
3471 5386 3485 5422 :

255 5444 520 5504 ItbeHum,
547 5450 602 5492 et
629 5441 924 5508 symbolum
955 5437 1360 5502 Nestorianum,
1390 5448 1448 5492 ut
1473 5454 1538 5493 ex
1571 5441 1657 5502 iis,
1687 5454 1809 5508 quae
1915 5441 1968 5494 in
2001 5440 2303 5509 quoetiam
2333 5438 2509 5507 ipsum
2549 5437 2853 5494 Nestorium
2893 5437 2997 5493 non
3031 5440 3346 5509 spowosov,
3393 5441 3488 5509 sed

253 5529 321 5565 ex
378 5503 514 5581 ipsis
555 5503 769 5564 concilii
824 5511 970 5581 Actis
1033 5524 1152 5564 mox
1228 5519 1384 5563 antea
1435 5503 1806 5581 collegimus,

1926 5503 2202 5581 κακόδοξον
2236 5503 2403 5581 fuisse
2448 5510 2680 5581 asserit;
2736 5511 2865 5566 ιιιοίι
2893 5503 3074 5581 enim,
3100 5503 3258 5563 Ἐπεὶ
3291 5503 3488 5581 οὖνεῖς

259 5576 474 5634 abunde
531 5592 760 5634 constat.
819 5579 955 5634 illnc
1005 5591 1183 5633 autem
1219 5589 1385 5647 patet,
1435 5576 1806 5650 Balsamonem

1926 5577 2123 5650 τούτων
2169 5576 2763 5650 ὑπάρχειᾷΝεστόριος,
2793 5583 2820 5632 ὁ
2850 5580 2947 5650 τῆς
2982 5580 3116 5642 ἰδίας
3172 5579 3489 5642 κακοδοξίας

261 5656 392 5705 Acta
419 5653 634 5706 concilii
675 5653 830 5716 hujus
883 5666 987 5703 non
1022 5651 1252 5712 vidisse,
1310 5650 1390 5702 vel
1437 5648 1628 5703 saltem
1702 5663 1807 5700 non

1926 5649 2042 5720 τοὺς
2099 5650 2350 5720 καρποὺς
2407 5648 2763 5720 δρεπόμενος,
2816 5648 3056 5704 κάκιστα
3109 5653 3240 5718 περὶ
3271 5651 3366 5720 τῆς
3409 5650 3491 5710 εἰς

260 5731 514 5778 accurate
560 5723 696 5775 Satis
722 5722 1075 5783 consuluisse,
1126 5734 1247 5774 eum
1304 5722 1418 5773 tunc
1474 5727 1810 5772 commenta-

1926 5719 2156 5790 Χριστὸν
2191 5718 2812 5790 πίστεωςδιακείμενος
2838 5762 2851 5783 ,
2887 5720 3105 5782 διδάξας
3133 5737 3192 5771 τε
3226 5719 3489 5790 πολλάκις

263 5793 439 5846 batur.
1033 5857 1041 5860 Α
1166 5857 1176 5860 Α
1458 5859 1462 5860 ,
1572 5858 1588 5860 _
1624 5858 1631 5860 _

1927 5788 1963 5860 ἃ
2001 5789 2076 5855 μὴ
2112 5787 2377 5860 προσῆκε.
2403 5790 2524 5845 Act.
2555 5787 2750 5847 cont-il.
2783 5791 2980 5860 Ephes.
3026 5806 3151 5858 pag.
3181 5789 3308 5852 ‘25‘5,
3357 5788 3487 5843 edit.

338 5863 443 5936 (85)
465 5861 748 5930 Χαρίσιος
779 5861 849 5914 τὰ
877 5857 1055 5929 μιαρὰ
1085 5857 1188 5912 τοῦ
1213 5859 1538 5926 Νεστορίου
1561 5858 1824 5926 δόγματα

1927 5859 2042 5913 Col.
2078 5875 2166 5911 an.
2201 5858 2354 5912 1618.

553 5958 827 6018 Parnm“
858 5961 975 6018 (in.
999 5953 1352 6017 CXXXVII.

3014 5953 3082 6012 12
