3992 6480
523 369 623 432 367

1773 366 2046 430 THEOD.
2085 369 2175 428 BA
2186 367 2484 429 LSAMON

3631 367 3722 429 Μ

522 483 936 553 metmpolltano
963 481 1125 551 hujus
1174 480 1396 536 canonis
1449 479 1776 550 exemplaria
1827 481 1895 534 ad
1948 496 2076 549 pro—

2185 483 2297 550 ρεῖς
2341 481 2722 551 ἀναφαίνηται.
2764 479 3100 549 Ἐξεχώρησε
3143 478 3200 531 δέ
3247 479 3342 531 καὶ
3385 479 3592 550 ἐκάστῳ
3630 479 3724 531 τῶν

520 580 692 644 priam
723 575 1070 630 securitatem
1100 575 1346 642 accipere
1378 591 1393 627 :
1433 581 1488 626 et
1519 571 1721 625 nullam
1751 571 1906 624 aliam
1939 573 2077 626 scri-

519 679 665 738 ptam
717 666 1150 720 constitutionem
1203 665 1319 719 sive
1377 663 1709 731 imperialem
1757 664 2078 732 iussionem,

522 760 646 810 huic
676 757 867 810 canoni
901 763 1313 823 repugnantem,
1338 753 1405 806 ab
1428 754 1606 821 aliquo
1630 753 1843 807 allatam
1879 755 2076 809 valere.

519 847 659 914 Lege
683 857 733 899 et
760 845 1052 900 secundum
1071 860 1187 897 can.
1218 845 1465 898 secundae
1484 859 1628 913 syn.,
1648 845 1716 896 28
1737 858 1858 897 ean.
1877 855 2080 913 quarta:

518 953 636 1008 syn.
667 937 734 990 59
789 952 910 989 can.
965 947 1131 989 sexta:
1175 950 1320 1006 syn.,
1365 944 1420 990 et
1464 951 1584 1004 quae
1626 936 1678 989 in
1735 950 1829 988 eos
1879 936 2078 1004 scripta

517 1038 662 1089 sunt,
703 1036 757 1080 et
811 1028 950 1080 scies
979 1027 1244 1093 quomodo
1278 1026 1542 1086 Ecclesia.
1584 1041 1704 1094 qua:
1744 1023 1926 1080 Roma‘
1955 1028 2080 1081 sub-

519 1130 693 1182 erant,
758 1120 954 1172 throno
997 1117 1493 1186 Constantinopolis
1535 1116 1791 1186 subjectae
1847 1116 2075 1181 fuerint,

515 1208 756 1279 exceptis
782 1209 1068 1277 aliquibus.

585 1384 837 1440 ZONAR.
857 1383 1017 1454 Cypri
1037 1383 1322 1453 episcopos
1339 1383 1557 1436 creandi
1581 1383 1698 1450 ejus
1726 1384 2076 1438 Antiocheam

512 1480 612 1531 sibi
669 1477 920 1532 Ecclesia:
954 1477 1219 1530 antistites
1278 1475 1602 1540 vindicabat,
1652 1475 1786 1530 forte
1824 1479 1964 1545 quod
2025 1478 2076 1531 in

514 1571 831 1624 Antiocheni
885 1570 1035 1622 ducis
1098 1567 1299 1621 ditione
1362 1583 1424 1622 ea
1477 1568 1648 1621 insula
1690 1569 1879 1636 priscis
1941 1579 2077 1622 tern-

515 1663 737 1732 poribus
769 1662 990 1714 l'nisset:
1044 1674 1163 1710 nam
1196 1676 1224 1710 a
1252 1658 1386 1711 duce
1433 1658 1767 1712 Antioclteno
1796 1659 2079 1726 praal'ectus

517 1757 628 1809 illic
655 1754 988 1808 mittebatur.
1029 1753 1161 1821 Ejus
1210 1751 1285 1804 rei
1314 1751 1589 1816 querelam
1630 1751 1812 1820 Cyprii
1858 1753 2076 1820 quidam

2185 572 2598 642 μητροπολιτῶν
2626 572 2950 626 ἐκλαθέσθαι
2981 571 3050 624 τά
3080 572 3170 623 ῖσα
3199 570 3292 623 τοῦ
3323 570 3556 624 τοιούτου
3585 575 3724 626 κανό-

2181 680 2268 725 νος
2301 665 2379 726 εἰς
2412 665 2618 715 οίκείαν
2651 664 2982 728 ἀσφάλειαν,
3015 666 3106 714 καὶ
3141 662 3276 731 μηδέ
3311 664 3528 730 κρατεῖν
3556 664 3724 734 ἓτερον

2180 752 2460 821 ἔγγραφον
2488 753 2691 818 τύπον,
2725 753 2891 822 ἧγουν
2925 751 3200 821 βασιλικὸν
3233 751 3557 821 πρόσταγμα
3590 755 3728 805 ἐναν-

2181 845 2463 912 τιούμενον
2492 843 2571 912 τῷ
2601 844 2781 897 κανόνι
2813 843 2986 912 τούτῳ
3005 883 3020 908 ,
3056 844 3209 912 παρά
3236 859 3381 903 τινος
3413 846 3718 912 προκομιζό·

2183 950 2366 1002 μενον.
2399 934 2514 986 Καὶ
2546 934 2819 1002 ἀνάγνωθι
2861 935 2953 988 τὸν
2989 935 3032 1004 β’
3057 935 3259 987 κανόνα
3292 935 3387 1000 τῆς
3425 931 3467 1002 β’
3492 936 3726 996 συνόδου,

2179 1025 2272 1076 τὸν
2309 1030 2393 1094 κη’
2430 1025 2526 1096 τῆς
2560 1026 2602 1078 δ’
2626 1025 2840 1078 συνόδου
2865 1069 2878 1087 ,
2913 1027 3003 1078 τὸν
3034 1024 3110 1079 λθ¹
3157 1025 3254 1094 τῆς
3291 1023 3346 1088 ς’
3372 1026 3581 1079 συνόδου
3602 1067 3615 1088 ,
3647 1027 3729 1079 καὶ

2180 1115 2246 1166 τά
2273 1118 2329 1168 ἐν
2353 1115 2534 1179 αύτοῖς
2555 1133 2567 1147 ·
2597 1118 2687 1169 καὶ
2721 1117 2909 1186 μάθοις
2937 1118 3049 1180 πῶς
3077 1117 3416 1185 ὑπετέθησαν
3442 1117 3495 1168 αί
3523 1117 3619 1168 ὑπὸ
3643 1119 3730 1186 τὴν

2193 1205 2496 1276 Ῥωμανίαν
2513 1206 2826 1276 Ἐκκλησίαι
2848 1209 2975 1260 ἄνευ
2999 1208 3157 1262 τινῶν
3181 1207 3258 1277 τῷ
3285 1207 3453 1277 θρόνῳ
3477 1207 3568 1276 τῆς
3595 1209 3730 1260 Κων-

2181 1315 2459 1352 σταντινου
2467 1299 2695 1361 πόλεως.
3031 1347 3042 1355 .

2250 1392 2495 1446 ΖΩΝΑΡ.
2534 1392 2592 1444 '0
2626 1395 2724 1462 τῆς
2763 1393 3074 1462 Ἀντιοχέων
3113 1392 3436 1460 Ἐκκλησίας
3468 1391 3728 1462 ἀρχιερεὺς

2181 1479 2268 1548 ὑφ’
2290 1482 2479 1534 ἐαυτὸν
2508 1478 2653 1535 εἷλκε
2682 1483 2780 1546 τὰς
2810 1483 2916 1536 τῶν
2946 1481 3204 1551 Κυπρίων
3238 1481 3546 1534 ἐπισκόπων
3572 1497 3729 1550 χειροο

2178 1574 2378 1637 τονίας,
2417 1574 2492 1637 ὼς
2533 1575 2673 1644 τάχα
2713 1575 2810 1642 τῆς
2855 1575 3080 1642 Κύπρου
3120 1573 3180 1626 τὸ
3225 1573 3452 1624 παλαιδν
3495 1571 3728 1636 τελούσς

2180 1665 2285 1717 ὑπὸ
2333 1666 2426 1719 τὸν
2470 1665 2637 1720 δοῦκα
2681 1667 3028 1737 Ἀντιοχείας.
3077 1666 3234 1735 [lupa
3279 1665 3388 1736 γὰρ
3427 1663 3515 1716 τοῦ
3561 1664 3725 1724 δουκὸς

2191 1758 2516 1827 Ἀντιοχείας
2569 1759 2848 1812 ἐστέλλετο
2899 1761 3016 1812 ἐκεῖ
3071 1759 3396 1827 στρατηγός.
3450 1757 3543 1808 Διά
3592 1754 3729 1810 τοῦτο

517 1848 754 1916 episcopi
788 1848 853 1898 ad
883 1847 1144 1914 synodum
1188 1844 1447 1908 detulere,
1503 1859 1675 1912 neque
1732 1845 1782 1897 id
1841 1860 2075 1913 unquam

2183 1849 2484 1918 προσῆλθόν
2513 1867 2654 1912 τινες
2682 1851 2791 1904 τῶν
2821 1851 3079 1920 Κυπρίων
3111 1849 3425 1903 ἐπισκόπων
3453 1850 3516 1917 τῇ
3549 1847 3726 1913 συνόδρ

518 1939 854 1990 Antiocheno
907 1933 1224 2003 patriarcha:
1258 1931 1399 1998 juris
1446 1929 1633 1997 fuisse,
1690 1942 1747 1985 ut
1780 1934 1847 1986 ab
1877 1949 1940 1986 eo
1974 1934 2079 2003 Cy-

517 2031 756 2098 priarnm
795 2027 1005 2080 urbium
1057 2025 1293 2095 episcopi
1349 2026 1752 2088 ordinarentur,
1797 2034 1906 2076 tutn
1958 2026 2080 2078 viva

517 2123 734 2191 ipsimet
764 2123 1010 2174 oratione
1057 2128 1168 2172 tum
1205 2117 1422 2186 scriptis
1468 2118 1520 2170 in
1575 2131 1692 2171 eam
1757 2117 2078 2171 sententiam

517 2213 798 2275 codicillis,
832 2212 1084 2265 docuere.
1131 2208 1517 2278 EpiScOporutn
1571 2209 1750 2279 itaque
1802 2225 2078 2279 processu,

517 2307 633 2360 sive
679 2304 1066 2374 supplicatione
1117 2304 1410 2372 approbata
1465 2303 1651 2354 statuit
1701 2303 1938 2372 synodus
1977 2302 2081 2372 Cy-

520 2396 760 2464 priorum
804 2393 1107 2462 episcopos,
1160 2393 1451 2446 secundmn
1501 2403 1812 2444 sanctorum
1859 2389 2077 2445 Patrum

519 2502 754 2540 canones
778 2494 831 2538 et
857 2485 1130 2552 antiquam
1163 2482 1632 2545 consuetudinem,
1669 2482 1869 2535 illaesos
1911 2494 1963 2535 et
1994 2483 2082 2535 in-

521 2580 742 2631 demnes
772 2575 908 2630 fore.
947 2572 1076 2625 Nam
1103 2587 1339 2626 canones
1362 2573 1600 2640 quidem,
1635 2581 1684 2624 et
1715 2572 2079 2640 apostolorum

523 2666 829 2735 trigesimus
867 2663 1108 2732 quintus,
1151 2670 1205 2716 et
1234 2662 1582 2716 Antiochena:
1631 2665 1819 2732 synodi
1869 2665 2078 2730 tertius,

524 2773 589 2810 ne
621 2757 670 2809 in
703 2755 894 2808 alienis
923 2751 1213 2821 provinciis
1245 2751 1346 2803 sibi
1371 2765 1476 2803 non
1495 2751 1752 2819 subjectis
1782 2750 2082 2804 ordinatio-

527 2861 622 2901 nes
667 2844 844 2898 facere
871 2843 1109 2912 episcopi
1162 2842 1417 2902 audeant,
1461 2855 1637 2903 secus,
1694 2841 1904 2894 irritum
1963 2855 2084 2897 esse

522 2938 665 3008 quod
706 2936 951 2996 iecerint,
995 2934 1139 3002 ipsos
1169 2949 1296 2986 vero
1327 2932 1522 3001 deponi
1561 2931 1753 2998 jubent
1790 2949 1804 2986 :
1839 2947 2082 2987 (nemne-

519 3031 659 3082 nicte
698 3039 826 3078 vero
855 3023 1045 3093 prima:
1074 3021 1263 3089 synodi
1317 3029 1502 3076 sextus
1528 3029 1581 3074 et
1614 3021 1898 3090 septimus,
1939 3021 2075 3074 anti-

521 3134 656 3186 quas
693 3115 1127 3177 consuetudines,
1177 3115 1248 3166 ab
1300 3113 1433 3181 ipsis
1476 3126 1690 3180 quoque
1728 3113 2080 3167 ecclesiarum

520 3208 864 3280 praesulibus.
919 3221 1071 3258 serva
1092 3203 1226 3258 mlas
1259 3221 1379 3258 esse
1410 3205 1670 3258 decernit.
1704 3193 1940 3270 Quorum
1993 3221 2083 3258 ca-
2109 3181 2152 3242 (δ

522 3317 714 3356 nonem
760 3298 1002 3366 vestigiis
1037 3295 1220 3348 Patres
1256 3297 1341 3348 hic
1370 3309 1583 3362 quoque
1626 3296 1899 3349 reverendi
1950 3295 2084 3348 insi-

521 3404 747 3458 stentes,
777 3401 835 3444 ut
863 3406 892 3442 a
919 3387 1426 3457 Cypriis-episcopis
1453 3387 1569 3456 ejus
1592 3387 1781 3443 insulae
1813 3389 2084 3442 antistites

519 3485 857 3548 ordinentur,
882 3481 1129 3548 idemque
1148 3480 1275 3532 locis
1301 3479 1551 3532 omnibus
1577 3479 1795 3532 omnino
1817 3490 2080 3547 servetur,

520 3592 626 3632 neu
659 3574 991 3647 provinciam
1022 3571 1282 3638 aliquant,
1309 3585 1431 3640 quae
1463 3586 1568 3624 non
1603 3570 1705 3625 sibi
1729 3578 1784 3624 et
1807 3571 2082 3640 antiquio-

521 3671 671 3723 ribus
711 3667 978 3735 episcopis
1002 3663 1243 3731 subjecta
1283 3661 1392 3728 jam
1431 3662 1552 3716 inde
1574 3662 1647 3715 ab
1682 3661 1838 3716 initio
1896 3662 2080 3728 fuerit,

520 3762 777 3817 invadere
811 3759 1065 3827 episeopo
1106 3758 1285 3821 liceat,
1319 3757 1628 3810 decrevere.
1671 3753 1824 3821 Quod
1867 3756 1911 3810 si
1958 3771 2084 3825 pro-

523 3855 755 3909 vinciam
780 3867 886 3903 non
911 3865 1022 3903 suae
1044 3848 1269 3902 ditionis
1303 3847 1569 3916 quispiam
1599 3848 1961 3916 usurpaverit,
1995 3849 2079 3912 iis,

521 3946 794 4014 inquiunt,
819 3943 1017 4012 quibus
1044 3939 1224 3993 invitis
1254 3950 1338 3993 est
1372 3938 1573 4004 ablata,
1604 3949 1764 4008 atque
1801 3949 2080 4010 usurpata,

521 4037 773 4092 restituat
804 4051 816 4086 :
849 4049 915 4088 ne
936 4032 1019 4086 vel
1040 4046 1105 4084 ex
1125 4045 1210 4095 eo,
1235 4029 1464 4094 scilicet,
1496 4031 1790 4082 auctoritas
1815 4044 2080 4083 canonum

519 4129 888 4198 infringatur,
939 4124 1022 4179 vel
1074 4106 1214 4178 sacri
1273 4121 1512 4178 muneris
1562 4123 1792 4177 obeundi
1842 4121 2080 4176 studium

517 4222 796 4278 ambitioni
829 4227 1203 4290 praetexentes,
1225 4219 1288 4270 ad
1319 4218 1532 4270 inanem
1560 4226 1785 4270 terrena:
1805 4217 2082 4286 potestatis

519 4315 914 4385 ampliﬁcandae
967 4312 1313 4380 cupiditatem
1375 4311 1642 4364 antistites
1709 4309 2078 4364 delabantur:

519 4423 723 4476 nosque
749 4405 994 4475 proinde,
1029 4404 1304 4456 dominatu
1335 4416 1545 4464 eorum,
1579 4402 1773 4469 quibus
1802 4401 1947 4454 nulla
1994 4400 2084 4470 ju.

2180 1943 2372 2016 ταύτῃ,
2401 1942 2647 2010 λέγοντες
2669 1943 2828 1996 τοῦτο
2852 1943 3001 2006 αὐτὸ,
3031 1944 3125 1996 καὶ
3151 1942 3218 1994 δι’
3241 1941 3528 2010 ἐγγράφων
3553 1939 3733 2006 ἀναφέ-

2183 2050 2364 2105 ροντες
2414 2034 2495 2086 ὃτι
2539 2033 2638 2087 ούκ
2685 2032 2744 2098 ἐξ
2790 2033 2944 2097 ἔθους
2990 2033 3219 2086 παλαιοῦ
3275 2033 3478 2086 δίκαιον
3523 2030 3665 2099 ἔσχεν
3706 2031 3731 2080 ό

2193 2125 2520 2194 Ἀντιοχείας
2564 2126 2887 2194 χειροτονεῖν
2927 2124 3052 2186 τοὺς
3095 2122 3426 2184 ἐπισκόπους
3469 2121 3726 2188 Κυπρίων.

2193 2215 2527 2285 Ἐψηφίσατο
2566 2209 2659 2268 οὖν
2699 2215 2732 2284 ἠ
2773 2213 3009 2278 σύνοδος,
3047 2211 3145 2282 τὴν
3192 2213 3456 2280 πρόσοδον
3498 2213 3606 2280 ἦτοι
3645 2209 3726 2274 τὴν

2181 2307 2534 2377 προσέλευσιν
2565 2304 2831 2374 δεξαμένη
2866 2304 2972 2356 τῶν
3009 2303 3348 2366 ἐπισκόπων,
3383 2301 3443 2354 τὸ
3482 2298 3727 2368 ἀνεπηρέ-

2182 2415 2345 2451 αστον
2371 2398 2465 2450 καὶ
2493 2397 2750 2450 ἀΰίαστον
2778 2397 2922 2466 ἐχειν
2949 2396 3073 2457 τοὺς
3099 2393 3207 2448 τῶν
3240 2392 3503 2463 Κυπρίων
3529 2389 3726 2441 ἐπισκό-

2182 2507 2340 2553 πους,
2384 2489 2522 2543 κατὰ
2559 2491 2682 2552 τοὺς
2731 2489 2960 2548 κανόνας
2999 2486 3105 2540 τῶν
3145 2487 3316 2554 ἁγίων
3359 2484 3607 2552 Πατέρων
3646 2478 3730 2542 καὶ

2181 2581 2278 2652 τὴν
2312 2582 2544 2650 ἀρχαίαν
2578 2581 2886 2650 συνήθειαν.
2924 2581 2978 2631 ’0
3011 2580 3119 2646 γὰρ
3152 2577 3470 2647 τριακοστὸς
3505 2575 3729 2642 πέμπτος

2181 2668 2364 2723 κανὼν
2405 2670 2515 2723 τῶν
2558 2670 2730 2738 ἁγίων
2769 2670 3088 2722 ἀποστόλων
3130 2671 3224 2721 καὶ
3268 2671 3296 2722 ὁ
3339 2669 3516 2738 τρίτος
3553 2665 3641 2734 τῆς
3680 2665 3728 2713 ἐν

2196 2762 2499 2832 Ἀντιοχείᾳ
2536 2763 2754 2814 συνόδου
2793 2762 2868 2831 μὴ
2896 2760 3101 2832 τολμᾷν
3132 2761 3261 2823 τοὺς
3296 2759 3614 2818 ἐπισκόπους
3646 2771 3725 2806 κεν

2182 2853 2398 2906 λεύουσι
2433 2854 2702 2907 ποιεῖσθαι
2739 2852 3068 2923 χειροτονίας
3104 2855 3182 2914 είς
3213 2852 3316 2915 τὰς
3351 2850 3426 2920 μὴ
3461 2844 3731 2914 ὑποκειμέ-

2185 2965 2280 3010 νας
2313 2947 2494 3010 αύτοῖς
2525 2945 2826 3016 ἐπαρχίαςο
2859 2946 2907 2997 εί
2939 2945 2995 2998 δέ
3033 2945 3108 3014 μὴ
3129 2984 3144 3007 ,
3177 2943 3361 3012 ἀκυρα
3395 2943 3491 3011 μὲν
3517 2941 3581 2993 τὰ
3613 2935 3726 3008 παρ’

2185 3037 2409 3090 ἐκείνων
2449 3037 2761 3106 πραχθέντα
2803 3031 2966 3097 εἶναι,
3008 3035 3204 3098 αὐτοὺς
3246 3036 3305 3088 δὲ
3348 3030 3721 3102 καθαιρεῖσθαι.

2186 3128 2295 3182 Καὶ
2320 3130 2348 3181 ό
2377 3129 2533 3193 ἕκτος
2562 3129 2618 3181 δέ
2649 3127 2825 3181 κανὼν
2854 3126 2946 3181 καί
2981 3128 3009 3179 ό
3044 3127 3269 3197 ἕϐδομος
3298 3127 3393 3198 τῆς
3424 3125 3634 3196 πρώτης
3660 3121 3724 3171 ol-

2185 3221 2516 3292 κουμενικῆς
2554 3221 2771 3273 συνόδου
2807 3222 2874 3273 τά
2913 3221 3117 3289 ἀρχαῖα
3152 3220 3245 3289 ἔθη
3287 3220 3391 3272 κάν
3423 3221 3529 3279 τοῖς
3564 3219 3725 3284 ἀρχιε-

2187 3313 2340 3382 ρεῦσι
2369 3312 2589 3381 κρατεῖν
2615 3309 3001 3363 διατάττονται.
3030 3302 3124 3371 Οἷς
3151 3308 3212 3379 δὴ
3245 3308 3466 3361 κανόσιν
3491 3307 3722 3373 ἑπόμενοι

2183 3405 2278 3454 καὶ
2317 3401 2364 3452 οί
2403 3388 2503 3468 τῆς
2541 3399 2761 3451 συνόδου
2799 3401 3001 3468 ταύτης
3040 3398 3227 3450 σεπτοὶ
3270 3397 3508 3466 Πατέρες
3542 3393 3725 3464 ὥρισαν

2184 3491 2280 3543 καὶ
2313 3491 2437 3553 τοὺς
2463 3490 2723 3559 Κυπρίων
2754 3490 3082 3550 ἐπισκόπους
3114 3488 3178 3541 δι’
3211 3487 3420 3540 ἐαυτῶν
3448 3486 3539 3548 τὰς
3572 3500 3727 3554 χειρο-

2183 3583 2364 3644 τονίας
2413 3581 2522 3633 τῶν
2571 3581 2629 3632 ἐν
2677 3581 2742 3651 τῇ
2795 3581 2941 3650 νήσῳ
2987 3580 3160 3651 ταύτῃ
3211 3579 3524 3648 ἐπισκόπων
3552 3577 3724 3633 ποιεῖν,

2181 3673 2340 3728 τοῦτο
2371 3674 2427 3727 δὲ
2462 3671 2706 3740 γίνεσθαι
2745 3674 2837 3724 καὶ
2871 3671 3185 3741 ἁπανταχοῦ
3208 3711 3222 3734 ,
3255 3673 3351 3725 καὶ
3390 3673 3460 3740 μή
3492 3685 3606 3721 τινα
3631 3665 3724 3716 τῶν

2183 3766 2494 3820 ἐπισκόπων
2531 3766 2945 3836 σφετερίζεσθαι
2987 3765 3254 3834 ἐπαρχίαν
3297 3764 3372 3834 μὴ
3415 3761 3571 3815 οὖσαν
3607 3758 3726 3811 ἀίω-

2184 3858 2306 3924 θεν,
2336 3861 2501 3930 ήγουν
2532 3859 2762 3913 ἔκπαλαι
2793 3859 2888 3911 καὶ
2917 3858 3188 3929 ἀρχῆθεν,
3218 3859 3311 3911 ὑπ’
3338 3859 3494 3911 αὑτὸν
3525 3855 3610 3907 καὶ
3635 3851 3725 3902 ὑπὸ

2182 3951 2308 4011 τοὺς
2351 3948 2454 4017 πρὸ
2500 3948 2683 4002 αὑτοῦ.
2725 3949 2784 4000 Ei
2828 3949 2885 4001 δὲ
2931 3947 3023 4000 καί
3063 3966 3166 4011 τις,
3210 3949 3396 4016 φασὶν,
3437 3943 3726 4016 ᾠκειώσατο

2182 4040 2449 4110 ἐπαρχίαν
2481 4040 2557 4110 μὴ
2585 4041 2895 4108 ἀνήκουσαν
2925 4038 3094 4108 αὐτῷ,
3129 4039 3373 4092 ἀποδότω
3403 4037 3598 4104 ταύτην
3628 4033 3723 4088 τοῖς

2184 4129 2450 4200 βιασθεῖσι
2478 4133 2570 4184 καὶ
2598 4130 2971 4201 ἀφαιρεθεῖσιν
3006 4130 3177 4200 αὑτήν
3199 4145 3214 4162 ο
3250 4130 3336 4183 ἴνα
3369 4129 3444 4200 μὴ
3476 4121 3727 4195 παραϐαί-

2183 4238 2385 4275 νωνται
2417 4222 2466 4273 οἱ
2497 4222 2738 4286 κανόνες,
2768 4222 2862 4274 καὶ
2891 4219 3141 4291 ἀφορμὴν
3168 4221 3383 4290 ἔχοντες
3409 4220 3504 4288 τὴν
3535 4220 3726 4285 ἱερονρε

2181 4315 2327 4383 γίαν,
2353 4316 2446 4366 καὶ
2472 4313 2674 4382 ταύτην
2699 4307 2809 4366 οἷόν
2837 4331 2887 4366 τι
2916 4314 3288 4382 προκάλυμμα
3317 4308 3724 4382 προὸαλλόμενοι

2182 4407 2450 4475 κοσμικῆς
2493 4403 2740 4468 ἐξουσίας
2782 4403 3085 4468 κενοδοξίαν
3126 4402 3624 4472 παρεισερχομένην
3656 4395 3724 4453 εἰς

516 4513 600 4556 sta
626 4497 936 4566 imperandi
986 4508 1148 4547 causa
1184 4501 1263 4546 est
1298 4492 1561 4560 oppressi,
1608 4491 1870 4546 libertatis
1903 4493 2079 4560 jactu-

2183 4495 2409 4557 ἐαυτοὺς
2447 4495 2640 4564 ἔχωσιν
2680 4496 2728 4549 oi
2769 4496 3074 4565 ἀρχιερεῖς,
3115 4498 3207 4547 καὶ
3251 4493 3584 4562 δουλούμενοι
3623 4487 3724 4538 τοῖς

515 4609 634 4648 ram
666 4589 950 4650 iaciamus,
989 4599 1150 4653 quam
1193 4583 1347 4636 nobis
1399 4581 1660 4637 Dominus
1709 4584 1933 4654 largitus
1974 4593 2077 4646 est,

513 4698 613 4736 suo
643 4681 812 4748 ipsius
839 4679 1105 4744 sanguine
1135 4687 1230 4742 pro
1267 4673 1541 4726 hominum
1587 4674 1836 4728 libertate
1887 4673 2076 4727 etfuso.

514 4773 874 4839 Quamobrem
923 4781 1018 4818 sua
1053 4764 1246 4832 cuique
1271 4765 1562 4832 provincia:
1589 4765 1731 4832 jura,
1773 4775 1960 4820 sancta
1990 4780 2080 4834 sy-

517 4866 710 4928 nodus,
759 4863 896 4913 faeta
930 4860 1092 4910 etiam
1133 4855 1562 4924 metropolitanis
1592 4856 1751 4926 hujus
1801 4855 1960 4910 edicti
1988 4856 2082 4908 de-

504 4954 795 5014 scrihendi
831 4959 1115 5020 potestate,
1145 4962 1206 5004 ex
1229 4949 1448 5017 antiqua
1473 4947 1861 5002 consuetudine
1876 4946 2079 5001 servari

512 5051 708 5120 jubet;
749 5045 869 5099 etsi
898 5053 1075 5112 typus,
1109 5041 1301 5108 inquit,
1331 5040 1413 5094 vel
1442 5039 1702 5106 scriptum
1731 5037 1943 5106 aliquod
1967 5036 2078 5104 jam

517 5141 749 5197 decretis
802 5134 1076 5192 contraria
1120 5132 1425 5201 exprimens
1479 5142 1531 5186 et
1572 5131 1907 5186 constituens
1951 5147 2079 5200 pro-

503 5228 742 5294 feratur,
775 5224 991 5280 irritum
1025 5223 1114 5278 sit.

514 5406 745 5465 ARIST.
777 5406 1062 5461 Ser-ventur
1092 5419 1190 5457 sua
1223 5404 1412 5473 tuique
1451 5405 1737 5468 provincia:
1760 5408 1910 5473 jura,
1942 5421 2079 5475 pura

587 5518 647 5554 ac
677 5499 950 5553 inviolata.
1009 5499 1110 5563 Qui
1159 5513 1278 5549 vero
1323 5498 1642 5552 contrariam
1675 5499 1815 5552 hisce
1851 5499 2078 5568 formam

585 5593 888 5656 introducit,
913 5590 1082 5659 futilis
1109 5599 1204 5644 est.

569 5685 906 5753 'Quicunque
964 5679 1208 5752 episc0pi
1270 5683 1500 5737 alienam
1566 5684 1900 5753 provinciam
1966 5701 2077 5741 suae

502 5779 765 5834 potestati
793 5778 842 5833 vi
883 5777 1233 5848 subiecerint,
1276 5793 1397 5846 quae
1425 5777 1554 5832 olim
1585 5787 1638 5834 et
1677 5779 1744 5832 ab
1779 5779 1933 5834 initio
1969 5779 2069 5834 sub

2187 4590 2261 4660 μὴ
2293 4588 2474 4658 ἔχουσι
2507 4587 2714 4641 δίκαιον
2745 4588 3133 4659 ἀφαιρευῶμεν
3165 4589 3263 4658 τὴν
3299 4583 3636 4654 ἐλευθερίαν,
3667 4577 3726 4645 ἠν

2181 4685 2209 4735 ό
2243 4682 2444 4752 Κύριος
2479 4683 2612 4752 ἡμῖν
2643 4682 2975 4752 ἐδωρήσατο,
3011 4681 3070 4734 τὸ
3105 4682 3303 4734 οἰκεῖον
3336 4678 3569 4738 κενώσας
3604 4665 3726 4737 αἷμα

2183 4772 2322 4843 ὑπὲρ
2369 4773 2468 4842 τῆς
2514 4773 2621 4825 τών
2673 4773 2975 4842 ἀνθρώπων
3022 4771 3353 4841 ἐλευθερίας.
3406 4767 3495 4821 Διὸ
3541 4764 3726 4826 ἑκάστῃ

2181 4863 2417 4935 ἐπαρχίᾳ
2449 4863 2518 4916 τὰ
2549 4864 2723 4916 οίκεῖα
2753 4862 2936 4916 δίκαια
2971 4863 3110 4915 κατὰ
3142 4862 3200 4914 τὺ
3234 4861 3462 4915 παλαιὸν
3493 4857 3606 4915 ἐθος
3638 4867 3726 4916 φυο

2181 4953 2468 5009 λάττεσθαι
2497 4955 2535 5026 ἠ
2576 4955 2706 5021 ἁγία
2748 4953 2963 5016 σύνοδος
3003 4953 3326 5023 ἐψηφίσατο,
3367 4949 3460 5004 καὶ
3494 4949 3599 5006 τοῖς
3635 4955 3728 5010 μη-

2180 5046 2523 5114 τροπολίταις
2544 5044 2728 5099 ἄδειαν
2752 5043 2917 5095 ἔδωκε
2939 5045 3006 5095 τά
3030 5043 3375 5112 ἐψηφισμένα
3398 5032 3722 5094 ἐκλαῦέσθαιν

2184 5139 2285 5191 κᾶν
2315 5137 2483 5199 τύπος
2504 5177 2518 5199 ,
2554 5139 2746 5206 φησὶν,
2780 5136 2951 5206 ἤγουν
2984 5135 3254 5204 ἕγγραφόν
3285 5152 3372 5198 τι,
3403 5120 3722 5200 προκομισθῇ

2181 5228 2384 5282 τυποῦν
2432 5229 2527 5281 καὶ
2573 5227 2753 5298 ὁρίζων
2800 5227 2936 5280 ἄλλα
2983 5228 3133 5297 παρὰ
3180 5226 3250 5279 τά
3305 5225 3397 5279 νύν
3443 5215 3723 5290 ὡρισμένα,

2182 5320 2384 5388 ἄκυρος
2413 5319 2588 5373 ἔσται.

2178 5415 2398 5469 ΑΡΙΣΤ.
2442 5417 2733 5483 Τηρείσθω
2776 5416 2846 5469 τὰ
2895 5414 3124 5483 ἑκάστῃ
3157 5415 3407 5484 ἐπαρχίᾳ
3442 5405 3725 5478 προσόντα

2251 5507 2451 5560 δίκαια
2488 5507 3028 5575 καθαρὰ,ἀόιάστα.
3068 5507 3131 5560 '0
3166 5507 3234 5560 δὲ
3267 5509 3455 5560 τύπον
3487 5491 3725 5554 ἀντικεί-

2249 5612 2438 5666 μενον
2466 5599 2698 5664 τούτοις
2733 5598 2991 5667 είσάγων
3019 5599 3336 5666 ἀνόνητος.

2250 5690 2404 5742 Ὀσοι
2444 5690 2551 5742 τῶν
2593 5692 2908 5744 ἐπισκόπων
3086 5693 3190 5743 ὑπὸ
3229 5692 3328 5760 τὴν
3370 5683 3544 5743 αὐτῶν
3580 5676 3723 5748 Χεῖρα

2178 5780 2444 5853 ἐπαρχίαν
2478 5783 2672 5853 ἑτέραν
2707 5785 3048 5856 ἐποιήσαντο,
3083 5786 3180 5839 οὐκ
3220 5781 3382 5839 οὖσαν
3415 5775 3608 5835 ἄνωθεν
3636 5763 3721 5820 καὶ
