3992 6480
505 332 608 399 371

1758 348 2030 413 THEOD.

2170 354 2470 421 LSAMON
2574 408 2595 433 ,
3602 372 3692 435 372

571 452 923 520 prtedictoque
949 469 1044 521 pro
1071 456 1290 509 crimine
1306 457 1481 525 potius
1500 457 1849 528 ‘fuisseipsam
1875 477 2061 517 renun-

2231 471 2471 526 σάντων
2498 473 2683 527 αὑτοῦ
2718 474 2824 542 τῆς
2859 472 3212 546 ὑπολήψεως
3237 493 3252 509 ο
3286 482 3383 535 καὶ
3410 481 3483 551 δὴ
3513 486 3696 554 ἐμάθο.

458 596 461 599 λ
573 542 866 597 tiutianem.
909 541 1060 598 Unde
1090 561 1181 598 nec
1211 546 1274 598 de
1318 555 1487 599 vestra
1539 549 1734 615 pietate
1771 550 2065 619 querimur,

570 650 689 699 quia
713 636 767 685 in
798 632 913 701 ejus
938 634 1130 695 locum,
1160 644 1216 688 ut
1257 652 1358 703 par
1394 636 1521 705 fuit,
1555 637 1865 704 pra‘dictum
1901 637 2065 693 Theo-

569 727 754 779 dorum
774 728 1036 779 ordinavit
1068 728 1386 796 episcopum.
1421 729 1525 784 Sed
1551 731 1797 797 quoniam
1828 732 2061 786 vironon

572 818 727 870 nimis
776 818 1095 872 vehementer
1155 835 1456 874 succensere
1511 831 1587 875 est
1638 833 2063 885 consentaneum,

571 910 709 978 quod
739 909 807 962 sit
842 911 1167 976 negotiorum
1204 921 1252 965 et
1293 912 1532 965 labarum
1583 912 1895 982 fugitantior
1922 928 1941 966 :
1971 914 2063 966 sed

572 999 708 1053 senis
737 1002 913 1067 potius
944 1002 1179 1056 misereri
1213 1013 1435 1073 oportet,
1468 1006 1556 1073 qui
1588 1014 1738 1058 eztra
1775 1003 2059 1066 civitatem,

568 1108 684 1160 qua:
716 1109 834 1143 eum
865 1093 1008 1156 tulit,
1033 1106 1082 1147 et
1130 1096 1330 1163 patrias
1364 1097 1499 1150 ritus
1534 1096 1751 1166 vitaque
1797 1098 2060 1157 instituta,
2100 1158 2109 1167 ,

565 1194 673 1235 tam
704 1182 858 1253 longa
904 1194 1132 1253 tempore
1166 1186 1349 1251 fuerit,
1407 1203 1615 1256 tequum
1670 1189 1962 1241 censuimus
2013 1198 2060 1241 et

564 1276 871 1335 statuimus,
905 1285 961 1328 ut
984 1279 1095 1330 sine
1123 1279 1266 1331 omni
1287 1281 1701 1334 contradictione
1732 1281 2062 1349 episcopatus

566 1379 748 1418 nomen
777 1367 933 1435 107
963 1366 1169 1431 habent,
1194 1379 1243 1421 et
1263 1372 1507 1424 honorent
1530 1382 1578 1425 et
1607 1373 2060 1426 communionem:

565 1458 638 1509 ita
671 1466 863 1519 tamen,
896 1466 952 1511 ut
984 1475 1146 1527 neque
1178 1461 1288 1527 ipse
1322 1462 1549 1525 ordinet,
1595 1477 1757 1531 neque
1811 1463 2061 1517 ecclesias

564 1565 825 1618 occupans
850 1552 1067 1619 propria
1094 1554 1404 1607 auctoritate
1447 1570 1603 1608 sacra
1630 1555 1818 1621 obeat;
1859 1556 1960 1608 nisi
1988 1554 2063 1609 vel

566 1642 744 1710 utique
774 1651 1092 1708 assumptus,
1123 1644 1228 1697 sire
1258 1646 1437 1708 etiam,
1480 1647 1526 1697 si
1554 1646 1798 1710 evenerit,
1838 1648 2059 1712 permis-

567 1750 651 1787 sus
683 1752 712 1785 a
736 1733 902 1802 fratre
928 1746 975 1788 et
1009 1737 1328 1805 coepiscopo,
1361 1740 1641 1791 secundum
1668 1726 2062 1807 dispositionem

566 1837 611 1877 et
638 1826 990 1890 dilectionem,
1018 1843 1136 1897 qua!
1162 1840 1235 1881 est
1264 1830 1317 1881 in
1349 1829 1583 1883 Christo.
1630 1829 1688 1884 Si
1728 1830 1854 1898 quid
1887 1842 2061 1885 autem
2092 1816 2137 1870 Β

566 1917 834 1987 benignius
864 1920 911 1973 ei
933 1921 1297 1978 consulueritis
1324 1923 1399 1975 vel
1429 1939 1564 1976 nunc
1594 1926 1668 1976 uel
1694 1923 1747 1975 in
1772 1933 2058 1990 posterum,

567 2013 620 2063 id
647 2027 847 2081 quoque
868 2010 1095 2082 placebit
1129 2026 1329 2069 sancta:
1366 2017 1589 2069 sunoda.

563 2490 759 2545 BALS.
792 2489 1105 2562 Pamphylia
1133 2502 1216 2546 est
1246 2492 1470 2546 Attaliaa‘
1500 2494 1798 2562 provincia.
1848 2494 1911 2546 Et
1931 2508 2062 2561 quo-

493 2583 636 2636 niam
659 2583 879 2652 quidam
905 2582 1241 2647 Eustathius,
1259 2584 1351 2652 qui
1384 2583 1439 2637 in
1461 2598 1524 2639 ea
1553 2583 1841 2652 episcopus
1863 2584 2062 2649 fuerat,

492 2675 821 2745 episcopatui
871 2675 1085 2743 scriptis
1138 2675 1467 2729 renuntiavit
1525 2686 1744 2745 propter
1805 2674 2063 2743 quasdam

494 2767 807 2820 vexationes
840 2780 902 2819 ac
935 2765 1192 2819 molestos
1228 2766 1565 2835 negotiorum
1614 2780 1808 2826 casus,
1852 2780 2068 2818 rursus-

490 2872 601 2927 que
634 2856 886 2927 lacrymis
929 2856 1273 2925 supplicavit,
1322 2866 1378 2909 ut
1424 2857 1593 2910 solum
1624 2856 1861 2926 episcopi
1894 2855 2067 2910 hono-

492 2961 606 3002 rem
629 2958 686 3001 et
727 2961 921 3001 nomen
952 2947 1196 3010 haberet,
1230 2956 1450 3000 exorata
1480 2958 1561 3001 est
1585 2955 1770 3001 sancta
1807 2948 2066 3018 synodus.

489 3049 548 3090 et
567 3052 662 3108 per
680 3048 996 3106 praesentem
1033 3038 1311 3107 epistolam
1336 3040 1401 3092 ad
1422 3041 1707 3109 synodum,
1732 3054 1849 3108 qua:
1870 3048 1987 3092 erat
2015 3040 2067 3091 in

491 3124 827 3196 Pamphylia,
864 3126 1080 3180 missam
1105 3126 1294 3180 statuit
1311 3126 1687 3182 misericordia
1710 3126 1925 3193 dignum
1950 3139 2012 3181 es

492 3310 695 3364 electus
720 3318 833 3372 est,
866 3314 1051 3363 rursus
1076 3324 1196 3363 esse
1215 3310 1526 3378 episcotium
1555 3330 1568 3365 :
1600 3310 1934 3365 Eustathium
1967 3326 2065 3362 all-

493 3407 627 3464 tem,
658 3406 719 3452 ut
769 3398 860 3465 qui
931 3412 1035 3450 non
1063 3406 1205 3451 esset
1253 3399 1561 3465 depositus,
1598 3398 1713 3462 sed,
1750 3408 1808 3451 ut
1857 3398 2065 3469 negotia

492 3489 816 3558 laboresque
864 3488 1103 3557 fugeret,
1135 3489 1518 3555 renuntiasset,
1551 3504 1619 3542 ex
1646 3488 2067 3558 dispensationis

492 3580 725 3643 ratione,
757 3593 820 3633 ea
867 3593 988 3648 qua:
1040 3578 1231 3647 petivit
1271 3578 1492 3642 habere,
1546 3594 1738 3634 nomen
1773 3581 1979 3634 scilicet
2015 3590 2068 3633 et

493 3673 757 3725 honorem
803 3670 1040 3740 episcopi
1092 3678 1151 3725 et
1179 3671 1641 3735 communionem,
1691 3671 1741 3725 id
1792 3680 1874 3725 est
1926 3668 2065 3726 intra

492 3761 662 3816 altare
708 3759 1054 3829 participare,
1094 3760 1228 3815 nihil
1259 3769 1435 3814 tamen
1466 3760 1770 3830 episcopale
1790 3776 2065 3827 exercere,

494 3853 598 3907 nisi
628 3867 693 3906 ex
723 3851 962 3922 regionis
984 3853 1236 3920 episcopo
1266 3852 1316 3906 id
1349 3852 1395 3906 ei
1426 3852 1744 3921 permissum
1776 3854 1864 3921 sit.
1886 3853 2067 3925 Neque

490 3946 636 4000 enim
669 3960 881 4014 aequum
916 3959 1039 4000 esse
1069 3944 1317 4010 censuit,
1354 3955 1411 3997 ut
1433 3947 1549 4000 viro
1581 3946 1822 4015 graviter
1844 3961 2066 4001 succen-

493 4045 727 4094 scrctur.
754 4035 895 4106 quod
933 4044 1076 4090 esset
1099 4037 1431 4106 negotiorum
1457 4036 1808 4107 laborumque
1837 4037 2067 4108 fugitan-

494 4132 619 4193 tinr,
655 4128 736 4181 vel
754 4129 895 4197 quod
914 4128 978 4179 ad
1001 4141 1061 4180 ea
1091 4126 1324 4193 gerenda
1351 4136 1497 4182 esset
1532 4128 1768 4198 ineptus.
1790 4129 1925 4182 Cum
1953 4128 2067 4185 haec

493 4225 694 4272 tractet
712 4217 956 4286 epistola,
976 4216 1415 4286 dicunﬁnonnulli
1433 4234 1499 4272 ex
1520 4234 1581 4272 ea
1603 4220 2066 4291 esst-lautistitibus

494 4311 838 4377 permissum,
869 4321 919 4361 ut
953 4310 1305 4363 ecclesiarum
1346 4308 1563 4378 quidem
1616 4313 1825 4366 thronis
1860 4327 2063 4365 renun-

491 4402 647 4462 tieut.
679 4411 732 4454 et
767 4411 943 4455 tamen
977 4401 1278 4457 antistitum
1317 4400 1634 4472 dignitatem
1668 4403 1967 4458 obtineant.
2004 4403 2062 4458 Si

491 4494 661 4556 enim,
693 4493 967 4562 inquiunt,
987 4495 1088 4547 hoc
1113 4492 1225 4548 ﬁeri
1254 4508 1361 4545 non
1386 4503 1587 4562 posset,
1607 4496 1843 4563 synodus
1872 4490 2063 4549 Eusta-

489 4585 606 4639 thio
637 4600 741 4639 non
770 4586 1124 4654 permisisset,
1153 4594 1208 4637 ut
1230 4585 1466 4654 episcopi
1502 4602 1692 4639 nomen
1726 4597 1780 4639 et
1803 4586 2061 4641 honorem

493 4675 734 4740 haberet,
753 4686 950 4731 etcum
973 4676 1209 4747 episcopi
1236 4677 1470 4747 regionis
1487 4676 1761 4732 voluntate
1780 4694 1934 4735 sacra
1952 4680 2068 4733 obi-

494 4776 595 4820 ret.
638 4764 754 4820 Non
786 4776 865 4821 est
897 4777 1079 4822 autem
1127 4768 1249 4831 hoc,
1279 4778 1337 4820 ut
1368 4766 1641 4830 existimo,
1674 4781 1880 4823 verum.
1912 4767 2067 4834 Quod

445 4848 449 4861 ’
492 4856 636 4910 enim
670 4871 698 4909 a
726 4855 973 4912 Patriims
1003 4856 1284 4912 deﬁnitum
1318 4866 1427 4921 est,
1455 4873 1520 4913 ex
1546 4858 1962 4927 dispensationis
1980 4874 2069 4913 ra-

490 4952 635 5004 tione
655 4948 933 5003 dcl‘mitum
962 4958 1081 5006 est:
1113 4960 1167 5004 et
1198 4968 1301 5005 non
1324 4960 1535 5020 oportet
1559 4951 1704 5021 quod
1725 4966 1820 5019 per
1848 4952 2068 5022 dispen-

492 5040 764 5097 sationem
815 5051 1037 5109 propter
1068 5040 1268 5111 aliquid
1302 5042 1433 5097 utile
1465 5037 1824 5096 introductum
1852 5053 1933 5097 est
1953 5083 1967 5103 .
1996 5045 2062 5098 ad

489 5130 795 5201 exemplum
817 5131 980 5195 trahi,
1004 5142 1057 5187 et
1082 5144 1333 5203 tanquam
1358 5148 1619 5188 canonem
1644 5132 1897 5204 deinceps
1922 5134 2065 5190 vale-

491 5238 553 5278 re
584 5240 600 5279 :
652 5233 706 5279 et
740 5223 974 5278 maxime
1000 5238 1120 5278 cum
1160 5225 1381 5291 cpistola
1417 5242 1521 5279 non
1551 5224 1695 5280 dicat
1726 5222 2061 5282 Eustathium

492 5314 841 5386 épisc0patus
880 5314 1336 5369 administrationi
1375 5315 1733 5379 renuntiasse,
1781 5317 2065 5386 episcopa-

493 5406 802 5461 lem'autem
822 5405 1138 5478 dignitatem
1163 5405 1419 5459 tenuisse.
1448 5403 1655 5475 (Neque
1682 5407 1825 5460 enim
1858 5408 2061 5476 suppli-

492 5508 667 5552 casset
688 5508 743 5551 ut
770 5498 824 5553 id
846 5492 1070 5551 haberet
1097 5496 1237 5566 quod
1263 5495 1538 5565 habebat.)
1565 5498 1668 5551 Sed
1694 5498 1870 5568 potius
1893 5499 2065 5553 disse-

490 5589 584 5651 rit,
610 5603 733 5643 eum
763 5588 1099 5642 renuntiasse
1116 5586 1463 5655 episcopatui.
1502 5588 1565 5641 Et
1589 5604 1708 5641 cum
1740 5586 1933 5644 Patres
1954 5604 2060 5644 non

464 5692 465 5695 ‘
492 5676 819 5743 definierunt,
847 5688 905 5734 ut
936 5678 1012 5741 id,
1034 5678 1178 5749 quod
1208 5679 1487 5733 Eustathio
1523 5690 1744 5749 propter
1776 5682 2063 5735 commise-

494 5773 759 5828 rationem
789 5771 989 5828 factum
1026 5782 1127 5837 est,
1163 5770 1416 5841 deinceps
1446 5785 1660 5842 quoque
1700 5774 1803 5829 vim
1840 5774 2056 5841 habeat,

2228 581 2344 633 μεν
2380 564 2713 636 πεπρᾶχθαι
2749 566 2866 639 μὲν
2909 570 3179 625 τοιοῦτον
3216 575 3410 640 οὐδὲν,
3447 582 3694 645 γενέσθαι

2233 658 2302 711 δὲ
2327 657 2567 727 μᾶλλον
2593 659 2671 724 τῷ
2696 664 3164 729 μνημονευθέντι
3194 666 3322 718 ἀντὶ
3357 667 3697 738 ἐγκλήματος

2233 753 2349 819 τὴν
2375 755 2738 820 παραίτησιν
2760 770 2774 785 ⁸
2806 755 2939 817 ὅθεν
2972 754 3113 809 οὐδὲ
3141 756 3215 824 τῇ
3245 758 3489 828 ὑμετέρᾳ
3519 764 3699 817 doces-

2233 846 2361 912 ὄείᾳ
2390 847 2774 915 ἐμεμψάμεθα
2793 889 2807 912 ,
2845 850 3323 917 χειροτονησάσῃ
3354 852 3596 919 δεόντως
3623 858 3700 923 εις

2234 939 2343 990 τὸν
2371 937 2557 991 αὑτοῦ
2589 938 2776 994 τόπον
2808 940 2915 993 τὸν
2952 942 3440 1010 μνημωευθέντα
3479 945 3699 1001 intona-

2231 1044 2353 1084 πον
2401 1034 2720 1101 Θεόδωρον.
2761 1033 3001 1101 Ἐπειδὴ
3054 1034 3125 1087 δὲ
3170 1034 3247 1103 τῇ
3293 1036 3700 1109 ἀπραγμοσύνῃ

2232 1125 2339 1179 τοῦ
2368 1125 2591 1193 ἀνδρὸς
2618 1129 2693 1181 οὐ
2719 1127 2953 1195 σφόδρα
2981 1128 3346 1197 φιλονεικεῖν
3370 1130 3699 1192 ἀκόλουθον.

2231 1213 2354 1268 ἔδει
2391 1216 2461 1268 δὲ
2497 1216 2741 1286 μᾶλλον
2779 1216 3028 1284 ἐλεῆσαι
3069 1219 3428 1287 πρεσϐύτην,
3469 1219 3575 1282 ἔξω
3613 1225 3711 1274 και

2234 1311 2468 1374 πόλεως
2513 1308 2625 1377 τῆς
2669 1310 3037 1379 ἐνεγκούσης
3080 1311 3266 1367 αὐτὸν
3310 1312 3405 1367 καὶ
3448 1314 3703 1383 πατρῴων

2231 1400 2699 1469 ἐνδιαιτημάτων
2725 1403 2795 1456 ἐν
2818 1405 3069 1472 μακροῖς
3097 1405 3250 1459 οὕτω
3282 1410 3556 1474 γεγονότα
3583 1412 3706 1475 χρό-

2232 1512 2391 1561 νοις,
2428 1495 2861 1565 ἐδικαιώσαμεν
2891 1496 2988 1549 καὶ
3021 1498 3326 1566 ὡρίσαμεν
3356 1499 3490 1568 δίχα
3521 1482 3729 1566 πάσηςέ

2231 1588 2580 1657 ἀντιλογίας
2614 1590 2780 1655 ἔχειν
2808 1590 3012 1653 αὑτὸν,
3050 1591 3119 1644 τό
3152 1607 3218 1645 τε
3250 1588 3357 1658 τῆς
3394 1592 3705 1660 ἐπισκοπῆς

2232 1678 2421 1746 ὄνομα
2468 1680 2566 1733 καὶ
2609 1681 2721 1747 τὴν
2770 1682 2968 1751 τιμὴν,
3021 1683 3121 1736 καὶ
3170 1684 3528 1737 κοινωνίανο
3572 1684 3708 1739 οὕτω

2230 1775 2455 1840 μέντοι,
2492 1773 2650 1828 ὥστε
2676 1774 2763 1844 μὴ
2799 1778 3162 1842 χειροτονεῖν
3187 1780 3397 1843 αὐτὸν,
3427 1780 3569 1847 μήτε
3596 1780 3706 1849 μὴν

2230 1867 2566 1933 ἐκκλησίαν
2585 1870 2996 1923 καταιασόντα
3021 1870 3347 1940 ιερουργεῖν
3365 1872 3432 1936 ἐξ
3455 1873 3600 1939 ιδίας
3619 1877 3709 1927 οὐ·

2233 1959 2467 2024 θεντίας
2495 1975 2508 1987 ·
2539 1959 2679 2013 ἀλλ’
2709 1961 2763 2013 ει
2810 1960 2925 2029 ἄρα
2971 1965 3704 2032 συμπαραλαμϐανόμενον,

2231 2051 2435 2104 εἷτουν
2458 2050 2948 2120 ἐπιτρεπόμενον,
2978 2055 3030 2106 el
3057 2055 3249 2122 τύχοι,
3280 2056 3436 2124 παρὰ
3466 2057 3707 2125 ἀδελφοῦ

2232 2140 2331 2194 καὶ
2359 2145 2849 2206 συνεπισκόπου,
2882 2147 3031 2201 κατὰ
3061 2146 3336 2202 διάθεσιν
3366 2147 3462 2202 καὶ
3492 2150 3709 2218 ἀγάπην

2232 2230 2346 2297 τὴν
2372 2231 2441 2284 ἑν
2469 2232 2719 2299 Χριστῷ.
2747 2237 2815 2289 El
2843 2235 2911 2288 δέ
2938 2255 2991 2289 τι
3017 2238 3450 2307 βουλεύσησθε
3482 2243 3707 2308 χρηστό-

2233 2336 2407 2387 τερον
2445 2323 2538 2374 ἐπ’
2562 2324 2722 2388 αὐτῷ
2760 2327 2799 2391 ἣ
2839 2328 2957 2381 νῦν
3000 2328 3038 2393 ἦ
3084 2332 3172 2395 εἰς
3214 2330 3285 2383 τὸ
3325 2333 3472 2399 μετὰ
3515 2330 3749 2403 tanta”

2235 2410 2437 2477 ἀρέσει
2468 2414 2565 2467 καὶ
2596 2415 2771 2469 τοῦτο
2798 2417 2871 2485 τῇ
2899 2420 3035 2486 ἁγίᾳ
3065 2423 3331 2488 συνόδῳ.

2235 2504 2431 2562 ΒΑΛΣ.
2467 2509 2763 2577 Παμφυλία
2795 2511 2945 2564 ἐστὶν
2987 2515 3021 2583 ή
3056 2514 3155 2578 τῆς
3198 2513 3511 2580 Ἀτταλείας
3556 2519 3709 2586 ὲπαρ-

2167 2597 2278 2668 χία.
2313 2600 2425 2652 Καὶ
2452 2601 2575 2655 ἐπεὶ
2594 2601 2893 2665 Εὔστάθιός
2922 2620 3026 2667 τις,
3050 2605 3462 2669 ὲπισκοπεύσας
3486 2606 3540 2659 ὲν
3563 2607 3707 2675 αὐτῇ,

2168 2694 2527 2763 παρῃτήσατο
2576 2694 2875 2764 ἐγγράφως
2927 2696 3028 2768 τὴν
3076 2700 3390 2770 ἐπισκοπὴν
3448 2700 3531 2753 διά
3575 2717 3709 2762 τινας

2168 2783 2423 2854 ὀχλήσεις
2456 2786 2550 2838 καὶ
2606 2788 2959 2856 περιστάσεις
3014 2792 3432 2859 πραγματικὰς,
3486 2792 3638 2845 πάλιν
3662 2791 3710 2844 δὲ

2170 2879 2584 2948 παρεκλήτευσε
2611 2880 2747 2948 μετά
2785 2881 3062 2950 δακρύων,
3106 2882 3280 2951 μόνην
3321 2882 3483 2951 τιμὴν
3512 2882 3713 2935 ἐπισκό-

2171 2990 2274 3025 που
2328 2973 2421 3026 καὶ
2455 2973 2647 3041 κλῆσιν
2674 2973 2839 3042 ἔχειν,
2870 2975 3196 3044 ὲδυσωπήοη
3230 2978 3267 3045 ή
3301 2978 3430 3045 ἁγία
3478 2975 3708 3037 σύνοδος·

2172 3066 2461 3136 καὶ.,‹ἷ›ρισε
2492 3066 2581 3120 διὰ
2608 3066 2705 3136 τῆς
2726 3066 3018 3137 παρούσης
3059 3066 3357 3139 immiti:
3391 3068 3526 3139 πρὸς
3547 3067 3634 3134 τὴν
3661 3067 3712 3117 ἐν

1296 3142 1687 3231 ,ιξηεθηθθῗαῖίι
1710 3142 2069 3231 σξίωυῃξθξῗθ
2095 3203 2137 3231 η
2175 3160 2472 3230 Παμφυλίᾳ
2503 3159 2720 3213 σύνοδον
2751 3160 3155 3228 ἀποσταλείσης
3200 3162 3392 3224 ἐλέους
3443 3161 3713 3229 ἀξιωθῆναι

494 3231 680 3281 senem
718 3228 771 3270 et
817 3215 1162 3271 Theodorum
1219 3217 1459 3285 quidem,
1513 3219 1602 3287 qui
1643 3218 1694 3271 in
1752 3218 2061 3288 Pamphylia
2095 3203 2137 3265 C

2169 3251 2261 3304 τὸν
2292 3253 2517 3318 γέροντα
2539 3266 2552 3279 ·
2594 3252 2687 3302 καὶ
2730 3250 2822 3302 τὸν
2855 3251 2953 3318 μὲν
2999 3251 3057 3303 ὲν
3100 3250 3404 3320 Παμφυλίᾳ
3434 3265 3715 3321 χειροτονη-

2168 3343 2327 3397 θέντα
2375 3342 2673 3395 ἐπίσκοπον
2749 3342 3026 3410 Θεόδωρον
3095 3342 3265 3405 πάλιν
3323 3339 3464 3396 εἶναι
3519 3340 3716 3395 ἐπεσκο-

2168 3452 2294 3498 πον,
2326 3435 2417 3488 τὸν
2452 3434 2509 3487 δὲ
2552 3435 2871 3497 Εὖστάθιον,
2907 3435 2982 3500 ὼς
3019 3436 3093 3505 μὴ
3148 3436 3565 3506 καθαιρεθέντα,
3592 3431 3713 3485 ἀλλὰ

2168 3523 2257 3576 διὰ
2288 3524 2724 3593 ἀπραγμοσύνην
2765 3527 3270 3596 παραιτησάμενον,
3322 3527 3469 3597 ἔχειν
3511 3522 3625 3580 κατ’
3651 3524 3717 3574 ol-

2168 3618 2431 3687 κονομίας
2464 3617 2624 3685 λόγον
2657 3616 2694 3670 ἃ.
2716 3617 3000 3687 ἐζήτησεν,
3033 3618 3204 3687 ἤγουν
3230 3618 3409 3689 ὄνομα
3449 3617 3540 3671 καὶ
3566 3615 3718 3684 τιμὴν

2168 3709 2492 3773 ἐπισκόπου,
2554 3708 2651 3761 καὶ
2705 3706 3020 3769 κοινωνίαν,
3072 3708 3245 3779 ἤγουν
3297 3705 3720 3777 μεταλαμϐάνειν

2168 3801 2320 3865 ἐντὸς
2345 3799 2439 3853 τοῦ
2462 3799 2854 3870 Θυσιαστηρίου
2874 3814 2888 3831 ⁸
2920 3799 3086 3869 μηδὲν
3120 3798 3176 3852 δέ
3201 3815 3260 3851 τι
3298 3800 3544 3869 ἐνεργεῖν
3612 3798 3717 3849 ἑπι-

2169 3893 2427 3947 σκοπικὸν
2443 3895 2491 3947 sl
2511 3892 2585 3962 μὴ
2612 3892 2750 3946 κατὰ
2776 3891 2994 3961 θέλησιν
3019 3890 3112 3945 τοῦ
3143 3892 3415 3963 ἐγχωρίου
3438 3888 3719 3945 ἐπισκόπου

2169 3986 2468 4055 ἐπιτραπῇ.
2502 3984 2636 4037 Οὐδὲ
2660 3983 2767 4053 γὰρ
2799 3982 2981 4053 ἔκρινε
3013 3983 3226 4036 δίκαιον
3249 3983 3581 4051 φιλονεικεῖν
3609 3993 3720 4031 τινα

2167 4080 2234 4148 τῇ
2261 4078 2667 4147 ἀπραγμοσύνῃ
2691 4076 2788 4130 τοῦ
2812 4076 3029 4147 ἀνδρὸς,
3058 4078 3178 4147 ἦτοι
3206 4080 3274 4148 τῇ
3311 4077 3442 4147 περὶ
3480 4076 3549 4129 τὰ
3596 4072 3722 4142 πρά-

2169 4183 2359 4234 γματα
2382 4166 2853 4236 ὰνεπιτηδειότητι
2893 4166 3078 4220 αὐτοῦ.
3117 4166 3310 4222 Ταῦτα
3327 4171 3427 4238 τῆς
3453 4164 3723 4232 ἐπιστολῆς

2165 4255 2663 4325 διαλαμϐανούσης,
2697 4256 2919 4324 λέγουσι
2972 4272 3120 4321 τινες
3173 4259 3464 4329 ἐνδεθῆναι
3494 4260 3603 4319 τοῖς
3644 4255 3726 4322 ἀρ·

2165 4348 2413 4418 χιερεῦσι
2443 4348 2550 4401 ἀπὸ
2575 4349 2779 4419 ταύτης
2810 4349 3195 4418 παραιτεῖσθαι
3221 4352 3353 4414 τοὺς
3378 4350 3602 4419 θρόνους
3627 4344 3724 4398 τῶν

2166 4437 2492 4509 ἐκκλησιῶν,
2518 4438 2613 4491 καὶ
2650 4438 2748 4510 τὴν
2777 4440 3195 4511 ἀρχιερωσύνην
3242 4443 3639 4511 παρακρατεῖν.
3668 4437 3723 4489 Εἰ

2171 4529 2245 4600 μὴ
2274 4530 2384 4601 γὰρ
2430 4529 2590 4584 τοῦτο
2613 4527 2704 4601 ἦν.
2736 4532 2895 4600 φασὶ,
2925 4532 3173 4595 δυνατὸν,
3203 4533 3306 4586 οὐκ
3337 4534 3406 4587 ἂν
3452 4534 3486 4602 ή
3521 4528 3726 4588 σύνοδος

2168 4623 2246 4693 τῷ
2276 4623 2560 4695 Εὑσταθίῳ
2586 4624 2985 4696 παρεχώρησεν
3030 4628 3203 4696 δνομα
3254 4627 3403 4697 ἔχειν
3430 4622 3723 4678 ἐπισκόπου

2168 4713 2264 4767 καὶ
2290 4713 2481 4784 τιμὴν,
2535 4716 2629 4768 καὶ
2662 4714 2802 4784 μετὰ
2833 4715 3109 4785 Θελήσεως
3158 4715 3252 4769 τοῦ
3286 4715 3559 4787 ἐγχωρίου
3612 4714 3727 4763 ἐπι-

2168 4808 2374 4860 σκόπου
2425 4806 2751 4877 ἱερουργεῖν.
2783 4807 2900 4860 Οὐκ
2957 4806 3153 4860 ἔστιδὲ
3190 4806 3375 4872 τοῦτο,
3418 4807 3494 4868 ὡς
3531 4805 3724 4872 οἴομαι,

2166 4898 2388 4968 ἀληθές.
2422 4900 2494 4951 Τὸ
2522 4900 2633 4968 γὰρ
2688 4899 2792 4950 ὑπὸ
2838 4898 2947 4951 τῶν
2998 4899 3262 4969 Πατάρων
3304 4897 3581 4968 διορισθὲν
3616 4892 3728 4947 κατ’

2165 4989 2481 5058 οἰκονομίας
2510 4990 2668 5056 λόγον
2712 4988 2923 5059 ὡρίσθη
2943 5006 2958 5020 ο
3012 4989 3105 5042 καὶ
3130 4989 3194 5040 οὐ
3219 4989 3325 5059 χρὴ
3353 4990 3418 5043 τὸ
3444 4986 3566 5040 κατ’
3595 4986 3729 5038 olito-

2166 5078 2360 5147 νομίαν
2401 5078 2493 5131 διά
2540 5080 2889 5149 τιχρήσιμον
2941 5078 3250 5148 εἰσενεχθὲν
3297 5082 3382 5142 εἰς
3432 5078 3727 5142 ὑπόδειγμα

2164 5169 2443 5232 ἕλκεσθαι,
2497 5169 2595 5223 καὶ
2626 5171 2702 5232 ὡς
2735 5172 2939 5224 κανόνα
2972 5173 3197 5240 κρατεῖν
3225 5172 3306 5234 εἰς
3362 5171 3423 5224 τὸ
3454 5170 3579 5236 ἑξῆς
3598 5183 3613 5197 ·
3642 5165 3728 5219 ἄλ·

2163 5260 2270 5321 λως
2297 5276 2358 5312 τε
2384 5261 2483 5327 τῆς
2511 5260 2807 5329 ἐπιστολῆς
2850 5262 2924 5332 μὴ
2956 5261 3226 5330 λεγούσης
3254 5262 3357 5330 τὴν
3396 5261 3498 5331 μὲν
3526 5261 3726 5311 οἰκονο-

2168 5351 2298 5423 μίαν
2323 5353 2422 5421 τῆς
2453 5354 2762 5421 ἐπισκοπῆς
2790 5353 3242 5423 παραιτήσασθαι
3275 5352 3369 5405 τὸν
3412 5350 3727 5406 Εὐστὰθιον,

2165 5444 2546 5515 ὐποκρατῆσαι
2581 5445 2635 5498 δὲ
2654 5446 2752 5514 τὴν
2787 5445 3087 5515 ἱερωσύνην
3123 5440 3180 5516 (ἦ
3206 5446 3313 5515 γὰρ
3344 5444 3414 5499 ἂν
3442 5445 3565 5497 οὐδὲ
3600 5455 3729 5508 παρ-

2161 5538 2457 5606 εκλήτευσε
2509 5536 2698 5589 λαὸεῖν
2742 5537 2881 5605 ὅπερ
2929 5535 3121 5606 εἶχεν),
3185 5537 3320 5591 ἀλλὰ
3373 5536 3580 5606 μᾶλλον
3624 5532 3730 5584 διας

2163 5627 2553 5698 λαμδανούσης
2579 5629 3030 5700 παραιτήσασθαι
3060 5629 3226 5683 αὐτὸν
3252 5630 3353 5697 τὴν
3398 5625 3727 5693 ἐπισκοπὴν.

2166 5722 2277 5774 Καὶ
2302 5723 2411 5774 τῶν
2438 5722 2702 5792 Πατέρων
2731 5724 2806 5793 μὴ
2830 5723 3228 5793 διορισαμένων
3250 5723 3310 5773 τὸ
3344 5722 3493 5775 κατὰ
3520 5717 3732 5789 συμπά-

2167 5818 2319 5871 θειαν
2384 5818 2475 5870 ἐπὶ
2535 5816 2612 5882 τῷ
2664 5816 2951 5888 Εὑσταθῐῳ
3008 5816 3301 5888 γενόμενον
3359 5814 3588 5885 κρατεῖν
3631 5809 3721 5864 καὶ
