3992 6480
312 261 430 358 373

1463 302 1544 360 ΙΝ
1572 302 1736 365 CAN.
1769 302 1906 362 VIII
1945 301 2150 363 CONC.
2193 302 2460 363 EPIIES.

3446 305 3552 372 375

312 411 536 480 ἐφεξῆς.
578 412 743 465 πόθεν
792 409 936 468 οὗτοι
992 415 1261 484 διαιροῦσι
1314 413 1383 468 τὰ
1435 414 1740 484 ἀδιαίρετα,
1785 418 1868 468 καῖ

1985 431 2215 485 quanam
2247 417 2454 469 ratione
2471 416 2716 470 dividunt
2743 417 2829 472 isti
2857 432 2976 482 qua:
2993 432 3100 473 non
3135 417 3331 472 debent
3360 418 3549 478 dividi.

311 506 668 574 νομοθετοῦσι
719 508 788 559 τὰ
827 507 899 576 μὴ
932 511 995 578 τῇ
1031 509 1290 580 ἐπιστολῇ
1338 507 1736 578 περιεχόμενα;
1771 511 1880 563 Καὶ

308 599 517 666 ταύτην
545 599 601 651 δὲ
631 599 730 666 τὴν
752 600 1066 666 οἰκονομίαν
1097 602 1300 670 νομίζω
1325 599 1396 670 μὴ
1423 602 1882 673 ἀπεριμερίμνως

309 691 594 761 γενέσθαι.
623 691 743 744 Τῶν
777 691 886 759 γὰρ
928 694 1170 746 κανόνων
1215 695 1308 747 καὶ
1353 695 1453 763 τῆς
1487 696 1649 765 πρὸς⁹
1673 697 1881 764 Δόμνον

309 785 606 853 ἐπιστολῆς
633 785 727 838 τοῦ
764 786 922 852 ἁγίου
953 787 1225 855 Κυρίλλυυ
1262 786 1651 860 διοριζομένων
1705 791 1882 843 λιὸέλ-

307 879 335 930 λ
368 895 431 940 υς
475 879 861 946 παραιτήσεως
906 878 977 948 μὴ
1018 880 1316 949 προσάγειν
1352 882 1504 943 τινὰς
1537 880 1644 934 τῶν
1689 882 1880 949 ἱερέων

307 973 391 1040 (El
423 973 556 1041 γὰρ,
592 972 778 1041 φησὶν,
810 973 948 1025 είσὶν
978 972 1116 1038 ἄξιοι
1172 976 1268 1028 τοῦ
1321 974 1679 1045 λειτουργεῖν,
1711 977 1880 1030 ἔστω-

310 1081 408 1114 σαν
442 1064 504 1112 ἐν
541 1061 719 1131 τούτῳ
742 1077 756 1091 °
791 1064 839 1114 εί
869 1062 922 1114 δὲ
955 1063 1186 1128 ἀνάξιοι,
1234 1063 1307 1130 μὴ
1343 1064 1450 1118 ἀπὺ
1492 1065 1881 1136 παραιτήσεως

309 1156 599 1222 ἐξίτωσαν.
626 1155 1063 1222 κατεγνωσμένοι
1112 1155 1169 1207 δὲ
1203 1157 1402 1224 μᾶλλον
1427 1157 1518 1209 ἐπὶ
1545 1157 1879 1228 πράγμασι),

311 1249 426 1310 πῶς
461 1251 528 1302 ἄν
558 1267 642 1311 τις
671 1250 799 1320 εἴπῃ
828 1249 924 1317 τὴν
961 1251 1018 1302 ἐν
1061 1249 1274 1321 Ἐφέσῳ
1321 1251 1560 1315 σύνοδον,
1607 1254 1702 1305 καὶ
1738 1253 1876 1320 μᾶλ-

308 1346 396 1396 λον
423 1345 520 1397 τὸν
552 1346 950 1412 προϊστάμενον
980 1341 1186 1413 ταύτης
1217 1344 1391 1412 μέγαν
1416 1346 1682 1414 Κύριλλον
1716 1346 1882 1398 ὑπεν-

309 1437 504 1496 αντίως
555 1437 735 1502 ἐαυτῷ
794 1440 888 1491 καὶ
937 1443 1049 1500 τοῖς
1109 1439 1317 1500 λοιποῖς
1348 1440 1599 1509 Πατράσι
1639 1439 1880 1506 διορίσα-

313 1529 429 1580 σθαι
457 1548 470 1586 ;
506 1531 668 1595 Ἀλλ’,
701 1532 776 1590 ὡς
811 1531 978 1593 ἔοικε,
1018 1531 1118 1598 τῆς
1149 1533 1528 1597 παραιτήσεως
1552 1531 1645 1585 τοῦ
1675 1531 1882 1584 Εὐστα·

313 1622 420 1674 θίου
563 1625 728 1692 οὔσης
758 1624 1004 1692 βεϐαίας,
1038 1625 1170 1677 ἀλλὰ
1192 1625 1653 1693 κατασειομένης,
1680 1624 1735 1676 ἐν
1769 1641 1878 1676 τισι

310 1713 601 1765 κατένευσε
634 1714 781 1766 κατὰ
803 1715 961 1782 λόγον
991 1718 1306 1784 οἰκονομίας
1339 1719 1370 1785 ἡ
1399 1715 1529 1781 ἁγία
1554 1715 1774 1776 σύνοδος
1797 1715 1876 1769 είς

311 1807 342 1859 ἃ
367 1807 680 1871 διωρίσατο.
714 1810 836 1862 ’Ὁτι
880 1810 935 1862 δὲ
969 1809 1192 1880 τοιαύτη
1227 1806 1294 1879 ἦν
1342 1812 1371 1878 ὴ
1410 1810 1743 1877 παραίτησις
1776 1806 1870 1860 τοῦ

315 1898 632 1958 Εὖσταθίου,
679 1899 1012 1968 παρίσταται
1050 1903 1143 1953 καὶ
1174 1902 1271 1953 ἀπ’
1305 1902 1474 1970 αὐτῆς
1501 1899 1601 1966 τῆς
1648 1901 1871 1950 ἐπιστο-

315 1991 421 2058 λῆς,
456 1991 724 2059 λεγούσης
773 1992 848 2055 ὡς
903 1994 1002 2044 ούκ
1056 1994 1214 2060 ἴσμεν
1279 1993 1426 2054 ὅπως
1486 1991 1871 2060 παραιτήσεως

319 2086 678 2153 προκεκόμικε
735 2085 940 2153 βιόλίον
982 2089 1009 2138 ὀ
1051 2086 1365 2146 Εὑστάθιος,
1401 2087 1494 2137 καὶ
1550 2081 1660 2137 οἷον
1733 2085 1874 2149 ξενι-

329 2173 534 2242 ζομέντμς
568 2177 661 2227 ἐπὶ
690 2177 754 2245 τῇ
790 2173 996 2242 ταύτης
1051 2174 1356 2245 παραδοχῇ.
1423 2175 1485 2226 El
1519 2174 1627 2244 γὰρ
1655 2173 1714 2227 ού
1743 2191 1874 2226 κατ-

333 2268 513 2318 εσεξετο
551 2268 654 2319 ύπό
683 2285 828 2330 τινος
861 2268 1024 2337 αὓτη,
1087 2267 1206 2322 οὐδὲ
1260 2265 1319 2319 τὸ
1352 2264 1715 2336 ὀνομάζεσθαι
1751 2265 1874 2318 ἐπί-

330 2374 525 2419 σκνπον,
574 2359 670 2410 καὶ
727 2360 1035 2428 ἱερουργεῖν
1079 2358 1144 2411 ἂν
1199 2358 1356 2426 ἐδόθη
1414 2356 1583 2426 αύτῷ.
1612 2358 1777 2410 Ὥστε
1807 2358 1872 2410 τὸ

318 2447 393 2499 διὰ
423 2451 514 2515 τῆς
547 2450 839 2519 παρούσης
889 2449 1178 2516 ἐπιστολῆς
1208 2447 1564 2516 οἰκονομηθέν
1620 2446 1719 2499 οὐκ
1754 2447 1869 2498 ἐστι

313 2541 611 2596 καθολικόν.
643 2540 912 2608 Δηλοῦται
959 2541 1016 2594 δὲ
1065 2541 1223 2594 τοῦτο
1285 2542 1468 2593 καὶέκ
1516 2539 1610 2592 τοῦ
1659 2540 1868 2609 γράψαι

309 2636 419 2694 τοὺς
456 2635 735 2704 Πατέραε,
771 2634 869 2696 ὡς,
921 2635 1080 2705 εἴπερ
1113 2636 1261 2702 παρὰ
1308 2634 1417 2686 τῶν
1463 2634 1745 2704 ἐγχωρίων
1776 2637 1868 2688 καὶ

305 2725 487 2791 ἕτερυςν
553 2744 606 2778 τι
657 2725 1024 2794 χρηστότερον
1073 2725 1296 2792 γένηται
1339 2727 1416 2787 εἰς
1463 2725 1554 2777 τὸν
1614 2724 1864 2794 γέροντα.

304 2818 528 2884 ἀρέσκει
583 2819 676 2870 τού
697 2836 741 2869 ’0
777 2820 841 2886 τῇ
890 2818 1113 2883 συνόδῳ.
1157 2820 1278 2868 Ἔτι
1320 2817 1440 2870 εἰπὲ
1505 2818 1601 2879 ὡς,
1657 2821 1754 2878 τῆς
1810 2819 1870 2869 ἐν

302 2910 602 2979 Χαλκηδόνι
644 2909 861 2961 συνόδου
925 2909 1300 2978 διοριζομένης
1356 2911 1562 2978 μηδένα
1605 2911 1868 2963 ἀπολελυ-

303 3002 471 3069 μένως
537 3000 1005 3070 χειροτονεῖσθαι,
1065 3003 1091 3053 ὁ
1135 3001 1523 3070 ύποκρατήσας
1571 3002 1869 3065 ἐπίσκοπος

301 3094 464 3162 μόνην
498 3092 601 3160 τῆν
644 3090 966 3161 ἱερωσύνην,
1010 3090 1085 3152 ὥς
1117 3091 1258 3151 τινές
1290 3107 1443 3158 φασι,
1477 3090 1644 3144 ποίων
1678 3093 1867 3162 ἱερέων

302 3186 563 3254 ἱεράρχης
595 3184 1053 3252 όνομασθήσεται,
1091 3185 1120 3248 ἢ
1155 3186 1310 3246 τίνας
1339 3184 1577 3249 διδάξεις
1618 3186 1788 3238 ποίων
1811 3184 1867 3238 δέ

299 3273 385 3323 καὶ
408 3270 850 3333 ἐπισκοπεύσει;
881 3272 1104 3333 Πάντως
1136 3272 1257 3324 ούδέ
1289 3290 1472 3325 τινων.
1505 3273 1596 3326 Διὸ
1644 3274 1764 3326 οὐδὲ
1811 3278 1867 3326 ἐν

297 3364 523 3432 δυνάμει
558 3363 694 3434 μόνη
729 3364 760 3432 ἡ
801 3364 1072 3432 ίερωσύνη
1138 3366 1673 3433 ύποκρατηθήσεται.
1705 3367 1866 3434 Ζήτει

297 3455 383 3507 καὶ
405 3455 502 3508 τὸν
537 3456 765 3507 δέκατον
795 3456 993 3506 κανόνα
1026 3456 1119 3508 τοῦ
1169 3458 1324 3523 ἁγίου
1370 3458 1576 3528 Πέτρου
1611 3462 1865 3529 ἀρχιεπι-

298 3550 499 3602 σκόπου
539 3547 974 3616 Ἀλεξανδρείας.

358 3642 616 3694 ΖΩΝΑΡ.
665 3639 723 3691 '0
760 3640 1078 3704 Εὑστάθιος,
1117 3635 1176 3693 οὗ
1225 3641 1500 3712 μέμνηται
1541 3644 1573 3709 ἡ
1610 3645 1864 3713 ἐπιστολὴ

293 3733 450 3803 αὕτη,
490 3732 787 3792 ἐπίσκοπος
839 3727 906 3800 ἦν
941 3731 1037 3797 τῆς
1085 3732 1428 3799 Παμφυλίας,
1463 3733 1754 3802 Παμφυλία
1806 3737 1864 3790 δέ

292 3826 432 3878 ἐστιν
472 3825 504 3891 ἡ
534 3823 632 3889 τῖες
651 3822 962 3884 Ἀτταλείας
1002 3823 1254 3889 ἐπαρχία.
1274 3823 1329 3872 '0
1347 3824 1476 3883 γοῦν
1494 3825 1678 3892 ῥηθεὶς
1705 3824 1863 3894 ἀνὴρ,

293 3918 681 3986 περιστάσεσιν
711 3914 1218 3982 ἐμπεπτωκὼς,κα”ι
1248 3915 1632 3983 ἀπαγορεύσας
1658 3917 1745 3970 διὰ
1777 3935 1865 3986 μι-

291 4006 598 4077 κροψυχίαν
621 4008 713 4060 καὶ
732 4006 1183 4076 ἀπραγμοσύνην,
1203 4007 1496 4076 ἐγγράφως
1512 4009 1866 4079 παρῃτήσατο

289 4096 380 4166 τὴν
407 4098 741 4168 ἐπισκοπὴν.
765 4098 942 4150 Κάκεῖ
965 4099 1061 4167 μέν
1101 4099 1257 4158 ἄλλος
1274 4102 1683 4171 κεχειροτόνητο
1703 4116 1715 4129 ⁸
1757 4105 1784 4154 ό
1810 4103 1865 4154 δὲ

292 4188 593 4248 Εὐστάθιος
622 4188 824 4242 κλαίων
863 4190 1139 4259 προσῆλθε
1169 4193 1235 4260 τῇ
1282 4192 1404 4261 ἱερᾷ
1435 4191 1608 4263 ταύτῃ
1642 4193 1862 4259 συνόδῳ,

289 4283 345 4334 ού
374 4283 482 4350 τὴν
507 4281 683 4346 πόλιν,
718 4281 778 4332 ού
811 4280 904 4350 τὴν
934 4282 1229 4350 ἐκκλησίαν
1254 4283 1718 4352 ἀνακαλούμενος,
1752 4285 1864 4337 οὐδ’

290 4372 660 4443 ἀμφισϐητῶν
699 4373 828 4437 περὶ
858 4373 1039 4424 αὐτῶν
1067 4373 1143 4441 τῷ
1183 4375 1300 4442 μετ’
1337 4374 1500 4427 αὐτὸν
1546 4394 1862 4447 χειροτονη-

292 4465 465 4528 θέντι,
497 4464 669 4532 ὄνομα
712 4464 767 4517 δὲ
808 4465 903 4518 καὶ
935 4464 1101 4535 τιμὴν
1129 4467 1294 4518 αἰτῶν
1321 4468 1649 4530 ἐπισκόπου,
1684 4470 1867 4523 καλεῖ-

293 4557 417 4609 σθαι
453 4557 659 4626 δηλαδὴ
718 4556 886 4610 θέλων
921 4558 1245 4634 ἐπίσκοπος,
1282 4560 1375 4612 καὶ
1426 4561 1592 4630 τιμὴν
1630 4561 1775 4630 ἔχειν
1803 4563 1861 4616 ἐν

292 4646 589 4716 καθέδραις
611 4649 704 4699 καὶ
728 4647 989 4711 τοιούτοις
1016 4649 1199 4711 ἄλλοις
1220 4651 1504 4720 ἐπισκόπῳ
1558 4655 1864 4723 προσήκου-

293 4755 392 4791 σιν.
428 4740 604 4805 Φησὶν
632 4738 722 4818 οξν
750 4741 780 4810 ἡ
819 4741 938 4809 ἱερὰ
968 4741 1182 4805 σύνοδος
1213 4743 1295 4794 ὅτι
1329 4743 1760 4813 Συνηλγήσαμεν
1784 4744 1861 4816 τῷ

293 4829 601 4902 πρεσϐύτῃ,
635 4834 728 4882 καὶ
749 4831 929 4884 κοινὸν
955 4834 1281 4904 ἡγησάμεθα
1314 4835 1376 4887 τὺ
1402 4834 1568 4887 αὐτοῦ
1595 4835 1855 4905 δάκρυον,

290 4923 381 4973 καὶ
439 4923 790 4992 ἐζητήσαμεν
829 4925 1021 4994 μαθεῖν
1066 4929 1112 4978 εἰ
1161 4926 1462 4991 κανονικῶς
1497 4928 1777 4999 καθῃρέθη
1831 4931 1859 4982 ὁ

289 5013 603 5083 ἄνθρωπος,
637 5016 798 5067 τινῶν
837 5016 966 5081 ἴσως
1010 5021 1508 5090 κατηγορησάντων
1554 5021 1723 5075 αὑτοῦ
1770 5024 1860 5076 ἐπ’

292 5106 515 5169 ἁτιὶποις
567 5106 735 5159 τισίν.
779 5106 933 5161 Ἐπεὶ
987 5111 1044 5162 δὲ
1099 5111 1266 5179 μηδὲν
1295 5111 1539 5164 τοιοῦτον
1580 5114 1681 5166 ἐπ’
1709 5115 1858 5185 αὐτῷ

291 5199 577 5263 γεγονέναι
636 5199 931 5267 ἐμάθομεν.
984 5205 1427 5272 παραιτήσασθαι
1477 5205 1531 5258 δὲ
1567 5205 1731 5259 αὐτὸν
1757 5208 1858 5278 τὴν

293 5289 621 5357 ἐπισκοπὴν,
653 5292 746 5342 καὶ
774 5291 862 5344 διὰ
893 5292 1050 5345 τοῦτο
1080 5295 1253 5362 αὐτῆς
1283 5298 1539 5361 ἐκπεσεῖν
1573 5297 1643 5350 δι’
1672 5300 1856 5369 ἀπρα-

293 5381 596 5448 γμοσύνην,
632 5382 735 5434 ούκ
791 5381 1089 5436 ἀκόλουθον
1122 5385 1488 5457 ἐλογισάμεθα
1528 5389 1857 5457 φιλονεικεῖν

293 5470 356 5536 τῇ
419 5472 820 5544 ἀπραγμοσύνῃ
880 5474 973 5526 τοῦ
1031 5475 1240 5545 ἀνδρὸς,
1301 5479 1420 5548 ἦτοι
1476 5486 1540 5551 τῇ
1598 5484 1726 5548 περὶ
1787 5485 1864 5537 τὰ

297 5559 602 5630 πράγματα
637 5564 1106 5634 ἁνεπιτηδειότητι
1132 5584 1146 5598 ο
1177 5569 1287 5621 δεῖν
1342 5571 1399 5622 δὲ
1454 5574 1655 5642 μᾶλλον
1702 5577 1854 5644 ἐκρί-

297 5665 464 5717 ναμεν
510 5653 734 5718 ἐλεῆσαι
760 5656 851 5706 τὸν
882 5659 1108 5726 γηραιὸν
1136 5661 1226 5710 ἐπὶ
1258 5662 1468 5729 χρόνοις
1494 5665 1853 5733 πο).λοῖς”τῆς

297 5741 549 5809 πατρίδος
585 5743 772 5810 αὑτοῦ,
819 5747 910 5798 καὶ
967 5747 1232 5819 πατρῴων
1283 5751 1711 5823 ἐνδιαιτημάτων
1756 5755 1848 5807 ἐκ-

1843 1765 1950 1821 ζΒ

1986 516 2038 559 et
2101 516 2352 571 tanquam
2405 504 2547 571 leges
2586 505 2927 560 sanciuntea
2979 523 3099 575 qua:
3148 507 3378 577 epistola
3437 524 3545 562 non

1985 594 2533 661 comprehenduntur.
2557 592 2721 646 Porro
2737 603 2788 647 et
2808 596 2943 649 hanc
2961 595 3412 663 dispensationem
3434 598 3552 650 exi-

1985 688 2142 742 stimo
2195 703 2299 741 non
2345 687 2740 740 inconsiderate
2794 688 2986 742 factam
3025 703 3164 742 esse.
3213 688 3347 742 Cum
3403 689 3552 742 enim

1984 791 2239 842 canones,
2269 786 2321 831 et
2351 777 2519 831 sancti
2550 776 2728 844 Cyrilli
2755 778 2822 831 ad
2857 779 3116 832 Domuum
3146 779 3397 849 epistola,
3451 781 3549 834 de—

1983 869 2241 933 cernant',
2275 881 2343 922 ne
2375 868 2466 922 ulli
2506 869 2812 924 sacerdotes
2839 870 3293 925 rennntiatiouum
3342 871 3550 926 libellos

1980 961 2204 1018 afferant
2252 963 2332 1034 (Si
2401 965 2566 1029 enim,
2617 964 2810 1034 inquit,
2842 976 2994 1018 saera
3043 963 3340 1018 ministeria
3398 964 3552 1018 obire

1979 1054 2122 1123 digni
2159 1063 2304 1120 sunt,
2358 1056 2413 1109 in
2455 1070 2522 1110 eo
2570 1065 2920 1125 permaneant
2948 1073 2962 1109 :
2994 1056 3075 1110 sin
3111 1066 3285 1110 autem
3322 1056 3555 1120 indigni,

1980 1159 2048 1198 ne
2077 1160 2173 1214 per
2214 1144 2669 1199 reuuntiatiouem
2720 1151 2951 1206 exeant,
3003 1145 3097 1198 sed
3138 1143 3347 1210 potius,
3389 1142 3549 1195 rebus

1980 1236 2111 1301 ipsis
2127 1236 2518 1299 condemnati),
2550 1235 2820 1304 quomodo
2843 1235 3041 1289 dixerit
3066 1234 3332 1302 quispiam
3366 1232 3546 1300 Ephe-

1979 1330 2154 1381 sinam
2201 1329 2487 1398 synodum,
2533 1337 2585 1380 et
2609 1343 2731 1380 eum
2769 1330 2947 1396 potius
2971 1327 3060 1391 qui
3095 1326 3145 1379 ei
3179 1334 3408 1393 pneerat
3434 1340 3548 1376 ma-

1978 1437 2139 1489 gnnm
2170 1419 2428 1490 Cyrillum
2464 1421 2588 1484 sibi,
2639 1431 2691 1473 et
2735 1421 2956 1488 reliquis
2990 1419 3241 1471 Patribus
3271 1417 3547 1472 contraria

1979 1510 2260 1565 Statnisse?
2283 1509 2408 1574 Sed,
2434 1520 2493 1564 ut
2513 1520 2595 1564 est
2620 1510 2912 1568 versimile.
2933 1523 3052 1562 cum
3076 1507 3338 1562 Eustathii
3358 1521 3553 1561 renun-

1941 1613 1943 1615 ί
1979 1599 2132 1653 tiatio
2168 1599 2320 1652 lirma
2351 1613 2455 1652 non
2483 1609 2645 1663 esset,
2670 1598 2765 1652 sed
2798 1598 2850 1650 in
2871 1596 3193 1664 quihusdam
3225 1595 3452 1658 labaret,
3487 1609 3552 1648 ex

1979 1693 2404 1762 dispensationis
2460 1693 2669 1746 ratione
2728 1693 2921 1745 annuit
2958 1701 3146 1746 sancta
3201 1689 3442 1760 synodus
3486 1686 3551 1739 ad

1981 1802 2040 1838 ea
2065 1801 2183 1854 quae
2202 1785 2424 1838 deﬁuiit.
2449 1783 2603 1850 Quod
2629 1796 2809 1838 autem
2829 1793 2976 1838 esset
2996 1781 3260 1850 ejusmodi
3287 1779 3552 1834 Eustathii

1978 1879 2328 1939 renuntiatio,
2376 1891 2441 1930 ex
2473 1878 2586 1946 ipsa
2638 1878 2802 1930 etiam
2832 1875 3062 1943 epistola
3117 1881 3402 1942 apparent,
3433 1886 3552 1939 quas

1979 1973 2110 2026 dicit
2140 1990 2154 2026 :
2187 1972 2379 2026 Nescio
2411 1969 3378 2049 quomodorenuntiationislihellum
3409 1979 3552 2024 attu-

1979 2064 2040 2116 lit
2073 2063 2420 2120 Eustathius:
2456 2063 2597 2118 etob
2632 2063 2746 2131 ejus
2776 2064 3146 2131 receptiouem
3179 2062 3342 2115 veluti
3375 2061 3428 2114 in
3457 2058 3555 2112 ad-

1977 2158 2322 2212 mirationem
2357 2156 2669 2211 adducitur.
2717 2157 2772 2211 Si
2807 2158 2918 2224 ipsa
2952 2156 3094 2210 enim
3124 2155 3191 2208 ab
3219 2155 3400 2221 aliquo
3441 2167 3550 2206 non

1977 2251 2416 2316 labefactaretur,
2465 2264 2565 2304 nec
2619 2259 2677 2300 ut
2728 2250 3018 2319 episcopus
3068 2249 3465 2304 nominaretur,
3497 2252 3552 2296 et

1979 2357 2040 2401 ut
2074 2345 2214 2399 sacri
2267 2343 2513 2398 muneris
2561 2343 2764 2412 aliquid
2798 2342 2995 2402 obiret,
3028 2340 3075 2394 ei
3117 2338 3550 2408 permitteretur.

1977 2439 2129 2504 Quod
2167 2439 2342 2500 itaque
2369 2451 2465 2502 per
2493 2437 2632 2488 hanc
2671 2434 2958 2500 epistolam
3000 2431 3336 2486 mconomice
3369 2427 3551 2499 provi-

1977 2549 2098 2588 sum
2153 2540 2275 2596 est,
2333 2544 2440 2583 non
2495 2539 2576 2581 est
2623 2527 2949 2582 universale.
3005 2525 3115 2578 Hoc
3169 2535 3349 2578 autem
3384 2524 3546 2576 etiam

1975 2644 2036 2682 ex
2065 2641 2128 2679 eo
2159 2626 2486 2688 declaratur,
2527 2623 2667 2691 quod
2699 2621 2888 2674 Patres
2921 2620 3286 2683 scripserunt;
3331 2615 3476 2684 quod
3503 2614 3548 2668 si

1975 2733 2001 2770 a
2058 2717 2332 2784 religionis
2372 2715 2638 2782 episc0pis
2686 2712 2970 2782 benignius
3007 2709 3206 2778 aliquid
3262 2709 3314 2762 in
3366 2720 3550 2762 senem

1976 2813 2088 2868 ﬁat.
2131 2811 2179 2864 id
2209 2826 2422 2878 quoque
2449 2811 2626 2878 placet
2653 2808 2880 2877 synodo.
2914 2805 3178 2859 Praeterea
3203 2815 3325 2854 eum
3383 2797 3548 2853 Chal-

1973 2903 2295 2956 cedonensis
2348 2902 2585 2971 synodus
2633 2899 2832 2953 nullum
2892 2897 3136 2951 absolute
3191 2891 3550 2946 ordinandum

1974 3009 2094 3049 esse
2126 2994 2418 3055 decernat,
2459 2993 2548 3058 qui
2593 2991 2766 3044 solttm
2795 2985 3211 3051 sacerdotalem,
3250 2989 3312 3037 ut
3333 2981 3549 3041 dicunt,

1975 3084 2286 3151 dignitatem
2317 3082 2577 3137 obtinebit
2629 3081 2941 3149 episcopus;
2994 3087 3350 3144 quorumnam
3389 3069 3550 3139 108

1893 3135 1938 3199 C
1972 3175 2312 3229 sacerdotth
2339 3175 2562 3227 antistes
2584 3186 2704 3227 esse
2732 3172 2962 3236 dicetur,
2987 3168 3069 3222 vel
3095 3179 3358 3232 quosnam
3386 3165 3548 3218 doce-

1970 3267 2081 3321 hit?
2114 3278 2165 3321 et
2205 3282 2560 3335 quorumnam
2604 3266 2892 3334 episcopus
2937 3262 3078 3316 erit?
3105 3259 3382 3313 Nullorum
3423 3270 3547 3309 om-

1969 3359 2117 3412 nino.
2154 3357 2331 3422 Quare
2374 3370 2474 3410 nec
2515 3362 2777 3422 potestate
2806 3352 3024 3420 quidem
3052 3350 3164 3406 sola
3198 3343 3550 3404 sacerdotalis

1969 3451 2201 3519 dignitas
2250 3449 2602 3501 ohtinehitur.
2639 3444 2832 3512 Qutpre
2878 3444 3042 3499 etiam
3079 3441 3332 3496 decimun
3379 3450 3547 3492 cauo-

1970 3558 2089 3595 netu
2122 3542 2290 3596 sancti
2329 3540 2469 3594 Petri
2509 3538 2855 3592 Alexandrini
2889 3535 3149 3605 episcopi.

2027 3652 2282 3710 ZONAR.
2300 3653 2630 3713 Eustathius,
2651 3652 2717 3704 de
2735 3650 2911 3720 quoin
2933 3647 3155 3717 epistola
3172 3660 3367 3708 sermo,
3387 3644 3548 3698 Pam-

1969 3746 2162 3814 phylim
2198 3746 2484 3813 episcopus
2514 3743 2638 3797 fuit.
2662 3741 3012 3811 Phamphylia
3031 3747 3210 3793 autem
3234 3748 3314 3793 εει
3331 3737 3546 3790 Attalize

1969 3835 2361 3906 provincia.Vir
2385 3838 2565 3904 itaque
2581 3836 2866 3902 prmdictus
2883 3849 3003 3886 cuiu
3020 3831 3070 3884 in
3090 3828 3385 3884 diliiciliora
3405 3837 3544 3880 tent-

1969 3943 2096 3996 pora
2119 3928 2417 3988 incidisset,
2443 3942 2550 3995 pne
2569 3925 3010 3991 pusillaniniitate
3029 3933 3078 3976 et
3105 3921 3435 3989 negotiorum
3461 3917 3540 3970 l‘u-

1967 4035 2029 4087 ga
2055 4018 2274 4070 moleste
2291 4022 2489 4080 lereus,
2509 4016 2837 4083 episcopatui
2862 4013 3079 4083 scriptis
3096 4009 3443 4066 renuntiavit.
3464 4010 3542 4062 Ac

1966 4111 2101 4163 alius
2127 4109 2338 4177 quidem
2368 4107 2472 4160 illic
2498 4107 2697 4160 electus
2726 4115 2825 4158 est.
2859 4103 3173 4159 Eustathius
3202 4114 3332 4154 vero
3358 4099 3543 4152 multis

1966 4216 2087 4255 cum
2111 4201 2363 4270 lacrymis
2394 4201 2446 4253 in
2471 4211 2712 4253 sanetam
2735 4198 2871 4250 hanc
2889 4196 3152 4266 synodum
3173 4203 3354 4262 postea
3371 4191 3536 4255 venit,

1969 4308 2073 4345 nou
2098 4293 2366 4347 civitatem
2391 4292 2513 4355 sibi,
2543 4306 2650 4345 non
2684 4288 2975 4343 Ecclesiaiu
3017 4288 3317 4346 vindicans,
3349 4293 3440 4339 aut
3472 4297 3534 4336 ea

1967 4399 2075 4452 quo
2108 4383 2284 4436 minus
2318 4398 2343 4435 a
2370 4397 2687 4437 successore
2719 4381 3048 4434 haberentur
3085 4392 3341 4431 recusans
3389 4393 3403 4429 :
3439 4375 3534 4428 sed

1903 4481 1944 4536 ι)
1975 4489 2166 4526 nomen
2201 4479 2405 4526 tantum
2429 4473 2664 4540 episcopi
2695 4485 2748 4525 et
2777 4472 3033 4524 hunorem
3053 4477 3258 4539 petens,
3282 4466 3534 4519 nimirum

1964 4563 2201 4632 episcopi
2259 4563 2475 4616 nomine
2536 4562 2808 4616 honestari
2847 4601 2861 4623 ,
2937 4559 3407 4628 episcopalemque
3476 4558 3530 4608 in

1964 4671 2222 4710 consessu
2254 4655 2454 4716 locum,
2489 4669 2553 4708 ac
2607 4655 2650 4708 si
2707 4667 2828 4722 qua:
2869 4652 2970 4706 alia
3025 4659 3146 4703 sunt
3204 4648 3529 4714 huiusmodi,

1963 4749 2206 4802 obtinere
2236 4747 2441 4801 volens.
2493 4745 2651 4800 Senis
2705 4746 2876 4799 vicem
2929 4744 3089 4811 igitur
3120 4741 3531 4802 condoluimns.

1965 4839 2138 4907 inquit
2169 4852 2354 4893 saneta
2385 4837 2653 4910 synodus,
2675 4822 3097 4902 communesque
3122 4832 3236 4900 ejus
3267 4832 3532 4902 lacrymas

1963 4931 2411 4993 existimavimus,
2435 4941 2488 4984 et
2517 4931 2723 4983 discere
2740 4928 2914 4981 conati
2934 4940 3137 4986 sumus,
3164 4941 3294 4979 num
3327 4924 3532 4993 aliquo-

1961 5040 2077 5077 rum
2107 5024 2425 5093 ﬂagitiorum
2468 5023 2745 5078 cunvictus
2773 5023 2934 5075 homo
2959 5024 3220 5076 canonice
3257 5019 3529 5087 depositus

1961 5115 2170 5169 luisSet.
2215 5114 2345 5169 Cum
2376 5129 2504 5167 vero
2543 5114 2674 5168 nihil
2703 5113 2806 5168 tale
2834 5113 3034 5167 factum
3081 5127 3200 5166 esse
3226 5111 3524 5180 comperis-

1959 5220 2158 5266 semus.
2189 5207 2282 5260 Sed
2312 5205 2480 5270 illum,
2505 5207 2643 5259 haud
2666 5221 2794 5260 sane
2813 5205 2971 5261 rebus
2994 5205 3242 5273 gerendis
3267 5187 3519 5263 habilem.

1959 5298 2290 5368 episcOpatu,
2319 5311 2425 5366 quo
2453 5310 2511 5350 se
2550 5298 2773 5366 ipsemet
2797 5298 3172 5360 abdicaverat,
3205 5295 3474 5349 excidisse
3500 5310 3519 5347 :

1959 5405 2058 5443 nos
2087 5390 2373 5448 hominem,
2393 5390 2531 5457 quod
2556 5403 2585 5441 a
2614 5389 2840 5455 negotiis
2863 5389 3196 5450 abhorreret,
3228 5388 3339 5441 sive
3364 5390 3526 5442 rebus

1957 5481 2206 5547 gerendis
2251 5481 2428 5534 minus
2482 5481 2707 5535 idoneus
2767 5480 2982 5545 fuerit,
3034 5477 3321 5548 obiurgare
3381 5479 3520 5531 haud

1957 5571 2238 5625 honestqu
2264 5587 2381 5626 esse
2419 5572 2872 5635 existimavimus,
2898 5573 2988 5624 sed
3021 5572 3200 5640 potius
3249 5578 3522 5624 senectute

1955 5664 2220 5723 ccul‘ecto.
2270 5675 2322 5718 et
2357 5647 2540 5735 (patria
2598 5669 2795 5719 multos
2838 5664 2948 5729 jam
3007 5680 3177 5720 annos
3220 5679 3282 5717 ac
3327 5663 3518 5732 patriis

1958 5755 2180 5809 sedibus
2210 5755 2416 5821 orbato,
2457 5757 2842 5811 illiset-icordite
2869 5754 3069 5823 aliquid
3098 5751 3518 5823 iuipartiendum
