3940 6480
517 307 585 368 75
1726 307 1824 368 ΤΗ
1837 308 2000 369 ΕΟῙ).
2047 308 2446 368 BALSAMON
3575 311 3665 374 376

476 431 601 475 esse
649 419 1031 489 indicavimus.
1079 418 1267 487 Itaque
1321 429 1374 474 et
1421 417 1666 500 episc0pi
1721 432 1938 480 nomen,
1991 427 2029 470 cl

2147 420 2495 472 πεπτωκότα.
2528 419 2637 471 Καὶ
2675 415 2976 486 ὦρίσαμεν,
3009 412 3102 468 καὶ
3136 413 3342 468 δίκαιον
3367 417 3662 488 ἡγησάμεθα

476 510 813 578 dignitatem,
830 510 1369 576 communionemque
1388 509 1455 564 ab
1470 517 1535 564 co
1553 508 1774 564 retineri
1793 507 2036 562 decrevi-

476 615 619 662 mus,
675 611 730 655 et
768 601 971 670 justum
1006 601 1334 657 censuimus.
1386 599 1463 655 Ita
1497 601 1724 664 scilicet,
1771 610 1826 653 ut
1855 598 1906 653 ei
1951 612 2037 652 se-

473 693 704 746 cretiora
750 692 910 762 adyta
963 691 1186 757 intrare,
1233 690 1412 760 ibique
1455 689 1879 753 communicare,
1928 704 2033 743 non

473 791 652 835 tamen
676 792 770 836 aut
799 783 897 850 ipsi
915 797 1068 837 sacra
1093 783 1294 847 facere,
1317 792 1407 836 aut
1431 781 1708 836 ordinibus
1729 779 2032 850 quempiam

472 873 738 943 insignire
779 874 861 930 fas
890 876 988 939 sit,
1018 875 1121 930 nisi
1155 875 1234 930 vel
1259 875 1541 944 episcopus
1573 874 1740 943 aliqui
1767 887 1890 928 eum
1929 872 2034 928 sibi

470 967 675 1019 socium
708 967 761 1021 in
793 967 962 1022 sacris
980 967 1298 1037 peragendis
1329 965 1410 1020 vel
1435 967 1738 1021 ordinando
1758 965 2029 1027 asciverit,

469 1057 553 1111 vel
587 1058 658 1112 ab
686 1059 802 1127 ipso
839 1058 1072 1127 regionis
1099 1059 1254 1113 istius
1277 1058 1527 1129 episcopo
1551 1059 1655 1113 tale
1673 1058 1947 1127 quippiam
1979 1056 2030 1111 ei

471 1147 648 1203 facere
664 1150 732 1220 sit
761 1153 1102 1219 permissum.
1137 1153 1310 1220 Atque
1339 1151 1450 1204 haec
1481 1151 1694 1220 quidem
1715 1164 1834 1213 nos,
1862 1147 2033 1218 inquit

470 1240 731 1309 synodus,
757 1239 961 1294 homini
988 1239 1328 1294 indulsimus.
1368 1239 1518 1305 Quod
1559 1239 1602 1293 si
1628 1238 1908 1308 benignius
1933 1237 2032 1290 ali-

468 1331 620 1400 quid,
653 1331 732 1385 vel
766 1347 930 1396 nunc,
972 1331 1056 1385 vel
1091 1331 1144 1387 in
1173 1341 1472 1401 posterum,
1520 1330 1592 1385 illi
1624 1329 2027 1393 consulueritis,

469 1423 520 1475 id
551 1429 658 1488 est,
690 1424 733 1476 si
757 1423 877 1492 plus
901 1424 1102 1493 aliquid
1133 1425 1274 1493 juris
1296 1423 1378 1478 vel
1403 1423 1664 1493 privilegii
1696 1422 1770 1478 illi
1797 1437 2027 1476 conces-

467 1514 670 1580 seritis,
696 1515 852 1570 nobis
898 1526 1174 1585 acceptum
1209 1519 1334 1572 erit.
1367 1516 1443 1571 Ex
1475 1516 1576 1570 hac
1607 1515 1798 1585 synodi
1823 1515 2028 1568 consti-

469 1607 676 1661 tutione
721 1607 978 1676 colligunt
1007 1607 1247 1676 quidam,
1277 1607 1440 1662 licere
1469 1607 1739 1676 episcoliis
1767 1606 2030 1661 ecclesias

464 1714 614 1764 suas,
631 1699 892 1768 dignitate
915 1699 1202 1769 episcopali
1226 1699 1573 1754 nihilominus
1601 1707 1829 1766 retenta,
1848 1699 2029 1754 dimit-

2143 511 2291 582 Ιχειν
2320 510 2486 564 αὑτὸν
2512 510 2573 562 τὸ
2599 509 2771 580 ὄνομα
2811 510 2909 577 τῆς
2937 508 3240 577 ἐπισκοπῆς
3266 509 3356 561 καὶ
3378 509 3472 578 τὴν
3497 513 3662 582 τιμὴν,

2141 604 2237 656 καὶ
2266 601 2365 672 τὴν
2390 601 2695 666 κοινωνίαν,
2728 601 2790 655 τδ
2811 599 2961 662 ἐντὸς
2989 600 3084 652 τοῦ
3120 599 3494 671 θυσιαστηρίου
3523 607 3665 658 εἰσιέ-

2098 733 2112 740 ς
2140 711 2228 747 ναι
2261 693 2487 762 δηλαδὴ,
2517 695 2613 746 καὶ
2642 691 3106 762 μεταλαμϐάνειν,
3136 691 3273 760 μήτε
3302 692 3356 745 δέ
3392 693 3666 763 ἱερουργεῖν

2139 787 2326 852 αὐτὸν,
2386 786 2526 856 μήτε
2577 787 2921 856 χειροτονεῖν,
2976 785 3024 837 εἱ
3080 785 3153 853 μὴ
3205 786 3666 858 συμπαραληφθείη

2140 878 2272 948 παρ’
2349 878 2539 948 ἐτέρου
2604 878 2905 930 ἐπισκόπου
2934 919 2948 941 ,
3003 875 3143 928 ὥστε
3208 876 3667 945 συλλειτουργῆσαι

2137 970 2330 1040 ἐκείνῳ
2353 969 2386 1041 ἢ
2420 969 2926 1039 συγχειροτονῆσαι,
2963 970 2996 1041 ἢ
3026 966 3351 1037 ἐπιτραπείη
3377 968 3601 1021 τοιοῦτόν
3621 987 3666 1022 τι

2138 1062 2365 1132 ποιῆσαι
2409 1065 2557 1132 παρά
2594 1061 2686 1116 τού
2721 1063 2819 1132 τῆς
2868 1061 3078 1129 ἐνορίας
3112 1059 3328 1129 ἐκείνης
3371 1061 3666 1117 ἐπισκόπου.

2139 1155 2250 1209 Καὶ
2281 1156 2443 1224 ἡμεῖς
2480 1155 2578 1224 μὲν
2609 1154 2806 1217 ταῦτα,
2838 1154 3001 1222 φησὶν
3042 1153 3076 1223 ἡ
3115 1151 3353 1214 σύνοδος,
3379 1149 3667 1221 δεδώκαμεν

2135 1247 2285 1317 αύτῷ
2310 1263 2325 1277 ·
2354 1248 2401 1298 εί
2432 1248 2490 1300 δέ
2530 1265 2582 1300 τι
2624 1245 2979 1317 βουλεύσεσθε
3010 1246 3374 1316 χρηστότερον
3408 1245 3556 1313 ὑμεῖς
3591 1244 3667 1298 ἐπ’

2133 1340 2323 1402 αὐτοῦ,
2359 1340 2393 1412 ἢ
2422 1340 2516 1393 νῦν
2547 1339 2580 1410 ἢ
2619 1339 2759 1408 μετὰ
2790 1340 2986 1402 ταῦτα,
3032 1339 3200 1410 ἤγουν
3234 1340 3282 1392 εἰ
3313 1339 3405 1392 καὶ
3433 1338 3583 1391 πλέον
3620 1356 3667 1392 τι

2135 1434 2474 1504 παράσχοιτε
2523 1433 2674 1502 αύτῷ
2705 1434 2912 1486 δίκαιον
2951 1433 2983 1506 ἢ
3031 1433 3353 1503 προνόμιον,
3400 1435 3488 1485 καὶ
3523 1432 3668 1485 τοῦτο

2136 1525 2367 1596 ἀρεστὸν
2391 1527 2523 1596 ἡμῖν
2568 1524 2732 1591 δόξει.
2785 1527 2879 1580 Ἐκ
2909 1526 3113 1596 ταύτης
3164 1525 3457 1602 συνοδικῆςὶ
3492 1525 3671 1577 οίκονο-

2137 1616 2268 1687 μίας
2297 1617 2499 1670 οἴονταί
2530 1635 2676 1680 τινες
2722 1617 3027 1672 ἐνδεδύσθαι
3053 1619 3165 1680 τοῖς
3196 1616 3511 1679 ἐπισκόποις
3537 1634 3666 1687 παρ-

2133 1705 2401 1762 αιτεῖσθαι
2447 1709 2548 1770 τὰς
2611 1706 2906 1776 ἐκκλησίας
2941 1707 3141 1774 αὐτῶν,
3192 1706 3291 1776 τὴν
3320 1706 3376 1759 δὲ
3422 1691 3694 1776 ἀρχιεριψὶ

465 1801 601 1846 tere.
642 1792 747 1846 Sed
787 1806 886 1860 ego
919 1791 1252 1846 contrarium
1290 1792 1465 1861 potius
1517 1791 1644 1846 hinc
1688 1803 1818 1862 puto
1867 1792 2029 1857 edici,

2137 1798 2303 1868 σύνην
2357 1802 2754 1870 παρακρατεῖν.
2799 1796 2967 1866 Οἶμαι
3022 1798 3079 1852 δέ
3127 1797 3437 1852 τούναντίον
3488 1796 3670 1866 μᾶλλον

464 1884 607 1953 quod
645 1883 772 1937 olim
801 1882 893 1953 qui
927 1882 1325 1951 episcOpatibus
1371 1883 1753 1938 renuntiarunt
1777 1884 2032 1938 omnibus

465 1991 585 2044 quae
616 1985 940 2044 acceperunt
970 1973 1158 2044 privati
1193 1983 1338 2038 sunt,
1379 1983 1432 2028 et
1471 1991 1647 2044 neque
1683 1977 1773 2046 jus
1813 1977 2030 2045 aliquod

465 2065 768 2136 episcopale
818 2075 939 2135 post
987 2056 1440 2121 renuntiationem
1488 2067 1793 2122 retinebant
1858 2084 2032 2138 neque

465 2159 698 2226 episcopi
733 2157 1160 2226 appellabantur.
1199 2156 1255 2212 Si
1297 2159 1465 2222 enim,
1499 2157 1810 2228 episcopatu
1841 2176 2032 2229 quam-

465 2251 548 2306 vis
585 2252 851 2320 deposito,
879 2250 1055 2304 adhuc
1095 2250 1418 2321 episc0palin
1466 2251 1588 2319 jura
1639 2253 1862 2308 retineri
1913 2271 2031 2310 mos

464 2354 604 2409 erat,
644 2360 742 2398 cur
765 2344 979 2398 tandem
1015 2343 1316 2411 lacrymans
1369 2342 1686 2399 Eustathius
1711 2345 1764 2399 in
1784 2357 2027 2401 sanctam

463 2436 726 2507 synodum
752 2436 924 2496 venit,
965 2435 1175 2502 sibique
1203 2436 1441 2505 episcopi
1469 2438 1727 2491 honorem
1753 2454 1815 2491 ac
1834 2453 2029 2493 nomen

463 2528 716 2598 precibus
751 2527 998 2582 obtinere
1035 2529 1348 2583 contendit?
1369 2539 1423 2584 et
1453 2529 1520 2584 de
1549 2544 1609 2584 ea
1640 2545 1699 2584 re
1723 2531 1934 2587 litteras
1965 2532 2029 2584 ad

469 2624 798 2695 Pamphylia:
824 2625 1085 2694 synodum
1129 2625 1333 2680 dandas
1365 2626 1632 2695 Ephesina
1655 2628 1765 2682 haec
1797 2629 2032 2700 synodus

470 2720 720 2774 censuit?
766 2717 953 2774 Potius
1001 2719 1163 2788 igitur
1201 2720 1500 2774 antistitum
1538 2722 1775 2776 muneris
1817 2723 2031 2791 episco-

469 2811 606 2880 palis
639 2810 1086 2865 detrectationem
1137 2826 1234 2865 ncc
1268 2811 1384 2866 sine
1410 2811 1565 2881 culpa
1603 2826 1742 2875 esse,
1780 2827 1881 2866 nec
1905 2821 2032 2866 tunc

466 2902 652 2966 fuisse,
696 2918 760 2956 et
801 2903 900 2956 hac
930 2903 1152 2970 epistola
1191 2912 1451 2972 apparet,
1483 2917 1603 2972 qua:
1634 2903 1797 2967 dicit;
1839 2918 1958 2957 cum
1999 2917 2030 2956 a

465 2995 698 3065 negotiis
744 2994 1091 3049 vehementer
1145 2994 1445 3050 abhorrens
1491 3010 1601 3064 prae
1649 2995 1795 3048 curis
1850 2994 2032 3047 animo

2133 1889 2386 1945 ἐντεῦθεν
2413 1890 2963 1960 καταλαμϐάνεσθαι,
3013 1891 3095 1944 ὅτι
3151 1889 3323 1944 πάλαι
3357 1891 3402 1941 oi
3431 1889 3524 1951 τὰς
3561 1889 3669 1941 ἐπι-

2135 1985 2344 2048 σκοπὰς
2377 1985 2828 2053 παραιτούμενοι,
2875 1983 2930 2035 εῖ
2962 2001 3021 2037 τε
3053 1983 3126 2046 ὡς
3177 1984 3427 2053 ἐδέχοντο
3474 1982 3670 2036 πάντων

2134 2079 2459 2143 ἐξέπιπτον,
2488 2077 2583 2128 καὶ
2613 2073 2738 2128 οὕτε
2788 2075 3176 2146 ἀρχιερατικόν
3203 2092 3262 2128 τι
3307 2074 3509 2127 δίκαιον
3548 2074 3670 2142 μετὰ

2131 2172 2228 2240 τὴν
2262 2169 2594 2240 παραίτησιν
2627 2163 2799 2237 εἶχον,
2834 2167 2959 2220 οὕτε
2986 2167 3276 2220 ἐπίσκοποι
3313 2165 3670 2235 ὠνομάζοντοο

2133 2265 2180 2316 εἰ
2213 2263 2321 2332 γὰρ
2347 2257 2413 2331 ἦν
2446 2259 2786 2331 ἐθνοςηῶστε
2831 2259 2923 2312 τὸν
2963 2259 3447 2328 παραιτησάμενον
3503 2258 3671 2327 ἀρχιε-

2134 2355 2332 2427 ρατικὰ
2369 2355 2555 2408 δίκαια
2595 2354 2760 2423 ἔχειν,
2804 2352 2856 2405 τί
2892 2353 3092 2421 δήποτε
3129 2353 3157 2405 ὁ
3192 2351 3489 2413 Εύστάθιος
3545 2350 3669 2419 μετὰ

2130 2448 2380 2518 δακρύων
2415 2446 2642 2517 προσῄει
2663 2449 2728 2517 τῇ
2762 2447 2882 2516 ἱερᾷ
2908 2446 3128 2515 συνόδῳ,
3170 2446 3266 2497 καί¹
3297 2445 3474 2516 ῂτεῖτο
3505 2442 3672 2495 καλεῖ-

2140 2541 2267 2592 σθαι
2295 2539 2618 2602 ἐπίσκοπος,
2659 2536 2756 2589 καὶ
2789 2538 3090 2591 ἐπισκόπου
3129 2537 3278 2606 ἔχειν
3301 2535 3498 2605 τιμήνς
3529 2531 3670 2600 καὶὴ

2133 2633 2349 2694 σύνοδος
2399 2632 2606 2701 ἔγραφε
2648 2632 2775 2701 περὶ
2829 2631 3020 2684 τούτου
3057 2632 3118 2701 τῇ
3165 2630 3310 2683 κατὰ
3369 2625 3674 2696 Παμφυλίαν

2133 2728 2374 2794 συνόὸῳς
2412 2727 2612 2794 μᾶλλον
2650 2725 2747 2796 μὲν
2781 2721 2876 2779 οὖν
2908 2723 3016 2778 ἀπὸ
3045 2724 3144 2789 τῆς
3172 2722 3464 2790 ἐπιστολῆς
3490 2718 3673 2786 ταύτης

2132 2823 2228 2875 καὶ
2250 2821 2309 2873 τὸ
2338 2819 2474 2883 ὅλως
2506 2818 2892 2890 παραιτεῖσθαι
2949 2817 3078 2880 τοὺς
3109 2817 3391 2886 ἀρχιερεῖς
3435 2812 3528 2874 τὰς
3569 2811 3674 2862 ἐπι-

2132 2913 2343 2974 σκοπὰς
2375 2910 2474 2964 ούκ
2499 2909 2832 2978 ἀνέγκλητον
2881 2906 3131 2974 φαίνεται
3170 2902 3337 2967 εῖναι,
3377 2901 3497 2956 ούδὲ
3544 2901 3674 2967 γίνε-

2133 3004 2256 3058 σθαι
2285 3003 2427 3064 τότε,
2461 3000 2735 3068 λεγούσης
2767 2997 2842 3062 ὡς
2871 2996 3188 3067 ἀπειρηκὼς
3223 2996 3364 3068 πρὸς
3396 2996 3490 3055 τὰς
3533 3008 3674 3061 φρον-

464 3087 813 3150 concidisset,
879 3087 1315 3150 renuntiationis,
1385 3087 1655 3141 nescimus
1733 3085 2024 3154 quomodo,

2132 3099 2281 3160 τίδας
2317 3098 2383 3148 ἐκ
2423 3095 2625 3164 πολλῆς
2655 3090 3109 3162 ἀπραγμοσύνης,
3153 3089 3556 3162 παραιτήσεως.
3586 3083 3670 3176 olnt

466 3177 704 3232 libellum
731 3175 944 3231 obtulit.
970 3174 1263 3246 Oportebat
1292 3177 1435 3231 enim
1457 3177 1624 3247 :eum,
1649 3185 1705 3230 ut
1731 3177 1816 3232 cui
1843 3191 2028 3231 sacer-

463 3269 661 3323 dotalis
702 3283 829 3322 cura
881 3267 1048 3324 semel
1083 3269 1332 3323 mandata
1383 3277 1486 3334 est,
1517 3267 1566 3323 ei
1606 3283 1727 3322 cum
1762 3265 2028 3337 spirituali

465 3364 660 3416 robore
690 3362 960 3425 insistere,
999 3370 1056 3416 et
1079 3360 1294 3416 labores
1317 3359 1481 3415 veluti
1524 3360 1724 3426 subire,
1763 3371 1818 3414 et
1863 3358 2030 3413 sudo-

463 3467 602 3517 rem,
667 3454 754 3508 cui
811 3468 1020 3508 merces
1061 3455 1338 3523 proposita
1378 3461 1502 3518 est,
1551 3452 1801 3506 lubenter
1857 3451 2031 3506 susci-

464 3559 611 3613 pere.

536 3633 650 3686 Non
716 3632 886 3687 fuisse
946 3632 1109 3700 igitur
1175 3632 1385 3701 antiqui
1455 3633 1623 3688 moris
1675 3633 2028 3688 ecclesiarum

465 3723 912 3787 renuntiationes,
944 3723 1139 3776 exinde
1172 3723 1306 3777 satis
1342 3732 1570 3789 constat,
1620 3723 1762 3793 quod
1792 3721 2029 3794 synodus

463 3815 676 3880 scribit,
746 3816 889 3882 quod
953 3815 1227 3869 nescimus
1279 3815 1553 3884 quomodo
1615 3815 2030 3869 renuntiationis

462 3903 702 3958 libellum
732 3903 946 3958 obtulit.
989 3902 1384 3958 Admirantium
1437 3920 1669 3971 namque
1711 3903 1838 3959 facti
1875 3906 2030 3958 novi-

463 4005 629 4048 tatem
677 4004 733 4048 et
789 3994 1147 4048 dubitantium
1176 4004 1294 4049 erat
1345 3996 1542 4058 dicere,
1579 3995 1720 4063 quod
1758 3997 2031 4051 nescimus

461 4088 733 4157 quomodo
765 4089 815 4142 id
839 4090 1043 4142 factmn
1079 4087 1198 4142 fuit.
1228 4089 1282 4142 Si
1325 4103 1450 4144 vero
1471 4104 1558 4144 res
1581 4091 1774 4144 usitata
1801 4089 1990 4144 fuisset
2011 4132 2026 4153 ,

461 4182 529 4236 de
580 4195 642 4232 ea
675 4195 778 4234 non
824 4180 1181 4234 dubitaretur.
1232 4181 1363 4247 Quae
1405 4195 1531 4237 vero
1571 4182 1862 4249 subjiciunt
1895 4180 2026 4254 [cui

463 4286 694 4340 namque
719 4271 886 4324 semel
917 4270 1235 4340 episcOpalis
1259 4287 1388 4326 cura
1411 4271 1733 4327 demandata
1766 4273 1952 4327 luisset
1977 4275 2025 4326 ei

461 4363 713 4418 insistere
741 4361 885 4415 illum
915 4359 1174 4432 Oportuit]
1211 4369 1266 4414 et
1287 4377 1404 4431 quae
1435 4373 1752 4430 sequuntur,
1795 4380 1878 4430 ea,
1909 4365 2028 4417 nul-

2134 3191 2291 3259 ῐσμιν
2343 3191 2512 3252 ὃπως,
2567 3186 2933 3257 προσεκόμισε
2990 3182 3214 3254 βιϐλίον.
3271 3181 3418 3235 Ἔδει
3470 3179 3573 3247 γὰρ
3609 3175 3673 3237 ὡς

2131 3281 2282 3345 ἅπαξ
2331 3278 2817 3350 ἐγκεχειρισμένον
2871 3276 3154 3344 ἱερατικὴν
3199 3272 3462 3345 φροντίδα
3492 3268 3676 3334 ταύτης

2131 3373 2348 3444 ἔχεσθαι
2414 3371 2533 3440 μετ’
2605 3368 2907 3438 εύρωστίας
2967 3364 3383 3435 πνευματικῆς,
3436 3361 3524 3414 καὶ
3579 3351 3678 3410 οἷον

2130 3462 2563 3518 ἀνταποδύεσθαι
2602 3462 2715 3523 τοῖς
2761 3459 2966 3522 πόνοις,
3001 3459 3096 3511 καὶ
3135 3458 3345 3526 ἱδρῶτα
3380 3454 3470 3508 τὸν
3525 3451 3677 3518 ἔμμι-

2132 3557 2258 3608 σθον
2288 3554 2530 3607 ἐθελοντὶ
2576 3553 2893 3620 ὑπομένειν.
2922 3551 3050 3603 Ὀτι
3084 3549 3181 3620 μὲν
3210 3546 3309 3603 οὖν
3346 3548 3444 3600 οὐκ
3478 3543 3589 3603 ἔθος
3619 3535 3678 3609 ῆν

2132 3648 2502 3717 παραιτήσεις
2548 3643 2860 3714 ἐκκλησιῶν
2903 3641 3153 3712 γίνεσθαι
3188 3642 3335 3703 τότε,
3374 3635 3679 3708 ἐμφαίνεται

2129 3742 2240 3796 ἀπὸ
2277 3739 2370 3792 τοῦ
2401 3738 2606 3809 γράψαι
2657 3737 2756 3808 τὴν
2790 3735 3005 3790 σύνοδον
3063 3735 3138 3797 ὡς
3185 3735 3288 3786 οὐκ
3341 3734 3498 3800 ἴσμεν
3547 3729 3681 3785 ὅπως

2130 3831 2511 3902 παραιτήσεως
2539 3828 2907 3900 προσεκόμισε
2943 3823 3546 3896 βιϐλίονΞενιζομένων
3584 3817 3679 3885 γὰρ

2131 3923 2225 3976 ἐπὶ
2246 3926 2312 3993 τῇ
2342 3921 2540 3992 πράξει
2574 3922 2669 3975 καὶ
2696 3920 3052 3988 ἀπορούντων
3091 3920 3156 3990 ἦν
3185 3919 3247 3972 τὸ
3278 3919 3460 3985 λέγειν
3494 3913 3565 3974 ὼς
3593 3910 3682 3962 οὐκ

2135 4015 2290 4083 ίσμεν
2331 4015 2481 4075 ὅπως
2521 4014 2739 4079 ἐγένετο
2770 4013 2913 4067 τότε.
2948 4013 3011 4064 El
3056 4013 3112 4064 δὲ
3163 4009 3413 4079 συνήθως
3461 4005 3680 4072 ἐγένετο.

2129 4109 2229 4160 οὐκ
2279 4106 2345 4158 ἂν
2375 4106 2653 4174 ἠπορεῖτο.
2700 4104 2774 4155 Τὸ
2821 4102 2876 4155 δὲ
2942 4102 3259 4171 ἐπιφέρειν·
3297 4101 3408 4153 ἔδει
3465 4096 3570 4165 γὰρ
3617 4090 3684 4146 ὡς

2130 4196 2280 4261 ἅπαξ
2322 4195 2801 4265 ἐγκεχειρισμένον
2857 4194 3136 4265 ἱερατικὴν
3189 4190 3451 4262 φροντίδα
3480 4183 3684 4256 ἔχεσθαι

2129 4290 2354 4356 ταύτης,
2384 4287 2479 4340 καὶ
2513 4289 2580 4339 τὰ
2621 4287 2746 4356 ἑξῆς
2775 4286 2990 4339 δίδωσιν
3025 4287 3250 4344 ἐννοεῖν,
3285 4285 3366 4337 ὅτι
3407 4281 3468 4334 τὸ
3498 4273 3687 4346 παραί-

2129 4381 2346 4433 τεῖσθαι
2379 4382 2478 4442 τάς
2517 4378 2798 4449 ἱερατικὰς
2830 4378 3116 4448 φροντίδας
3148 4377 3250 4429 ούκ
3293 4369 3688 4443 ἐπιτετραμμέ-

459 4458 565 4511 lam
586 4455 858 4525 ejusmodi
884 4454 1238 4508 sacerdotalis
1257 4455 1436 4509 oneris
1469 4457 1766 4525 deponendi
1796 4457 2026 4516 faculta-

2133 4489 2258 4534 vov,
2325 4471 2444 4523 ἀλλ’
2494 4469 2976 4539 ύποτετραμμένον
3036 4469 3240 4538 μᾶλλόν
3303 4469 3422 4519 ἐστι
3471 4464 3562 4518 καὶ
3603 4460 3685 4513 ὑπ’

459 4559 569 4603 tem
598 4547 790 4612 fuisse,
824 4547 954 4616 quin
992 4546 1042 4599 id
1088 4546 1266 4613 potius
1292 4549 1526 4601 maxime
1557 4552 1779 4604 vetitum
1815 4563 1865 4604 et
1918 4554 2029 4607 cri-

459 4639 728 4694 minosum
781 4637 967 4701 fuisse,
1009 4638 1142 4692 Satis
1169 4649 1354 4708 aperte
1383 4639 1786 4698 demonstrant.
1820 4641 2026 4697 Etenim

458 4729 503 4784 si
535 4731 624 4798 qui
660 4745 802 4783 nunc
835 4729 1064 4796 primum
1111 4729 1177 4782 ad
1214 4728 1502 4799 pastoralis
1535 4745 1677 4786 cura:
1707 4733 2029 4787 sollicitudi-

403 4833 407 4838 '
460 4835 583 4875 nent
613 4830 893 4885 vocantur,
927 4818 1029 4874 nisi
1055 4819 1274 4874 decreto
1318 4830 1542 4888 pareant
1569 4823 1865 4878 secundum
1901 4840 2030 4894 apo-

458 4907 720 4964 stolorum
771 4909 931 4978 109
978 4909 1310 4975 trigesimum
1344 4920 1574 4977 sextum,
1603 4912 2027 4970 etAntiochena:

460 5001 654 5072 synodi
687 5001 957 5055 decimum
990 5002 1277 5069 septimmn
1328 5016 1614 5067 canonem,
1664 5008 1836 5074 quoad
1869 5023 2027 5062 recu-

461 5094 615 5148 sandi
649 5093 809 5147 linem
837 5093 1098 5156 facerent,
1125 5106 1512 5166 segregentur;
1546 5099 1818 5166 quomodo
1845 5099 1902 5164 ii,
1933 5103 2022 5169 qui

367 5199 378 5216 ί
459 5183 802 5240 ordinantur.
831 5192 885 5238 et
915 5184 1090 5252 populi
1117 5201 1303 5239 curam
1339 5199 1718 5257 susceperunt,
1747 5191 1797 5244 ei
1832 5207 2026 5248 renun-

460 5277 678 5335 tiantes.
716 5286 770 5331 et
798 5275 1036 5331 oblatum
1086 5279 1186 5331 sibi
1218 5279 1399 5334 divina
1448 5282 1621 5351 gratia
1663 5285 2021 5341 ministerium

459 5368 824 5436 repudiantes.
855 5368 1014 5423 lacile
1041 5369 1418 5428 admittentur.
1441 5382 1623 5427 etnon
1667 5389 1820 5442 poena
1847 5379 2026 5442 pallus

459 5457 794 5525 adicientur,
825 5461 920 5514 sed
966 5469 1021 5515 et
1051 5461 1353 5529 praemium,
1411 5463 1649 5534 episcopi
1679 5466 1888 5519 scilicet
1929 5483 2027 5521 no-

456 5564 581 5606 tncn
612 5562 666 5605 et
701 5551 980 5619 honorem,
1027 5553 1339 5608 habebunt?
1371 5554 1503 5609 Nam
1535 5571 1595 5609 ea
1632 5557 1845 5626 quidem
1892 5573 2028 5627 pra:-

456 5645 548 5700 mli
578 5644 696 5702 loco
722 5646 946 5710 homini,
969 5649 1059 5717 qui
1085 5664 1112 5701 a
1139 5653 1403 5720 parmcia,
1444 5649 1497 5702 in
1535 5664 1696 5719 quam
1722 5648 2027 5704 destinatus

460 5739 658 5803 iuerat,
712 5753 817 5795 non
873 5753 972 5795 suo
1005 5741 1156 5808 vitio,
1192 5744 1284 5799 sed
1334 5743 1614 5815 impotenti
1666 5741 2026 5798 multitudinis

2134 4563 2392 4616 αἱτίασιν.
2448 4563 2509 4614 Ei
2543 4561 2664 4630 ,γὰρ
2711 4564 2758 4614 οἱ
2804 4563 2928 4632 ἇρτι
2989 4561 3221 4631 πρώτως
3260 4560 3582 4625 καλούμενοι
3616 4553 3688 4612 εἰς

2132 4653 2498 4722 ποιμαντικὴν
2526 4651 2873 4721 λειτουργίαν
2911 4649 3061 4713 λαοῦ,
3102 4651 3149 4700 εἰ
3186 4649 3260 4720 μὴ
3286 4648 3562 4701 πείθοιντο
3585 4642 3688 4702 τοῖς

2130 4741 2521 4812 ψηφιζομένοις
2555 4743 2770 4806 αὐτοὺς,
2822 4740 3200 4809 ἀφωρισμέναι
3245 4739 3378 4800 εἰσὶ,
3426 4739 3565 4791 κατὰ
3608 4733 3690 4785 τὸν

2129 4835 2219 4898 λς’
2274 4835 2476 4888 κανόνα
2508 4837 2614 4888 τῶν
2649 4835 2821 4903 ἁγίων
2868 4834 3184 4887 ἀποστόλων
3217 4835 3323 4897 ἕως
3354 4834 3420 4888 ἂν
3469 4826 3688 4885 καταδέσ

2132 4926 2354 4991 ξωνται,
2385 4927 2478 4978 καὶ
2526 4926 2668 4979 κατᾶ
2713 4925 2806 4978 τὸν
2851 4925 2915 4988 ιζ’
2966 4925 3066 4988 τῆς
3106 4926 3163 4977 ἐν
3205 4922 3512 4994 Ἀντιοχείᾳ
3547 4918 3690 4971 συνόο

2132 5021 2245 5078 δου,
2281 5020 2397 5083 πῶς
2428 5021 2478 5072 οἱ
2513 5023 2992 5091 χειροτονηθέντες
3024 5025 3115 5076 καὶ
3150 5023 3246 5093 τὴν
3278 5021 3374 5074 τοῦ
3409 5016 3538 5072 λαοῦ
3566 5031 3690 5084 προ-

2133 5112 2359 5162 στασίαν
2419 5110 2847 5180 καταδεξάμενοι
2901 5114 3276 5182 ἀπραγμόνως
3351 5111 3690 5181 δεχθήσονται

2131 5205 2582 5274 παραιτούμενοι,
2622 5206 2718 5258 καὶ
2755 5205 2816 5258 τὸ
2850 5206 3194 5276 ἐγχειρισθὲν
3234 5206 3421 5266 αὐτοῖς
3453 5202 3558 5256 ὑπὸ
3595 5197 3690 5265 τῆς

2131 5292 2279 5356 θείας
2305 5296 2524 5364 χάριτος
2559 5294 2933 5366 λειτούργημα
2964 5276 3418 5366 ἀπαναινόμενοι,
3449 5295 3549 5347 οὐκ
3579 5293 3685 5342 ἐπι-

2130 5385 2531 5454 τιμηθήσονται
2571 5387 2792 5455 μᾶλλον,
2819 5387 2952 5440 ἀλλὰ
2982 5389 3077 5439 καὶ
3103 5389 3270 5459 γέρας
3296 5388 3482 5454 ἕξουσι
3509 5384 3568 5438 τὸ
3599 5400 3690 5436 κα-

2130 5478 2340 5529 λεῖσθαι
2368 5478 2685 5544 ἐπίσκοποι,
2723 5479 2819 5531 καὶ
2849 5479 3141 5549 τυγχάνειν
3173 5480 3342 5549 τιμῆς
3378 5481 3688 5548 ἀρχιερατι-

2130 5571 2271 5638 κῆςς
2305 5571 2442 5640 ὅπερ
2494 5573 2526 5641 ἡ
2579 5573 2636 5624 ὲν
2666 5573 2974 5642 Ἀντιοχείᾳ
3010 5570 3224 5634 σύνοδος
3278 5571 3354 5632 ὡς
3409 5566 3688 5639 πρεσϐεῖον

2129 5660 2391 5729 ἀπένειμε
2433 5660 2510 5731 τῷ
2542 5663 2982 5732 χειροτονηθέντι
3015 5666 3094 5724 εἰς
3128 5661 3447 5731 παροικῖαν,
3490 5659 3581 5710 καὶ
3616 5653 3687 5722 μὴ

2130 5748 2372 5820 δεχθέντι
2405 5752 2557 5822 παρὰ
2605 5753 2698 5804 τοῦ
2757 5753 2936 5806 ἐκεῖσε
2967 5753 3099 5806 λαοῦ
3146 5752 3206 5805 ού
3245 5750 3371 5822 παρ’
3403 5749 3582 5802 αἰτίαν
3611 5743 3684 5796 ol-
3784 5773 3793 5782 ο
