3940 6480
283 263 385 326 377

1435 278 1518 339 ΙΝ
1555 277 1724 340 CAN.
1766 277 1918 341 VIII
1953 279 2166 346 CONC.
2196 283 2466 346 EPHES.

3433 285 3542 352 378

279 381 458 480 κείαν,
491 383 629 480 ἀλλὰ
662 387 816 480 παρά
844 389 942 462 τὴν
966 410 1062 448 του
1095 393 1228 450 λαοῦ
1259 395 1487 464 ἀταξίαν
1519 401 1614 452 καὶ
1651 416 1848 470 κακοη-

1961 397 2268 471 depravatae
2296 402 2521 458 licentia
2553 402 2956 473 excludantur,
2992 414 3050 464 ut
3077 406 3318 479 ejusdem
3347 412 3536 480 synodi

279 472 461 536 θειαν,
483 475 559 538 ῶς
591 479 619 531 ὁ
649 479 1125 550 ὀκτωκαιδέκατος
1165 489 1339 560 αὐτῆς
1367 493 1614 563 περιέχει
1644 491 1846 548 κανών.

280 567 388 619 Καὶ
427 570 460 636 ή
489 572 680 644 γραφὴ
716 574 773 628 δὲ
814 577 914 648 τῆς
948 580 1213 649 ρηθείσης
1261 586 1550 654 ἐπιστολῆς
1579 586 1852 640 δείκνυσιν

279 659 350 722 ὡς
384 663 678 735 οἰκονομία
723 667 785 722 τδ
818 672 927 725 πᾶν
967 667 1036 743 ἦν
1064 674 1152 729 διὰ
1205 676 1305 746 τὴν
1336 678 1707 750 μικροψυχίαν
1755 680 1851 734 τοῦ

280 751 584 809 Εὐσταθῐου
611 761 706 813 καὶ
741 763 805 814 τὸ
828 764 927 833 τῆς
957 764 1136 834 λύπης
1165 769 1414 840 σφοδρόν.
1466 771 1717 841 Περιέχει
1742 773 1851 842 γὰρ

280 843 373 908 ὡς,
411 848 604 918 ἐπειδὴ
631 853 908 924 προσῆλθε
941 858 1170 925 κλαίων,
1213 861 1310 915 καὶ
1338 862 1571 926 ἐξαιτῶν
1602 863 1721 916 τόδε
1756 863 1852 917 καὶ

280 938 419 998 τάδε.
454 942 878 1017 συνηλγήσαμεν
918 949 1158 1015 ἅπαντες
1182 957 1258 1024 τῷ
1281 955 1585 1028 πρεσϐύτῃ,
1616 956 1712 1010 καὶ
1734 973 1852 1010 κοι-

281 1031 366 1084 νδν
399 1031 856 1106 ἐλογισάμεθατδ
883 1042 1048 1097 αὐτοῦ
1080 1045 1339 1116 δάκρυον.
1369 1049 1478 1101 Καὶ
1513 1051 1656 1119 μετά
1679 1067 1802 1103 τινα
1831 1065 1848 1080 ⁸

292 1122 448 1177 Ἐπεὶ
485 1127 542 1181 δέ
576 1131 644 1199 τῇ
700 1130 1108 1209 ἀπραγμοσύνῃ
1153 1139 1249 1192 τοῦ
1295 1141 1488 1212 ἀνδρὸς
1523 1143 1587 1196 οὐ
1644 1144 1852 1215 σφόδρα

283 1218 618 1285 φιλονεικεῖν
649 1225 970 1294 ἀκόλουθον,
1000 1230 1108 1284 ἔδει
1141 1231 1199 1285 δὲ
1228 1232 1432 1303 μᾶλλον
1463 1235 1686 1306 ἐλεῆσαι
1718 1253 1854 1308 πρε-

285 1310 510 1381 σϐύτην,
568 1316 665 1368 καὶ
716 1316 785 1370 τά
834 1319 984 1390 ἑξῆς.
1021 1323 1117 1378 Ἐκ
1150 1325 1356 1379 τούτων
1399 1325 1492 1380 οῦν
1525 1328 1852 1398 ἐμφαίνεται

283 1407 360 1459 ὅτι
392 1408 460 1461 τά
501 1409 720 1482 δάκρυα
776 1416 872 1469 καὶ
911 1417 972 1471 τὸ
1032 1419 1167 1490 βαθὺ
1209 1421 1390 1492 γῆρας
1433 1422 1852 1494 δυσωπηθέντες

283 1501 370 1552 τοῦ
396 1503 597 1573 ἀνδρὸς
627 1507 861 1572 ἐκείνου,
895 1511 992 1564 καὶ
1033 1514 1106 1583 μή
1133 1531 1186 1566 τι
1217 1514 1366 1584 αύτῷ
1395 1517 1642 1586 συμϐαίη
1693 1518 1855 1572 εύλα-

285 1590 540 1659 ϐηθὲντες
568 1597 634 1650 ἐκ
667 1599 768 1667 τῆς
817 1602 1060 1672 ἀμέτρου
1093 1604 1290 1677 λύπης,
1340 1606 1702 1678 ιξικονόμησαν
1752 1610 1854 1664 ὅσα

287 1688 372 1738 καὶ
405 1687 794 1762 ᾠκονόμησαν,
829 1693 944 1747 ἀλλ’
975 1697 1073 1766 ούχ
1090 1698 1166 1760 ὡς
1195 1698 1494 1761 τυποῦντες
1522 1699 1719 1764 ταῦτα,
1757 1701 1853 1754 καὶ

281 1775 416 1836 iam
450 1779 724 1844 γίνεσθαι,
753 1783 844 1836 καὶ
871 1785 951 1848 είς
980 1787 1040 1839 τὸ
1070 1787 1196 1856 ἐξῆς
1225 1788 1854 1862 διαταττόμενοι.”ῌδει-

294 1888 382 1922 σαν
410 1871 523 1942 γὰρ
557 1874 686 1938 τοὺς
719 1877 951 1943 κανόνας
983 1879 1226 1944 πάντως,
1258 1885 1353 1935 καὶ
1382 1883 1482 1936 ούκ
1535 1884 1601 1937 ἂν
1633 1884 1853 1938 ἐναντία

295 1965 392 2026 τοῖς
427 1966 813 2030 ἀποστολικοῖς
850 1971 1040 2024 κανόσι
1071 1972 1167 2025 καὶ
1214 1976 1327 2036 τοῖς
1379 1973 1488 2027 τῶν
1530 1973 1638 2044 πρὸ
1673 1974 1855 2026 αὐτῶν

298 2055 452 2122 ἁγίων
487 2057 746 2128 Πατέρων
769 2058 969 2130 ὥριζον
995 2063 1361 2134 διατάγμασι,
1395 2067 1492 2120 καὶ⁵
1544 2073 1849 2138 παραιτεῖ-

308 2148 416 2200 σθαι
468 2152 580 2211 τοῖς
644 2149 996 2222 βουλομένοις
1057 2156 1344 2223 ἐνεδίδουν,
1401 2161 1497 2213 καὶ
1536 2159 1852 2230 προνομίων

312 2241 689 2309 ἀρχιερατικῶν
722 2244 1040 2312 ἀπολαύειν,
1072 2248 1164 2300 καὶ
1192 2250 1332 2316 μετά
1369 2250 1470 2318 τὴν
1497 2251 1851 2322 παραίτησιν.

314 2337 418 2398 Πῶς
452 2341 548 2406 γάρ
579 2339 808 2410 ἔμελλον
837 2343 996 2396 τοῦτο
1039 2344 1262 2414 ποιῆσαι
1297 2347 1345 2398 οἱ
1398 2346 1725 2416 φρονοῦντες
1770 2348 1852 2401 ὅτι

303 2431 380 2483 τὸν
403 2432 546 2499 ἅπαξ
594 2434 1078 2504 ἐγκεχειρισμένον
1130 2421 1419 2510 ἱερατικὴν
1456 2441 1716 2510 φροντίδα
1747 2441 1851 2511 χρὴ

296 2523 487 2595 ταύτης
534 2526 755 2594 ἔχεσθαι
791 2527 911 2596 μετ’
961 2529 1266 2599 εὐρωστίας
1320 2533 1852 2604 πνευματικῆςνκαὶ

295 2616 381 2670 ὅσα
411 2619 698 2688 ἐπήγαγον
739 2621 972 2691 ἐφεξῆςς
1020 2623 1144 2676 Ὅτι
1175 2623 1233 2676 δὲ
1258 2623 1317 2677 τὸ
1348 2625 1570 2694 σύμπαν
1604 2629 1716 2689 τοῖς
1753 2626 1851 2681 δά-

287 2727 434 2778 κρυσι
476 2711 573 2764 τοῦ
606 2713 912 2780 πρεσὸύτου
946 2715 1157 2768 ἐκείνου
1189 2717 1662 2782 κατακλασθέντες
1687 2718 1836 2772 ἐποὶο

284 2820 430 2873 ησαν,
472 2803 737 2873 δηλοῦται
765 2809 859 2859 καὶ
894 2794 957 2860 ἐκ
985 2809 1199 2862 πολλῶν
1249 2807 1422 2862 ἄλλων
1457 2811 1719 2881 ῥημάτων
1752 2813 1851 2880 τῆς

283 2901 572 2970 ἐπιστολῆς
609 2903 702 2955 καὶ
729 2904 793 2955 ἐκ
822 2901 915 2956 τοῦ
955 2903 1164 2974 γράψαι
1192 2920 1208 2937 ο
1243 2905 1304 2957 Εί
1334 2903 1392 2958 δέ
1415 2923 1468 2959 τι
1495 2906 1850 2975 βουλεύσεσθε

281 2994 644 3064 χρηστότερον
692 2995 781 3049 ἐπ’
824 2995 998 3067 αὐτῷ,
1050 2996 1240 3068 ἀρέσει
1275 2999 1368 3051 καὶ
1409 2997 1568 3051 τοῦτο
1599 3001 1664 3069 τῇ
1717 2999 1850 3070 ἁγίᾳ

283 3103 338 3138 συ
345 3087 499 3158 vddcp.
732 3074 748 3093 .
1341 3090 1345 3094 ‘

1954 493 2167 547 decimo
2189 505 2385 550 octavo
2418 511 2626 551 canone
2656 497 2840 552 videre
2864 509 2970 565 est,
3003 495 3340 556 An’tiochena
3372 517 3537 570 syno-

1953 585 2052 640 dus
2105 588 2370 645 attribuit.
2434 590 2741 654 Quinetiam
2791 592 2860 647 ob
2904 593 3203 648 demissum
3255 593 3532 648 Eustathii

1953 680 2190 734 animum
2223 689 2278 736 et
2304 681 2490 737 dolore
2530 685 2829 738 confectum
2866 685 3330 753 dispensationem
3390 687 3533 739 illam

1953 773 2175 826 Omnino
2213 787 2527 829 concessam
2581 776 2743 831 fuisse
2793 777 3076 845 ipsiusmet
3107 778 3352 847 epistolae
3401 793 3536 833 con-

1955 876 2134 923 textus
2167 869 2423 924 ostendit.
2458 868 2549 924 Sic
2597 870 2744 924 enim
2779 869 2976 925 habet:
3012 869 3316 942 [Quoniam
3349 870 3533 925 multis

1953 972 2077 1013 cum
2133 959 2387 1032 lacrymis
2420 961 2470 1014 in
2517 962 2780 1032 synodum
2824 963 2993 1026 venit,
3044 963 3147 1018 hoc
3190 972 3354 1032 atque
3403 963 3530 1017 illud

1959 1051 2261 1123 postulans,
2289 1052 2582 1118 doluimus,
2609 1055 2881 1122 inquiunt,
2913 1056 3057 1110 senis
3075 1056 3267 1116 vicem,
3292 1071 3535 1111 commu-

1955 1157 2156 1209 nesque
2179 1143 2319 1197 illius
2341 1143 2605 1214 lacrymas
2626 1142 2924 1214 duximus.]
2947 1144 3010 1196 Et
3034 1146 3192 1213 paulo
3219 1155 3372 1216 post:
3399 1145 3531 1217 [Sed

1955 1233 2209 1300 quoniam
2244 1235 2360 1288 viro
2397 1249 2506 1288 non
2547 1235 2707 1288 nimis
2736 1249 3062 1290 succensere
3102 1247 3528 1290 consentaneum

1954 1334 2036 1378 est
2070 1326 2210 1394 quod
2262 1327 2332 1382 sit
2384 1327 2718 1395 negotiorum
2769 1327 3110 1399 fugitantior,
3143 1331 3236 1382 sed
3265 1330 3410 1384 senis
3440 1345 3535 1399 po-

1957 1416 2061 1471 tius
2083 1417 2327 1472 misereri
2360 1429 2595 1487 oportet,
2624 1430 2676 1475 et
2703 1435 2824 1490 quae
2847 1431 3170 1490 sequuntur.
3189 1421 3209 1492 ]
3231 1421 3438 1488 Quibus
3465 1437 3532 1476 ex

1954 1509 2134 1564 verbis
2167 1521 2410 1580 apparet,
2442 1514 2745 1568 reverentia
2779 1517 3012 1583 quadam
3058 1513 3325 1569 Eustathii
3355 1515 3534 1585 lacry-

1957 1617 2188 1666 marum,
2213 1613 2266 1657 et
2298 1619 2432 1672 pene
2459 1603 2569 1673 jam
2619 1606 2968 1676 praecipitatae
3011 1605 3306 1661 senectutis
3368 1606 3537 1659 addu-

1957 1706 2095 1760 ctos,
2123 1712 2187 1752 ac
2216 1712 2284 1752 ne
2334 1698 2462 1767 quid
2515 1697 2718 1753 homini
2772 1714 2835 1754 ex
2874 1699 3045 1753 nimio
3091 1698 3278 1753 dolore
3316 1699 3533 1764 gravius

1957 1788 2227 1842 accideret
2258 1789 2478 1855 veritos,
2516 1805 2578 1844 ea
2617 1789 2805 1843 Patres
2834 1791 2900 1844 de
2936 1790 3081 1842 illius
3115 1787 3413 1842 honoribus
3437 1787 3534 1840 de-

1956 1879 2217 1944 crevisse,
2249 1895 2356 1933 non
2386 1891 2443 1932 ιιι
2476 1881 2780 1949 exemplum
2810 1881 2862 1934 in
2904 1898 2970 1934 eo
2998 1882 3214 1935 homine
3234 1881 3531 1934 constitue-

1955 1981 2096 2035 rent,
2139 1978 2231 2023 aut
2264 1969 2434 2039 legem
2490 1972 2722 2042 posteris
2775 1973 3208 2042 praescriberent.
3241 1970 3350 2026 Nec
3383 1973 3530 2024 enim

1957 2060 2031 2114 illi
2069 2050 2380 2116 sanctiones
2409 2063 2702 2117 canonieas
2743 2063 3083 2132 ignorabant,
3123 2071 3217 2115 aut
3251 2062 3525 2115 contraria

1956 2151 2322 2219 apostolorum
2375 2151 2702 2222 Palrumquc
2765 2155 3001 2221 priurum
3051 2152 3530 2206 conslitutioniluts

1955 2244 2172 2298 decreta
2199 2246 2416 2299 sancire
2444 2262 2595 2300 mens
2628 2256 2746 2300 erat
2776 2263 2790 2301 :
2827 2262 3002 2312 neque
3027 2246 3369 2314 episcopatus
3396 2244 3532 2312 abji-

1954 2343 2158 2408 ciendi,
2185 2359 2356 2413 eoque
2389 2345 2552 2398 etiam
2588 2345 2814 2398 dimisso
2845 2344 3222 2412 episcoporum
3255 2357 3528 2412 praeroga-

1957 2435 2349 2505 tivisjfrucndi,
2393 2436 2612 2490 cuilibet.
2673 2435 2876 2489 homini
2935 2435 3240 2488 facultatem
3276 2447 3398 2486 esse
3442 2446 3532 2482 vo-

1953 2528 2191 2584 luerunt.
2241 2529 2359 2595 Quo
2403 2539 2559 2596 pacto
2587 2542 2815 2596 namque
2855 2527 2904 2580 id
2931 2526 3068 2580 velle
3087 2532 3406 2592 potuissent,
3435 2523 3526 2591 qui

1955 2621 2265 2689 impositum
2304 2619 2628 2688 episcopalis
2660 2633 2804 2673 cura!
2833 2633 2974 2672 onus
3021 2615 3316 2684 spiritualis
3360 2612 3528 2667 animi

1954 2711 2211 2767 ﬁrmitate
2233 2711 2614 2765 sustinendum
2652 2725 2795 2774 esse,
2828 2719 2883 2763 et
2934 2724 3053 2779 qua:
3083 2709 3341 2774 deinceps
3375 2706 3529 2760 addi-

1955 2805 2103 2866 dere,
2141 2817 2455 2872 persnasum
2514 2800 2812 2854 haberent?
2845 2798 3018 2853 Porro
3065 2800 3212 2854 senis
3270 2796 3527 2867 lacrymis

1953 2899 2184 2955 inllevos
2233 2901 2301 2953 ad
2357 2897 2788 2951 misericordiam
2841 2895 3029 2950 Patres
3085 2894 3364 2948 decretura
3420 2892 3523 2944 hoc

1953 2994 2211 3056 edidisse,
2249 3007 2369 3046 cum
2404 3006 2469 3042 ex
2507 2990 2625 3042 aliis
2658 2987 2838 3041 multis
2883 2986 3125 3056 epistola:
3169 2986 3367 3050 verbis,
3413 2994 3524 3036 tmn

1876 3088 1922 3148 C
1953 3104 2017 3144 ex
2052 3089 2156 3149 his,
2189 3101 2308 3155 qua:
2338 3094 2656 3154 sequuntur,
2689 3082 2846 3136 facile
2867 3093 3087 3150 apparet
3113 3098 3127 3133 :
3158 3080 3308 3145 Quod
3341 3079 3383 3132 si
3409 3092 3524 3141 vos,

281 3178 547 3249 inquiunt,
603 3181 786 3236 mitius
841 3173 1044 3253 aliquid
1091 3182 1158 3238 de
1204 3183 1305 3239 hoc
1352 3184 1572 3240 homine
1624 3185 1942 3255 statueritis,
1993 3183 2046 3239 id
2095 3185 2536 3253 quoquesall'ﬂa
2589 3177 2826 3246 εᾶἠοιίηε
2877 3185 3088 3244 8⁸⁵³¹¹¹η¹
3135 3183 3524 3242 εοθθρυηηίιηθ

277 3270 514 3327 habebit.

339 3366 614 3422 Τοσοῦτον
663 3369 772 3437 γάρ
808 3377 899 3421 τον
947 3367 1116 3440 ἄνδρα
1177 3368 1418 3440 ⁴ηλιξησαν
1463 3373 1575 3434 τοῖς
1625 3371 1841 3426 ἐκείνου

277 3457 622 3525 καμφθέντες
654 3457 884 3526 δάκρυσι
947 3458 1043 3512 καὶ
1080 3461 1144 3530 τῇ
1181 3462 1459 3532 συμφορᾷ,
1489 3461 1564 3525 ῶς
1592 3461 1688 3515 καὶ
1717 3462 1842 3527 τοὺς

276 3547 466 3610 ἀῖλους
492 3549 835 3617 παραθήγειν
869 3552 949 3611 είς
980 3551 1126 3603 ἔλεον
1181 3553 1416 3618 ἐκείνου,
1470 3558 1564 3608 καὶ
1597 3573 1844 3626 παρακα-

275 3639 379 3690 λεῖν
411 3639 502 3703 εἰς
535 3639 898 3709 συμπάθειαν.
925 3641 986 3693 Εἰ
1015 3641 1070 3694 δὲ
1097 3643 1172 3705 ῶς
1200 3645 1402 3697 κανόνα
1434 3645 1533 3716 τὴν
1560 3647 1842 3716 συνοῗικὴν

273 3731 479 3801 ταύτην
508 3731 801 3800 ἐπιστολὴν
828 3733 1095 3802 δέχονται,
1146 3737 1240 3789 καὶ
1280 3739 1377 3807 ούχ
1413 3739 1488 3801 ὼς
1528 3739 1841 3809 οἰκονομίαν

273 3822 352 3874 ἐπ’
410 3823 613 3892 ἐκείνῳ
666 3824 965 3895 γενομένην
1022 3825 1098 3896 τῷ
1163 3829 1475 3901 Εύσταθίῳ,
1519 3829 1572 3882 τί
1634 3831 1707 3900 μὴ
1758 3831 1850 3883 καὶ

272 3915 378 3976 τοῖς
407 3914 926 3984 παραιτησαμένοις
960 3916 1055 3978 τάς
1089 3917 1300 3971 ἑαυτῶν
1327 3917 1622 3989 ἐκκλησίας
1644 3918 1849 3988 καὶζτὴν

271 4003 686 4073 ἀρχιερωσύνην
724 4005 892 4076 αὐτὴν
925 4008 1005 4069 εἰς
1050 4005 1205 4071 αὖθις
1245 4009 1498 4079 προσίασι
1531 4009 1625 4062 καὶ
1675 4025 1850 4077 προσ-

271 4097 521 4148 κλαίουσι
570 4095 806 4149 διδόασιν
847 4096 1018 4167 ὄνομά
1067 4116 1126 4152 τε
1173 4101 1480 4170 ἐπισκοπῆς
1523 4102 1618 4152 καὶ
1663 4101 1850 4169 ἀρχιε-

276 4188 480 4258 ρατικὰ
505 4187 688 4242 δίκαια
715 4190 807 4243 καὶ
831 4191 1015 4259 τιμήν.
1069 4192 1301 4256 Ἐκεῖνος
1324 4193 1432 4264 γὰρ
1458 4193 1676 4246 ἅπαντα
1707 4192 1844 4244 καθ-

273 4281 416 4345 άπαξ
475 4280 952 4350 παραιτησάμενος
984 4283 1256 4350 φαίνεται,
1288 4286 1384 4338 καὶ
1429 4285 1647 4338 πάντων
1673 4287 1840 4337 ἐκπε-

277 4371 538 4434 πτωκὼς,
580 4374 645 4424 ἐκ
679 4371 774 4424 τοῦ
823 4373 1003 4440 λέγειν
1027 4375 1154 4438 τοὺς
1194 4379 1293 4446 τῆς
1321 4378 1539 4429 συνόδου
1569 4378 1650 4431 ὅτι
1689 4379 1845 4451 Ἐξη-

1977 3346 1979 3349 ’
2039 3367 2203 3421 fanta
2240 3366 2387 3421 enim
2419 3362 2641 3416 Patrum
2669 3360 2900 3422 animos,
2920 3357 3038 3424 ejus
3072 3357 3306 3411 hominis
3341 3356 3524 3426 lacry-

1954 3458 2056 3511 mis
2081 3467 2133 3512 et
2183 3455 2496 3509 calamitate
2537 3452 2828 3511 emollitos,
2879 3448 3154 3503 miseratio
3193 3458 3430 3517 ceperat,
3465 3457 3526 3501 ut

1950 3550 2084 3604 alios
2107 3561 2324 3617 quoque
2355 3546 2421 3600 ad
2459 3542 2887 3597 misericordiam
2929 3542 3000 3593 illi
3030 3543 3363 3595 tribuendam
3394 3540 3525 3607 ipsi-

1953 3649 2062 3695 met
2087 3640 2398 3699 incitarent.
2421 3647 2475 3692 et
2503 3637 2567 3691 ad
2603 3635 2719 3702 ejus
2745 3634 3270 3688 commiserationem
3321 3647 3521 3700 provo-

1948 3741 2157 3787 carent.
2190 3730 2341 3797 Quod
2367 3733 2410 3784 si
2442 3729 2580 3783 hanc
2612 3727 2804 3799 synod.
2836 3727 3006 3794 Epist.
3037 3725 3262 3778 canonis
3283 3727 3382 3776 vim
3423 3725 3520 3778 ha-

1948 3825 2098 3890 bere,
2139 3833 2326 3879 etnon
2352 3823 2404 3876 iu
2435 3835 2494 3875 ea
2534 3822 2700 3874 solius
2741 3819 3006 3872 Eustathii
3053 3832 3272 3872 causam
3306 3819 3385 3885 agi
3428 3833 3525 3885 pu—

1951 3927 2100 3984 tant;
2151 3916 2335 3986 quidni
2380 3915 2446 3970 iis
2495 3916 2681 3978 etiam,
2735 3913 2826 3983 qui
2885 3913 3237 3967 ecclesiarum
3301 3926 3521 3964 suarum

1947 4026 2157 4075 curam,
2184 4019 2238 4062 et
2269 4005 2562 4062 sacerdotii
2589 4021 2807 4075 quoque
2835 4003 3160 4074 episcopalis
3203 4004 3520 4073 dignitatem

1946 4101 2338 4171 deposuerunt,
2365 4099 2410 4154 si
2446 4109 2629 4167 postea
2660 4099 2852 4150 iterum
2890 4096 3147 4150 accedant
3175 4103 3229 4148 et
3253 4095 3520 4164 lacrymas

1951 4194 2196 4257 fundant,
2227 4191 2462 4261 episcopi
2494 4204 2686 4244 nomen
2740 4204 2802 4242 ac
2839 4188 3166 4257 episcopalia
3199 4187 3319 4254 jura
3353 4187 3524 4240 hono-

1954 4298 2175 4352 remque
2209 4279 2429 4335 concedi
2461 4285 2649 4348 putant
2680 4278 2970 4344 oportere?
3005 4277 3160 4330 lllum
3200 4291 3433 4343 namque
3461 4290 3521 4330 se

1951 4377 2207 4430 omnibus
2238 4391 2345 4429 uno
2375 4385 2614 4445 tempore
2641 4373 2948 4433 abdicasse,
2982 4371 3338 4438 urnuibusqne
3359 4369 3520 4422 simul

274 4464 479 4532 τοῦμεν
507 4465 722 4533 μαθεῖν,
748 4467 794 4517 εί
815 4465 1134 4536 καθαίρεσιν
1157 4467 1380 4537 ἔννομον
1399 4470 1841 4541 ὑπομεμένηκεν,

1951 4469 2233 4536 excidisse,
2264 4468 2450 4540 synodi
2479 4468 2641 4521 verba
2690 4466 2775 4520 illa
2817 4465 3082 4517 indit-ant.
3135 4460 3518 4526 Quaesivimus,

276 4557 448 4626 ἡγουν
499 4556 590 4608 ἐπί
620 4574 729 4609 τισι
778 4556 886 4609 τῶν
931 4559 1148 4611 ἀτόπων
1203 4559 1579 4630 ἐληλεγμένων
1605 4580 1618 4594 ο
1662 4565 1753 4615 καὶ
1778 4563 1842 4633 δὴ

273 4645 552 4715 ἐμάθομεν
585 4646 826 4700 τοιοῦτον
884 4648 982 4717 μὲν
1015 4649 1168 4701 οὐδὲν
1202 4652 1550 4720 πεπρᾶχθαι,
1588 4653 1843 4719 γενέσθαι

274 4735 327 4790 δὲ
362 4736 568 4805 μᾶλλον
598 4738 675 4803 τῷ
727 4739 1008 4808 Εύσταθίῳ
1043 4741 1164 4794 ἁντλ⁵
1193 4742 1534 4812 ἐγκλήματος
1565 4744 1662 4813 τὴν
1707 4763 1846 4811 παρ-

274 4828 513 4890 αίτησιν.
571 4830 784 4901 Ὠσπερ
813 4828 906 4884 οῦν
948 4834 997 4885 εί
1032 4833 1116 4886 ἐπ’
1140 4834 1326 4904 ἀτόπῳ
1353 4835 1459 4886 τινὶ
1487 4835 1648 4898 ἑάλω,
1672 4835 1845 4899 οὕτως

273 4915 338 4989 ἦν
364 4921 626 4976 ἀπάντων
652 4923 761 4974 τῶν
789 4923 888 4994 τῆς
931 4927 1243 4995 ἐπισκοπῆς
1287 4927 1511 4981 δικαίων
1551 4931 1842 4982 ἐκπεπτω-

278 5012 388 5075 κὼς
427 5015 489 5066 ἐκ
538 5014 638 5083 τῆς
689 5016 1098 5086 παραιτήσεως,
1152 5020 1244 5071 καὶ
1299 5018 1643 5090 καθῃρῆσθαι
1703 5020 1840 5090 αὐτῇ

274 5104 472 5160 δοκεῖν.
501 5105 644 5158 Ἀλλ’
688 5106 836 5175 ὅμως
876 5109 909 5178 ἠ
959 5109 1176 5173 σύνοδος
1208 5113 1318 5172 τοῖς
1350 5111 1556 5164 ἐκείνου
1583 5111 1843 5183 δάκρυσιν

276 5198 683 5268 ἐπικαμφθεῖσα
713 5198 1038 5270 ἐψηφίσατο,
1087 5203 1188 5257 ὅσα
1231 5206 1298 5273 τῇ
1344 5203 1598 5272 ἐπιστολῇ
1655 5203 1841 5274 περιέ-

277 5307 480 5360 χονται.
511 5293 636 5356 Τοῖς
660 5294 791 5361 γοῦν
835 5295 908 5357 ῶς
934 5298 1134 5350 κανόνα
1182 5299 1278 5351 καὶ
1319 5297 1488 5351 τύπον
1530 5299 1841 5368 δεχομένοις

278 5381 443 5450 αύτὴν
471 5382 594 5435 οὐδὲ
623 5384 750 5445 τοὺς
783 5389 1296 5456 παραιτησομένους
1334 5387 1432 5457 τήν
1465 5403 1523 5439 τε
1557 5386 1666 5439 τῶν
1699 5403 1841 5454 πρα-

282 5473 502 5539 γμάτων
563 5473 847 5543 διοίκησιν,
914 5477 1007 5529 καὶ
1065 5477 1162 5547 τὴν
1208 5478 1618 5547 ἀρχιερωσύνην
1672 5478 1841 5547 αὐτὴν

279 5561 655 5634 διαιρουμένας
683 5565 804 5617 κατ’
837 5568 1077 5631 ἐκείνους
1103 5568 1279 5633 αὖθις,
1312 5569 1630 5639 προσίεσθαι
1656 5569 1842 5622 καινόν

277 5645 328 5702 τι
369 5651 523 5717 δόξει,
559 5655 655 5707 καὶ
701 5653 1042 5725 ψηφίζεσθαι
1097 5658 1246 5727 σφίσι
1292 5659 1490 5730 κλῆσιν
1537 5660 1838 5711 ἐπισκόπου

283 5740 586 5811 ἱερουργίαν
637 5762 694 5799 τε
743 5746 838 5801 καὶ
883 5748 1069 5819 τιμήν.
1120 5751 1232 5804 Ούκ
1284 5752 1554 5821 εὐστόχως
1595 5745 1688 5804 οῦν
1739 5751 1840 5820 τῆς

1949 4562 2229 4630 inquiunt,
2259 4577 2325 4614 au
2353 4560 2586 4628 legitima
2623 4557 2956 4627 depositione
2985 4553 3264 4616 multatus,
3293 4553 3394 4605 hoc
3413 4563 3515 4616 est,

1947 4667 2014 4705 an
2058 4651 2292 4719 alicujus
2336 4649 2519 4720 ﬂagitii
2554 4652 2836 4704 convictus
2870 4646 3010 4698 foret
3041 4641 3385 4706 Eustathius;
3419 4655 3517 4695 nec

1947 4744 2052 4797 tale
2073 4743 2366 4812 quidquam
2390 4743 2679 4795 didicimus
2728 4738 3044 4808 contigisse,
3079 4737 3172 4790 sed
3208 4739 3375 4806 ipsam
3422 4751 3516 4803 po-

1948 4836 2052 4890 tius
2087 4835 2538 4889 renuntiationem
2566 4833 2641 4887 illi
2674 4847 2768 4902 pro
2799 4831 3027 4885 crimine
3055 4828 3256 4884 fuisse:
3297 4830 3390 4898 qui
3433 4839 3513 4882 ta-

1948 4944 2066 4982 men
2097 4943 2163 4983 eo
2189 4927 2427 4991 nomine,
2452 4925 2603 4993 quasi
2639 4922 2909 4977 manifesti
2942 4922 3168 4977 sceleris
3201 4937 3324 4976 reus
3356 4933 3504 4978 tene-

1947 5029 2117 5084 retur,
2153 5020 2225 5074 ita
2254 5020 2400 5073 omni
2436 5016 2722 5087 episc0pali
2748 5017 2868 5086 jure
2897 5032 2959 5070 ex
2981 5018 3379 5070 renuntiatione
3412 5033 3509 5086 pe-

1946 5111 2090 5164 nitus
2141 5109 2438 5171 exciderat,
2466 5117 2523 5160 ut
2571 5105 2928 5175 depositionis
2955 5121 3137 5159 veram
3179 5106 3410 5174 speciem
3446 5120 3510 5159 ea

1943 5203 2343 5257 animadversio
2388 5217 2496 5270 prae
2523 5216 2580 5255 se
2625 5199 2768 5254 ferre
2818 5200 3038 5255 omnino
3082 5199 3511 5266 existimaretur,

1945 5294 2045 5349 nisi
2081 5295 2322 5364 synodus
2349 5307 2684 5362 quaecunque
2730 5292 2830 5346 hac
2857 5293 3081 5360 epistola
3133 5292 3508 5356 continentur,

1943 5384 2185 5453 ejusdem
2211 5393 2479 5439 commota
2526 5383 2782 5454 lacrymis
2809 5385 3156 5438 decrevisset.
3194 5380 3365 5448 Quam
3394 5384 3513 5448 qui-

1943 5477 2063 5531 dem
2097 5477 2186 5547 qui
2219 5476 2445 5531 canonis
2489 5487 2542 5530 et
2576 5475 2806 5544 exempli
2857 5475 2962 5529 vim
2992 5474 3239 5528 obtinere
3282 5482 3510 5528 conten.

1942 5570 2096 5633 dunt,
2121 5570 2312 5622 mirum
2337 5569 2403 5624 iis
2433 5584 2536 5628 non
2558 5568 2848 5629 videbitur,
2897 5576 2990 5621 aut
3025 5582 3243 5630 novum,
3297 5580 3389 5620 eos
3412 5565 3503 5634 qui

1942 5675 2002 5715 se
2071 5662 2406 5728 negotiorum
2468 5659 2922 5715 administrationi
2997 5658 3394 5719 subtraxerint,
3451 5666 3504 5711 et

1943 5753 2140 5809 summi
2172 5752 2462 5809 sacerdotii
2510 5752 2772 5823 dignitate
2821 5751 2960 5819 (qua:
3007 5750 3112 5805 duo
3152 5765 3215 5805 ex
3275 5749 3505 5806 istorum
