3940 6480
452 320 560 387 3T9

1695 323 1973 386 THEOD.
2020 325 2110 385 BA
2125 306 2423 383 LSAMON

3570 310 3697 380 380‘

451 430 724 487 sententia
746 420 919 483 divisa
963 428 1113 498 sunt)
1167 430 1488 500 abdicarint,
1534 448 1726 490 rursus
1771 436 2010 498 admitti,

2130 432 2355 494 Βιανοίας
2383 431 2491 484 τῶν
2520 428 2736 483 σεπτῶν
2780 426 3001 480 ἐκείνων
3032 426 3309 499 *Πατέρων
3343 432 3689 498 καταστοχά-’

455 522 877 591 iisqueepiscopl
928 516 1122 575 nomen
1179 534 1242 577 ac
1282 524 1530 590 honores,
1563 540 1684 579 cum
1731 538 2006 579 sacrorum

456 608 834 678 procuratione
867 610 1105 664 decerni.
1160 612 1265 666 Sed
1327 617 1749 668 reverendorum
1796 614 2009 668 illorum

2116 526 2300 588 ζονται
2332 525 2405 581 oi,
2433 524 2511 586 ὡς
2539 522 2724 575 κανόνι
2756 520 3028 591 χρώμενοι
3077 521 3142 588 τῇ
3182 518 3443 588 ἱπιστολῇ
3478 519 3663 589 ταύτῃ,

2114 619 2211 670 καὶ
2260 614 2553 669 ἐνδῦδοσθαι
2603 614 2660 679 ἐξ
2720 611 2889 677 αὐτῆς
2943 609 3256 679 νομίζοντες
3288 610 3667 677 παραιτεῖσθαι

457 700 674 753 Patrum
696 708 928 753 mentem
947 698 1191 769 profecto
1212 713 1317 752 non
1344 710 1732 769 assequuntur.
1764 702 1853 769 qui
1884 702 2012 755 huic

2130 708 2239 770 miti;
2281 704 2609 767 δπισκόπους
2642 703 2741 765 τὰς
2781 700 3073 768 ἐκκλησίας
3103 699 3308 762 αὐτῶν,
3350 700 3453 771 τὴν
3502 700 3546 752 δ’
3578 703 3671 770 ἀρ-

455 790 698 858 epistolaa
718 792 941 844 canonis
987 791 1363 845 auctoritatem
1394 792 1656 853 tribuunt,
1679 807 1742 846 ac
1771 808 1868 861 per
1890 807 2012 846 eam

453 880 720 948 episcopis
747 881 1008 935 ecclesias
1056 896 1205 943 suas,
1236 882 1429 936 summi
1467 883 1757 937 sacerdotii
1805 893 2029 937 retenta.

454 972 737 1039 dignitate,
767 973 1071 1026 ditttittendi
1103 972 1646 1042 potestatemlfactam
1672 972 1836 1028 fuisse
1860 974 2014 1028 arbi.

456 1074 689 1118 trantur.
723 1062 789 1117 Et
816 1078 947 1117 vero
986 1065 1212 1119 canonis
1258 1064 1485 1120 alterius
1542 1065 1875 1128 auctoritati,
1922 1064 2014 1133 qui

456 1154 528 1208 ita
554 1156 813 1217 sentiunt,
846 1155 991 1209 haud
1015 1156 1175 1209 dubie
1209 1156 1586 1211 adversantur.
1620 1154 1755 1210 Nam
1793 1156 1848 1209 in
1881 1171 2013 1225 syn-

456 1247 563 1299 odo
613 1246 1063 1312 Cltalcedoneusi,
1084 1248 1167 1301 cui
1195 1249 1437 1304 sexcenti
1466 1250 1680 1318 triginta
1722 1248 2019 1303 interfuere

460 1336 669 1402 Patres,
702 1350 767 1392 ne
794 1355 953 1407 quem
982 1340 1141 1408 llo
1168 1341 1562 1411 presbyterum,
1604 1349 1696 1395 aut
1731 1341 2015 1395 diaconum

457 1428 704 1483 absolute
727 1430 964 1485 crdinari
995 1442 1087 1485 aut
1117 1432 1350 1499 aliquem
1383 1434 1604 1489 omnino
1637 1432 1784 1488 clero
1817 1433 2018 1487 ascribi

459 1517 639 1584 liceat,
673 1520 775 1574 nisi
801 1529 960 1575 cerne
1004 1521 1249 1576 ecclesias
1273 1522 1422 1576 urbis
1444 1535 1536 1576 aut
1576 1523 1716 1591 pagi,
1749 1532 1843 1577 aut
1878 1536 2025 1575 mar-

461 1611 622 1680 tyrio,
652 1621 744 1665 ant
797 1614 1122 1667 monasterio
1157 1615 1479 1669 nominatim
1526 1615 1823 1679 addictum,
1867 1625 2023 1669 sexto

459 1719 665 1757 tatooue
688 1707 1057 1761 conStitttitur.
1087 1706 1409 1776 Quicunque
1450 1719 1577 1761 vero
1601 1706 1845 1761 absolute
1868 1706 2021 1760 ordi-

461 1800 569 1850 nati
606 1808 754 1862 sunt,
779 1799 986 1852 irritant
1023 1814 1145 1853 esse
1177 1800 1336 1853 talem
1370 1799 1785 1863 ordinationem,
1814 1807 1865 1853 et
1906 1799 2028 1851 fun-
2052 1780 2100 1841 Β

461 1891 669 1945 etiones
695 1892 944 1945 ordinum
988 1890 1283 1945 exercendi
1332 1900 1652 1961 potestatem
1684 1904 2024 1960 nequaquam

464 1981 684 2049 habere,
706 1984 755 2037 in
781 1984 897 2053 ejus
919 1984 1008 2052 qui
1029 1984 1249 2038 contulit
1274 1982 1672 2045 contumeliam,
1697 1982 2022 2037 decernitur.

460 2073 613 2139 Quod
643 2074 687 2127 si
712 2087 939 2143 quorum
972 2076 1127 2146 longe
1158 2076 1383 2129 inferior
1402 2085 1486 2130 est
1508 2074 1763 2143 dignitas,
1796 2089 1887 2128 eos
1919 2089 2023 2128 non

463 2165 565 2219 nisi
601 2177 750 2220 certo
778 2166 896 2221 loco
918 2168 1163 2222 addictos
1190 2168 1472 2221 ordinibus
1520 2167 1789 2236 insigniri,
1818 2181 1917 2220 nec
1943 2166 2025 2220 in-

463 2258 707 2325 signitos,
766 2258 1070 2314 functiones
1121 2260 1408 2324 ordinum,
1463 2274 1601 2328 quos
1644 2268 2020 2326 susceperunt,

463 2362 722 2402 exercere
746 2346 827 2402 fas
863 2358 966 2411 est,
1004 2357 1320 2415 tantumque
1364 2350 1416 2403 in
1453 2365 1513 2403 re
1559 2348 1817 2403 facinoris
1846 2350 2024 2402 inesse

467 2437 656 2493 Patres
683 2448 1011 2503 statuerunt,
1047 2452 1102 2495 ιιι
1144 2441 1292 2494 illum
1319 2442 1515 2508 ipsum,
1543 2441 1633 2510 qui
1659 2440 1877 2495 ordines
1894 2456 2025 2494 con-

462 2530 696 2595 tulisset,
746 2529 1085 2586 alliciendnm
1140 2530 1465 2586 contumelia
1501 2547 1623 2586 esse
1674 2532 2020 2598 indicarent;

464 2618 622 2686 cujus
648 2620 801 2689 longe
852 2620 1046 2688 major,
1072 2620 1152 2674 vel
1181 2621 1515 2689 amplissima
1540 2621 1714 2690 potius
1747 2635 1812 2675 ex
1852 2620 2028 2674 omni-

466 2710 566 2763 bus
616 2722 700 2765 est
729 2712 963 2768 honoris
1012 2713 1287 2781 maiestas,
1342 2727 1463 2766 eum
1522 2711 1668 2766 nullo
1696 2720 1844 2766 certo
1905 2711 2024 2765 loco

464 2801 761 2863 addictum,
797 2802 928 2856 nttlli
987 2804 1206 2872 proprie
1245 2802 1360 2857 sedi
1394 2802 1716 2868 destinatum
1762 2816 1883 2856 esse
1912 2801 2025 2869 epi-

470 2907 690 2959 scopum
722 2892 938 2948 licebit?
963 2892 1315 2962 Episcopique
1362 2907 1557 2947 nomen
1591 2909 1652 2949 ac
1699 2894 1893 2948 summi
1940 2910 2029 2947 sa.

463 2980 689 3035 cerdotii
726 2981 849 3048 jura
905 2981 1255 3036 nihilominus
1288 2982 1567 3037 retinebit?
1596 2983 1678 3036 An
1715 2997 1861 3044 vero,
1908 2983 2029 3051 qui-

464 3088 678 3141 cunque
707 3075 990 3142 episcopus
1024 3073 1379 3139 renuntiatur,
1414 3073 1616 3128 civitati
1669 3073 1897 3143 cuipiam
1934 3090 2028 3126 nn-

467 3163 705 3218 tninatim
757 3165 1068 3232 praeﬁcitur,
1117 3182 1179 3219 ac
1239 3164 1385 3220 illius
1423 3165 1711 3234 episcopus
1768 3164 2026 3235 appellari

466 3255 624 3309 solet.
686 3254 1002 3325 Quicunque
1050 3257 1213 3325 igitur
1256 3255 1565 3320 civitatem,
1604 3258 1687 3309 cui
1736 3257 2021 3325 praifectus

465 3359 604 3412 erat,
634 3350 872 3416 reliquit,
910 3364 974 3403 ac
1020 3350 1070 3403 in
1119 3365 1185 3404 eo
1246 3364 1527 3404 sacrorum
1577 3352 2031 3418 procurationem,

469 3443 754 3509 gregisque
790 3443 890 3495 silti
920 3458 950 3495 ιι
982 3457 1193 3496 summo
1223 3442 1503 3497 Sacerdote
1544 3441 1901 3495 commendati
1932 3456 2029 3495 ctt-

472 3545 583 3583 ratn
614 3530 881 3596 deseruit,
904 3532 1034 3600 quid
1068 3531 1286 3586 habebit
1309 3533 1541 3601 amplius
1562 3548 1626 3585 ex
1660 3548 1766 3603 quo
1797 3531 2030 3603 episcopi

470 3638 661 3677 nomen
684 3625 930 3678 obtinere
951 3625 1148 3679 merito
1167 3624 1395 3679 debeat?
1415 3624 1655 3691 Quorum
1681 3622 1767 3679 ille
1803 3637 2034 3693 namque

470 3716 797 3784 speculator,
844 3716 1176 3770 autcustos?
1222 3714 1399 3784 Ipsum
1440 3715 1583 3771 enim
1638 3731 1831 3771 nomen
1864 3717 2035 3770 actio-

470 3823 614 3871 nem,
647 3808 1193 3875 exercitationemque
1236 3807 1523 3877 signiﬁcat.
1560 3806 1658 3873 Qui
1693 3796 1818 3862 vero
1861 3809 2032 3863 actio-

469 3913 591 3951 nam
644 3897 846 3966 defugit
898 3899 1117 3952 nomine
1175 3914 1391 3969 quoque
1448 3899 1732 3967 spoliatur.
1762 3900 1926 3955 Porro
1981 3902 2031 3955 iu

467 4004 627 4058 quem
676 3989 912 4057 episcopi
973 4004 1164 4044 nomen
1200 3991 1343 4045 haud
1376 3991 1538 4054 cadit,
1564 4006 1669 4060 quo
1718 3990 1839 4057 jure
1869 3990 1913 4045 is
1943 4005 2035 4044 sa-

467 4080 692 4134 cerdotii
742 4080 1002 4148 dignitate
1032 4092 1264 4148 retenta,
1283 4083 1418 4137 sacri
1446 4084 1790 4152 magistratus
1820 4098 2026 4152 praero-

469 4173 666 4241 gativis
723 4187 784 4226 ac
858 4175 1060 4227 honore
1143 4174 1496 4243 perfruetur?
1551 4176 1866 4241 Quomodq
1903 4190 2032 4229 vero

450 4265 747 4319 litierarcha
808 4267 1197 4333 nominabitur,
1244 4267 1334 4335 qui
1384 4283 1480 4321 nec
1517 4267 1684 4321 ullum
1727 4268 2031 4337 subjectum

467 4358 570 4413 sibi
600 4359 801 4413 clerqu
841 4358 1019 4424 habel,
1060 4376 1159 4414 nec
1219 4362 1323 4415 ulla
1381 4361 1432 4413 in
1468 4361 1639 4415 sacris
1672 4362 1911 4415 initiatos
1937 4361 2033 4413 ho-

2116 796 2456 869 χιερωσύνην
2495 795 2919 866 παρακατέχειν.
2966 792 3031 845 Οί
3096 791 3201 861 γὰρ
3244 790 3407 844 τοῦτο
3450 792 3671 855 διδόντες

2119 892 2211 946 καὶ
2255 889 2441 943 κανόνι
2471 887 2640 957 ἑτέρῳ
2697 884 3081 941 ἐναντιοῦνται.
3118 882 3181 937 Ἦ
3210 885 3321 951 γὰρ
3376 888 3433 936 ὲν
3463 885 3675 954 Χαλκη-

2117 982 2225 1036 δόνι
2246 978 2460 1044 σύνοδος
2478 979 2586 1031 τῶν
2604 979 2901 1042 ἑξακοσίων
2921 978 3213 1047 τριάκοντα
3233 974 3408 1041 ἁγίων
3424 974 3697 1042 Πατέρωνί

2121 1074 2178 1125 ὲν
2200 1072 2346 1139 ἕκτῳ
2370 1071 2554 1124 κανόνι
2583 1070 2790 1141 μηδένα
2813 1069 3232 1139 ἀπολελυμὲνως
3262 1068 3675 1138 χειροτονεῖσθαι

2119 1161 2434 1225 τεθέσπικε,
2464 1161 2538 1231 μὴ
2569 1161 2955 1231 πρεσϐύτερον,
2999 1160 3073 1230 μὴ
3100 1159 3372 1221 διάκονον,
3403 1158 3537 1228 μήτε
3564 1159 3679 1212 τινὰ

2120 1256 2259 1317 ὅλως
2295 1254 2404 1308 τῶν
2432 1256 2490 1306 έν
2522 1254 2603 1324 τῷ
2634 1253 3070 1322 ἐκκλησιαστικῷ
3097 1253 3369 1319 τάγματι,
3400 1253 3451 1304 εί
3488 1251 3560 1318 μὴ
3586 1251 3676 1303 ὶδι-

2125 1344 2237 1407 κῶς
2265 1348 2327 1397 ὲν
2363 1344 2631 1413 ἐκκλησία
2657 1342 2886 1407 πόλεως,
2916 1342 2950 1415 ἢ
2987 1341 3202 1411 κώμης,
3231 1341 3267 1412 ἢ
3310 1338 3612 1409 μαρτυρίῳ,
3647 1340 3676 1407 ἢ

2127 1435 2473 1505 μοναστηρίῳ
2502 1437 2532 1487 ὁ
2556 1433 3030 1504 χειροτονούμενος
3070 1432 3524 1501 ὲπικηρύττοιτο³
3556 1431 3674 1492 τοὺς

2124 1525 2182 1579 δὲ
2238 1525 2519 1588 ἀπολύτως
2575 1523 3083 1595 χειροτονουμένους
3135 1523 3343 1590 ἄκυρον
3394 1521 3536 1588 ἔχειν
3591 1519 3679 1588 τὴν

2125 1616 2387 1685 τοιαύτην
2418 1616 2777 1686 χειροθεσίαν,
2816 1615 2909 1668 καὶ
2946 1612 3197 1683 μηδαμοῦ
3244 1612 3508 1667 δύνασθαι
3538 1614 3679 1683 ἐνερ-

2125 1711 2244 1777 γεῖν
2274 1710 2359 1779 ἐφ’
2399 1708 2555 1779 ῦϐρει
2580 1708 2673 1760 τοῦ
2702 1708 3201 1780 χειροτονήσαντος.
3246 1705 3404 1758 Ἐπεὶ
3434 1703 3608 1759 τοίνυν
3632 1708 3679 1758 οί

2125 1802 2345 1871 ἥττονος
2372 1800 2523 1862 ὅντες
2571 1799 2778 1868 βαθμοῦ
2822 1800 3107 1859 ἀπολύτως
3154 1796 3582 1866 χειροτονεῖσθαι
3621 1796 3677 1849 ού

2124 1891 2556 1961 συγχωροῦνται,
2583 1889 2721 1944 ἀλλά
2753 1892 2855 1944 κᾶν
2881 1890 3361 1960 χειροτονηθῶσιν,
3391 1889 3680 1960 ἀνενέργη-

2121 2000 2203 2036 τοι
2252 1983 2491 2053 μένουσι,
2535 1983 2633 2036 καὶ
2664 1981 2919 2037 τοσοῦτον
2952 1983 3012 2036 τὸ
3055 1984 3294 2051 πρᾶγμα
3331 1981 3511 2045 ἔδοξεν
3558 1984 3682 2034 ἁπο-

2122 2075 2404 2144 τρόπαιον,
2463 2075 2540 2138 ὡς
2601 2076 2697 2128 καὶ
2748 2077 2842 2128 τὸν
2890 2075 3353 2145 χειροτονήσαντα
3412 2072 3680 2143 κρίνεσθαι

2129 2168 2338 2238 ὕϐρεως
2372 2166 2544 2231 ἀξιον,
2575 2165 2694 2229 πῶς
2725 2168 2751 2219 ὁ
2779 2166 3025 2235 μείζονος
3050 2165 3234 2229 ἀξίας,
3276 2164 3479 2233 μᾶλλον
3508 2164 3561 2216 δὲ
3593 2166 3679 2230 τῆς

2124 2260 2432 2329 ὑπερτέρας
2460 2258 2648 2312 πασῶν
2676 2257 2959 2321 ἀπολύτως
2991 2260 3083 2310 καὶ
3119 2257 3443 2326 ἀνωνύμως,
3472 2256 3681 2307 ἐπίσκο-

2125 2372 2227 2417 πος
2264 2354 2489 2417 ἑσεται;
2531 2357 2625 2406 καὶ
2661 2352 3011 2420 κληθήσεται,
3054 2349 3143 2402 καὶ
3182 2349 3566 2415 ἀξιωθήσεται,
3611 2347 3681 2399 δι-

2127 2443 2299 2498 καίων
2330 2447 2484 2512 ἀρχιε
2498 2443 2768 2514 ρατικῶν;
2825 2443 2933 2502 Πᾶς
2962 2441 3071 2509 γὰρ
3123 2439 3419 2509 ἀρχιερεὺς
3450 2452 3678 2508 χειροτο·

2125 2537 2381 2604 νούμενος
2411 2535 2563 2589 πόλει
2591 2536 2699 2589 τινὶ
2729 2532 3153 2602 ὲπικηρύττεται
3185 2571 3202 2596 ,
3261 2531 3523 2597 κάκείνης
3570 2530 3679 2582 ἐπί-

2128 2646 2326 2692 σκοπος
2350 2626 2695 2697 ὀνομάζεται.
2736 2626 2795 2677 Ὀ
2828 2623 2957 2692 γοῦν
2981 2622 3078 2694 τὴν
3101 2622 3258 2675 πόλιν
3292 2623 3376 2690 ἐφ’
3495 2624 3679 2688 ὲπεκη·

2130 2720 2320 2789 ρύχθη,
2384 2718 2577 2781 λιπὼν,
2638 2718 2732 2770 καὶ
2795 2715 3279 2785 παραιτησάμενος
3330 2711 3393 2765 τὸ
3446 2712 3502 2763 ἐν
3551 2711 3673 2777 αὐτῇ

2132 2811 2409 2879 ἱερᾶσθαι,
2444 2809 2538 2863 xui.
2570 2809 2888 2861 ἐπισκοπεῖν
2913 2804 2975 2858 τό
3018 2805 3077 2857 ὲν
3106 2804 3297 2875 ἐκείνῃ
3324 2802 3420 2855 τοῦ
3455 2801 3675 2873 μεγάλου

2126 2902 2511 2972 ἀρχιποίμενος
2557 2900 2827 2968 ποίμνιον,
2880 2898 2998 2960 πῶς
3030 2896 3330 2958 ἐπίσκοπος
3363 2894 3678 2965 κληθήσεται

2126 2994 2221 3048 τοῦ
2261 2993 2479 3059 λοιποῦς
2502 2992 2655 3055 τίνας
2680 2990 3027 3055 ὲπισκοπῶνς
3061 2989 3132 3041 Τὸ
3163 2987 3275 3057 γὰρ
3296 2986 3470 3055 ὄνομα
3499 2984 3671 3037 τούτου

2134 3080 2458 3150 πράγματός
2506 3082 2621 3132 ἐστι
2673 3080 2768 3131 καὶ
2821 3069 3099 3147 ἐνεργείας
3160 3075 3497 3145 δηλωτικόν
3551 3074 3578 3124 ὁ
3629 3070 3669 3123 δ’

2134 3173 2563 3240 ἀποσεισάμενος
2597 3170 2696 3239 τὴν
2729 3169 3011 3236 ἐνέργειαν
3059 3169 3388 3219 ὲκπέπτωκε
3443 3165 3536 3218 καὶ
3590 3162 3678 3230 τῆς

2134 3265 2399 3335 κλήσεως.
2430 3264 2752 3324 Ἐπίσκοπος
2778 3262 2832 3313 δὲ
2867 3260 3146 3313 καλεῖσθαι
3178 3258 3254 3329 μὴ
3287 3256 3562 3326 πεφυκὼς,
3584 3253 3680 3307 τίνι

2132 3356 2325 3424 δικαίῳ
2349 3355 2447 3424 τῆς
2474 3354 2773 3424 ἱερωσύνης
2825 3353 3127 3417 ἀνθέξεται,
3162 3352 3260 3405 καὶ
3309 3344 3679 3421 ἀρχιερατικοῦ

2141 3449 2456 3519 προνομιου,
2494 3447 2588 3500 καὶ
2637 3447 2801 3515 τιμῆς
2849 3444 3261 3510 ἀπολαύσεται;
3329 3440 3450 3506 "die;
3482 3442 3534 3494 δὲ
3597 3437 3683 3490 καὶ

2136 3538 2399 3607 ίεράρχης
2447 3534 2880 3607 ὀνομασθήσεται
2934 3537 2961 3587 ὁ
3019 3534 3092 3603 μὴ
3138 3533 3344 3605 κλῆρον
3384 3533 3474 3601 ὑφ’
3504 3529 3682 3583 ἑαυτὸν

2135 3630 2293 3705 ἔχων,
2332 3628 2438 3681 οὐδ’
2470 3628 2652 3697 ἄρχων
2706 3626 3057 3697 ίερωμένων;
3112 3620 3183 3696 τῼ
3213 3625 3270 3678 δὲ
3319 3624 3394 3695 μὴ
3444 3623 3684 3689 πρόσεστι

2136 3719 2272 3791 πρὸς
2301 3717 2556 3789 ἀλήθειαν
2604 3717 2702 3786 τῆς
2732 3714 3016 3788 ίεραρχίας
3040 3714 3103 3768 τὸ
3130 3712 3323 3783 δνομα,
3354 3714 3413 3767 ού
3442 3712 3504 3781 δὴ
3546 3711 3684 3778 ἐνέρ-

2135 3828 2259 3880 γιια
2286 3810 2599 3882 πρόσεστιν.
2640 3808 2698 3863 '0
2733 3809 2840 3879 γὰρ
2891 3805 2982 3861 τοῦ
3018 3807 3279 3875 ὀνόματος
3313 3805 3387 3875 μὴ
3435 3802 3683 3874 μετέχων.

2139 3900 2339 3971 μᾶλλον
2366 3901 2467 3953 οὐκ
2495 3899 2561 3954 ἂν
2593 3898 2808 3969 μεθέξει
2837 3896 2929 3950 τοῦ
2977 3897 3327 3967 πράγματος.
3379 3894 3574 3949 Λοιπὸν
3603 3888 3686 3940 οὖν

2136 3991 2312 4053 οὐδεὶς
2337 3990 2399 4044 τὸ
2426 3989 2577 4060 αὐτῷ
2598 3988 2848 4060 ἐπλιτεθὲν
2878 3986 3253 4056 λειτούργημα
3280 3990 3379 4057 τῆς
3401 3981 3685 4048 ἐπισκοπῆς

2138 4080 2464 4151 δεχθήσεται.
2513 4056 2973 4148 παραῖτούμενος,
3011 4078 3058 4128 εί
3117 4077 3190 4146 μὴ
3228 4056 3450 4142 ἀνάξιον
3510 4071 3686 4124 ἑαυτὸν

2136 4174 2236 4242 τῆς
2278 4170 2575 4242 ἱερωσύνης
2598 4169 2871 4241 ὁμολογεῖ.
2907 4168 2967 4221 Εἰ
2996 4168 3049 4221 δέ
3072 4186 3155 4230 τις
3182 4168 3369 4232 δώσει,
3401 4169 3609 4225 πάντως
3639 4162 3686 4212 δὲ

2135 4265 2197 4319 οὗ
2242 4264 2542 4324 κανονικῶς
2599 4262 2853 4331 δεχθῆναι
2905 4261 2996 4313 τὸν
3030 4261 3487 4332 παραιτούμενον,
3520 4258 3685 4320 πάσης

2137 4356 2292 4423 ἀξίας
2323 4357 2603 4426 ἱερατικῆς
2635 4358 2727 4408 καὶ
2755 4356 2951 4415 παντὸς
2980 4353 3188 4407 δικαίου
3230 4355 3331 4424 τῆς
3361 4345 3683 4422 ἀρχιερωσύο

469 4451 648 4505 mines
680 4451 1003 4505 auctoritate
1048 4450 1306 4519 praeditus
1330 4449 1450 4504 est?
1498 4451 1679 4505 Αιουί
1728 4448 2025 4505 hierarcha:

2130 4464 2228 4516 νης
2253 4445 2377 4514 ἅμα
2400 4449 2464 4517 τῇ
2493 4446 2819 4515 παραιτήσει
2845 4444 3158 4495 ἐκπεσεῖται
3183 4442 3211 4494 ὁ
3238 4437 3683 4512 παραιτούμενος·

464 4541 753 4612 appellatio
796 4557 920 4595 vere
952 4556 1056 4595 non
1084 4542 1338 4594 convenit
1390 4556 1489 4594 nec
1532 4543 1675 4595 actio
1727 4540 2023 4595 convenit:

462 4636 555 4703 qui
604 4635 747 4689 enim
779 4632 1156 4688 communione
1197 4632 1428 4686 nominis
1468 4632 1773 4686 excluditur
1824 4646 1881 4686 re
1915 4634 2029 4703 ipsa

467 4725 636 4779 multo
670 4724 841 4793 magis
861 4732 1045 4778 careat
1075 4738 1295 4778 necesse
1319 4732 1422 4778 est.
1460 4723 1745 4794 Reliquum
1779 4726 1943 4795 igitur
1976 4735 2032 4778 ttt

466 4830 631 4871 nemo
665 4816 1006 4885 episcopatus
1022 4816 1126 4870 sibi
1159 4816 1467 4884 impositum
1509 4832 1707 4873 munus
1736 4818 2029 4885 accipiens,

465 4908 517 4961 ei
552 4909 842 4971 renuntiet,
866 4907 968 4962 nisi
1011 4922 1071 4961 se
1113 4908 1417 4962 sacerdotio
1457 4907 1731 4978 indignum
1776 4907 2028 4962 fateatur.

467 4997 523 5052 Si
548 5000 669 5067 quis
701 5014 828 5053 vero
858 5004 1191 5055 concesserit
1217 4999 1441 5067 eumqui
1478 5000 1778 5066 renuntiat,
1811 4999 2032 5053 omnino

471 5106 577 5145 non
607 5092 867 5145 canonice
926 5091 1051 5145 illud
1077 5090 1399 5159 suscepisse,
1427 5091 1575 5145 omni
1604 5091 1743 5144 sacri
1794 5091 2035 5144 muneris

465 5181 744 5247 dignitate,
766 5184 1069 5249 summique
1086 5182 1373 5238 sacerdotii
1389 5182 1753 5252 pmrogativis
1772 5196 1877 5235 una
1901 5196 2023 5235 cum

2136 4539 2267 4591 ’Ότι
2311 4538 2368 4592 δὲ
2404 4537 2765 4605 παραιτήσεις
2815 4535 2875 4587 οὐ
2912 4534 3015 4604 χρὴ
3048 4532 3322 4603 δέχεσθαι,
3368 4530 3460 4585 καὶ
3511 4529 3572 4579 ἐκ
3602 4519 3685 4575 τοῦ

2144 4631 2330 4700 τρίτου
2384 4628 2682 4697 κεφαλαίου
2715 4627 2812 4695 τῆς
2842 4627 2978 4697 πρὸς
3012 4626 3216 4694 Δόμνον
3271 4620 3561 4687 ἐπιστολῆς
3600 4612 3686 4666 τοῦ

2139 4718 2298 4787 ἁγίου
2334 4718 2601 4787 Κυρίλλου
2655 4715 2904 4786 φανερῶς
2941 4713 3349 4777 ἀποδείκνυται,
3409 4711 3684 4776 λέγοντος*

2141 4812 2252 4866 Καὶ
2281 4811 2484 4881 ἑτέρως
2539 4809 2593 4860 δὲ
2641 4805 2876 4878 πρᾶγμά
2904 4807 3053 4858 ἐστιν
3076 4802 3197 4856 οὔτε
3224 4804 3336 4866 τοῖς
3365 4800 3464 4867 τῆς
3499 4794 3683 4858 ἐκκλη-

2142 4903 2265 4965 σίας
2321 4904 2555 4971 ἀρέσκον
2598 4898 2838 4965 Θεσμοῖς,
2896 4896 2956 4948 τὸ
3003 4894 3278 4956 λιϐέλλους
3320 4889 3685 4961 παραιτήσεων

2143 4993 2446 5066 προσάγειν
2477 4990 2628 5051 τινας
2659 4989 2765 5042 τῶν
2793 4988 3116 5060 ίερουργῶν,
3152 4989 3247 5041 καὶ
3270 4988 3335 5038 τὰ
3370 4982 3515 5050 ἑξῆς.
3538 4978 3685 5046 Ζήτει

2146 5087 2244 5141 καὶ
2290 5087 2358 5136 τα
2388 5081 2665 5151 γραφέντα
2713 5081 2793 5143 εἰς
2826 5080 2919 5133 τὸν
2977 5080 3202 5133 δέκατον
3234 5078 3435 5131 κανόνα
3475 5069 3565 5125 τοῦ
3614 5067 3686 5117 ἱε-

2137 5179 2480 5251 ρομάρτυρος
2522 5174 2726 5234 Πέτρου
2777 5172 3212 5241 ἀρχιεπισ’κόπου
3265 5162 3680 5233 Ἀλεξανδρείας.

467 5274 862 5329 renuntiatione
906 5276 1021 5344 ipse
1088 5277 1400 5331 renuntians
1454 5276 1687 5330 excidet.
1742 5272 2194 5330 Renuntiationes
2260 5277 2437 5323 autem
2478 5282 2582 5319 non
2632 5265 2989 5318 adntittendas
3021 5278 3141 5318 esse
3168 5260 3339 5317 velex
3381 5257 3539 5313 tertio
3570 5265 3687 5344 san‘

467 5364 538 5416 eti
574 5366 761 5434 Cyriili
808 5371 873 5422 ad
910 5340 1172 5423 [Somnum
1223 5369 1463 5438 epistolae
1537 5367 1714 5437 capite
1780 5367 1979 5435 liquido
2029 5370 2285 5434 apparet,
2328 5359 2574 5413 dicente:
2603 5354 2721 5410 Jant
2770 5356 2926 5409 aliter
2963 5370 3049 5409 res
3078 5369 3138 5408 se
3184 5353 3366 5416 habet,
3417 5353 3482 5402 ait
3529 5340 3687 5438 eccle-

471 5458 702 5514 siasticis
777 5475 906 5516 sane
966 5462 1223 5518 institutis
1243 5436 1438 5529 aliena,
1472 5436 1672 5516 libellos
1734 5459 1940 5515 scilicet
1979 5454 2432 5512 renuntiationum
2465 5449 2707 5518 proferre
2738 5448 2994 5516 quosdam
3022 5462 3086 5500 ex
3117 5445 3303 5500 altaris
3331 5436 3600 5529 ministris,
3638 5438 3686 5481 ει

469 5562 679 5607 caetera.
710 5552 839 5608 Vide
861 5567 1114 5622 praeterea
1136 5555 1325 5622 qurcin
1357 5528 1617 5609 canonem
1633 5552 1900 5607 decimum
1932 5547 2101 5604 sancti
2130 5544 2384 5614 martyris
2415 5540 2555 5596 Petri
2589 5539 2932 5592 Alexandrini
2958 5536 3344 5606 archiepiscopi
3369 5528 3680 5622 εοτίιιεὶιυίιδ.

474 5646 702 5706 ARIST.
748 5651 1056 5704 Eustathius
1075 5668 1191 5704 cum
1215 5650 1420 5720 fortiter
1450 5648 1625 5701 debuit
1652 5647 1892 5701 resistere
1917 5628 2036 5712 (hoc

550 5745 685 5798 enim
709 5742 874 5800 omnis
893 5744 1037 5799 debet
1065 5744 1349 5814 episcopus)
1371 5755 1512 5809 terga
1530 5739 1660 5793 dans
1693 5738 1869 5793 leviter
1893 5734 2035 5804 refu-

2142 5638 2364 5695 ΔΡΙΣΤ.
2409 5634 2703 5700 Ἀντέχειγ
2744 5631 3002 5699 ὀφείλων
3033 5630 3362 5694 Ειῖνστάθιος
3389 5614 3681 5689 καρτερῶς)

2215 5729 2413 5802 [τοῦτο
2456 5725 2565 5796 γὰρ
2595 5724 2752 5789 ἅπας
2777 5722 3133 5795 ἐπίσκοπος]
3166 5706 3322 5776 reita
3361 5715 3520 5778 δοὺς,
3585 5708 3680 5761 (θ’
