3940 6480
273 310 396 364 Βδῐ

1469 305 1550 365 lN
1574 304 1737 366 CANa
1795 305 2048 369 ICONC
2102 309 2465 370 CHALCED.

3423 303 3531 368 39.2

341 418 600 485 ωρελῶς
634 419 1040 489 παρῃτήσατο.
1097 421 1387 488 Θεόδωρος
1445 421 1580 474 ἀντὶ
1639 423 1838 474 τούτοι

2027 426 2119 492 git.
2147 425 2450 482 Theodorus
2508 417 2566 479 ini
2615 430 2728 498 ejus
2773 430 2944 480 locum
2977 417 3258 481 ordinatus
3295 433 3391 477 est.
3434 422 3530 475 ωε

343 514 855 581 κεχειροτόνηται.
913 513 977 566 '0
1007 512 1097 578 δὲ,
1133 515 1359 567 κλαίων
1392 513 1491 567 καὶ
1527 513 1847 576 δυσωπῶν,

343 603 472 670 τὴν
506 605 686 672 τιμὴν
708 607 877 659 alni.
921 606 984 660 '0
1005 606 1132 660 ἀντ’
1156 607 1392 660 ἐκείνου
1419 605 1853 674 χειροτονήσας

339 697 712 763 ἀνεύθυνος,
743 699 900 767 ἔχων
935 698 1171 765 δηλαδὴ
1204 699 1318 765 τὴν
1368 699 1602 753 ἐκείνου
1645 700 1853 766 παρα]-

341 805 534 850 τησιν
559 789 689 842 ἀντ’
716 787 1111 858 ἐγκλήματος.

353 878 415 930 '0
449 880 754 942 ἐπίσκοπος
809 873 962 942 οὗτος
1011 880 1328 942 Εὑστάθιος,
1387 881 1695 951 ἀπράγμων
1751 880 1847 949 ὢν,

273 971 366 1022 καὶ
423 971 502 1040 μὴ
545 971 841 1039 δυνάμενος
869 972 976 1024 τῶν
1009 974 1106 1041 τῆς
1152 973 1477 1041 Ἐκκλησίας
1508 976 1850 1045 πραγμάτων

271 1063 626 1132 ἀντέχεσθαι,
667 1064 762 1117 καὶ
803 1064 938 1133 πρὸς
973 1066 1071 1128 τὰς
1109 1065 1481 1135 ἐπερχομένας
1509 1066 1654 1136 αὐτῷ
1689 1086 1852 1136 φρον-

272 1154 420 1215 τίδας
450 1155 840 1219 ἀνθίστασθαι,
873 1157 966 1209 καὶ
998 1156 1383 1227 διακρούεσθαι
1431 1157 1631 1219 ταύτας
1655 1171 1672 1188 ⁶
1709 1176 1850 1230 παρ-

283 1249 532 1316 ῃτήσατο
586 1248 683 1318 τὴν
711 1247 820 1300 τῶν
853 1249 1199 1317 πραγμάτων
1231 1249 1498 1319 διοίκησιν
1523 1265 1537 1280 ·
1576 1251 1673 1303 καὶ
1704 1253 1847 1319 ὲχει-

275 1337 546 1408 ροτσινήθη
577 1338 692 1390 ἀντ’
713 1338 873 1391 αὐτοῦ
907 1339 1112 1410 ἕτερος.
1139 1336 1270 1392 Εἶτα
1291 1344 1355 1410 τῇ
1388 1342 1446 1392 έν
1485 1340 1693 1410 Ἐφέσῳ
1722 1359 1847 1395 συν-

271 1431 372 1498 ὁδῳ
422 1429 732 1499 προσῆλθε,
793 1431 862 1486 αὖ
895 1431 992 1502 τὴν
1023 1432 1327 1503 ἐπισκοπὴν
1384 1433 1846 1504 ἀνακαλούμενος.

274 1521 330 1572 Ei
364 1521 472 1592 γὰρ
502 1522 573 1574 ἂν
601 1522 722 1574 οὐδὲ
762 1521 1116 1593 εἰσηκούσθη,
1172 1524 1315 1590 ἅπαξ
1345 1525 1549 1592 ταύτην
1578 1543 1848 1596 παραιτη-

275 1617 528 1679 σά;.·ενος,
555 1615 650 1667 καὶ
664 1615 776 1668 ἀντ’
801 1615 964 1668 αὐτοῦ
984 1617 1168 1687 ἑτέρον
1190 1616 1674 1686 χειροτονηθέντος·
1710 1619 1848 1670 ἀλλὰ

273 1706 366 1775 τὴν
403 1709 773 1777 ὲπισκοπικὴν
793 1705 959 1778 τιμὴν
987 1707 1166 1779 ζητῶν
1214 1709 1376 1778 ἔχειν,
1408 1709 1501 1761 καὶ
1534 1710 1630 1779 τὴν
1653 1728 1847 1761 κοινω-

277 1795 388 1850 νίαν
410 1814 421 1826 ·
454 1798 556 1849 καὶ
592 1798 883 1868 ἐδικαιώθη
930 1801 1016 1850 ἐπ’
1048 1799 1184 1870 αὐτῇ
1217 1799 1384 1870 χωρὶς
1415 1801 1597 1870 πάσης
1629 1800 1840 1852 ἀντιλο-

279 1890 414 1955 γὶας,
463 1888 612 1940 ὥστε
645 1890 940 1942 ἐπίσκοπον
991 1891 1153 1944 αὐτὸν
1187 1890 1571 1960 ὀνομάζεσθαι,
1615 1891 1710 1944 καὶ
1742 1891 1841 1960 τῆς

280 1979 433 2048 τιμῆς
462 1982 562 2033 καὶ
597 1983 693 2049 τῆς
751 1980 1016 2051 καθέδρας
1069 1981 1341 2050 μετέχειν,
1382 1982 1474 2034 καὶ
1536 1982 1843 2053 ἱερουργεῖν

285 2073 372 2123 οὐκ
402 2073 455 2137 ἐξ
490 2073 629 2134 ἰδίας
654 2072 968 2142 αὐθεντίας·
996 2075 1110 2126 ἀλλ’
1139 2076 1301 2128 ὁπότε
1333 2073 1466 2145 παρ’
1489 2074 1727 2143 ἀδελφοῦ
1751 2075 1843 2128 καὶ

295 2167 682 2218 σννεπισκόπου
718 2167 994 2236 ἐπιτραπῇ
1049 2167 1188 2219 κατά
1220 2167 1459 2219 διάθεσιν
1495 2167 1588 2218 καὶ
1621 2166 1844 2234 ἀγάπην

297 2256 383 2322 τὴν
403 2257 708 2326 ἑνΧριστῷ.
742 2258 896 2311 Κατὰ
928 2259 1186 2329 συμπαθῆ
1220 2259 1275 2311 δὲ
1307 2257 1464 2326 λόγον
1492 2260 1540 2311 οἱ
1588 2257 1686 2327 τῆς
1721 2275 1845 2310 συν·

297 2348 404 2398 ὁδου
449 2347 656 2418 ταύτης
726 2349 966 2418 Πατέρες
1017 2349 1277 2401 ὑπέθεντο
1313 2352 1378 2420 τῇ
1431 2351 1489 2402 ὲν
1556 2350 1848 2420 Παμφυλίᾳ

289 2438 488 2508 συνόδῳ,
523 2443 608 2502 εἰς
633 2441 700 2509 ἢν
728 2441 899 2492 ἐτέλει
929 2442 1020 2494 καὶ
1049 2444 1075 2494 ὁ
1121 2441 1436 2506 Εὐστάθιος,
1472 2443 1841 2512 χρηστότερόν

279 2543 325 2578 τι
353 2532 473 2597 περὶ
511 2529 683 2582 αὑτοῦ
718 2529 1114 2598 βουλεύσασθαι
1143 2532 1174 2602 ἢ
1203 2532 1300 2586 νῦν
1324 2532 1356 2603 ἢ
1400 2533 1701 2602 μετέπειτα
1724 2549 1737 2563 ·
1776 2532 1837 2585 τὸ

275 2619 322 2671 δε
349 2616 410 2689 ἦν
441 2621 473 2689 ἦ
508 2625 592 2684 εἰς
621 2622 921 2693 ἐκκλησίαν
955 2624 1320 2695 σχολάζουσαν
1345 2625 1830 2696 προχειρίσασθαι,

273 2712 300 2780 ἢ
331 2712 504 2776 ἄλλως
541 2716 961 2785 χειραγωγῆσαι
983 2717 1168 2771 αὐτόν.

2025 534 2147 572 vero
2173 520 2435 589 lacrymaa
2464 522 2737 589 e/fundens
2765 532 2808 573 et
2834 520 3036 590 pudore
3065 519 3322 586 confusus
3366 515 3527 568 Itono-

2022 627 2132 663 rem
2186 614 2389 677 repetit.
2452 613 2557 677 Qui
2626 613 2791 664 alium
2850 611 2996 666 illius
3060 611 3172 664 loco
3227 609 3522 668 ordinavit,

2021 705 2193 758 insert
2245 713 2341 769 est,
2372 721 2488 758 cum
2525 706 2956 758 detrectationem
3003 704 3118 772 ejus
3167 717 3260 770 pro
3309 698 3527 752 crimine

2022 795 2227 849 habeat.

2023 885 2337 941 Eustathius
2359 885 2446 941 hic
2475 887 2759 956 episcopus
2774 901 2894 939 cum
2925 885 3100 938 litium
3132 890 3246 937 erat
3289 882 3524 947 fugitans

1951 987 2005 1032 et
2047 976 2302 1033 Ecclesia:
2340 979 2552 1050 negotia
2591 979 2858 1033 sustinere
2887 993 2994 1031 non
3027 975 3221 1044 putuit.
3252 990 3348 1027 nec
3377 973 3524 1026 curis

1949 1084 2069 1123 eum
2102 1071 2480 1125 invadentibus
2507 1071 2761 1125 resistere
2812 1085 2912 1123 nec
2957 1083 3052 1122 eas
3107 1066 3396 1134 depellere,
3431 1079 3525 1117 ne-

1951 1161 2216 1228 gotiorum
2252 1163 2709 1216 administrationi
2744 1152 3095 1224 renuntiavit,
3127 1168 3180 1213 et
3237 1158 3352 1225 ejus
3398 1157 3521 1209 ioco

1950 1252 2092 1306 alius
2115 1253 2393 1306 ordinatus
2429 1254 2552 1307 fuit.
2593 1253 2785 1307 Postea
2840 1253 2906 1306 ad
2939 1251 3264 1318 Ephesiuam
3289 1250 3521 1303 accessit

1950 1344 2230 1412 synodum,
2257 1346 2626 1412 episcopatum
2664 1361 2854 1398 rursus
2880 1353 3149 1412 repetens.
3195 1341 3255 1394 Et
3279 1339 3524 1406 quamvis

1951 1450 2056 1488 non
2098 1437 2383 1491 exauditus
2441 1435 2564 1500 fuit,
2602 1450 2725 1490 cum
2764 1435 3077 1489 semeleum
3110 1431 3433 1495 abdicasset,
3468 1438 3527 1483 et

1950 1527 2087 1580 alius
2109 1525 2225 1594 ejus
2277 1527 2396 1582 loco
2445 1527 2636 1581 fuisset
2667 1526 2982 1581 ordinatus:
3027 1524 3392 1594 episc0palem
3438 1531 3522 1574 ta-

1951 1630 2071 1669 men
2111 1617 2366 1670 honorem
2395 1617 2594 1670 habere
2623 1616 2942 1684 qttaeritans,
2975 1625 3031 1668 et
3059 1612 3518 1671 comu'iunionem.

1948 1715 2000 1766 et
2027 1708 2308 1764 siueomui
2367 1708 2799 1760 contradictione
2841 1707 2891 1760 iu
2929 1721 2990 1760 ea
3019 1704 3371 1758 continuatus
3399 1701 3520 1764 fuit,

1955 1809 2009 1852 ut
2064 1798 2178 1866 ipse
2207 1798 2583 1855 nominaretur
2635 1799 2942 1868 episcopus,
2995 1809 3050 1851 et
3082 1797 3306 1850 honoris
3339 1796 3524 1848 cathe-

1957 1892 2177 1960 draeque
2220 1890 2489 1959 particeps
2517 1900 2681 1955 esset,
2710 1900 2766 1944 et
2789 1905 2943 1944 sacra
2991 1899 3293 1959 perageret,
3324 1904 3427 1939 unn
3457 1901 3521 1938 ex

1952 1983 2169 2052 propria
2243 1985 2586 2047 auctoritate,
2641 1984 2735 2036 sed
2773 1983 2991 2051 quando
3047 1982 3345 2035 secundum
3387 1979 3523 2031 alle-

1952 2074 2181 2128 ctionem
2221 2077 2349 2127 etin
2393 2075 2614 2128 Christo
2639 2075 2959 2129 charitatem
3002 2090 3031 2127 a
3064 2073 3233 2126 fratre
3255 2081 3306 2124 et
3335 2071 3519 2137 coepi-

1953 2181 2117 2234 scopo
2188 2167 2616 2235 permitteretur.
2675 2165 3010 2239 Sympatbia:
3075 2174 3251 2218 autem
3310 2162 3522 2215 ratione

1954 2255 2099 2308 ducti
2148 2255 2335 2310 Patres
2392 2258 2616 2326 hujusce
2665 2257 2882 2328 synodi,
2918 2257 3126 2326 synodo
3167 2251 3520 2322 Pamphylite,

1955 2344 2008 2398 in
2031 2361 2137 2414 qua
2173 2361 2325 2402 sacra
2359 2346 2654 2401 celebravit
2704 2347 3044 2406 Eustathius.
3091 2351 3515 2413 proposuerunt,

1955 2438 2240 2509 benignius
2278 2440 2481 2510 aliquid
2529 2444 2595 2495 de
2661 2456 2725 2495 eo
2777 2450 3039 2501 statuere,
3080 2448 3367 2490 aut-nunc
3429 2444 3522 2485 aut

1955 2539 2163 2603 postea;
2212 2534 2314 2587 hoc
2344 2542 2524 2586 autem
2543 2542 2686 2595 erat,
2722 2542 2778 2586 ut
2814 2531 2895 2584 vel
2935 2531 2987 2584 in
3024 2539 3301 2584 vacantem
3338 2527 3517 2580 eccle-

1944 2628 2080 2684 siam
2111 2629 2484 2698 designarent,
2519 2627 2603 2680 vel
2633 2625 2793 2678 aliter
2813 2639 2941 2679 eum
2974 2638 3132 2677 manu
3164 2623 3446 2675 ducerent.

1529 3113 2050 3198 ΚΑΝΟΝΕΣ
2139 3115 2211 3196 Λ

555 3294 692 3347 ΤΗΣ
721 3296 920 3349 ΑΓΙΑΣ
949 3296 1313 3351 ΤΕΤΑΡΤΙΙΣ
1350 3297 1471 3352 ΚΑΙ
1524 3297 2065 3353 ΟΙΚΟΥΜΕΝΙΚΗΣ
2112 3299 2430 3351 ΣΥΝΟΔΟΥ
2479 3299 2613 3351 ΤΗΣ
2666 3295 2752 3349 ΕΝ
2781 3293 3202 3350 ΧΑΛΚΗΔΟΝΙ.

1838 3483 1911 3501 σι.

1354 3649 1993 3742 CANONES
2119 3651 2419 3739 XXX

693 3877 998 3936 SANCTXE
1039 3879 1130 3937 ET
1158 3877 1641 3938 (ECUMENIC/E
1673 3874 1999 3949 QUART/E
2063 3877 2339 3939 SYNODI
2379 3879 3074 3946 CHALCEDONENSIS.

325 4181 574 4234 ΖΩΝΑΡ.
624 4181 717 4233 καὶ
749 4181 942 4233 ΒΑΛΣ.
989 4177 1054 4233 Ἦ
1086 4182 1216 4250 ἁγία
1244 4183 1476 4255 τετάρτη
1511 4186 1605 4239 καὶ
1645 4187 1829 4238 οἰκου-

2005 4185 2157 4255 ιιι
2189 4184 2442 4240 ZONAR.
2486 4194 2538 4238 et
2582 4183 2772 4240 BALS.
2823 4185 3017 4242 Sancta
3064 4197 3117 4241 et
3170 4191 3506 4244 mcumenica

262 4273 456 4342 μενιχὴ
493 4271 708 4334 σύνοδος
734 4272 956 4339 γέγονεν
978 4273 1034 4325 ὲν
1059 4274 1172 4337 τοῖς
1194 4276 1405 4345 χρόνοις
1430 4277 1527 4348 τῆς
1561 4277 1834 4348 βασιλείας

259 4363 586 4434 Μαρκιανοῦ
643 4362 943 4427 ἑξακοσίων
996 4367 1294 4435 τριάκοντα
1358 4370 1528 4437 ἁγίων
1571 4370 1832 4438 Πατέρων

259 4455 766 4524 συναθροισθέντων
795 4456 855 4508 ἐν
884 4456 1189 4526 Χαλκηδόνι
1231 4459 1373 4513 κατά
1405 4463 1699 4530 Διοσκόρου
1729 4464 1830 4532 τῆς

261 4547 621 4614 περιωνύμου
654 4548 1089 4616 προστατοῦντος
1131 4550 1541 4622 ’Δλεξανδρείας
1589 4558 1682 4606 καὶ
1731 4556 1832 4607 Εὑ-

257 4640 454 4709 τυχοῦς
486 4639 914 4708 ἀρχιμανδρίτου
949 4639 1596 4707 Κωνσταντινουπὸλεως,
1647 4644 1695 4696 οἳ
1741 4645 1829 4697 τὸν

259 4731 467 4799 Κύριον
522 4731 682 4799 ἡμῶν
729 4731 935 4800 Ἰησοῦν
986 4731 1227 4800 Χριστὸν
1283 4733 1570 4802 ὀμοούσιον
1621 4737 1720 4806 μὲν
1752 4737 1830 4807 τῷ

259 4823 432 4894 Πατρὶ
462 4821 797 4891 ὡμολόγουν,
827 4824 955 4894 περὶ
984 4822 1040 4875 δὲ
1069 4825 1169 4894 τὴν
1191 4824 1602 4895 ἐνανθρώπησιν
1634 4827 1827 4879 ἐϐλασ-

260 4915 511 4988 φήμουν,
555 4913 650 4964 καὶ
700 4912 991 4981 φεύγοντες
1016 4915 1116 4983 τὴν
1160 4915 1253 4968 τοῦ
1287 4916 1584 4986 Νεστορίου
1614 4917 1824 4989 διαίρε-

260 5023 364 5070 σιν,
398 5006 495 5059 δύο
527 5006 678 5068 υἱοὺς
706 5005 1040 5071 εἰσάγοντος,
1095 5008 1177 5069 εἰς
1227 5008 1353 5062 ἄλλο
1391 5009 1565 5062 κακὸν
1602 5013 1666 5063 ἐκ
1711 5012 1826 5064 δια-

262 5102 462 5169 μέτρου
489 5099 803 5152 ἐνέπιπτον.
837 5099 948 5162 Tit;
976 5101 1084 5170 γάρ
1105 5099 1199 5153 δύο
1227 5101 1422 5168 φύσεις
1445 5104 1545 5172 τῆς
1573 5101 1828 5173 θεότητος

261 5191 353 5242 καὶ
397 5191 492 5257 τῆς
542 5189 961 5260 ἀνθρωπότητος
991 5191 1131 5259 μετὰ
1153 5190 1251 5261 τὴν
1289 5191 1487 5244 ἕνωσιν
1518 5193 1831 5262 συγκραθή-

260 5300 366 5342 ναι,
399 5285 493 5337 καὶ
523 5285 603 5344 εἰς
635 5284 761 5352 μίαν
784 5281 1213 5351 ἀποτελεσθῆναι
1249 5283 1412 5351 φύσιν
1465 5284 1676 5346 ἀσεϐῶς
1715 5285 1830 5337 ἐδο-

259 5374 550 5440 γμάτιζον,
581 5374 656 5435 ὡς
685 5372 778 5425 καὶ
799 5376 862 5442 τῇ
890 5373 1104 5443 θεότητι
1125 5374 1530 5443 προσαρμόζειν
1560 5375 1628 5427 τὰ
1659 5377 1826 5445 πάθη.

274 5466 433 5518 Ἀλλὰ
484 5467 577 5518 καὶ
606 5465 702 5536 τὴν
734 5465 912 5535 σάρκα
955 5465 1053 5534 οὐχ
1086 5464 1372 5534 ὀμοούσιον
1425 5468 1558 5537 ἡμῖν
1608 5468 1829 5537 ἀνειλη-

1936 4286 2124 4345 quarta
2173 4277 2408 4347 synodus
2447 4275 2721 4331 Marciano
2753 4277 3050 4346 imperante
3081 4279 3343 4334 celebrata
3385 4281 3507 4348 fuit,

1934 4367 2207 4422 sexcentis
2253 4366 2469 4436 triginta
2503 4365 2753 4420 Patribus
2789 4368 3045 4420 adversus
3082 4356 3414 4430 Dioscorum,
3453 4371 3504 4423 in

1932 4459 2290 4512 Alexandrina
2341 4457 2539 4529 inclyta
2574 4457 2705 4512 urbe
2733 4458 3069 4528 praafectum,
3119 4467 3171 4512 et
3199 4458 3512 4513 Constanti-

1934 4549 2188 4619 nopoleos
2234 4549 2716 4603 archimandritam
2755 4551 2869 4619 (seu
2901 4550 3136 4604 cmuobii
3168 4551 3506 4620 praefectum)

1929 4638 2301 4711 Eutyclietem,
2324 4641 2560 4705 coactis;
2603 4643 2692 4710 qui
2734 4642 3010 4697 Christum
3035 4642 3319 4696 Dominum
3353 4641 3505 4698 Patri

1931 4732 2445 4786 consubstantialem
2499 4749 2624 4786 cum
2653 4731 2980 4798 faterentur,
3013 4734 3079 4788 de
3116 4732 3511 4790 luca'rnatiouis

1931 4834 2106 4891 tamen
2163 4824 2420 4895 mysterio
2475 4823 2681 4878 nefarie
2712 4823 3093 4892 loquebantur,
3135 4825 3371 4895 dumque
3401 4827 3509 4882 Ne.

1928 4916 2080 4969 storii
2108 4915 2378 4970 Christum
2410 4903 2748 4978 dissecantis,
2812 4915 3058 4983 duosque
3120 4916 3258 4970 ﬁlios
3305 4919 3507 4972 consti-

1930 5007 2128 5061 tuentis
2179 5021 2418 5062 errorem
2455 5007 2748 5071 declinant,
2788 5006 2838 5060 in
2878 5006 3022 5060 aliud
3061 5008 3261 5062 malum
3296 5009 3506 5065 huicex

1929 5101 2142 5154 diverso
2187 5099 2491 5169 oppositqu
2547 5111 2673 5154 sunt
2703 5100 2932 5170 delapsi.
2981 5101 3274 5169 Utramque
3300 5101 3506 5156 scilicet

1927 5190 2021 5246 Dei
2045 5201 2288 5246 naturam
2323 5201 2376 5244 et
2399 5191 2648 5257 hominis,
2673 5203 2954 5261 postquam
2982 5194 3084 5248 sibi
3140 5195 3366 5248 invicem
3407 5210 3504 5249 co-

1930 5283 2125 5353 pulatae
2157 5294 2318 5350 atque
2365 5298 2620 5337 connexa:
2643 5283 2884 5349 fuerunt,
2919 5284 2991 5337 ita
3052 5286 3336 5353 permistas
3361 5299 3503 5352 esse,

1930 5374 2257 5443 atqueinler
2277 5388 2334 5428 se
2358 5374 2569 5443 penitus
2609 5375 2661 5428 iu
2693 5392 2851 5428 unam
2918 5386 3166 5429 naturam
3225 5376 3497 5431 coaluisse

1932 5463 2094 5532 impie
2134 5466 2471 5529 asserebant,
2497 5475 2555 5518 ut
2603 5466 2937 5520 divinitatem
2982 5481 3197 5532 quoque
3257 5465 3501 5520 aﬂ'ectio-

269 5557 422 5623 φέναι
471 5559 564 5610 τὸν
600 5557 807 5626 Κύριον
856 5557 1063 5625 ελεγον,
1097 5555 1216 5608 οὐδὲ
1247 5558 1311 5609 ἐκ
1341 5556 1448 5610 τῶν
1490 5559 1833 5627 παρθενικῶν

1950 5556 2099 5610 nibus
2162 5568 2215 5610 et
2282 5558 2776 5625 perturbationibus
2828 5556 3115 5610 obnoxiam
3163 5555 3500 5609 constituere

268 5650 510 5715 αἱμάτων
544 5651 952 5716 συμπαγείσαν,
979 5650 1114 5701 ἀλλὰ
1165 5651 1259 5702 καὶ
1291 5650 1546 5720 ἀρρήτως
1586 5667 1704 5713 πως
1736 5645 1829 5705 καὶ

275 5740 554 5813 θειοτέρως
581 5741 898 5812 σεσαρκῶσθ
911 5759 961 5796 1t
983 5741 1145 5796 αὐτὸν
1173 5742 1507 5796 ἀνέπλαττον
1534 5757 1551 5776 ο
1578 5743 1666 5796 καὶ
1694 5742 1827 5798 ἄλλα

1937 5647 2158 5703 tninime
2186 5658 2523 5704 vererentur.
2572 5650 2780 5716 Corpus
2811 5665 3048 5718 quoque,
3099 5663 3202 5702 non
3260 5644 3499 5714 ejusdem

1936 5758 2058 5798 cum
2086 5742 2334 5797 humanis
2382 5741 2703 5810 corporibus
2753 5750 2983 5805 naturae,
3010 5755 3108 5796 nec
3138 5753 3207 5795 ex
3241 5737 3510 5808 virgineis
