3940 6480
239 426 340 491 385

1345 413 1424 473 IN
1464 377 2332 472 CAN.IICONC.CHALCED.

3437 183 3455 210 Α

3350 400 3453 461 386

300 541 432 594 τινὰ
457 537 560 592 τοῦ
591 537 869 602 κανόνος,
911 533 986 588 δι’
1013 528 1498 600 αἰσχροκέρδειαν
1520 543 1533 557 ’
1564 528 1598 580 ὁ
1625 523 1798 578 τοῦτο

1973 522 2186 589 strum),
2256 537 2332 572 vet
2384 518 2596 572 omnino
2634 519 2864 588 aliquem
2930 533 2994 570 ea:
3034 530 3232 568 canone
3288 517 3456 583 turpis

299 626 686 700 ἐπιχειρήσας
737 624 1038 697 ἐλεγχθεὶς
1077 620 1469 677 κινδυνευέτω
1501 616 1635 685 περὶ
1688 615 1796 667 τὸν

304 727 524 780 οἰκεῖον
547 724 784 791 ,ϐαθμὸν
809 738 821 753 ’
853 719 950 773 καὶ
989 721 1021 772 ὁ
1050 713 1572 784 χειροτονούμενος
1605 707 1797 778 μηδὲν

309 819 375 871 ἐκ
399 815 508 883 τῆς
535 815 660 868 κατ’
691 812 983 882 ἐμπορίαν
1010 808 1352 876 ὡφελεῖσθω
1374 803 1740 871 χειροτονίας
1757 799 1794 867 ἢ

305 907 610 978 προϐολῆς
631 921 644 934 ⁸
679 904 815 960 ἀλλ’
844 904 998 957 ἔστω
1049 898 1363 964 ἀλλότριος
1410 893 1521 962 τῆς
1552 892 1727 956 ἀξίας
1756 889 1795 957 ἢ

304 1003 406 1055 τοῦ
429 1000 867 1069 φροντίσματος
893 989 1076 1060 οὗπερ
1119 990 1215 1043 ἐπὶ
1240 986 1539 1056 χρήμασιν
1559 985 1796 1052 ἔτυχεν.

303 1093 455 1149 Είόἐ
488 1109 580 1158 τις
619 1089 716 1143 καὶ
743 1086 1075 1158 μεσιτεύων
1102 1079 1264 1152 φανῇ
1317 1078 1439 1142 τοῖς
1470 1077 1657 1141 οὕτως
1706 1078 1798 1129 αὶ-

303 1183 518 1253 σχροῖς
549 1182 647 1235 καὶ
678 1179 975 1248 ἀθεμίτοις
1005 1176 1337 1242 λήμμασιν,
1371 1168 1468 1221 καὶ
1516 1162 1715 1231 οὗτος,
1748 1166 1798 1218 ει

301 1277 412 1345 μὲν
439 1271 731 1340 κληρικὸς
752 1268 871 1335 εἴη,
913 1267 1019 1319 τοῦ
1065 1263 1291 1318 οἰκείου
1324 1257 1654 1312 ἐκπιπτέτω
1677 1257 1796 1319 βα-

307 1365 450 1433 θμοῦ
474 1377 494 1395 '
551 1365 602 1415 εἰ
634 1361 702 1413 δὲ
729 1361 940 1424 λατιιὸς
969 1357 1006 1426 ἢ
1043 1352 1332 1426 μονάδων,
1394 1347 1801 1418 ἀναθεματιζέ-

306 1460 442 1511 σθω.

307 1548 498 1601 ΒΑΛΣ.
552 1546 609 1598 Ὀ
668 1543 749 1598 κθ⁹
794 1541 976 1597 κανὼν
1010 1544 1116 1595 τῶν
1151 1543 1320 1610 ἁγίων
1360 1539 1673 1596 ἀποστόλων
1707 1535 1802 1588 καὶ

255 1643 280 1692 δ
305 1639 368 1703 λ’,
403 1639 502 1691 καὶ
537 1639 737 1707 ἕτεροι,
772 1635 1022 1705 μεγάλως
1053 1633 1352 1705 τιμωροῡσι
1395 1633 1518 1690 τοὺς
1556 1630 1642 1683 διὰ
1671 1645 1802 1698 χρη-

253 1735 416 1804 μάτων
446 1728 892 1799 χειροτονοῦντας
929 1744 988 1779 τε
1035 1727 1128 1778 καὶ
1183 1722 1705 1796 χειροτονουμένους.
1745 1719 1802 1771 'U

251 1826 300 1879 δὲ
325 1823 515 1894 παρὼν
557 1820 737 1874 κανὼν
779 1820 1072 1888 διορίζεται
1116 1818 1188 1887 μὴ
1230 1818 1392 1886 μόνον
1426 1811 1801 1876 τούτουςκαθ-

255 1917 510 1988 αιρείσοαι
543 1956 557 1980 ,
611 1913 746 1966 ἀλλὰ
794 1911 892 1964 καὶ
950 1916 1076 1973 τοὺς
1130 1909 1273 1962 οὕτω
1325 1906 1591 1977 σφραγὶζο

259 2005 734 2078 σφραγιζομένους,
770 2005 904 2074 πρὶς
941 2002 998 2056 δὲ
1027 2003 1120 2055 καὶ
1152 2002 1278 2064 τοὺς
1315 2000 1457 2053 οὓτω
1495 1996 1798 2070 προϐαλλο-

267 2102 453 2166 μένους,
485 2097 522 2166 ἢ
553 2093 1125 2164 προὸληθησομένους.
1155 2093 1337 2161 (λι-μὲν
1360 2091 1467 2165 γὰρ
1491 2090 1800 2151 ἐπίσκοποι,

265 2193 305 2243 oi
329 2188 754 2260 χωρεπὶσκοποι,
786 2186 835 2239 οἱ
861 2184 1242 2256 πρεσϐύτεροι,
1272 2186 1321 2237 οἱ
1351 2184 1605 2246 διάκονοι,
1635 2183 1731 2235 καὶ
1753 2183 1802 2233 ol

273 2284 586 2338 ὑποδιάκονοι
603 2279 1054 2351 χειροτονοῦνται·
1072 2277 1121 2330 οἱ
1135 2275 1358 2346 ψάλται,
1376 2276 1426 2329 οἱ
1438 2275 1804 2343 ἀναγνῶσται,

279 2377 319 2428 ol
338 2375 571 2443 ἄρχοντες
606 2373 700 2425 καὶ
723 2371 898 2441 ἕτεροι
923 2370 1332 2441 σφραγίζονταιο
1360 2368 1408 2421 οἱ
1431 2367 1488 2420 δὲ
1507 2365 1805 2435 οἰκονόμοι,

273 2467 316 2518 ol
342 2463 738 2533 χαρτουλάριοι,
776 2463 826 2513 οἱ
864 2459 1285 2531 παραμονάριοι,
1317 2458 1411 2510 καὶ
1445 2457 1650 2526 ἕτεροι,
1679 2473 1804 2526 προ·

271 2556 556 2610 ϐάλλονται.
592 2555 702 2608 Καὶ
735 2553 890 2606 τοῦτο
917 2551 1251 2620 παρίσταται
1286 2550 1394 2602 ἀπο
1420 2547 1513 2600 τοῦ
1542 2547 1808 2616 παρόντος

263 2648 485 2709 κανόνος,
514 2645 764 2713 λέγοντος
791 2660 805 2674 ·
836 2642 1016 2706 Μηδὲν
1039 2643 1101 2693 ὲκ
1122 2637 1220 2708 τῆς
1244 2637 1362 2693 κατ’
1381 2637 1648 2708 ἐμπορίαν
1667 2635 1813 2706 ὠφε-

261 2737 455 2791 λεῖσθαι
511 2738 848 2806 χειροτονίας
892 2735 924 2804 ἢ
966 2732 1260 2804 προϐολῆς.
1315 2731 1405 2802 Τῷ
1438 2732 1546 2801 γὰρ
1583 2729 1812 2800 ὀνόματι

260 2831 343 2898 τῆς
371 2828 713 2899 χειροτονίας
741 2825 839 2879 καὶ
890 2826 922 2894 ἡ
955 2823 1192 2894 σφραγὶς
1232 2822 1573 2894 περιέχεται,
1607 2822 1682 2884 ὡς
1723 2819 1814 2872 διὰ

259 2921 425 2993 χειρὸς
458 2919 751 2989 γινομένη,
783 2918 844 2970 οὐ
880 2919 985 2986 μὴν
1019 2921 1114 2970 καὶ
1151 2918 1185 2987 ἡ
1226 2913 1490 2986 προϐολή.
1523 2913 1674 2983 Αὕτη
1702 2913 1814 2983 γὰρ

259 3012 340 3064 καὶ
364 3012 491 3079 δίχα
520 3009 821 3079 σφραγῖδος
859 3007 1113 3060 τελεῖται.
1163 3004 1545 3073 Ἀναφαῑνεται
1574 3003 1630 3056 δὲ
1660 3001 1818 3056 τοῦτο

259 3104 342 3156 καὶ
361 3107 422 3157 ὲκ
443 3101 545 3155 τοῦ
573 3102 747 3154 εἰπεῖν
787 3101 876 3154 τὸν
907 3100 1107 3151 κανόνα
1133 3113 1147 3129 ·
1194 3096 1334 3150 Ἀλλ’
1365 3097 1506 3149 ἔστω
1534 3094 1817 3164 ἀλλότριος

257 3195 344 3263 τῆς
423 3194 588 3259 ἀξίας
647 3194 680 3262 ἢ
724 3191 827 3266 ,τοῦ
874 3190 1269 3262 φροντίσματος
1307 3182 1368 3242 οὗ
1414 3187 1507 3239 ἐπὶ
1541 3187 1816 3258 χρήμασιν

257 3287 462 3354 ἒτυχεν.
505 3285 582 3336 Οὐ
626 3285 819 3353 μόνους
857 3282 911 3334 δὲ
939 3280 1158 3342 τούτους
1189 3279 1430 3343 κολάζει,
1464 3278 1538 3342 ὡς
1576 3278 1814 3348 εἴρηται,

255 3377 381 3429 ἀλλά
406 3377 509 3429 καὶ
539 3377 665 3436 τοὺς
701 3374 1044 3444 μεσάσαντας
1077 3370 1338 3442 μοναχοὺς
1363 3371 1396 3440 ἢ
1426 3369 1644 3432 λαῖκοὺς
1659 3368 1818 3433 ὄντας

257 3467 672 3540 ἀναθεματίζει.
708 3465 1020 3536 Σημειωσαι
1056 3463 1118 3518 τὸ
1154 3482 1248 3517 του
1280 3462 1697 3534 παραμοναρίου
1726 3461 1816 3513 καὶ

257 3565 342 3618 τοῦ
370 3563 691 3632 οἰκονόμου.
732 3561 866 3630 Περὶ
899 3560 956 3614 δὲ
983 3560 1405 3632 χωρεπισκόπου
1444 3557 1599 3630 ζήτει
1624 3557 1724 3628 τῆς
1762 3559 1820 3611 ὲν

257 3657 663 3727 Νεοκαισαρείᾳ
689 3655 906 3707 συνόδου
934 3654 1132 3708 κανόνα
1166 3659 1257 3723 ιγ’.

321 3930 578 3984 ΖΩΝΑΡ.
618 3926 727 3979 Καὶ
753 3923 860 3976 τῶν
894 3921 1064 3990 ἁγίων
1093 3918 1422 3984 ἀποστόλων,
1455 3917 1548 3971 καὶ
1590 3914 1822 3970 συνόδων

257 4025 428 4076 ἄλλων
465 4019 693 4079 κανόνες
726 4016 834 4069 εἰσὶ
858 4015 1102 4082 διάφοροι
1125 4013 1252 4080 περὶ
1283 4009 1376 4062 τοῦ
1406 4010 1479 4077 μὴ
1505 4006 1822 4077 χειροτονεῖ-

258 4117 377 4168 σθαι
405 4130 564 4174 τινας
586 4113 678 4164 ἐπὶ
700 4110 843 4162 δόσει
868 4104 1328 4178 χρημάτων,μήτε
1359 4102 1463 4170 μὴν
1479 4101 1565 4150 διὰ
1587 4112 1825 4166 προστα-

260 4211 374 4270 σίας
397 4202 737 4275 ἀρχοντικῆς
758 4218 772 4231 ⁸
800 4204 826 4254 ὁ
857 4202 914 4254 δὲ
937 4198 1126 4270 παρὼν
1169 4193 1349 4251 κανὼν
1380 4187 1534 4254 οὗτος
1562 4188 1826 4242 πλατύτε-

262 4319 350 4370 ρον
379 4300 454 4352 τὰ
485 4296 616 4366 περὶ
636 4297 825 4348 τούτου
847 4292 1208 4355 διατάττεται,
1237 4288 1333 4340 καὶ
1369 4282 1674 4355 ἀπαριθμεῖ
1698 4278 1824 4342 τοὺς

260 4389 792 4464 χειροτονουμένους,
815 4385 911 4438 καὶ
935 4384 1058 4445 τοὺς
1115 4378 1603 4451 προϐαλλομένους.
1634 4375 1697 4428 Οἱ
1727 4372 1824 4443 μὲν

260 4487 366 4553 γὰρ
390 4475 830 4551 χειροτονοῦνται
869 4473 941 4536 ὡς
985 4473 1294 4533 ἐπίσκοποι,
1324 4477 1416 4521 καὶ
1439 4464 1824 4536 πρεσϐύτεροι,

1963 621 2193 681 quwstus
2221 613 2397 682 gratia
2419 627 2438 665 :
2468 612 2557 680 qui
2599 612 2694 664 hoc
2725 620 2952 663 tentasse
2977 609 3242 662 convictus
3275 607 3457 676 fuerit,

1967 708 2031 758 de
2053 707 2263 771 proprio
2296 705 2468 773 gradu
2510 703 2564 756 in
2595 703 2882 771 periculum
2914 703 3085 754 veniat
3112 716 3131 753 :
3165 711 3212 754 el
3258 703 3346 770 qui
3382 712 3456 753 est

1969 800 2268 861 ordinatus,
2295 812 2359 849 ea:
2396 795 2723 848 ordinatione
2753 794 2828 848 vel
2874 795 3195 862 promotione
3233 809 3349 861 qua:
3379 794 3462 846 in-

1967 896 2082 942 star
2111 895 2455 940 mercatorum
2488 887 2836 950 venundatur,
2891 883 3020 936 nihil
3060 883 3314 949 juvetur:
3371 884 3461 935 sed

1969 981 2087 1033 sita
2124 978 2376 1047 dignitate
2427 974 2501 1028 uel
2532 975 2824 1036 curatione,
2856 990 3012 1042 quam
3059 975 3289 1042 pecuniis
3335 973 3463 1026 ade-

1969 1081 2087 1138 ptus
2117 1083 2215 1134 est,
2245 1069 2472 1122 alienus.
2505 1065 2564 1121 Si
2602 1067 2718 1136 quis
2757 1075 2932 1119 autent
2965 1067 3093 1118 adeo
3133 1066 3374 1134 turpibus
3412 1074 3461 1117 et

1971 1155 2193 1224 nefariis
2223 1156 2385 1209 lucris
2409 1156 2722 1208 intercessor
2744 1155 3074 1220 apparuerit,
3117 1156 3202 1206 hic
3240 1171 3464 1222 quoque,

1971 1247 2017 1299 si
2039 1248 2105 1298 sit
2136 1248 2342 1315 quidem
2366 1245 2608 1307 clericus,
2638 1246 2850 1312 proprio
2882 1246 3050 1314 gradu
3087 1245 3301 1298 excidat
3332 1261 3352 1298 :
3383 1245 3465 1297 sin

1903 1378 1907 1384 .
1973 1356 2090 1392 rero
2122 1339 2292 1391 laicus
2324 1340 2393 1390 sit
2425 1339 2498 1392 vel
2558 1344 2863 1400 monachus,
2899 1338 3399 1391 auathematizetur.

1977 1516 2170 1571 BALS.
2207 1516 2507 1571 Vicesimus
2548 1529 2723 1568 nonus
2760 1530 2932 1569 canon
2989 1524 3296 1568 sanctorum
3341 1528 3471 1579 apo-

1905 1609 2164 1664 stolorum
2193 1618 2246 1661 et
2278 1607 2586 1662 tricesimus
2611 1616 2664 1658 et
2693 1606 2807 1669 alii,
2836 1621 2931 1660 eos
2983 1607 3137 1659 valde
3162 1606 3388 1674 puniunt
3417 1614 3472 1658 et

1908 1701 1997 1768 qui
2023 1700 2297 1765 ordinant,
2332 1709 2385 1752 et
2432 1699 2523 1768 qui
2563 1709 2780 1769 propter
2830 1700 3089 1768 pecunias
3130 1698 3469 1751 ordinantur.

1911 1793 2006 1846 llic
2034 1807 2162 1846 vero
2190 1805 2432 1860 praesens
2476 1805 2648 1844 canon
2685 1790 2950 1851 decernit,
2995 1804 3101 1842 non
3149 1787 3321 1842 solum
3375 1802 3473 1842 eos

1594 1923 1721 1968 ντας
1766 1882 1874 1973 ἢΒ
1904 1883 2290 1950 deponendos,
2329 1881 2422 1934 sed
2472 1894 2566 1934 eos
2618 1881 2780 1933 etiam
2836 1880 2923 1948 qui
2973 1881 3343 1933 characterem
3395 1879 3475 1932 sic

1904 1977 2170 2036 tribuunt,
2203 1987 2401 2041 eosque
2434 1974 2628 2041 quibus
2649 1974 2844 2025 datur:
2884 1980 3139 2039 prteterea
3195 1981 3373 2022 autem
3419 1976 3477 2024 et

1902 2081 1995 2120 eos
2025 2066 2114 2135 qui
2159 2064 2237 2118 sic
2275 2071 2610 2132 promovent,
2653 2061 2732 2116 vel
2783 2061 2946 2116 etiam
2995 2062 3473 2129 promovebuntur.

1897 2154 2152 2238 ‘EpiscOpi
2208 2153 2374 2218 enim,
2428 2150 2827 2221 chorepiscopi,
2862 2150 3184 2221 presbyteri,
3231 2147 3470 2208 diaconi.

1905 2245 2226 2302 subdiacdni
2278 2244 2631 2308 ordinantur;
2675 2253 2948 2306 cantores,
2993 2241 3247 2308 lectores,
3283 2241 3472 2309 praesi-

1909 2341 2073 2392 deset
2100 2337 2215 2400 alii,
2265 2336 2586 2389 charactere
2637 2332 3027 2402 designantur:
3062 2334 3329 2386 (econonti
3375 2347 3475 2385 an-

1911 2438 2038 2493 tem,
2065 2427 2395 2493 chartularii,
2448 2425 2808 2496 paramonarii
2860 2429 2976 2494 (seu
3027 2425 3474 2478 monaSteriorum

1908 2521 2235 2590 administri)
2287 2529 2342 2575 et
2399 2520 2492 2574 alii
2548 2526 2958 2588 promoventur.
2995 2516 3062 2570 Et
3101 2517 3199 2571 hoc
3245 2533 3307 2570 ex
3344 2533 3480 2586 pra:-

1908 2613 2051 2669 senti
2082 2627 2290 2667 canone
2310 2620 2552 2683 apparet,
2579 2612 2669 2681 qui
2722 2611 2890 2664 dicit:
2930 2609 3004 2664 Ex
3029 2611 3366 2664 ordinatione
3397 2609 3479 2662 vel

1911 2704 2280 2775 promotione,
2311 2718 2430 2773 qua:
2481 2704 2655 2758 instar
2682 2713 3048 2758 mercatorum
3111 2703 3474 2767 venundatur,

1913 2797 2054 2851 nihil
2099 2795 2338 2867 juvetur.
2404 2793 2776 2850 Ordinationis
2838 2794 2984 2848 enim
3047 2794 3264 2847 nomine
3314 2793 3477 2846 etiam

1913 2888 2249 2945 characteris
2281 2887 2569 2956 impressio
2602 2885 3082 2954 comprehenditur
3143 2895 3198 2938 ut
3239 2900 3335 2953 per
3366 2901 3483 2937 ma-

1918 2998 2045 3039 num
2100 2982 2278 3036 facta:
2309 2978 2405 3035 sed
2443 2993 2549 3032 non
2609 2975 2795 3031 itidem
2848 2976 3137 3045 prouiotio.
3183 2974 3300 3045 Ipsa
3337 2977 3478 3029 enin-

1918 3075 2078 3130 etiam
2107 3074 2226 3128 sine
2257 3070 2590 3126 characteris
2643 3066 2864 3123 datione
2916 3068 3212 3136 perficitur.
3248 3066 3485 3134 Apparet

1923 3178 2101 3223 autem
2133 3166 2236 3220 hoc
2276 3164 2442 3218 etiam
2469 3178 2535 3218 ex
2558 3176 2623 3215 eo
2651 3161 2793 3232 quod
2845 3160 2974 3214 dicit
3003 3175 3174 3214 canon
3206 3175 3218 3211 :
3257 3160 3360 3212 Sed
3415 3158 3487 3210 sit

1924 3257 2134 3311 alienus
2168 3272 2195 3308 a
2233 3253 2497 3323 dignitate
2553 3253 2636 3307 vel
2703 3250 3008 3315 curatione,
3037 3265 3194 3317 quam
3241 3250 3487 3316 pecuniis

1923 3357 2201 3404 assecutus
2225 3355 2326 3400 est.
2363 3332 2477 3399 Nan
2533 3344 2631 3398 hos
2675 3352 2854 3396 autem
2898 3343 3042 3396 solos
3103 3341 3272 3410 punit,
3309 3350 3367 3393 ut
3399 3341 3485 3394 di-

1924 3451 2069 3496 ctum
2096 3449 2212 3502 est;
2238 3436 2331 3491 sed
2357 3451 2449 3490 eos
2471 3438 2654 3496 etiam,
2683 3432 2772 3502 qui
2810 3435 3200 3486 intercessores
3257 3429 3477 3488 iuerint,

1925 3530 1970 3586 si
2032 3529 2144 3585 sint
2206 3527 2325 3581 laici
2375 3525 2458 3579 vel
2515 3521 2805 3589 monachi,
2845 3520 3289 3575 anathematizat.
3350 3518 3486 3572 Nota

1925 3623 2066 3695 quod
2089 3620 2284 3676 dicitur
2312 3619 2376 3673 de
2407 3616 2787 3687 paramonario
2817 3622 2871 3668 et
2899 3627 3204 3668 oeconomo.
3255 3611 3326 3664 De
3357 3611 3486 3663 cbo-

1927 3712 2221 3785 repiscOpis
2273 3719 2452 3762 autem
2488 3714 2669 3778 quzere
2701 3703 2914 3776 synodi.
2971 3719 3090 3776 qua:
3122 3701 3221 3757 fuit
3267 3700 3491 3756 Neocae-

1923 3821 2128 3870 saretn,
2158 3818 2281 3858 ean.
2311 3801 2376 3855 l3

2010 3917 2268 3974 ZONAR.
2304 3913 2555 3967 Pluribus
2580 3911 2702 3966 aliis
2738 3906 3105 3977 apostolorum
3139 3905 3492 3976 synodorum-

1926 4027 2033 4084 que
2078 4008 2331 4073 decretis,
2395 4003 2569 4074 pretio
2601 4004 2898 4069 redempta,
2935 4009 3028 4051 aut
3061 3997 3367 4067 principutn
3413 3995 3482 4047 vi-

1931 4119 2112 4160 rorum
2142 4099 2462 4155 auctoritate
2494 4103 2707 4151 extorta
2736 4093 2988 4148 ordinmn
3033 4088 3254 4144 collatio
3306 4086 3488 4155 prohi-

1930 4197 2106 4250 betur.
2163 4192 2305 4246 Idem
2351 4192 2453 4244 hoc
2504 4201 2732 4249 canone,
2776 4184 2950 4237 iusius
2997 4192 3173 4236 tamen
3225 4178 3494 4247 explicata

1931 4283 2346 4344 constitutione,
2374 4278 2706 4334 decernitur.
2746 4275 2801 4329 ιιι
2827 4289 2893 4329 eo
2926 4271 3218 4341 siquidem,
3247 4280 3298 4324 et
3352 4268 3489 4338 qui-

1931 4378 2032 4432 bus
2094 4373 2312 4430 ordines
2367 4368 2642 4432 conferri,
2702 4375 2757 4422 et
2815 4366 3122 4435 quicunque
3188 4361 3493 4431 promoveri

1933 4478 2182 4542 possunt,
2235 4473 2643 4522 enumerantur.
2679 4460 2812 4515 Nam
2875 4458 2966 4512 alii
3019 4458 3261 4526 quidem,
3302 4468 3408 4522 quo
3442 4453 3494 4505 in

260 4544 352 4626 ὲαὶ
375 4544 618 4626 διάκονοι
640 4568 732 4621 καὶ
763 4564 1101 4618 ὐποδιάκονοι
1123 4579 1137 4592 ·
1157 4562 1205 4614 οἱ
1226 4561 1281 4613 δὲ
1311 4558 1700 4629 σφραγίζονται
1732 4555 1814 4624 μό-

1939 4576 2164 4621 numero
2219 4560 2480 4630 episcOpi,
2516 4551 2838 4626 presbyteri,
2884 4550 3092 4604 diaconi
3123 4557 3177 4602 et
3232 4544 3492 4614 hypodia-

264 4683 375 4730 νος,
439 4665 562 4728 (καὶ
588 4658 746 4713 τοῦτο
773 4658 827 4710 δὲ
858 4654 1198 4725 χειροθεσίας
1227 4652 1421 4721 ἐστὶν),
1473 4651 1549 4712 ὡς
1582 4646 1827 4715 ἀναγνῶ-

265 4774 387 4810 erat
409 4757 511 4808 καὶ
528 4752 754 4822 ψάλται,
774 4748 870 4801 καὶ
901 4748 951 4800 οἱ
971 4745 1181 4807 τούτοις
1198 4743 1374 4812 ὅμοιοι
1393 4757 1405 4772 ·
1439 4741 1489 4792 oi.
1512 4740 1567 4792 δὲ
1594 4738 1832 4810 προϐάλ-

263 4847 469 4911 λονται,
504 4845 580 4906 ὡς
607 4843 880 4909 οἰκονόμοι
913 4838 1005 4890 καὶ
1034 4836 1237 4896 ἔκδικοι
1267 4834 1358 4886 καὶ
1405 4831 1831 4902 παραμονάριοι.

269 4940 484 5000 Πάντας
524 4931 616 4988 οὖν
657 4933 879 4995 τούτους
918 4928 1248 5000 ἀπαγορεύει
1281 4929 1308 4979 ὁ
1343 4923 1524 4979 κανὼν
1547 4918 1700 4988 οὗτος
1739 4924 1835 4976 ἐπὶ

266 5029 412 5081 δόσ-ι
440 5028 739 5098 χρημάτων
768 5024 1029 5094 γίνεσθαι.
1069 5023 1162 5074 καὶ
1190 5020 1315 5083 τοὺς
1332 5019 1429 5088 τὴν
1457 5016 1702 5086 ἄπρατον
1731 5015 1832 5093 χὰ-

1934 4657 2056 4713 coni
2087 4662 2233 4720 sunt,
2265 4650 2623 4707 ordinantur:
2654 4643 2912 4709 nonnulli,
2943 4651 3000 4695 ut
3023 4641 3273 4704 lectores,
3307 4647 3489 4691 canto-

1937 4763 2022 4803 res
2050 4761 2113 4800 ac
2129 4741 2442 4814 huiusmodi
2469 4738 2558 4792 alii
2585 4737 2747 4806 (quod
2776 4738 2951 4802 ipsum
2976 4747 3082 4785 non
3101 4730 3218 4784 sine
3241 4743 3492 4782 manuum

1937 4833 2280 4905 impositione
2322 4829 2633 4897 contingit),
2668 4826 2783 4881 solo
2840 4823 3158 4878 charactere
3189 4819 3493 4890 signantur,

1939 4926 2028 4980 alii
2055 4927 2289 4988 demum,
2324 4932 2382 4975 ut
2413 4918 2703 4982 meonomi,
2730 4915 3062 4978 delensores,
3095 4910 3492 4981 paramonarii-

1943 5031 2051 5087 que
2085 5010 2675 5088 (seumonasteriornm
2722 5003 3050 5070 administri)
3089 5011 3496 5072 promoventur.

1497 5153 1687 5214 Guill.
1721 5150 2043 5230 Beveregii
2078 5160 2262 5211 notae.

270 5315 334 5354 ex
372 5293 698 5351 oﬂicialibus
728 5288 910 5359 regiis,
935 5289 1020 5343 cui
1063 5286 1331 5349 incubuit,
1363 5282 1669 5359 mansiones
1695 5279 1829 5349 regi,

271 5370 356 5423 vel
424 5364 626 5420 homini
681 5357 850 5431 regio,
881 5362 961 5413 vel
995 5360 1167 5431 cuivis
1200 5371 1324 5425 rege
1353 5357 1540 5416 misso,
1567 5365 1672 5404 una
1703 5364 1832 5404 cum

272 5438 474 5491 viatico
505 5449 604 5501 pro
632 5429 872 5502 personae
893 5429 1479 5502 dignitatepraaparare
1502 5436 1649 5502 ;_quo
1673 5434 1833 5502 sensu

275 5488 603 5561 iiincmarus
633 5488 733 5556 hac
774 5514 903 5553 voce
932 5488 1072 5567 stupe
1101 5488 1302 5550 utitur.-
1317 5494 1482 5567 Epist.
1511 5488 1576 5567 ᾗ,
1590 5505 1709 5558 cap.
1747 5488 1833 5551 16,

274 5578 370 5630 25.
404 5578 573 5628 Aliter
605 5583 892 5640 usurpatur
922 5563 1034 5622 haec
1075 5584 1173 5640 vox
1206 5563 1600 5640 mansionurius
1624 5575 1720 5628 pro
1743 5573 1828 5638 eo,

278 5629 438 5710 cuius
458 5655 574 5697 erat
605 5629 881 5708 latnpudas
905 5640 955 5692 in
981 5639 1177 5710 templo
1203 5634 1518 5710 accendere,
1551 5639 1613 5710 _et
1632 5629 1835 5710 exstin-

279 5699 446 5784 gn'ere
481 5732 494 5766 :
536 5720 593 5764 ut
634 5699 844 5764 constat
885 5725 954 5784 ex
1014 5699 1253 5777 Gregorii
1311 5705 1518 5784 Dialog.
1549 5702 1584 5754 Ι.
1619 5699 1827 5784 t,

281 5769 367 5838 λι)
406 5787 501 5836 hoc
538 5796 701 5835 sensu
728 5791 878 5833 vetus
909 5769 1170 5844 interprés
1198 5793 1300 5828 non
1354 5769 1579 5826 Inuitum
1607 5769 1828 5829 abludit,

283 5857 376 5908 ubi
411 5851 699 5906 Ostiarium
747 5850 921 5914 vertit.
973 5849 1079 5904 Sed
1129 5857 1317 5900 neuter
1357 5847 1548 5898 horum
1573 5853 1826 5896 sensuum

1950 5273 2205 5346 praesenti
2233 5271 2363 5346 loco
2407 5268 2652 5346 quadrat.
2705 5262 2837 5318 Nam
2897 5258 3309 5346 napapova'tptm;
3350 5256 3495 5346 omni

1942 5331 2128 5416 procul
2159 5343 2320 5397 dubio
2355 5331 2587 5416 aliquem
2640 5350 2819 5416 rerum
2863 5331 3355 5416 ecclesiasticarum
3383 5332 3494 5416 ‘ad-

1942 5396 2364 5470 ministratorem
2402 5396 2690 5478 si'gnilicat.
2734 5405 2886 5478 Quod
2923 5404 3084 5478 etiam
3132 5396 3496 5478 esupralan-

1942 5488 2069 5539 dato
2117 5480 2404 5536 Justiniani
2454 5471 2571 5533 loco
2621 5475 2835 5546 egregie
2867 5471 3221 5546 conﬁrmatur
3261 5485 3274 5520 :
3316 5477 3498 5546 utpote

1939 5536 2007 5610 ίῖῐ
2027 5536 2134 5623 quo
2179 5550 2556 5623 parantonarii
2595 5536 3154 5622 in‘t'er'xenodochos,
3189 5536 3496 5623 ptochotro-

1941 5607 2094 5694 plto's,
2129 5607 2460 5684 teconomos,
2491 5613 2868 5694 aliosque‘qui
2919 5624 3105 5694 omnes
3152 5607 3496 5658 administra-

1939 5677 2140 5749 ἶίὸέιείιι
2171 5693 2407 5760 aliquam
2442 5677 2911 5760 sibi‘connnissam
2950 5677 3286 5760 habuerunt,
3311 5689 3499 5727 recen-

1939 5747 2028 5820 siti
2068 5747 2208 5818 dsunt
2243 5747 2276 5815 ε’
2308 5757 2757 5824 quemadmodum
2820 5752 2981 5803 etiam
3036 5750 3086 5799 iu
3142 5747 3245 5800 hoc
3291 5759 3503 5805 canone

1935 5833 2334 5902 defensoribya,
2365 5839 2417 5884 et
2447 5823 2741 5884 mconomis
2769 5826 3223 5876 connumerantur
