3940 6480
487 367 592 430 337

1743 371 2022 432 ΤΠΕΟΙ).

2152 418 2155 429 .
2169 373 2302 432 LSA
2311 372 2469 434 ΜοΝ
3593 387 3683 452 388

487 481 566 534 me
593 493 757 550 quem
788 477 947 549 igitur
969 493 1032 532 ex
1064 478 1152 532 his
1175 480 1424 535 omnibus
1473 483 1722 538 mercede
1744 484 2042 553 interposit:

2165 499 2251 552 ptv
2274 483 2369 536 τού
2397 485 2556 551 ἁγίου
2591 485 2936 555 Πνεύματος,
2960 487 3058 556 τὴν
3090 485 3351 558 ἀτίμητον
3393 490 3575 564 δηλαδὴ
3603 504 3688 569 τὴν

483 574 660 631 creari
686 572 872 634 liceat,
905 572 1006 624 hoc
1049 586 1255 626 canone
1306 573 1684 640 constitutum,
1716 578 1915 645 quique
1945 592 2053 631 non

482 666 725 720 venalem
784 662 1026 732 Spiritu:
1069 665 1242 717 sancti
1305 666 1558 733 gratiam,
1622 667 2050 722 iitaastitnabiletn

482 757 753 817 Videlicet,
787 754 1078 808 venditioni
1111 771 1214 809 non
1261 756 1552 825 subjeclam
1580 759 1650 812 ob
1701 759 2053 828 superexcel-

483 849 680 902 lentem
727 857 782 901 et
845 848 1321 916 incomparabilem
1375 849 1491 918 ejus
1522 860 1774 904 naturam
1809 853 2047 908 vendere

483 940 611 1007 (hoc
641 939 782 992 enim
838 948 921 991 est
979 937 1030 990 in
1089 939 1450 993 venditionem
1521 942 1813 1003 deducere)
1863 945 2053 1012 depre-

488 1029 643 1083 hensi
673 1029 894 1093 fuerint,
929 1028 980 1080 in
1016 1028 1323 1094 periculum
1373 1028 1442 1084 de
1471 1045 1569 1084 suo
1620 1035 1789 1101 gradu
1841 1036 2048 1100 venire,

481 1124 582 1175 hoc
629 1132 732 1186 est,
761 1136 825 1175 eo
855 1119 1060 1174 moveri
1106 1135 1169 1174 ac
1194 1122 1388 1190 deponi
1420 1122 1703 1191 iubentur.
1732 1127 1908 1192 Atque
1938 1127 2050 1181 hinc

477 1214 695 1283 quidem
749 1214 803 1268 iu
832 1229 946 1278 eos,
973 1215 1091 1284 qui,
1135 1215 1215 1268 vel
1247 1216 1529 1272 ordinibus
1572 1218 1934 1286 conferendis,
1967 1221 2046 1274 vel

479 1309 638 1361 alicui
676 1309 740 1361 ad
769 1322 833 1362 ea
883 1323 1128 1372 munera,
1178 1323 1296 1376 quae
1335 1310 1389 1362 in
1417 1326 1625 1365 canone
1671 1326 2045 1379 recensentur,

475 1403 744 1469 eligendo,
797 1417 859 1456 ac
921 1405 1141 1457 omnino
1195 1405 1582 1460 ecclesiasticae
1628 1409 1835 1463 militiai
1868 1413 2044 1464 ascri-

479 1493 676 1558 bendo,
710 1493 1098 1545 mercenariam
1149 1509 1366 1562 operam
1405 1495 1668 1560 locavere,
1714 1508 2043 1557 statuuntur.

476 1586 578 1650 Qui
608 1600 734 1637 vero
765 1586 981 1639 eosdem
1007 1585 1226 1641 ordines
1251 1589 1686 1655 promotionesve
1715 1602 1840 1645 sunt
1870 1608 2048 1647 emer-

475 1679 602 1742 cati,
659 1677 791 1730 nihil
848 1693 942 1731 eos
1007 1693 1070 1730 ex
1110 1677 1213 1732 hac
1269 1694 1548 1734 sacrorum
1608 1684 2044 1750 nundinatione,

476 1767 800 1833 Sordidaque
850 1767 1219 1836 negotiatione
1270 1767 1446 1836 iuvari
1499 1772 1770 1826 decretum
1833 1783 1935 1827 est.
1986 1775 2042 1828 Si

2160 576 2366 646 πράσει
2404 575 2479 646 μὴ
2508 576 2942 642 ύποπίπτουσαν,
2991 580 3079 631 διὰ
3121 579 3182 632 τὸ
3224 582 3491 651 ὑπερφυὲς
3536 587 3685 658 αὐτῆς

2163 669 2257 722 καὶ
2282 668 2588 739 ύπέρτιμον
2619 669 2930 734 πωλοῦντας
2967 670 3146 739 (τοῦτο
3169 671 3273 742 γάρ
3302 673 3361 726 τὸ
3398 676 3472 738 είς
3505 680 3686 747 πρᾶσιν

2163 762 2444 832 κατάγειν)
2485 764 2870 832 ἐλεγχομένους
2921 763 3250 816 κινδυνεύειν
3305 765 3535 830 θεσπίζει
3580 773 3691 838 περὶ

2167 856 2258 908 τὸν
2291 857 2491 910 οἰκεῖον
2525 856 2753 924 βαθμὸν,
2784 856 2903 910 ἀντὶ
2945 854 3039 910 τοῦ
3069 855 3351 909 ἐκπίπτειν
3377 861 3553 910 τούτου
3569 861 3693 912 καθ-

2159 948 2541 1018 αιρουμένους.
2585 946 2770 1001 Ταῦτα
2803 949 2902 1016 μὲν
2972 947 3066 1000 οὖν
3107 949 3235 1014 περὶ
3253 947 3360 1000 τῶν
3387 947 3444 1000 ὲν
3470 951 3692 1020 χρήμασι

2160 1041 2638 1112 χειροτονούντων,
2697 1041 2858 1112 ἦκαὶ
2901 1038 3359 1109 προϐαλλομένων
3409 1040 3538 1104 ὅλως
3585 1043 3692 1096 τινὰ

2159 1134 2266 1186 τῶν
2297 1133 2389 1185 τοῦ
2420 1132 2646 1196 κανόνος
2669 1133 2788 1201 ἦτοι
2820 1131 2913 1184 τοῦ
2941 1130 3392 1199 ἐκκλησιαστικοῦ
3420 1133 3690 1201 τάγματος.

2161 1227 2300 1288 Τοὺς
2325 1226 2384 1279 δὲ
2422 1225 2937 1297 χειροτονουμὲνους
2992 1225 3086 1277 ἐπὶ
3139 1225 3283 1277 δόσει
3337 1226 3616 1294 χρημάτων
3663 1228 3692 1296 ἢ

2159 1318 2632 1386 προϐαλλομένους
2671 1320 2741 1386 μὴ
2775 1317 3106 1386 ὡφελεῖσθαι
3162 1318 3226 1371 ὲκ
3255 1316 3355 1386 τῆς
3386 1317 3500 1372 κατ’
3545 1319 3696 1386 ἐμπο-

2159 1408 2280 1479 ρίαν
2335 1411 2696 1479 χειροτονίας,
2735 1409 2901 1478 ἤγουν
2931 1408 3069 1462 κατὰ
3106 1411 3483 1479 πραγματείαν
3506 1415 3698 1482 αἰσχρο»

2158 1501 2410 1570 κερδείσς
2458 1502 2822 1556 διατάττεται.
2860 1503 2923 1556 Et
2984 1503 3092 1572 γὰρ
3123 1503 3248 1563 τοὺς
3303 1505 3360 1553 ὲν
3405 1503 3482 1572 τῷ
3528 1503 3696 1574 κλήρῳ

2160 1594 2617 1661 κατειλεγμένους
2646 1594 2696 1646 οἱ
2733 1595 2866 1664 ίεροὶ
2921 1595 3146 1658 κανόνες
3201 1595 3501 1648 κωλύουσιν
3552 1593 3696 1649 ἀλλο⁴

2155 1685 2322 1754 τρίων
2354 1687 2651 1755 κτημάτων
2706 1687 2956 1753 γίνεσθαι
3012 1688 3310 1756 μισθωτὰς,
3343 1691 3435 1741 καὶ
3477 1688 3697 1756 κοσμικὰ

2156 1780 2458 1849 πράγματα
2487 1780 2822 1849 ,ἐργολαϐεῖν
2877 1780 2941 1833 δι’
2966 1781 3412 1850 αἰσχροκέρδειαν
3449 1780 3581 1833 κατὰ
3616 1780 3697 1834 τὸν

478 1874 709 1921 namque
735 1858 1084 1912 ecclesiastici
1141 1861 1348 1914 ordinis
1375 1861 1620 1917 homines
1647 1866 2042 1920 mercenariam

2155 1871 2358 1940 ἐφεξῆς
2416 1873 2622 1926 κανόνα
2656 1873 2752 1926 καὶ
2800 1873 2942 1925 κατὰ
2974 1875 3066 1925 τὸν
3113 1870 3218 1937 ις’.
3272 1873 3469 1927 κανόνα
3514 1873 3608 1942 τῆς
3647 1877 3697 1926 ἐν

480 1967 700 2018 operam
754 1953 1246 2020 quomodocttnmie
1299 1955 1453 2009 alteri
1501 1956 1698 2021 locare,
1755 1958 2048 2026 prolanave

476 2043 688 2112 negotia
719 2043 857 2112 turpi
895 2044 1044 2098 lucro
1096 2046 1368 2100 inhiantes
1407 2059 1642 2103 tractare
1691 2051 1865 2104 sacris
1908 2065 2048 2104 con-

474 2135 849 2189 stitutionibus
872 2138 1092 2191 vetitum
1122 2149 1226 2204 est,
1270 2141 1427 2211 113
1453 2152 1509 2195 ut
1536 2159 1600 2196 cx
1631 2145 2048 2224 proximo,etex

474 2226 919 2296 Cartltaginensis
957 2231 1152 2298 synodi
1202 2234 1409 2287 decimo
1448 2244 1601 2288 sexto
1640 2250 1847 2290 canone
1891 2236 2048 2294 facile

475 2329 721 2387 apparet,
754 2334 862 2387 quo
919 2333 1263 2392 snsceptores
1288 2338 1428 2388 esse,
1485 2335 1577 2378 aut
1631 2340 2041 2396 procuratores,

472 2411 647 2464 velex
682 2413 819 2479 tttrpi
876 2413 1074 2482 aliqua,
1132 2425 1226 2468 aut
1281 2415 1496 2487 indigna
1546 2421 1908 2488 negotiatione
1943 2422 2042 2476 sibi

471 2503 672 2557 victum
717 2521 964 2574 quaerere
1018 2508 1278 2578 episcopi,
1344 2513 1642 2581 presbyteri
1685 2524 1777 2567 aut
1829 2514 2044 2568 diacOnl

474 2597 844 2664 prohibentur,
871 2607 924 2653 et
945 2613 1009 2653 ex
1045 2604 1220 2671 magni
1252 2604 1490 2671 Apostoli
1526 2615 1782 2673 praeterea
1814 2607 1991 2660 verbis
2025 2623 2042 2660 :

471 2686 654 2748 Nemo,
687 2689 878 2754 inquit,
911 2692 1146 2745 militans
1182 2695 1416 2758 implicat
1451 2712 1504 2748 se
1555 2698 1772 2765 negotiis
1811 2699 2044 2751 smcula-

479 2782 642 2846 ribus,
679 2793 735 2836 ut
797 2784 845 2837 ei
899 2785 1104 2853 placeat
1151 2785 1194 2818 ⁸⁸
1243 2788 1330 2855 qui
1387 2787 1588 2842 milites
1626 2788 1841 2856 delegit,
1873 2805 1935 2843 ac
1975 2807 2042 2846 ex

478 2873 611 2940 ipsis
669 2890 882 2945 quoque
939 2877 1116 2944 legum
1171 2879 1407 2933 civilium
1462 2881 1832 2938 sanctionibus
1863 2896 2044 2951 aperte

477 2965 791 3033 colligitur;
867 2968 1036 3022 multo
1104 2969 1281 3024 minus
1350 2987 1525 3025 rerum
1589 2973 1777 3027 talium
1836 2991 2044 3029 merca-

477 3065 653 3108 turam
703 3072 976 3122 exercere,
1033 3071 1375 3129 emptamque
1425 3065 1596 3116 sancti
1649 3065 1882 3133 Spiritus
1915 3081 2040 3134 gra-

473 3150 602 3199 tiam
657 3149 951 3214 possidere,
1026 3165 1121 3218 per
1174 3153 1392 3205 easdem
1447 3156 1861 3211 constitutiones
1923 3158 2040 3212 cui-

2156 1964 2492 2035 Καρθαγένῃ
2520 1966 2762 2030 συνόδου,
2799 1966 3052 2033 λέγοντος
3085 1966 3159 2036 μὴ
3185 1967 3298 2020 δεῖν
3327 1965 3634 2030 ἐπίσκοπον,
3666 1965 3694 2035 ἢ

2155 2058 2550 2128 πρεσϐύτερον,
2603 2058 2636 2130 ἢ
2692 2059 2937 2112 διάκονον
2983 2059 3328 2129 ὲκλήπτορας
3381 2057 3616 2126 γίνεσθαι
3664 2058 3693 2124 ἥ

2155 2151 2639 2222 προκουράτωρας,
2704 2151 2840 2223 μηδὲ
2891 2151 2955 2206 ἐκ
2984 2168 3128 2215 τινος
3159 2150 3390 2222 αίσχροῦ
3450 2149 3694 2220 ἢάτίμον

2155 2246 2482 2314 πράγματος
2506 2247 2712 2316 τροφὴν
2748 2245 3090 2316 πορίζεσθαι,
3125 2246 3222 2298 καὶ
3253 2245 3395 2298 κατὰ
3421 2243 3508 2296 τὸν
3540 2242 3694 2313 μέγαν

2153 2335 2484 2388 Ἀπόστολον
2513 2337 2827 2405 φάσκοντα⁸
2875 2337 3078 2402 Οὐδεὶς
3115 2337 3580 2405 στρατευόμενος
3603 2335 3692 2400 ἐμ-

2153 2427 2433 2482 πλέκεται
2479 2429 2610 2493 ταῖς
2660 2427 2765 2484 τοῦ
2809 2429 2956 2494 ,βίου
3004 2433 3448 2499 πραγματείαις,
3486 2428 3580 2479 ἵνα
3622 2423 3693 2490 τῷ

2148 2521 2704 2590 στρατολογήσαντι
2729 2523 2941 2591 ἀρέσῃ,
2967 2523 3062 2576 καὶ
3093 2523 3235 2576 κατὰ
3254 2521 3378 2584 τοὺς
3409 2520 3695 2580 πολιτικοὺς

2149 2615 2387 2685 νόμους*
2421 2617 2606 2686 πολ.λῷ
2633 2615 2832 2686 μᾶλλον
2861 2617 2935 2688 μὴ
2966 2618 3034 2671 τά
3063 2616 3287 2670 τοιαῦτα
3316 2615 3692 2686 ἐμπορεύεσθαι

2151 2707 2564 2778 ἀπαγορεύουσι
2597 2726 2773 2770 τινας.
2809 2710 2903 2762 καὶ
2951 2708 3109 2763 ὢνιον
3139 2709 3371 2762 κτᾶσθαι
3411 2706 3506 2776 τὴν
3547 2703 3692 2775 χάριν

2145 2797 2244 2851 τοῦ
2275 2800 2431 2868 ἁγίου
2462 2800 2797 2870 Πνεύματος.
2826 2803 2919 2854 Διὸ
2961 2801 3247 2864 κάκείνους
3298 2801 3578 2854 ἐκπίπτειν
3603 2797 3692 2865 τῆς

2149 2889 2308 2956 ἀξίας
2340 2890 2457 2960 ἦτοι
2505 2892 2602 2944 τοῦ
2657 2892 2888 2962 βαθμοῦ.
2919 2891 3089 2946 Τοῦτο
3126 2894 3219 2944 ἐπὶ
3259 2891 3367 2944 τῶν
3408 2888 3691 2959 προϐαλλο-

2153 2983 2330 3051 μένων
2359 2984 2386 3034 ὁ
2417 2983 2609 3055 παρὼν
2634 2984 2813 3038 κανὼν
2842 2984 3204 3048 διατάττεται,
3234 2985 3330 3039 καὶ
3364 2986 3487 3046 τοὺς
3515 2982 3690 3053 μέσους

2142 3072 2202 3125 δὲ
2223 3071 2540 3141 γινομένους
2561 3073 2618 3125 ὲν
2638 3075 2748 3136 τοῖς
2772 3073 3055 3136 τοιούτοις,
3082 3076 3173 3125 καὶ
3202 3071 3437 3142 σπουδὴν
3461 3068 3685 3135 εἰσάγονο

2146 3181 2246 3227 τας
2320 3164 2459 3216 ὥστε
2523 3168 2676 3227 τινας
2705 3167 2798 3217 ἐπὶ
2847 3167 3094 3238 χρήμασι
3153 3155 3686 3236 χειροτονηθῆναι,ἧ

467 3252 633 3306 quam
666 3237 826 3292 licere
858 3241 1273 3294 existimandum
1303 3252 1406 3296 est.
1441 3244 1802 3309 Quamobrem
1825 3259 1880 3301 et
1909 3248 2040 3305 istos

2152 3257 2515 3329 προσληθῆναι
2543 3273 2556 3290 ·
2604 3230 2900 3321 κάκείνους.
2921 3230 3215 3329 κληρικούς
3244 3230 3355 3327 ’μὲν
3385 3230 3539 3318 ὄντας
3570 3250 3687 3306 κιθ-

469 3330 764 3383 movendos
823 3345 941 3384 esse
991 3332 1272 3399 dignitate,
1301 3334 1383 3387 vel
1439 3334 1638 3403 gradu.
1700 3337 1844 3392 idem
1883 3343 2040 3396 etde

2152 3350 2418 3418 αιρείσθαι
2488 3349 2723 3413 κελεύει,
2759 3350 2980 3414 λαῖκοὺς
3016 3352 3072 3404 δὲ
3105 3352 3136 3420 ἢ
3185 3350 3533 3420 μονάζοντας,
3573 3348 3689 3398 ἀναν

471 3422 739 3485 promotis
768 3421 1008 3476 decernit
1041 3425 1127 3477 hic
1179 3440 1417 3492 priesens
1444 3442 1616 3482 canon
1652 3447 1665 3483 :
1721 3439 1776 3484 et
1801 3447 1916 3496 eos,
1944 3434 2037 3504 qui

468 3511 873 3567 intercessores
904 3525 1027 3566 sunt
1059 3515 1112 3568 in
1144 3515 1448 3572 istiusmodi
1486 3522 1719 3589 negotiis
1749 3539 2040 3593 Operauive

470 3614 629 3653 suam
661 3603 714 3654 in
748 3603 832 3656 his
863 3604 1112 3657 ordinum
1166 3609 1637 3675 promotionumve
1689 3613 2040 3668 nundinatio-

465 3693 632 3746 .nibus
666 3697 1083 3760 commodarint,
1117 3699 1163 3751 si
1199 3699 1380 3753 clerici
1425 3703 1555 3767 sint,
1588 3703 1803 3773 deponi,
1826 3707 1867 3760 si
1892 3706 2038 3773 laici,

472 3795 565 3837 aut
599 3788 870 3848 monachi,
898 3791 1243 3843 anathemate
1276 3792 1434 3859 plecti
1459 3793 1633 3860 jubet.
1681 3798 1752 3850 At
1781 3799 2038 3854 vicesimo

472 3891 616 3929 nono
677 3879 1038 3945 apostolorum
1090 3896 1319 3948 canone,
1374 3886 1465 3954 qui
1524 3887 1744 3943 ordines
1779 3893 2037 3946 emercati

473 3968 771 4032 fuerint,et
823 3972 1160 4039 depositione
1196 3977 1436 4048 muneri,
1469 3988 1546 4040 et,
1582 3982 2036 4048 quemadmodum

473 4058 678 4112 Simoni
705 4060 776 4112 iiii
821 4061 976 4132 Mago
1021 4047 1222 4118 factum
1257 4075 1363 4134 est,
1404 4047 1780 4126 communione
1810 4077 2036 4140 ,moveri

481 4149 888 4217 praecipiuntur.
923 4155 1051 4219 Quae
1071 4157 1288 4224 quidem
1339 4162 1649 4215 communio
1690 4177 1798 4217 non
1827 4164 1894 4219 de
1924 4167 2037 4220 sola

469 4256 749 4296 sacrorum
779 4247 1156 4314 mysteriorum
1189 4253 1552 4318 perceptione,
1591 4256 1686 4308 sed
1728 4257 1794 4309 de
1828 4256 2036 4311 illorum

467 4351 684 4403 quoque
713 4342 1104 4393 consuetudine
1153 4353 1204 4394 et
1264 4358 1557 4413 congressu
1614 4362 1735 4401 cum
1791 4350 2038 4408 ﬁdelibus

470 4429 639 4498 accipi
687 4431 865 4484 debet.
919 4433 1105 4486 Simon
1134 4435 1274 4487 enim
1302 4452 1421 4488 cum
1466 4438 1648 4492 oblata
1692 4445 1914 4510 pecunia
1943 4461 2037 4514 pro

470 4533 534 4572 ea
597 4521 698 4574 sibi
739 4523 978 4576 vicissim
1029 4524 1200 4577 sancti
1258 4523 1493 4593 Spiritus
1535 4533 1763 4597 gratiam
1811 4537 2037 4603 rependi

2145 3439 2559 3509 θεματίζεσθαι.
2601 3441 2658 3494 '0
2700 3443 2755 3495 δὲ
2790 3442 2898 3496 τῶν
2932 3443 3101 3510 ἁγίων
3155 3441 3473 3495 ἀποστόλων
3523 3433 3686 3491 κανὼν

2144 3532 2249 3594 κθ’,
2279 3534 2373 3586 καὶ
2399 3533 2781 3603 καθαιρεῖσθαι
2805 3534 3017 3587 κελεύει
3052 3536 3176 3595 τοὺς
3205 3535 3298 3585 ἐπὶ
3323 3534 3566 3603 χρήμασι
3586 3543 3688 3598 χιι-

2149 3623 2588 3692 ροτονουμένους,
2647 3626 2740 3676 καὶ
2773 3624 2873 3693 τῆς
2903 3623 3192 3686 κοινωνίας
3249 3624 3574 3682 ἐκπίπτειν,
3625 3615 3691 3675 ὡς

2148 3714 2331 3784 Σίμων
2379 3715 2407 3766 ό
2463 3715 2655 3784 μάγος.
2689 3715 2988 3768 Κοινωνίαν
3024 3715 3081 3768 δὲ
3133 3715 3352 3782 νοητέον
3387 3710 3611 3764 ἐνταῦθα
3637 3706 3691 3759 οὐ

2146 3807 2243 3876 τὴν
2275 3807 2384 3861 τῶν
2416 3809 2774 3878 άγιασμάτων
2797 3807 3120 3878 μετάληψιν,
3149 3806 3285 3858 ἀλλὰ
3317 3806 3412 3858 καὶ
3442 3804 3536 3873 τὴν
3569 3797 3693 3870 μετὰ

2143 3898 2253 3951 τῶν
2286 3901 2493 3952 πιστῶν
2531 3900 2749 3964 σύναξίν
2771 3918 2830 3952 τε
2861 3900 2954 3953 καὶ⁵
2974 3899 3257 3952 σύστασιν.
3296 3900 3353 3949 ’0
3382 3895 3485 3965 γάρ
3525 3892 3692 3960 Σίμων

2147 3991 2250 4043 ὑπὸ
2276 3993 2369 4043 τού
2405 3994 2610 4061 Πέτρου
2649 3993 2746 4062 τῆς
2777 3992 2888 4044 τῶν
2937 3991 3145 4043 πιστῶν
3189 3990 3490 4060 ὁμηγύριος
3529 3983 3695 4036 τέλεον

2148 4082 2402 4152 ἐξεκόπη,
2418 4087 2520 4154 χρή
2529 4100 2672 4152 ματα
2702 4083 3058 4154 προσαγαγὼν
3078 4082 3338 4148 αὐτῷκαὶ
3361 4082 3586 4148 αἰτήσας
3615 4076 3694 4129 50-

2146 4172 2305 4244 θῆναι
2328 4175 2476 4244 αύτῷ
2495 4176 2612 4229 ἀντὶ
2642 4177 2848 4229 τούτων
2890 4180 2987 4246 τὴν
3021 4177 3182 4246 χάριν
3213 4176 3312 4228 τοῦ
3350 4174 3508 4242 ἁγίου
3533 4167 3695 4223 Ilvati-

2148 4281 2337 4331 ματος.
2365 4266 2441 4316 Ού
2477 4267 2636 4334 μόνον
2665 4267 2722 4318 δὲ
2746 4268 2873 4328 τοὺς
2902 4267 3412 4336 χειροτονήσαντας,
3438 4264 3472 4334 ἢ
3526 4275 3698 4331 χειρο-

2143 4356 2470 4424 τονηθέντας
2502 4357 2594 4408 ἐπὶ
2620 4359 2866 4426 χρήμασι
2894 4357 3114 4421 κολάζει
3147 4363 3175 4410 ὁ
3207 4356 3410 4422 κανὼν,
3440 4355 3575 4407 ἀλλὰ
3612 4350 3700 4403 καὶ

2142 4449 2264 4509 τοὺς
2294 4450 2749 4519 ἐπιχειρήσαντας
2778 4448 2879 4502 κᾶν
2901 4450 3009 4519 πρὸ
3035 4448 3129 4502 τοῦ
3163 4452 3242 4512 εἰς
3263 4451 3432 4520 ἔργον
3460 4447 3518 4500 τὸ
3542 4443 3699 4500 κακὸν

2151 4539 2522 4613 ἠλέγχθησαν.

471 4615 816 4685 postulasset,
875 4632 940 4670 ex
993 4619 1244 4672 universo
1301 4620 1536 4676 lide‘lium
1617 4637 1762 4680 cmtu
1817 4645 1846 4682 a
1917 4630 2079 4688 Petro
2135 4637 2524 4692 exterminatus
2578 4639 2699 4694 fuit.
2758 4638 2940 4709 hcque
2998 4654 3129 4694 vero
3184 4653 3278 4693 eos
3329 4645 3535 4693 tantum
3612 4636 3696 4700 qni

474 4716 690 4773 propter
717 4709 969 4775 pecunias
993 4709 1310 4763 ordinarunt
1345 4721 1439 4765 aut
1475 4716 1706 4770 ordinati
1752 4731 1900 4785 sunt,
1931 4726 2023 4777 sed
2057 4734 2110 4779 et
2138 4728 2448 4796 quicunque
2506 4729 2715 4784 facinus
2773 4734 3180 4798 attentaverint,
3227 4730 3335 4786 etsi
3407 4731 3698 4802 deprehen-

473 4799 552 4849 sis
610 4797 748 4851 hand
803 4803 1150 4867 processerit,
1214 4804 1402 4858 iisdem
1467 4807 1816 4867 nihilominus
1867 4817 2044 4882 pomis
2075 4834 2246 4873 canon
2281 4821 2544 4875 obnoxios
2576 4838 2697 4876 esse
2727 4823 2993 4878 decernit.

469 4887 698 4942 ARIST.
729 4891 829 4953 Qui
853 4892 998 4953 emit,
1040 4903 1086 4946 et
1121 4898 1292 4948 vendit
1345 4899 1726 4956 ordinationem
1755 4921 1915 4975 usque
1961 4909 2029 4960 ad

540 4984 1006 5048 prosmonarinm,
1068 4987 1207 5040 circa
1261 4990 1456 5058 gradus
1500 4995 1840 5060 periclitetur.
1892 4999 2033 5065 Quin

574 5097 626 5126 ³⁸
666 5098 704 5148 ll
738 5097 878 5152 Tim.
921 5116 977 5163 ll,
1013 5100 1045 5154 4

2137 4911 2351 4966 ΑΡΙΣΤ.
2400 4913 2463 4965 '0
2491 4914 2902 4983 ἐξωνούμενος
2933 4917 3030 4970 καὶ
3059 4919 3093 4971 ό
3121 4921 3491 4986 πιπράσκων
3515 4937 3697 4990 χειρο-

2211 5007 2422 5059 τονίαν
2437 5005 2606 5076 μέχρι
2639 5007 2738 5060 καί
2767 5011 3214 5078 προσαοναρίου
3241 5012 3375 5083 (89),
3405 5016 3535 5083 περὶ
3565 5012 3699 5077 τοὺς

1724 5203 1909 5268 Guili.
1958 5209 2276 5288 Beveregii
2313 5221 2502 5275 notia.

549 5293 664 5374 (39’.
695 5294 879 5395 Μέναίῑι
925 5297 1542 5395 “deprecanda.-
1581 5305 1722 5395 ,μειεο
1755 5315 2035 5395 prasente

2152 5317 2279 5395 riam
2312 5325 2438 5386 (non
2479 5319 2829 5388 defensorem,
2869 5332 2927 5395 ut
2957 5321 3214 5379 Justelios
3269 5327 3458 5395 vertit)
3500 5327 3609 5392 ubi,
3638 5333 3693 5378 ut

462 5365 699 5436 (talionis
730 5378 982 5436 epitoine
1042 5370 1093 5422 in
1139 5365 1350 5425 Justeili
1384 5365 1768 5433 'Bibliotheca'
1795 5389 1901 5433 tam
1935 5383 2035 5436 sub

473 5434 652 5514 Aie-xii
714 5435 944 5514 Aristeni
977 5440 1439 5514 quamSittteouis
1486 5443 1769 5514 logotheta:
1819 5434 2041 5506 nomine

478 5504 652 5587 edita,
679 5505 845 5556 tuulto
873 5507 1031 5561 aliter
1057 5509 1268 5587 legitur.
1307 5511 1420 5587 Sic,
1510 5504 1899 5587 ἐξωνούμενος,

480 5576 822 5657 lampadem:
848 5576 1205 5657 χειροτονίαν,
1234 5583 1361 5653 περὶ
1389 5584 1515 5646 τοὺς
1549 5576 1790 5657 βαθμοὺς
1821 5576 2043 5644 ἐπικίν-

463 5640 662 5728 δυνον
779 5643 834 5696 δὲ
850 5640 1077 5728 ἰ’νόμος,
1128 5640 1231 5712 ἓως
1260 5640 1402 5728 “icti
1437 5640 2044 5728 stap'apdvap'ioo.méiti

473 5713 654 5799 venit...
693 5723 742 5766 et
781 5719 868 5782 qui
909 5713 1096 5799 pendit
1175 5713 1555 5776 ordinationem
1579 5713 1612 5789 ,’
1649 5713 1790 5781 ιιι-ἑο
1845 5713 2040 5799 ειν-οἷαι

466 5784 798 5847 periclitatur
826 5803 844 5840 :
900 5789 984 5842 (ea:
1010 5799 1181 5846 autem
1211 5796 1378 5846 etiam
1421 5784 1682 5863 usquead
1713 5784 2029 5865 parainoua-

2143 5387 2326 5466 videre
2351 5399 2586 5466 est,__vo_x
2617 5387 3022 5463 παραμονάριος
3054 5399 3339 5459 retinetur,
3375 5389 3473 5466 pro
3507 5387 3612 5463 qua
3647 5400 3697 5449 in

2143 5457 2343 5532 nostris
2364 5460 2641 5532 codicibus
2686 5457 3089 5532 προσμονάριος
3119 5457 3492 5521 substituitur.
3527 5457 3592 5521 Et
3622 5467 3698 5520 sic

2143 5527 2361 5606 quidem
2392 5530 2507 5606 ipse
2533 5527 2920 5606 Balsatnon’in
2940 5527 3212 5606 nonnullis
3243 5537 3438 5606 legisse
3472 5538 3695 5591 videtur.
3761 5559 3764 5562 -

2143 5595 2238 5648 lile
2263 5595 2427 5669 enim'
2459 5602 2511 5652 in
2550 5602 2826 5669 responsis
2855 5603 2921 5655 ad
2954 5603 3116 5658 Marci
3145 5595 3494 5660 Alexandrini
3532 5608 3692 5660 inter-

2145 5668 2475 5746 rogationem
2509 5669 2602 5746 _28,
2652 5668 2796 5724 hunc
2829 5686 3090 5746 canonem
3137 5678 3334 5746 citatis,
3385 5674 3698 5746 προσμονά-

2144 5737 2414 5810 ριονυιοοο
2436 5739 2532 5810 τού
2564 5743 2977 5810 παραμοναρξου
3012 5745 3153 5810 ponit
3175 5737 3413 5801 Joannes
3434 5737 3696 5800 Meursius

2147 5811 2198 5858 in
2231 5807 2507 5863 Giossario
2542 5813 2617 5880 (et
2643 5807 2706 5864 ex
2733 5826 2798 5864 eo
2835 5807 3260 5884 Christ—ephorus
3291 5818 3342 5869 in
3376 5826 3695 5888 praesentem
