3940 6480
482 391 585 456 391

1735 388 2017 449 THEUD-
2061 387 2461 447 BALSAMON

3577 391 3666 452 39?.

479 510 784 579 episcopos,
815 505 1044 562 clericos
1081 515 1136 560 et
1157 519 1476 572 rnonacnos,
1498 506 1840 572 impuberum
1879 518 2034 574 posse

2146 503 2304 573 Ζήτει
2335 505 2428 556 καὶ
2480 502 2579 572 τῆς
2637 501 2697 556 ἐν
2729 500 3059 575 Καρθαγένῃ
3095 501 3310 556 συνόδου
3341 504 3530 560 κανόνα
3583 518 3668 581 ις’,

479 599 680 652 tutelas
721 598 1030 666 suscipere,
1084 597 1128 650 si
1162 595 1379 666 quidem
1404 611 1469 651 ex
1524 597 1733 666 legibus
1762 605 2042 661 vocentur,

479 701 533 744 et
567 705 744 743 rerum
767 690 1261 744 ecclesiasticarum
1310 704 1521 753 curam,
1569 703 1622 743 et
1675 691 2041 756 orphanorum

479 798 692 852 quoque
747 784 1102 850 curationes,
1151 784 1239 837 vel
1296 786 1613 846 viduarum.
1674 785 1761 838 vel
1816 786 2042 839 aliarum

477 889 854 942 personarum,
879 877 1076 942 quibus
1109 875 1271 929 aliter
1301 891 1407 928 non
1466 877 1810 945 providetur,
1866 876 2042 930 eccle-

480 967 704 1020 siastico
733 966 1217 1035 auxilioindigeut,
1255 969 1521 1036 siquidem
1555 969 1603 1021 id
1653 969 1732 1023 eis
1757 971 2040 1038 episcopus

479 1059 788 1126 permittat:
817 1055 1109 1112 Justiniani
1129 1071 1306 1113 autem
1338 1059 1439 1112 123
1456 1059 1697 1124 Novella,
1726 1077 1844 1131 quae
1868 1063 2041 1128 posita

476 1160 560 1204 est
588 1152 640 1204 in
675 1152 815 1206 libro
846 1167 929 1214 ιιι,
957 1152 1040 1205 tit.
1089 1154 1265 1222 primo
1313 1167 1432 1220 «ap.
1481 1154 1548 1205 t2
1599 1153 1773 1206 dixit:
1805 1153 2040 1219 Religio-

477 1243 725 1298 sissitnos
747 1245 1030 1313 epiSCOpos
1065 1255 1116 1298 et
1173 1247 1466 1299 monachos
1492 1245 1635 1298 nullo
1658 1246 1816 1300 modo
1837 1255 2041 1301 tutores

473 1335 563 1388 vel
595 1347 876 1391 curatores
925 1339 1298 1408 cujuscunque
1339 1353 1585 1407 persona:
1620 1340 1733 1392 tieri
1787 1340 2042 1393 concedi-

477 1440 632 1480 mus:
670 1427 1014 1496 presbyteros
1037 1438 1212 1481 autem
1256 1438 1312 1481 et
1342 1427 1637 1493 diaconos,
1703 1429 2042 1499 cognationis

472 1517 614 1585 jure,
665 1533 836 1586 eoque
861 1519 998 1584 solo,
1039 1519 1104 1572 ad
1141 1521 1338 1574 tutelas
1357 1519 1441 1572 vel
1467 1535 1628 1573 curas
1662 1530 1910 1582 vocatos.
1937 1521 2042 1575 tale

479 1608 834 1662 ministerium
889 1609 1166 1678 suscipere
1193 1611 1580 1664 concedimus:
1638 1611 1837 1664 dixerit
1887 1613 2075 1680 quis-_

478 1699 616 1766 piam
646 1716 752 1754 non
812 1702 1009 1756 debere
1044 1701 1347 1771 episcopos,
1403 1712 1453 1756 et
1509 1706 1803 1756 monachos
1851 1704 2041 1772 quovis

476 1790 638 1843 modo
688 1791 798 1843 ﬁeri
831 1801 1034 1844 tutores
1069 1791 1154 1845 vel
1183 1803 1483 1853 curatores,
1521 1805 1581 1845 ut
1613 1793 1701 1861 qui
1754 1807 1784 1846 a
1815 1790 2034 1846 Novella

473 1881 581 1934 sint
631 1882 910 1950 prohibiti.
963 1882 1089 1936 Mihi
1142 1893 1323 1937 autem
1374 1883 1586 1936 videtur
1633 1882 1850 1937 Novella
1897 1885 2039 1939 edita

475 1986 598 2026 esse
673 1974 739 2026 ad
807 1973 1208 2042 impediendum
1290 1984 1498 2028 tantum
1589 1974 1872 2043 episcopos
1953 1977 2040 2029 vel

478 2067 878 2128 tnonacbos,ne
913 2067 1021 2120 sint
1045 2081 1141 2120 sua
1176 2077 1366 2135 sponte
1391 2075 1599 2122 tutores
1627 2068 1708 2121 vel
1737 2081 2038 2132 curatores,

473 2155 577 2208 nisi
617 2156 831 2223 quando
870 2157 1079 2210 scilicet
1136 2156 1343 2225 legibus
1393 2161 1458 2211 ad
1517 2158 1566 2212 id
1624 2169 1910 2214 vocantur.
1975 2159 2033 2215 Si

471 2248 617 2300 enim
677 2249 973 2318 episcopali
1027 2250 1383 2318 permissione
1425 2266 1638 2306 omnem
1695 2252 2040 2306 administra-

475 2337 675 2394 tionem
745 2340 1068 2410 suscipiant,
1125 2352 1183 2395 ut
1237 2341 1340 2396 hoc
1402 2357 1610 2397 canone
1675 2354 1734 2397 et
1789 2345 2039 2412 sequenti

473 2429 820 2492 continetur,
879 2433 959 2486 eis
1039 2433 1242 2486 nullum
1315 2433 1684 2502 praijudicium
1750 2436 2034 2491 adoretur.

473 2518 782 2588 Presbyteri
827 2523 1069 2592 quidem,
1100 2523 1314 2579 diaconi
1341 2536 1397 2580 et
1444 2527 1696 2593 lectores,
1723 2539 1780 2580 ut
1809 2528 1926 2581 vult
1953 2529 2042 2583 hic

477 2627 718 2680 prasens
753 2629 922 2668 canon
959 2624 1013 2669 et
1071 2613 1312 2679 Novella,
1357 2619 1522 2672 etiam
1576 2620 1694 2674 sine
1746 2621 2040 2690 episcopali

410 2705 420 2716 ’
475 2707 854 2777 permissione,
895 2709 1259 2778 orphanorum
1287 2719 1487 2764 tutores
1512 2720 1564 2765 et
1589 2717 1866 2766 curatores
1888 2713 2040 2780 liunt,

475 2801 691 2868 quando
718 2801 785 2854 ad
817 2801 918 2856 hoc
949 2817 979 2856 a
1013 2802 1130 2872 lege
1153 2812 1438 2858 vocantur.
1469 2801 1622 2858 Scias
1667 2814 1846 2859 autem
1897 2803 2041 2873 quod

487 2900 694 2945 tutores
740 2892 962 2961 quidem
1024 2896 1223 2949 dantur
1279 2896 1655 2964 impuberibus
1711 2897 1966 2953 masculis
2010 2915 2039 2953 a

476 2983 650 3051 pritno
689 3001 856 3053 usque
877 2985 942 3041 ad
975 2986 1041 3040 14
1065 2997 1353 3050 annum,et
1377 2990 2040 3058 ipsuin,quemadmodum

476 3069 690 3127 feminis
725 3090 939 3144 quoque
966 3093 1140 3146 usque
1177 3079 1243 3133 ad
1301 3079 1368 3132 i2
1413 3088 1467 3133 et
1497 3080 1708 3149 ipsum:
1759 3093 2041 3138 curatores

2150 594 2245 646 καὶ
2282 593 2381 661 τῆς
2405 590 2449 658 ζ’
2499 593 2716 647 συνόδου
2753 594 2952 648 κανόνα
2983 600 3033 648 ι’.
3077 593 3227 647 Ἐπεὶ
3262 595 3317 648 δὲ
3342 597 3369 648 ό
3397 596 3488 666 μέν
3515 602 3669 656 κανὼν

2146 683 2442 754 διορίζεται
2500 686 2624 748 τοὺς
2655 687 3008 750 ἐπισκόπους,
3048 686 3338 756 κληρικούς
3369 705 3424 741 τε
3475 691 3562 744 καὶ
3589 709 3671 762 μο-

2145 778 2342 845 ναχοὺς
2371 777 2656 851 ἀφηλίκων
2697 778 3003 848 ἐπιτροπὰς
3042 777 3418 848 ἀναδέχεσθαι,
3449 780 3595 851 εἴπερ
3618 788 3672 838 ἐκ

2144 870 2325 938 νόμων
2369 849 2653 933 καλοῖντο..
2688 870 2784 923 καὶ
2830 869 3302 939 ἐκκλησιαστικῶν
3359 849 3675 944 πραγμάτων

2145 961 2453 1029 φροντίδας,
2507 962 2602 1014 καὶ
2642 962 2977 1033 προστασίας
3034 962 3311 1033 ὀρφανῶν.
3345 964 3377 1035 ἢ
3409 968 3600 1036 χηρῶν,
3643 971 3672 1039 ἢ

2145 1052 2323 1116 ἄλλως
2377 1053 2730 1124 ἀπρονοήτων
2765 1054 3094 1125 προσώπων,
3129 1053 3222 1106 καὶ
3255 1054 3350 1124 τῆς
3403 1057 3670 1129 ἐκκλησιαο

2144 1147 2338 1216 στικῆς
2370 1147 2642 1217 δεομένων
2670 1147 2947 1218 βοηθείας,
2978 1147 3136 1217 εἴπερ
3185 1149 3334 1219 παρὰ
3361 1149 3451 1204 τοῦ
3476 1151 3676 1208 ἐπισκό.

2143 1257 2248 1294 που
2279 1242 2674 1310 ἐπιτρέποιντο.
2721 1241 2786 1294 Ἢ
2825 1241 2881 1294 δέ
2914 1248 3033 1310 ρκγ⁹
3063 1241 3483 1304 Ἰουστινιάνειος
3507 1243 3676 1313 Νεαρὰ

2143 1336 2178 1403 ἡ
2213 1336 2440 1403 κειμένη
2470 1336 2524 1386 ἐν
2553 1333 2742 1404 βιϐλίῳ
2765 1334 2954 1405 τρίτῳ,
2985 1333 3148 1404 τίτλῳ
3178 1339 3246 1396 α’,
3273 1351 3396 1402 κειρ.
3422 1334 3505 1404 ιβ’,
3531 1339 3675 1406 φησί·

2143 1421 2282 1488 Τοὺς
2326 1425 2382 1479 δὲ
2435 1425 2887 1494 θεοφιλεστάτους
2932 1426 3264 1487 ἐπισκόπους
3297 1426 3390 1478 καὶ
3435 1429 3677 1495 μοναχοτις

2141 1517 2204 1569 ὲκ
2237 1517 2458 1588 μηδενὸς
2487 1517 2690 1587 τρόπου
2719 1517 3046 1586 ἐπιτρόπους
3076 1515 3108 1586 ἢ
3154 1517 3504 1584 κουράτωρας
3552 1519 3679 1570 οίου-

2139 1609 2348 1679 δήτινος
2397 1607 2691 1679 προσώπου
2734 1608 2982 1678 γίνεσθαι
3025 1607 3417 1677 συγχωροῦμεν
3441 1625 3455 1640 ο
3488 1611 3602 1671 τοὺς
3629 1610 3678 1662 δὲ

2142 1701 2548 1771 πρεσϐυτέρους
2587 1705 2677 1753 καὶ
2732 1702 3016 1762 διακόνους
3069 1700 3146 1770 τῷ
3179 1701 3372 1769 δικαίῳ
3427 1701 3518 1754 καὶ
3550 1701 3678 1770 μόνῳ

2140 1793 2240 1862 τῆς
2268 1794 2610 1861 συγγενείας,
2653 1796 2732 1856 είς
2763 1795 3067 1864 ἐπιτροπὰς
3105 1794 3136 1862 ἢ
3167 1793 3568 1862 κουρατωρείας
3594 1810 3682 1845 κα-

2141 1886 2462 1954 λουμένους,
2490 1886 2590 1957 τὴν
2646 1886 2903 1956 τοιαύτην
2951 1885 3298 1953 λειτουργίαν
3349 1884 3678 1953 ὑποδέχεσθαι

2143 1978 2530 2050 συγχωροῦμεν
2548 1996 2565 2013 ο
2595 1981 2723 2051 εἴπῃ
2748 1997 2830 2044 τις
2863 1981 2936 2050 μὴ
2961 1980 3200 2048 ὀφείλειν
3222 1981 3346 2042 τοὺς
3373 1979 3679 2042 ἐπισκόπους

2141 2074 2392 2136 καὶτοὺς
2427 2073 2696 2143 μοναχοὺς
2746 2073 2804 2137 ἐξ
2834 2073 3161 2143 οίουδήτινος
3213 2072 3416 2140 τρόπου
3454 2071 3680 2140 γίνεσθαι

2147 2167 2529 2236 ἐπιτρόπουςῆ
2565 2165 2944 2235 κουράτωρας.
2981 2165 3056 2228 ὡς
3086 2165 3191 2218 ὑπὸ
3227 2166 3326 2235 τῆς
3356 2166 3566 2236 Νεαρᾶς
3586 2182 3680 2217 κω·

2142 2257 2423 2318 λυθέντας.
2469 2257 2623 2325 Ἐμοὶ
2670 2257 2726 2309 δέ
2765 2257 2916 2309 δοκεῖ
2951 2256 3048 2327 τὴν
3078 2256 3297 2327 Νεαρὰν
3325 2257 3680 2328 ἐκφωνηθῆναι

2142 2352 2220 2412 είς
2247 2350 2405 2419 μόνον
2427 2348 2487 2401 τδ
2515 2346 2904 2418 ἐμποδίζεσθαι
2935 2349 3060 2412 τοὺς
3085 2350 3423 2412 ἐπισκόπους
3454 2349 3544 2402 καὶ
3568 2349 3680 2412 τοὺς

2146 2441 2415 2511 μοναχοὺς
2478 2439 2725 2507 γίνεσθαι
2765 2440 2978 2494 οίκοθεν
3040 2442 3371 2510 ἐπιτρόπους
3414 2442 3446 2511 ἢ
3503 2442 3677 2511 κουρά·

2141 2549 2356 2604 τωρας·
2390 2531 2422 2604 ἢ
2458 2533 2590 2586 ὅταν
2621 2533 2726 2585 ὑπὸ
2763 2531 2874 2586 τῶν
2907 2534 3088 2604 νόμων
3114 2534 3192 2598 είς
3219 2534 3376 2587 τοῦτο
3406 2534 3679 2588 καλῶνται.

2144 2625 2302 2678 Κατὰ
2337 2624 2443 2692 γὰρ
2479 2625 2849 2692 ἐπισκοπικὴν
2883 2625 3189 2694 ἐπιτροπὴν
3229 2627 3411 2679 πᾶσαν
3437 2625 3680 2695 διοίκησιν

2141 2714 2551 2783 ἁναδεχόμενοι,
2606 2713 2750 2766 κατὰ
2784 2714 2882 2783 τὴν
2931 2715 3229 2785 περίληψιν
3286 2715 3380 2770 τοῦ
3435 2717 3681 2784 παρόντος

2143 2804 2363 2866 κανόνος
2411 2803 2504 2854 καὶ
2534 2801 2624 2855 τοῦ
2659 2802 2776 2872 μετ’
2812 2802 2998 2868 αὑτὸν,
3042 2804 3102 2854 οὐ
3140 2804 3680 2874 προκριματισθήσον·

2140 2912 2250 2950 ται.
2322 2896 2386 2948 Ui
2425 2895 2608 2965 μέντοι
2638 2893 3021 2966 πρεσϐύτεροι,
3048 2895 3310 2960 διάκονοι,
3335 2898 3427 2949 καὶ
3458 2893 3680 2963 ἀναγνῶ·

2145 3006 2268 3044 σται
2319 2989 2459 3042 κατὰ
2499 2987 2589 3041 τὸν
2632 2986 2880 3057 παρόντα
2925 2989 3128 3040 κανόνα
3175 2991 3270 3042 καὶ
3323 2988 3421 3060 τὴν
3459 2988 3675 3057 Νεαρὰν,

2143 3082 2313 3152 χωρὶς
2363 3079 2729 3146 ἐπισκοπικῆς
2788 3080 3095 3150 ἐπιτροπῆς
3156 3080 3396 3148 γίνονται
3453 3079 3675 3152 ὀρφανῶν

475 3178 604 3218 vero
657 3167 981 3234 minoribus,
1034 3185 1203 3236 usque
1260 3171 1325 3223 ad
1377 3171 1446 3224 25
1502 3189 1700 3226 annum
1758 3175 2034 3246 inclusive,

2142 3173 2426 3243 ἐπίτροποι
2452 3174 2545 3225 καὶ
2576 3171 2944 3242 κουράτωρες,
2973 3171 3062 3225 ὅτε
3106 3172 3209 3226 ὑπὸ
3238 3173 3332 3226 τοῦ
3363 3174 3521 3243 νόμου
3561 3172 3677 3242 πρὸς

473 3255 586 3307 sive
631 3258 854 3311 masculi
903 3259 1032 3324 sint,
1082 3262 1198 3314 sive
1261 3261 1496 3317 feminae.
1556 3265 1645 3318 Eis
1699 3275 1877 3320 autem
1926 3283 2034 3322 om-

2138 3266 2296 3320 τοῦτο
2331 3264 2642 3319 καλοῦνται.
2708 3261 2943 3316 Γίνωσκε
2987 3262 3040 3316 δὲ
3065 3263 3146 3317 ὃτι
3179 3266 3464 3336 ἐπίτροποι
3498 3266 3588 3336 μὲν
3611 3265 3680 3316 δίε

479 3347 638 3402 nibus
690 3364 776 3402 res
834 3350 1234 3406 ecclesiasticas
1277 3369 1532 3409 exercere
1599 3357 1908 3414 indistincte
1963 3361 2034 3414 vi-

2138 3357 2317 3411 δονται
2352 3356 2463 3424 (9i)
2500 3358 2613 3419 τοῖς
2667 3354 2886 3426 ἀνήϐοις
2939 3353 3163 3425 ἄρρεσιν
3193 3356 3304 3408 ἀπὸ
3352 3355 3444 3409 τοῦ
3483 3353 3678 3426 πρώτου

474 3453 595 3491 sum
645 3449 757 3504 est;
807 3442 1052 3509 quamvis
1111 3459 1347 3512 praesens
1391 3445 1749 3504 eanou‘dicat
1785 3452 1884 3506 hoc
1919 3468 2042 3508 cum

476 3530 766 3600 episcopali
822 3538 1178 3602 permissione
1238 3537 1375 3593 ﬁeri.
1437 3539 1530 3593 Dic
1586 3556 1713 3611 ergo
1785 3545 1837 3599 in
1898 3561 2044 3600 sum-

477 3637 617 3675 mam
689 3627 1056 3694 contrahens,
1117 3629 1426 3700 quicunque
1481 3633 1534 3686 in
1595 3649 1805 3691 canone
1860 3643 2038 3695 conti-

477 3727 691 3783 nentur,
725 3718 1015 3790 episcopali
1046 3722 1260 3792 quidem
1287 3725 1667 3792 permissione,
1699 3744 1801 3782 non
1861 3733 2032 3787 solum

479 3808 857 3864 ecclesiastica
915 3815 1152 3882 negotia,
1213 3817 1305 3870 sed
1363 3826 1414 3870 et
1449 3819 1629 3874 civilia
1666 3821 1800 3875 citra
1866 3824 2030 3879 ullum

477 3896 844 3964 prmjudicium
887 3905 1262 3960 exercebunt:
1319 3919 1576 3975 praeterea
1629 3926 1806 3966 autem
1865 3916 2030 3970 etiam

475 4003 690 4040 Omnem
719 3991 940 4046 tutelam
973 4001 1024 4046 et
1048 4009 1256 4050 curam.
1290 3996 1344 4051 Si
1378 3999 1496 4054 talis
1531 4010 1707 4054 autem
1729 4019 1832 4058 non
1870 4005 2038 4062 inter-

475 4076 630 4128 cedat
694 4079 973 4144 permissio
1014 4117 1029 4143 ,
1087 4084 1321 4152 episcopi
1375 4086 1586 4154 quidem
1659 4099 1714 4143 et
1782 4095 2033 4150 monachi

477 4180 575 4219 nec
613 4169 859 4231 tutelam.
888 4187 985 4226 nec
1029 4187 1213 4228 curam
1279 4188 1488 4246 gerent,
1525 4194 1593 4234 ne
1627 4196 1767 4237 nunc
1815 4185 2031 4252 quidem

473 4259 694 4325 quando
755 4263 869 4330 lege
923 4265 990 4318 ad
1043 4265 1146 4321 hoc
1194 4279 1477 4324 vocantur.
1538 4270 1736 4328 Clerici
1803 4283 2026 4344 autem,

2146 3446 2398 3502 ἐνιαυτοῦ
2438 3447 2603 3517 μέχρι
2634 3447 2728 3500 τοῦ
2764 3447 2849 3513 ιδ’,
2885 3447 2979 3501 καὶ
3012 3447 3207 3500 αὐτοῦ·
3233 3448 3423 3520 ὥσπερ
3457 3450 3544 3502 καὶ
3575 3449 3678 3508 ταῖς

2140 3542 2381 3614 θηλείαις
2414 3543 2576 3613 μέχρι
2605 3542 2700 3595 τοῦ
2758 3540 2846 3612 ιβ’,
2880 3543 2975 3596 καὶ
3015 3543 3183 3598 αὐτοῦ
3210 3562 3225 3577 ο
3267 3546 3604 3615 κουράτωρες
3629 3541 3679 3594 δὲ

2140 3636 2253 3697 τοῖς
2299 3632 2522 3703 neque;
2555 3635 2718 3704 μέχρι
2765 3633 2860 3688 τοῦ
2899 3641 2976 3688 κε’
3015 3635 3230 3706 χρόνου,
3261 3640 3354 3691 καὶ
3387 3637 3564 3702 αὑτοῦ,
3593 3633 3679 3687 κᾶν

2143 3728 2372 3801 spesve;
2405 3721 2564 3794 ὦσιν,
2592 3728 2700 3781 κᾶν
2731 3727 2970 3797 θήλειαι·
3007 3731 3250 3800 ἐνεργεῖν
3271 3731 3326 3784 δὲ
3356 3732 3555 3793 πάντας
3573 3727 3681 3782 τού-

2139 3836 2236 3874 του
2295 3821 2592 3892 πράγματα
2641 3821 3069 3892 ἐκκλησιαστικὰ
3123 3823 3503 3889 ἀδιαστίκτως,
3549 3822 3681 3875 δέδο-

2143 3932 2288 3980 κται,
2340 3915 2443 3970 κᾶν
2485 3919 2512 3969 ὁ
2542 3915 2734 3986 παρὼν
2785 3917 2965 3969 κανών
3023 3933 3158 3988 φησι
3212 3919 3352 3988 μετὰ
3400 3917 3681 3987 ἐπιτροπῆς

2139 4007 2296 4061 τοῦτο
2320 4008 2565 4076 γίνεσθαι
2585 4025 2599 4040 ο
2634 4009 2773 4062 ὥστε
2805 4008 3126 4078 συναγαγὼν
3155 4011 3278 4063 εἰπὲ
3309 4012 3389 4064 ότι
3425 4011 3614 4070 πάντες
3636 4006 3678 4059 oi

2141 4098 2219 4168 τῷ
2277 4101 2462 4152 κανόνι
2507 4101 2886 4171 περιεχόμενοι
2924 4105 3044 4156 κατ’
3077 4104 3382 4173 ἐπιτροπὴν
3410 4106 3681 4157 ὲπισκοπισ

2140 4191 2244 4262 κὴν
2294 4192 2354 4245 οὑ
2393 4192 2554 4261 μόνον
2585 4194 3016 4264 ἐκκλησιαστικὰ
3048 4196 3379 4266 πράγματα,
3424 4196 3557 4249 ἀλλὰ
3595 4194 3679 4247 καὶ

2137 4284 2390 4338 πολιτικὰ
2413 4286 2801 4358 ἐνεργήσουσιν
2826 4288 3327 4360 ἀποκριματίστως.
3356 4291 3495 4362 Πρὸς
3515 4288 3568 4343 δὲ
3597 4288 3680 4340 καὶ

1688 4432 1878 4494 Guill.
1911 4436 2235 4515 Beveregii
2270 4446 2458 4501 notat.

547 4547 1643 4640 ςθιὶιῈπίτροποιμὴιςθδίδονται..ίίεεο
1681 4569 1886 4640 tutores
1919 4563 2026 4640 iun-

2138 4576 2512 4640 potentes/esse
2557 4571 2861 4640 credantur,
2901 4572 3033 4627 ibid.
3064 4572 3272 4640 Quibus
3317 4575 3493 4631 modis
3527 4575 3678 4628 tutela

473 4619 914 4692 puberibusdari
971 4623 1223 4676 masculis
1255 4640 1424 4692 usque
1451 4627 1515 4678 ad
1545 4643 1634 4681 an.
1685 4631 1751 4684 14
1807 4633 2022 4689 feminis

478 4704 650 4756 usque
674 4691 739 4739 ad
772 4690 856 4764 t2,
882 4696 1245 4764 elicuratores
1276 4690 1519 4764 utrisque
1545 4697 1610 4751 ad
1645 4715 1733 4754 an.
1779 4701 1868 4756 25.
1907 4703 2024 4756 Bal-

479 4773 666 4829 snmou
692 4771 758 4810 ex
793 4760 906 4826 lege
938 4761 1078 4813 civili
1122 4760 1450 4829 pronuntiat:
1483 4765 1711 4824 Tutores
1741 4775 1882 4825 enim
1915 4774 2025 4829 dati

476 4837 603 4906 sunt
655 4828 1062 4906 iiupulreribns,
1113 4828 1394 4906 i’dque'ex
1448 4835 1567 4906 jure
1621 4843 1899 4906 naturali;
1968 4854 2028 4897 ut

478 4900 732 4974 observat
772 4896 1135 4974 Justinianus,
1188 4896 1392 4968 dicens,
1439 4896 1737 4974 Inipuberes
1766 4896 1942 4965 autem

474 4971 643 5051 tutela
674 4981 803 5030 esse,
835 4973 1068 5048 naturali
1108 4971 1232 5051 jure
1261 4971 1562 5051 conveniens
1607 4989 1682 5032 est
1716 4996 1734 5033 :
1768 4990 1823 5032 ut
1866 4983 1910 5035 is
1940 4985 2029 5051 qui

475 5037 719 5120 perfecta:
761 5041 1063 5120 a'tatis‘rton
1109 5037 1211 5101 sit,
1239 5045 1499 5120 “alterius
1562 5051 1726 5101 tutela
1789 5037 2019 5120 regatur.

477 5105 604 5192 gum
636 5122 767 5192 ergo
784 5110 1099 5192 pupillorum
1128 5113 1562 5192 pupillarumque_
1583 5105 2026 5192 cu‘rntoresunego-V-

477 5179 565 5256 (in.
584 5190 793 5245 gerunt,
822 5188 935 5244 post
979 5182 1312 5256 pubertatem
1333 5179 1507 5239 tutela:
1531 5187 1740 5256 judicio
1772 5179 2023 5246 rationem

477 5245 721 5317 reddunt,
785 5259 916 5302 sect.
979 5253 1031 5312 6,
1080 5262 1132 5303 et
1187 5254 1362 5308 lnstit.
1427 5259 1493 5310 de
1531 5245 1780 5313 'Atiliano
1829 5245 2022 5317 tutore.

479 5314 743 5396 t’ubertas
774 5329 955 5370 autem
989 5322 1241 5396 masculis
1264 5337 1360 5396 an.
1397 5327 1482 5391 16,
1510 5328 1725 5382 feminis
1756 5346 1896 5384 anno
1932 5314 2018 5396 l2,

479 5387 704 5466 incipit;
748 5402 809 5440 ac
827 5401 1119 5466 propterea
1152 5392 1222 5466 illi
1263 5387 1564 5466 impuberes
1597 5414 1718 5452 esse
1749 5387 2020 5466 desinunt;

477 5455 636 5521 idque
669 5473 733 5509 ex
790 5455 1030 5524 ejusdem
1075 5455 1437 5532 institutione,
1479 5469 1730 5532 dicentis,
1787 5469 1856 5523 Et
1912 5455 2028 5526 ideo

472 5535 658 5605 nostra
712 5538 892 5608 sancta
920 5529 1287 5608 constitutione
1313 5538 1662 5603 promulgata,
1701 5529 2025 5608 pubertatem

2136 4638 2438 4713 linitur._Et
2476 4640 2598 4695 hinc
2637 4644 2688 4694 in
2720 4639 3008 4713 Pandectis
3040 4638 3260 4707 dicitur,
3296 4647 3390 4699 sed
3433 4647 3477 4699 si
3517 4645 3680 4713 puella

2135 4706 2501 4780 duodecimum
2538 4727 2737 4764 annum
2783 4712 3091 4780 impleverit,
3136 4706 3282 4768 tutor
3310 4706 3527 4770 desinit.
3553 4731 3678 4768 esse.

2134 4776 2171 4846 ί.
2206 4793 2327 4842 xm,
2365 4789 2498 4834 sect.
2535 4780 2590 4846 2,
2623 4780 2681 4839 Π.
2704 4781 2771 4835 de
2797 4776 3142 4840 tutoribus—et
3164 4789 3509 4841 curatoribus
3528 4784 3676 4838 datis.

2135 4845 2260 4925 [lost
2307 4845 2641 4925 pubertatem
2705 4851 2969 4925 inceptam
3026 4859 3310 4925 usquead
3364 4872 3558 4910 annum
3591 4853 3674 4906 25.

2134 4916 2424 4992 Curatores
2453 4920 2561 4992 dati
2581 4931 2717 4992 sunt
2751 4916 2964 4992 utrique
3004 4916 3177 4978 sexui.
3209 4924 3439 4979 Muscuti
3467 4925 3670 4992 quidem

2133 4989 2369 5062 puberes,
2395 4998 2440 5039 et
2462 4989 2671 5056 femina:
2703 4992 2798 5045 viri
2831 4989 3063 5060 potentes
3106 5011 3263 5062 usque
3292 4996 3363 5048 ad
3387 4989 3676 5049 vicesimum

2128 5059 2369 5133 quintum
2406 5074 2602 5133 annum
2656 5059 3007 5128 completum,
3056 5059 3325 5118 curatores
3373 5067 3674 5133 accipiunt:

2128 5129 2250 5194 quia
2302 5127 2421 5180 licet
2463 5127 2869 5204 puberes_sint,
2901 5127 3071 5186 adhuc
3120 5146 3291 5189 tamen
3338 5136 3455 5204 ejus
3485 5127 3678 5204 'tetatis

2127 5208 2270 5260 sunt,
2313 5206 2379 5273 ut.
2415 5214 2512 5250 sua
2541 5201 2753 5273 negotia
2802 5205 3067 5257 tueri.non
3107 5207 3328 5273 possint.
3360 5201 3551 5260 'lnstit.
3609 5203 3677 5254 De

2125 5267 2476 5342 curatoribus.
2539 5267 2842 5336 l’andectae,
2889 5267 3117 5342 Appurei
3175 5276 3465 5329 minoribus
3529 5275 3674 5327 annis

2126 5337 2308 5405 viginti
2359 5337 2586 5412 quinque
2617 5337 3214 5412 peumiopem'polliceri,
3261 5362 3382 5398 nam
3436 5357 3547 5412 post
3584 5344 3671 5393 hoc

2129 5415 2327 5480 tempus
2378 5410 2626 5472 compleri
2681 5410 2880 5463 virilem
2930 5413 3151 5480 vigorem
3185 5410 3533 5468 constatht
3563 5416 3671 5465 ideo

2125 5474 2182 5526 in
2213 5475 2346 5528 hanc
2397 5493 2554 5538 usque
2584 5487 2791 5532 (etatem
2831 5474 3184 5537 adolescentes
3246 5493 3553 5537 curatorum
3581 5499 3671 5533 au-

2120 5545 2251 5596 xilio‘
2289 5558 2561 5614 reguntur,
2608 5565 2698 5602 nec
2745 5560 2863 5603 ante
2897 5553 2972 5604 rei
3020 5569 3132 5605 sua:
3184 5555 3570 5607 administratio
3609 5553 3670 5604 iis

471 5597 806 5694 fithft‘uﬂitiij‘:
830 5611 941 5665 post
965 5601 1215 5694 decimum
1235 5597 2023 5694 quartum'a'nnnm:completunt
2117 5597 2376 5694 commitii
2407 5597 2628 5694 debebit:
2648 5622 2880 5694 quamvis
2904 5621 3026 5694 bene
3049 5639 3154 5675 rem
3171 5641 3321 5678 suam
3355 5623 3666 5694 gerentibus,

473 5669 615 5716 illico
689 5667 896 5749 initium
935 5671 1191 5749 .a'cci‘pere
1246 5667 1624 5749 disposuimus.
1682 5667 2020 5749 Antiq'uitatis

2120 5684 2157 5738 Ι.
2192 5700 2238 5764 ι..
2272 5697 2407 5741 sect.
2436 5687 2471 5740 2
2501 5699 2553 5743 et
2597 5684 2732 5755 ’5,ἰῐ.
2762 5689 2829 5746 de
2863 5693 3166 5750 minoribus
3201 5684 3387 5764 vigiut'i
3437 5694 3666 5764 quinque

471 5750 712 5787 nonnum
740 5737 794 5788 in
823 5736 1027 5804 feminis
1056 5739 1183 5793 bene
1215 5736 1440 5810 positam
1459 5747 1511 5797 in
1536 5763 1629 5799 suo
1660 5736 1839 5802 ordine
1864 5754 2018 5803 relin-
2115 5736 2291 5811 annis:

466 5814 712 5871 quentes,
767 5819 824 5860 at
882 5818 997 5866 itast
1039 5811 1312 5868 duodecim
1357 5831 1520 5870 annos
1572 5820 1870 5885 completos,
1915 5821 2011 5874 viri
