  <div class='ocr_page' id='page_1' title='image "/cluster/home/n/w/nwhite01/storage/ocr_20150623/137/hvd.32044020166120/214.png"; bbox 0 0 3940 6480; ppageno 0'>
   <div class='ocr_carea' id='block_1_1' title="bbox 260 423 356 488">
    <p class='ocr_par' dir='ltr' id='par_1_1' title="bbox 260 423 356 488">
     <span class='ocr_line' id='line_1_1' title="bbox 260 423 356 488; baseline -0.052 0"><span class='ocrx_word' id='word_1_1' title='bbox 260 423 356 488; x_wconf 84' lang='lat'><strong>393</strong></span> 
     </span>
    </p>
   </div>
   <div class='ocr_carea' id='block_1_2' title="bbox 1302 415 2373 477">
    <p class='ocr_par' dir='ltr' id='par_1_2' title="bbox 1302 415 2373 477">
     <span class='ocr_line' id='line_1_2' title="bbox 1302 415 2373 477; baseline 0 0"><span class='ocrx_word' id='word_1_2' title='bbox 1302 419 1382 477; x_wconf 84' lang='lat' dir='ltr'><strong>IN</strong></span> <span class='ocrx_word' id='word_1_3' title='bbox 1423 418 1585 477; x_wconf 71' lang='lat' dir='ltr'><strong>CAN.</strong></span> <span class='ocrx_word' id='word_1_4' title='bbox 1636 418 1723 474; x_wconf 79' lang='lat' dir='ltr'><strong>Ill</strong></span> <span class='ocrx_word' id='word_1_5' title='bbox 1764 415 1971 476; x_wconf 76' lang='lat' dir='ltr'><strong>CUNC.</strong></span> <span class='ocrx_word' id='word_1_6' title='bbox 2016 415 2373 477; x_wconf 82' lang='lat' dir='ltr'><strong>CHALCED.</strong></span> 
     </span>
    </p>
   </div>
   <div class='ocr_carea' id='block_1_3' title="bbox 3367 418 3471 479">
    <p class='ocr_par' dir='ltr' id='par_1_3' title="bbox 3367 418 3471 479">
     <span class='ocr_line' id='line_1_3' title="bbox 3367 418 3471 479; baseline 0 0"><span class='ocrx_word' id='word_1_7' title='bbox 3367 418 3471 479; x_wconf 13' lang='lat' dir='ltr'><strong>397i</strong></span> 
     </span>
    </p>
   </div>
   <div class='ocr_carea' id='block_1_4' title="bbox 260 528 1796 604">
    <p class='ocr_par' dir='ltr' id='par_1_4' title="bbox 260 528 1796 604">
     <span class='ocr_line' id='line_1_4' title="bbox 260 528 1796 604; baseline -0.008 -13"><span class='ocrx_word' id='word_1_8' title='bbox 260 540 432 591; x_wconf 70' lang='grc' dir='ltr'>πᾶσαν</span> <span class='ocrx_word' id='word_1_9' title='bbox 465 529 764 604; x_wconf 79' lang='grc' dir='ltr'>ἐπιτροπὴν</span> <span class='ocrx_word' id='word_1_10' title='bbox 802 534 895 586; x_wconf 76' lang='grc' dir='ltr'><strong>καὶ</strong></span> <span class='ocrx_word' id='word_1_11' title='bbox 954 533 1382 602; x_wconf 84' lang='grc' dir='ltr'>κουρατωρείαν.</span> <span class='ocrx_word' id='word_1_12' title='bbox 1431 530 1525 598; x_wconf 83' lang='grc' dir='ltr'><strong>Μὴ</strong></span> <span class='ocrx_word' id='word_1_13' title='bbox 1575 528 1796 596; x_wconf 85' lang='grc' dir='ltr'>μεσολα-</span> 
     </span>
    </p>
   </div>
   <div class='ocr_carea' id='block_1_5' title="bbox 1900 528 3465 604">
    <p class='ocr_par' dir='ltr' id='par_1_5' title="bbox 1906 528 3465 597">
     <span class='ocr_line' id='line_1_5' title="bbox 1906 528 3465 597; baseline 0.002 -17"><span class='ocrx_word' id='word_1_14' title='bbox 1906 528 2079 581; x_wconf 89' lang='lat' dir='ltr'><strong>solum</strong></span> <span class='ocrx_word' id='word_1_15' title='bbox 2106 528 2320 595; x_wconf 83' lang='lat' dir='ltr'><strong>quando</strong></span> <span class='ocrx_word' id='word_1_16' title='bbox 2354 529 2471 597; x_wconf 87' lang='lat' dir='ltr'><strong>lege</strong></span> <span class='ocrx_word' id='word_1_17' title='bbox 2504 528 2566 580; x_wconf 83' lang='lat' dir='ltr'><strong>ad</strong></span> <span class='ocrx_word' id='word_1_18' title='bbox 2597 531 2698 581; x_wconf 90' lang='lat' dir='ltr'><strong>hoc</strong></span> <span class='ocrx_word' id='word_1_19' title='bbox 2738 537 3027 595; x_wconf 88' lang='lat' dir='ltr'><strong>vocantur,</strong></span> <span class='ocrx_word' id='word_1_20' title='bbox 3054 543 3240 583; x_wconf 85' lang='lat' dir='ltr'><strong>curam</strong></span> <span class='ocrx_word' id='word_1_21' title='bbox 3276 541 3329 583; x_wconf 83' lang='lat' dir='ltr'><strong>et</strong></span> <span class='ocrx_word' id='word_1_22' title='bbox 3376 540 3465 583; x_wconf 87' lang='lat' dir='ltr'><strong>tu-</strong></span> 
     </span>
    </p>
   </div>
   <div class='ocr_carea' id='block_1_6' title="bbox 257 622 1800 697">
    <p class='ocr_par' dir='ltr' id='par_1_6' title="bbox 257 622 1800 697">
     <span class='ocr_line' id='line_1_6' title="bbox 257 622 1800 697; baseline -0.008 -13"><span class='ocrx_word' id='word_1_23' title='bbox 257 630 449 697; x_wconf 78' lang='grc' dir='ltr'>6ούσης</span> <span class='ocrx_word' id='word_1_24' title='bbox 475 628 531 679; x_wconf 83' lang='grc' dir='ltr'>δὲ</span> <span class='ocrx_word' id='word_1_25' title='bbox 591 625 849 695; x_wconf 81' lang='grc' dir='ltr'><strong>τοιαύτης</strong></span> <span class='ocrx_word' id='word_1_26' title='bbox 901 624 1225 693; x_wconf 77' lang='grc' dir='ltr'><strong>ἐπιτροπῆς,</strong></span> <span class='ocrx_word' id='word_1_27' title='bbox 1262 626 1311 675; x_wconf 80' lang='grc' dir='ltr'>οἱ</span> <span class='ocrx_word' id='word_1_28' title='bbox 1361 624 1459 692; x_wconf 80' lang='grc' dir='ltr'>μὲν</span> <span class='ocrx_word' id='word_1_29' title='bbox 1512 622 1800 673; x_wconf 84' lang='grc' dir='ltr'>ἐπίσκοποι</span> 
     </span>
    </p>
   </div>
   <div class='ocr_carea' id='block_1_7' title="bbox 257 713 1803 789">
    <p class='ocr_par' dir='ltr' id='par_1_7' title="bbox 257 713 1803 789">
     <span class='ocr_line' id='line_1_7' title="bbox 257 713 1803 789; baseline -0.009 -14"><span class='ocrx_word' id='word_1_30' title='bbox 257 722 402 775; x_wconf 74' lang='grc' dir='ltr'>καὶοί</span> <span class='ocrx_word' id='word_1_31' title='bbox 442 718 669 789; x_wconf 78' lang='grc' dir='ltr'>μοναχοὶ</span> <span class='ocrx_word' id='word_1_32' title='bbox 698 718 798 769; x_wconf 75' lang='grc' dir='ltr'><strong>οὐκ</strong></span> <span class='ocrx_word' id='word_1_33' title='bbox 848 714 1365 783; x_wconf 81' lang='grc' dir='ltr'>ὲπιτροπεύσουσιν,</span> <span class='ocrx_word' id='word_1_34' title='bbox 1420 713 1540 765; x_wconf 79' lang='grc' dir='ltr'>οὐδὲ</span> <span class='ocrx_word' id='word_1_35' title='bbox 1598 728 1803 779; x_wconf 68' lang='grc' dir='ltr'>κούρας-</span> 
     </span>
    </p>
   </div>
   <div class='ocr_carea' id='block_1_8' title="bbox 254 802 1797 881">
    <p class='ocr_par' dir='ltr' id='par_1_8' title="bbox 254 802 1797 881">
     <span class='ocr_line' id='line_1_8' title="bbox 254 802 1797 881; baseline -0.009 -15"><span class='ocrx_word' id='word_1_36' title='bbox 254 810 631 881; x_wconf 80' lang='grc' dir='ltr'>τωρεύσουσιν,</span> <span class='ocrx_word' id='word_1_37' title='bbox 655 808 776 861; x_wconf 81' lang='grc' dir='ltr'>οὐδὲ</span> <span class='ocrx_word' id='word_1_38' title='bbox 796 809 885 861; x_wconf 84' lang='grc' dir='ltr'>ὅτε</span> <span class='ocrx_word' id='word_1_39' title='bbox 910 809 989 869; x_wconf 83' lang='grc' dir='ltr'><strong>είς</strong></span> <span class='ocrx_word' id='word_1_40' title='bbox 1021 808 1178 860; x_wconf 78' lang='grc' dir='ltr'>τοῦτο</span> <span class='ocrx_word' id='word_1_41' title='bbox 1207 806 1270 857; x_wconf 79' lang='grc' dir='ltr'><strong>ὲκ</strong></span> <span class='ocrx_word' id='word_1_42' title='bbox 1297 805 1463 872; x_wconf 85' lang='grc' dir='ltr'>νόμου</span> <span class='ocrx_word' id='word_1_43' title='bbox 1486 802 1797 855; x_wconf 82' lang='grc' dir='ltr'>καλοῦνται.</span> 
     </span>
    </p>
   </div>
   <div class='ocr_carea' id='block_1_9' title="bbox 254 894 1801 970">
    <p class='ocr_par' dir='ltr' id='par_1_9' title="bbox 254 894 1801 970">
     <span class='ocr_line' id='line_1_9' title="bbox 254 894 1801 970; baseline -0.008 -15"><span class='ocrx_word' id='word_1_44' title='bbox 254 906 309 955; x_wconf 83' lang='grc' dir='ltr'><strong>υί</strong></span> <span class='ocrx_word' id='word_1_45' title='bbox 336 903 388 953; x_wconf 87' lang='grc' dir='ltr'>δὲ</span> <span class='ocrx_word' id='word_1_46' title='bbox 442 902 694 970; x_wconf 70' lang='grc' dir='ltr'>κληρικοὶ</span> <span class='ocrx_word' id='word_1_47' title='bbox 727 900 886 968; x_wconf 83' lang='grc' dir='ltr'>μόνον</span> <span class='ocrx_word' id='word_1_48' title='bbox 918 900 1007 951; x_wconf 83' lang='grc' dir='ltr'>ὅτε</span> <span class='ocrx_word' id='word_1_49' title='bbox 1036 897 1330 950; x_wconf 81' lang='grc' dir='ltr'>καλοῦνται</span> <span class='ocrx_word' id='word_1_50' title='bbox 1375 895 1478 947; x_wconf 85' lang='grc' dir='ltr'><strong>ύπὸ</strong></span> <span class='ocrx_word' id='word_1_51' title='bbox 1508 895 1603 947; x_wconf 78' lang='grc' dir='ltr'>τοῦ</span> <span class='ocrx_word' id='word_1_52' title='bbox 1632 894 1801 960; x_wconf 85' lang='grc' dir='ltr'>νόμου</span> 
     </span>
    </p>
   </div>
   <div class='ocr_carea' id='block_1_10' title="bbox 252 983 1801 1059">
    <p class='ocr_par' dir='ltr' id='par_1_10' title="bbox 252 983 1801 1059">
     <span class='ocr_line' id='line_1_10' title="bbox 252 983 1801 1059; baseline -0.007 -14"><span class='ocrx_word' id='word_1_53' title='bbox 252 992 703 1059; x_wconf 83' lang='grc' dir='ltr'>ἐπιτροπεύσουσι</span> <span class='ocrx_word' id='word_1_54' title='bbox 756 991 853 1043; x_wconf 74' lang='grc' dir='ltr'><strong>καὶ</strong></span> <span class='ocrx_word' id='word_1_55' title='bbox 889 986 1426 1059; x_wconf 87' lang='grc' dir='ltr'>κουρατωρεύσουσι.</span> <span class='ocrx_word' id='word_1_56' title='bbox 1484 986 1688 1045; x_wconf 76' lang='grc' dir='ltr'>Πάντες</span> <span class='ocrx_word' id='word_1_57' title='bbox 1743 983 1801 1034; x_wconf 84' lang='grc' dir='ltr'>δὲ</span> 
     </span>
    </p>
   </div>
   <div class='ocr_carea' id='block_1_11' title="bbox 254 1075 1801 1150">
    <p class='ocr_par' dir='ltr' id='par_1_11' title="bbox 254 1075 1801 1150">
     <span class='ocr_line' id='line_1_11' title="bbox 254 1075 1801 1150; baseline -0.006 -15"><span class='ocrx_word' id='word_1_58' title='bbox 254 1084 435 1143; x_wconf 74' lang='grc' dir='ltr'>κοινῶς</span> <span class='ocrx_word' id='word_1_59' title='bbox 466 1083 570 1133; x_wconf 72' lang='grc' dir='ltr'>οὐκ</span> <span class='ocrx_word' id='word_1_60' title='bbox 594 1079 1089 1150; x_wconf 63' lang='grc' dir='ltr'>ἐμπώισθὴσονται</span> <span class='ocrx_word' id='word_1_61' title='bbox 1129 1078 1353 1130; x_wconf 79' lang='grc' dir='ltr'>διοικεῖν</span> <span class='ocrx_word' id='word_1_62' title='bbox 1385 1075 1687 1143; x_wconf 83' lang='grc' dir='ltr'>πράγματα</span> <span class='ocrx_word' id='word_1_63' title='bbox 1711 1075 1801 1125; x_wconf 83' lang='grc' dir='ltr'>ἐκ-</span> 
     </span>
    </p>
   </div>
   <div class='ocr_carea' id='block_1_12' title="bbox 252 1164 1801 1241">
    <p class='ocr_par' dir='ltr' id='par_1_12' title="bbox 252 1164 1801 1241">
     <span class='ocr_line' id='line_1_12' title="bbox 252 1164 1801 1241; baseline -0.007 -13"><span class='ocrx_word' id='word_1_64' title='bbox 252 1172 602 1241; x_wconf 82' lang='grc' dir='ltr'>κλησιαστικά</span> <span class='ocrx_word' id='word_1_65' title='bbox 650 1172 745 1224; x_wconf 63' lang='grc' dir='ltr'><strong>καὶ⁸</strong></span> <span class='ocrx_word' id='word_1_66' title='bbox 805 1172 928 1241; x_wconf 86' lang='grc' dir='ltr'>δίχα</span> <span class='ocrx_word' id='word_1_67' title='bbox 985 1169 1291 1240; x_wconf 81' lang='grc' dir='ltr'>ἐπιτροπῆς</span> <span class='ocrx_word' id='word_1_68' title='bbox 1341 1167 1666 1236; x_wconf 82' lang='grc' dir='ltr'>ἐπισκοπῆς.</span> <span class='ocrx_word' id='word_1_69' title='bbox 1736 1164 1801 1217; x_wconf 86' lang='grc' dir='ltr'>Ἡ</span> 
     </span>
    </p>
   </div>
   <div class='ocr_carea' id='block_1_13' title="bbox 253 1254 1800 1335">
    <p class='ocr_par' dir='ltr' id='par_1_13' title="bbox 253 1254 1800 1335">
     <span class='ocr_line' id='line_1_13' title="bbox 253 1254 1800 1335; baseline -0.008 -16"><span class='ocrx_word' id='word_1_70' title='bbox 253 1270 419 1335; x_wconf 78' lang='grc' dir='ltr'>μέντοι</span> <span class='ocrx_word' id='word_1_71' title='bbox 465 1263 548 1334; x_wconf 80' lang='grc' dir='ltr'>ξη¹</span> <span class='ocrx_word' id='word_1_72' title='bbox 586 1264 777 1334; x_wconf 81' lang='grc' dir='ltr'>Νεαρά</span> <span class='ocrx_word' id='word_1_73' title='bbox 807 1263 900 1315; x_wconf 83' lang='grc' dir='ltr'>τοῦ</span> <span class='ocrx_word' id='word_1_74' title='bbox 950 1262 1213 1332; x_wconf 81' lang='grc' dir='ltr'>βασιλέως</span> <span class='ocrx_word' id='word_1_75' title='bbox 1240 1258 1409 1330; x_wconf 83' lang='grc' dir='ltr'><strong>κυροῦ</strong></span> <span class='ocrx_word' id='word_1_76' title='bbox 1452 1259 1679 1318; x_wconf 86' lang='grc' dir='ltr'>Λέοντος</span> <span class='ocrx_word' id='word_1_77' title='bbox 1705 1254 1800 1307; x_wconf 83' lang='grc' dir='ltr'>τοῦ</span> 
     </span>
    </p>
   </div>
   <div class='ocr_carea' id='block_1_14' title="bbox 247 1350 1799 1426">
    <p class='ocr_par' dir='ltr' id='par_1_14' title="bbox 247 1350 1799 1426">
     <span class='ocr_line' id='line_1_14' title="bbox 247 1350 1799 1426; baseline -0.008 -15"><span class='ocrx_word' id='word_1_78' title='bbox 247 1359 531 1426; x_wconf 71' lang='grc' dir='ltr'>Φιλοσόφου</span> <span class='ocrx_word' id='word_1_79' title='bbox 588 1357 820 1409; x_wconf 79' lang='grc' dir='ltr'>ἐνέδωκε</span> <span class='ocrx_word' id='word_1_80' title='bbox 876 1357 1061 1425; x_wconf 86' lang='grc' dir='ltr'>μόνοις</span> <span class='ocrx_word' id='word_1_81' title='bbox 1106 1356 1219 1415; x_wconf 85' lang='grc' dir='ltr'>τοῖς</span> <span class='ocrx_word' id='word_1_82' title='bbox 1273 1353 1529 1422; x_wconf 80' lang='grc' dir='ltr'>μοναχοῖς</span> <span class='ocrx_word' id='word_1_83' title='bbox 1562 1350 1799 1407; x_wconf 73' lang='grc' dir='ltr'>καὶτοῖς</span> 
     </span>
    </p>
   </div>
   <div class='ocr_carea' id='block_1_15' title="bbox 248 1441 1801 1520">
    <p class='ocr_par' dir='ltr' id='par_1_15' title="bbox 248 1441 1801 1520">
     <span class='ocr_line' id='line_1_15' title="bbox 248 1441 1801 1520; baseline -0.008 -17"><span class='ocrx_word' id='word_1_84' title='bbox 248 1452 514 1520; x_wconf 73' lang='grc' dir='ltr'>κληρικοῖς</span> <span class='ocrx_word' id='word_1_85' title='bbox 547 1449 879 1518; x_wconf 74' lang='grc' dir='ltr'>ἐπιτρόπους</span> <span class='ocrx_word' id='word_1_86' title='bbox 931 1445 1178 1513; x_wconf 88' lang='grc' dir='ltr'>γίνεσθαι</span> <span class='ocrx_word' id='word_1_87' title='bbox 1214 1447 1309 1497; x_wconf 70' lang='grc' dir='ltr'><strong>καὶ</strong></span> <span class='ocrx_word' id='word_1_88' title='bbox 1360 1442 1639 1511; x_wconf 73' lang='grc' dir='ltr'>διοικητὰς</span> <span class='ocrx_word' id='word_1_89' title='bbox 1702 1441 1801 1492; x_wconf 67' lang='grc' dir='ltr'><strong>ἐπὶ</strong></span> 
     </span>
    </p>
   </div>
   <div class='ocr_carea' id='block_1_16' title="bbox 250 1533 1798 1609">
    <p class='ocr_par' dir='ltr' id='par_1_16' title="bbox 250 1533 1798 1609">
     <span class='ocr_line' id='line_1_16' title="bbox 250 1533 1798 1609; baseline -0.007 -15"><span class='ocrx_word' id='word_1_90' title='bbox 250 1543 559 1594; x_wconf 84' lang='grc' dir='ltr'>τελευταίων</span> <span class='ocrx_word' id='word_1_91' title='bbox 623 1539 1003 1609; x_wconf 86' lang='grc' dir='ltr'>βουλημάτων,</span> <span class='ocrx_word' id='word_1_92' title='bbox 1058 1540 1152 1592; x_wconf 70' lang='grc' dir='ltr'><strong>καὶ</strong></span> <span class='ocrx_word' id='word_1_93' title='bbox 1198 1539 1557 1607; x_wconf 82' lang='grc' dir='ltr'>ἐνεργὴσουσι</span> <span class='ocrx_word' id='word_1_94' title='bbox 1601 1533 1798 1596; x_wconf 83' lang='grc' dir='ltr'>ταῦτα,</span> 
     </span>
    </p>
   </div>
   <div class='ocr_carea' id='block_1_17' title="bbox 247 1624 1796 1701">
    <p class='ocr_par' dir='ltr' id='par_1_17' title="bbox 247 1624 1796 1701">
     <span class='ocr_line' id='line_1_17' title="bbox 247 1624 1796 1701; baseline -0.006 -15"><span class='ocrx_word' id='word_1_95' title='bbox 247 1632 639 1701; x_wconf 76' lang='grc' dir='ltr'>κᾶνκοσμικῶν</span> <span class='ocrx_word' id='word_1_96' title='bbox 678 1631 1021 1701; x_wconf 79' lang='grc' dir='ltr'>πραγμάτων</span> <span class='ocrx_word' id='word_1_97' title='bbox 1055 1629 1320 1699; x_wconf 79' lang='grc' dir='ltr'>διοίκησξς</span> <span class='ocrx_word' id='word_1_98' title='bbox 1371 1630 1487 1680; x_wconf 76' lang='grc' dir='ltr'>ἐστι</span> <span class='ocrx_word' id='word_1_99' title='bbox 1526 1626 1621 1679; x_wconf 74' lang='grc' dir='ltr'><strong>καὶ</strong></span> <span class='ocrx_word' id='word_1_100' title='bbox 1672 1624 1796 1700; x_wconf 44' lang='lat' dir='ltr'><strong>{ita</strong></span> 
     </span>
    </p>
   </div>
   <div class='ocr_carea' id='block_1_18' title="bbox 250 1716 1797 1793">
    <p class='ocr_par' dir='ltr' id='par_1_18' title="bbox 250 1716 1797 1793">
     <span class='ocr_line' id='line_1_18' title="bbox 250 1716 1797 1793; baseline -0.006 -16"><span class='ocrx_word' id='word_1_101' title='bbox 250 1726 600 1792; x_wconf 77' lang='grc' dir='ltr'>ἐπισκοπικῆς</span> <span class='ocrx_word' id='word_1_102' title='bbox 620 1726 943 1793; x_wconf 80' lang='grc' dir='ltr'>ἐπιτροπῆς.</span> <span class='ocrx_word' id='word_1_103' title='bbox 967 1724 1045 1793; x_wconf 78' lang='grc' dir='ltr'><strong>Τῇ</strong></span> <span class='ocrx_word' id='word_1_104' title='bbox 1068 1720 1407 1793; x_wconf 79' lang='grc' dir='ltr'>προφάσειδὲ</span> <span class='ocrx_word' id='word_1_105' title='bbox 1419 1719 1516 1788; x_wconf 82' lang='grc' dir='ltr'><strong>τῆς</strong></span> <span class='ocrx_word' id='word_1_106' title='bbox 1543 1716 1797 1783; x_wconf 79' lang='grc' dir='ltr'>τοιαύτης</span> 
     </span>
    </p>
   </div>
   <div class='ocr_carea' id='block_1_19' title="bbox 249 1810 1798 1886">
    <p class='ocr_par' dir='ltr' id='par_1_19' title="bbox 249 1810 1798 1886">
     <span class='ocr_line' id='line_1_19' title="bbox 249 1810 1798 1886; baseline -0.007 -16"><span class='ocrx_word' id='word_1_107' title='bbox 249 1817 440 1886; x_wconf 62' lang='lat' dir='ltr'><strong>Napi;</strong></span> <span class='ocrx_word' id='word_1_108' title='bbox 476 1820 840 1885; x_wconf 76' lang='grc' dir='ltr'>ἐνεργὴοουσι</span> <span class='ocrx_word' id='word_1_109' title='bbox 883 1817 978 1868; x_wconf 82' lang='grc' dir='ltr'><strong>καὶ</strong></span> <span class='ocrx_word' id='word_1_110' title='bbox 1013 1819 1300 1868; x_wconf 83' lang='grc' dir='ltr'>ἐπισκοποι</span> <span class='ocrx_word' id='word_1_111' title='bbox 1356 1812 1657 1881; x_wconf 75' lang='grc' dir='ltr'>ἐπιτροπὰς</span> <span class='ocrx_word' id='word_1_112' title='bbox 1706 1810 1798 1860; x_wconf 76' lang='grc' dir='ltr'><strong>ἐπὶ</strong></span> 
     </span>
    </p>
   </div>
   <div class='ocr_carea' id='block_1_20' title="bbox 1906 617 3464 688">
    <p class='ocr_par' dir='ltr' id='par_1_20' title="bbox 1906 617 3464 688">
     <span class='ocr_line' id='line_1_20' title="bbox 1906 617 3464 688; baseline 0.001 -18"><span class='ocrx_word' id='word_1_113' title='bbox 1906 620 2068 673; x_wconf 81' lang='lat' dir='ltr'><strong>telam</strong></span> <span class='ocrx_word' id='word_1_114' title='bbox 2105 630 2314 688; x_wconf 77' lang='lat' dir='ltr'><strong>gerent.</strong></span> <span class='ocrx_word' id='word_1_115' title='bbox 2344 617 2546 673; x_wconf 78' lang='lat' dir='ltr'><strong>Omnes</strong></span> <span class='ocrx_word' id='word_1_116' title='bbox 2583 630 2762 673; x_wconf 83' lang='lat' dir='ltr'><strong>autent</strong></span> <span class='ocrx_word' id='word_1_117' title='bbox 2782 637 2843 673; x_wconf 84' lang='lat' dir='ltr'><strong>cx</strong></span> <span class='ocrx_word' id='word_1_118' title='bbox 2879 621 2943 673; x_wconf 88' lang='lat' dir='ltr'><strong>iis</strong></span> <span class='ocrx_word' id='word_1_119' title='bbox 2976 621 3336 675; x_wconf 70' lang='lat' dir='ltr'><strong>communiter</strong></span> <span class='ocrx_word' id='word_1_120' title='bbox 3360 635 3464 673; x_wconf 92' lang='lat' dir='ltr'><strong>non</strong></span> 
     </span>
    </p>
   </div>
   <div class='ocr_carea' id='block_1_21' title="bbox 1909 712 3467 781">
    <p class='ocr_par' dir='ltr' id='par_1_21' title="bbox 1909 712 3467 781">
     <span class='ocr_line' id='line_1_21' title="bbox 1909 712 3467 781; baseline 0.003 -19"><span class='ocrx_word' id='word_1_121' title='bbox 1909 713 2273 779; x_wconf 77' lang='lat' dir='ltr'><strong>impedientnr</strong></span> <span class='ocrx_word' id='word_1_122' title='bbox 2348 712 2717 766; x_wconf 82' lang='lat' dir='ltr'><strong>ecclesiastica</strong></span> <span class='ocrx_word' id='word_1_123' title='bbox 2792 713 3177 767; x_wconf 80' lang='lat' dir='ltr'><strong>administrare</strong></span> <span class='ocrx_word' id='word_1_124' title='bbox 3249 714 3467 781; x_wconf 82' lang='lat' dir='ltr'><strong>negotia</strong></span> 
     </span>
    </p>
   </div>
   <div class='ocr_carea' id='block_1_22' title="bbox 1904 804 3463 872">
    <p class='ocr_par' dir='ltr' id='par_1_22' title="bbox 1904 804 3463 872">
     <span class='ocr_line' id='line_1_22' title="bbox 1904 804 3463 872; baseline 0 -16"><span class='ocrx_word' id='word_1_125' title='bbox 1904 804 2064 856; x_wconf 87' lang='lat' dir='ltr'><strong>etiam</strong></span> <span class='ocrx_word' id='word_1_126' title='bbox 2097 804 2213 856; x_wconf 82' lang='lat' dir='ltr'><strong>sine</strong></span> <span class='ocrx_word' id='word_1_127' title='bbox 2241 804 2596 871; x_wconf 85' lang='lat' dir='ltr'><strong>pertnissinne</strong></span> <span class='ocrx_word' id='word_1_128' title='bbox 2624 804 2939 872; x_wconf 77' lang='lat' dir='ltr'><strong>episcopali.</strong></span> <span class='ocrx_word' id='word_1_129' title='bbox 2991 804 3060 858; x_wconf 71' lang='lat'><strong>(58</strong></span> <span class='ocrx_word' id='word_1_130' title='bbox 3117 815 3298 859; x_wconf 85' lang='lat' dir='ltr'><strong>autem</strong></span> <span class='ocrx_word' id='word_1_131' title='bbox 3331 806 3463 871; x_wconf 87' lang='lat' dir='ltr'><strong>imp.</strong></span> 
     </span>
    </p>
   </div>
   <div class='ocr_carea' id='block_1_23' title="bbox 1903 893 3467 962">
    <p class='ocr_par' dir='ltr' id='par_1_23' title="bbox 1903 893 3467 962">
     <span class='ocr_line' id='line_1_23' title="bbox 1903 893 3467 962; baseline 0.002 -15"><span class='ocrx_word' id='word_1_132' title='bbox 1903 893 2105 947; x_wconf 84' lang='lat' dir='ltr'><strong>domini</strong></span> <span class='ocrx_word' id='word_1_133' title='bbox 2142 894 2340 949; x_wconf 87' lang='lat' dir='ltr'><strong>Leonis</strong></span> <span class='ocrx_word' id='word_1_134' title='bbox 2377 894 2678 962; x_wconf 76' lang='lat' dir='ltr'><strong>philosophi</strong></span> <span class='ocrx_word' id='word_1_135' title='bbox 2704 894 2918 948; x_wconf 81' lang='lat' dir='ltr'><strong>Novella</strong></span> <span class='ocrx_word' id='word_1_136' title='bbox 2945 896 3074 948; x_wconf 86' lang='lat' dir='ltr'><strong>solis</strong></span> <span class='ocrx_word' id='word_1_137' title='bbox 3110 896 3389 950; x_wconf 78' lang='lat' dir='ltr'><strong>monachis</strong></span> <span class='ocrx_word' id='word_1_138' title='bbox 3412 905 3467 950; x_wconf 86' lang='lat' dir='ltr'><strong>et</strong></span> 
     </span>
    </p>
   </div>
   <div class='ocr_carea' id='block_1_24' title="bbox 1904 985 3469 1048">
    <p class='ocr_par' dir='ltr' id='par_1_24' title="bbox 1904 985 3469 1048">
     <span class='ocr_line' id='line_1_24' title="bbox 1904 985 3469 1048; baseline 0.001 -10"><span class='ocrx_word' id='word_1_139' title='bbox 1904 985 2123 1039; x_wconf 83' lang='lat' dir='ltr'><strong>clericis</strong></span> <span class='ocrx_word' id='word_1_140' title='bbox 2157 986 2459 1048; x_wconf 89' lang='lat' dir='ltr'><strong>concessit,</strong></span> <span class='ocrx_word' id='word_1_141' title='bbox 2494 996 2551 1038; x_wconf 91' lang='lat' dir='ltr'><strong>ut</strong></span> <span class='ocrx_word' id='word_1_142' title='bbox 2577 986 2687 1039; x_wconf 91' lang='lat' dir='ltr'><strong>sint</strong></span> <span class='ocrx_word' id='word_1_143' title='bbox 2718 996 2921 1039; x_wconf 75' lang='lat' dir='ltr'><strong>tutores</strong></span> <span class='ocrx_word' id='word_1_144' title='bbox 2952 998 3006 1038; x_wconf 87' lang='lat' dir='ltr'><strong>et</strong></span> <span class='ocrx_word' id='word_1_145' title='bbox 3055 987 3469 1042; x_wconf 68' lang='lat' dir='ltr'><strong>admiuiurato-</strong></span> 
     </span>
    </p>
   </div>
   <div class='ocr_carea' id='block_1_25' title="bbox 1903 1085 3464 1147">
    <p class='ocr_par' dir='ltr' id='par_1_25' title="bbox 1903 1085 3464 1147">
     <span class='ocr_line' id='line_1_25' title="bbox 1903 1085 3464 1147; baseline -0.004 -5"><span class='ocrx_word' id='word_1_146' title='bbox 1903 1103 1994 1142; x_wconf 88' lang='lat' dir='ltr'><strong>res</strong></span> <span class='ocrx_word' id='word_1_147' title='bbox 2044 1086 2355 1139; x_wconf 84' lang='lat' dir='ltr'><strong>ultimarum</strong></span> <span class='ocrx_word' id='word_1_148' title='bbox 2415 1085 2782 1146; x_wconf 83' lang='lat' dir='ltr'><strong>voluntatum,</strong></span> <span class='ocrx_word' id='word_1_149' title='bbox 2836 1092 2891 1137; x_wconf 89' lang='lat' dir='ltr'><strong>et</strong></span> <span class='ocrx_word' id='word_1_150' title='bbox 2948 1098 3041 1136; x_wconf 79' lang='lat' dir='ltr'><strong>eas</strong></span> <span class='ocrx_word' id='word_1_151' title='bbox 3089 1086 3464 1147; x_wconf 78' lang='lat' dir='ltr'><strong>exercebnnt,</strong></span> 
     </span>
    </p>
   </div>
   <div class='ocr_carea' id='block_1_26' title="bbox 1903 1174 3465 1243">
    <p class='ocr_par' dir='ltr' id='par_1_26' title="bbox 1903 1174 3465 1243">
     <span class='ocr_line' id='line_1_26' title="bbox 1903 1174 3465 1243; baseline 0 -16"><span class='ocrx_word' id='word_1_152' title='bbox 1903 1176 2154 1242; x_wconf 77' lang='lat' dir='ltr'><strong>quamvis</strong></span> <span class='ocrx_word' id='word_1_153' title='bbox 2186 1174 2296 1229; x_wconf 92' lang='lat' dir='ltr'><strong>sint</strong></span> <span class='ocrx_word' id='word_1_154' title='bbox 2326 1175 2609 1229; x_wconf 67' lang='lat' dir='ltr'><strong>saecularia</strong></span> <span class='ocrx_word' id='word_1_155' title='bbox 2646 1174 2886 1243; x_wconf 86' lang='lat' dir='ltr'><strong>negotia,</strong></span> <span class='ocrx_word' id='word_1_156' title='bbox 2910 1176 3071 1226; x_wconf 86' lang='lat' dir='ltr'><strong>etiam</strong></span> <span class='ocrx_word' id='word_1_157' title='bbox 3104 1176 3223 1228; x_wconf 86' lang='lat' dir='ltr'><strong>sine</strong></span> <span class='ocrx_word' id='word_1_158' title='bbox 3248 1176 3465 1243; x_wconf 82' lang='lat' dir='ltr'><strong>episco-</strong></span> 
     </span>
    </p>
   </div>
   <div class='ocr_carea' id='block_1_27' title="bbox 1904 1248 3468 1335">
    <p class='ocr_par' dir='ltr' id='par_1_27' title="bbox 1904 1248 3468 1335">
     <span class='ocr_line' id='line_1_27' title="bbox 1904 1248 3468 1335; baseline 0.001 -17"><span class='ocrx_word' id='word_1_159' title='bbox 1904 1266 2010 1335; x_wconf 83' lang='lat' dir='ltr'><strong>pali</strong></span> <span class='ocrx_word' id='word_1_160' title='bbox 2048 1265 2455 1333; x_wconf 12' lang='lat' dir='ltr'><strong>‘permissione.</strong></span> <span class='ocrx_word' id='word_1_161' title='bbox 2494 1264 2625 1331; x_wconf 85' lang='lat' dir='ltr'><strong>Ejus</strong></span> <span class='ocrx_word' id='word_1_162' title='bbox 2684 1274 2863 1317; x_wconf 84' lang='lat' dir='ltr'><strong>autem</strong></span> <span class='ocrx_word' id='word_1_163' title='bbox 2920 1261 3155 1318; x_wconf 70' lang='lat' dir='ltr'><strong>Novella:</strong></span> <span class='ocrx_word' id='word_1_164' title='bbox 3186 1248 3468 1333; x_wconf 67' lang='lat' dir='ltr'><strong>praetextu</strong></span> 
     </span>
    </p>
   </div>
   <div class='ocr_carea' id='block_1_28' title="bbox 1901 1355 3472 1422">
    <p class='ocr_par' dir='ltr' id='par_1_28' title="bbox 1901 1355 3472 1422">
     <span class='ocr_line' id='line_1_28' title="bbox 1901 1355 3472 1422; baseline 0.001 -13"><span class='ocrx_word' id='word_1_165' title='bbox 1901 1368 2162 1410; x_wconf 77' lang='lat' dir='ltr'><strong>exercent</strong></span> <span class='ocrx_word' id='word_1_166' title='bbox 2207 1358 2371 1409; x_wconf 90' lang='lat' dir='ltr'><strong>etiam</strong></span> <span class='ocrx_word' id='word_1_167' title='bbox 2425 1357 2662 1422; x_wconf 88' lang='lat' dir='ltr'><strong>episcopi</strong></span> <span class='ocrx_word' id='word_1_168' title='bbox 2699 1355 2897 1410; x_wconf 79' lang='lat' dir='ltr'><strong>tutelas</strong></span> <span class='ocrx_word' id='word_1_169' title='bbox 2942 1355 2997 1409; x_wconf 91' lang='lat' dir='ltr'><strong>in</strong></span> <span class='ocrx_word' id='word_1_170' title='bbox 3050 1356 3251 1409; x_wconf 85' lang='lat' dir='ltr'><strong>ultimis</strong></span> <span class='ocrx_word' id='word_1_171' title='bbox 3284 1357 3472 1411; x_wconf 88' lang='lat' dir='ltr'><strong>volun-</strong></span> 
     </span>
    </p>
   </div>
   <div class='ocr_carea' id='block_1_29' title="bbox 1908 1449 3468 1517">
    <p class='ocr_par' dir='ltr' id='par_1_29' title="bbox 1908 1449 3468 1517">
     <span class='ocr_line' id='line_1_29' title="bbox 1908 1449 3468 1517; baseline 0.001 -15"><span class='ocrx_word' id='word_1_172' title='bbox 1908 1451 2127 1513; x_wconf 75' lang='lat' dir='ltr'><strong>tatibus,</strong></span> <span class='ocrx_word' id='word_1_173' title='bbox 2179 1460 2235 1503; x_wconf 91' lang='lat' dir='ltr'><strong>et</strong></span> <span class='ocrx_word' id='word_1_174' title='bbox 2274 1450 2589 1517; x_wconf 77' lang='lat' dir='ltr'><strong>interrogati</strong></span> <span class='ocrx_word' id='word_1_175' title='bbox 2634 1449 2904 1516; x_wconf 86' lang='lat' dir='ltr'><strong>quomodo</strong></span> <span class='ocrx_word' id='word_1_176' title='bbox 2951 1449 3054 1503; x_wconf 86' lang='lat' dir='ltr'><strong>hoc</strong></span> <span class='ocrx_word' id='word_1_177' title='bbox 3089 1449 3295 1503; x_wconf 71' lang='lat' dir='ltr'><strong>faciunt</strong></span> <span class='ocrx_word' id='word_1_178' title='bbox 3330 1466 3468 1517; x_wconf 82' lang='lat' dir='ltr'><strong>quo-</strong></span> 
     </span>
    </p>
   </div>
   <div class='ocr_carea' id='block_1_30' title="bbox 1903 1540 3466 1608">
    <p class='ocr_par' dir='ltr' id='par_1_30' title="bbox 1903 1540 3466 1608">
     <span class='ocr_line' id='line_1_30' title="bbox 1903 1540 3466 1608; baseline 0.001 -13"><span class='ocrx_word' id='word_1_179' title='bbox 1903 1544 2044 1607; x_wconf 82' lang='lat' dir='ltr'><strong>niam</strong></span> <span class='ocrx_word' id='word_1_180' title='bbox 2076 1557 2139 1594; x_wconf 78' lang='lat' dir='ltr'><strong>ex</strong></span> <span class='ocrx_word' id='word_1_181' title='bbox 2164 1540 2268 1595; x_wconf 84' lang='lat' dir='ltr'><strong>hoc</strong></span> <span class='ocrx_word' id='word_1_182' title='bbox 2298 1540 2427 1594; x_wconf 88' lang='lat' dir='ltr'><strong>nihil</strong></span> <span class='ocrx_word' id='word_1_183' title='bbox 2452 1541 2593 1608; x_wconf 88' lang='lat' dir='ltr'><strong>quod</strong></span> <span class='ocrx_word' id='word_1_184' title='bbox 2642 1541 2713 1593; x_wconf 90' lang='lat' dir='ltr'><strong>sit</strong></span> <span class='ocrx_word' id='word_1_185' title='bbox 2750 1540 2978 1594; x_wconf 84' lang='lat' dir='ltr'><strong>validum</strong></span> <span class='ocrx_word' id='word_1_186' title='bbox 3012 1552 3237 1608; x_wconf 85' lang='lat' dir='ltr'><strong>possunt</strong></span> <span class='ocrx_word' id='word_1_187' title='bbox 3264 1542 3466 1607; x_wconf 83' lang='lat' dir='ltr'><strong>dicere,</strong></span> 
     </span>
    </p>
   </div>
   <div class='ocr_carea' id='block_1_31' title="bbox 1901 1626 3465 1698">
    <p class='ocr_par' dir='ltr' id='par_1_31' title="bbox 1901 1626 3465 1698">
     <span class='ocr_line' id='line_1_31' title="bbox 1901 1626 3465 1698; baseline 0.001 -15"><span class='ocrx_word' id='word_1_188' title='bbox 1901 1644 2141 1683; x_wconf 79' lang='lat' dir='ltr'><strong>canones</strong></span> <span class='ocrx_word' id='word_1_189' title='bbox 2164 1639 2217 1681; x_wconf 90' lang='lat' dir='ltr'><strong>et</strong></span> <span class='ocrx_word' id='word_1_190' title='bbox 2238 1626 2382 1698; x_wconf 83' lang='lat' dir='ltr'><strong>leges</strong></span> <span class='ocrx_word' id='word_1_191' title='bbox 2411 1628 2718 1696; x_wconf 65' lang='lat' dir='ltr'><strong>proferunt,</strong></span> <span class='ocrx_word' id='word_1_192' title='bbox 2754 1644 2875 1698; x_wconf 72' lang='lat' dir='ltr'><strong>qua:</strong></span> <span class='ocrx_word' id='word_1_193' title='bbox 2902 1640 3143 1683; x_wconf 86' lang='lat' dir='ltr'><strong>statuunt</strong></span> <span class='ocrx_word' id='word_1_194' title='bbox 3174 1632 3239 1684; x_wconf 88' lang='lat' dir='ltr'><strong>ad</strong></span> <span class='ocrx_word' id='word_1_195' title='bbox 3271 1646 3465 1686; x_wconf 86' lang='lat' dir='ltr'><strong>omnes</strong></span> 
     </span>
    </p>
   </div>
   <div class='ocr_carea' id='block_1_32' title="bbox 1903 1720 3468 1791">
    <p class='ocr_par' dir='ltr' id='par_1_32' title="bbox 1903 1720 3468 1791">
     <span class='ocr_line' id='line_1_32' title="bbox 1903 1720 3468 1791; baseline 0.004 -17"><span class='ocrx_word' id='word_1_196' title='bbox 1903 1723 2018 1791; x_wconf 84' lang='lat' dir='ltr'><strong>pias</strong></span> <span class='ocrx_word' id='word_1_197' title='bbox 2077 1731 2133 1774; x_wconf 89' lang='lat' dir='ltr'><strong>et</strong></span> <span class='ocrx_word' id='word_1_198' title='bbox 2191 1720 2261 1773; x_wconf 87' lang='lat' dir='ltr'><strong>ad</strong></span> <span class='ocrx_word' id='word_1_199' title='bbox 2314 1722 2525 1774; x_wconf 83' lang='lat' dir='ltr'><strong>animas</strong></span> <span class='ocrx_word' id='word_1_200' title='bbox 2583 1722 2917 1789; x_wconf 87' lang='lat' dir='ltr'><strong>pertinentes</strong></span> <span class='ocrx_word' id='word_1_201' title='bbox 2966 1722 3212 1777; x_wconf 80' lang='lat' dir='ltr'><strong>dationes</strong></span> <span class='ocrx_word' id='word_1_202' title='bbox 3265 1724 3468 1779; x_wconf 86' lang='lat' dir='ltr'><strong>debere</strong></span> 
     </span>
    </p>
   </div>
   <div class='ocr_carea' id='block_1_33' title="bbox 1900 1812 3466 1881">
    <p class='ocr_par' dir='ltr' id='par_1_33' title="bbox 1900 1812 3466 1881">
     <span class='ocr_line' id='line_1_33' title="bbox 1900 1812 3466 1881; baseline 0.001 -14"><span class='ocrx_word' id='word_1_203' title='bbox 1900 1815 2184 1881; x_wconf 87' lang='lat' dir='ltr'><strong>episcopos</strong></span> <span class='ocrx_word' id='word_1_204' title='bbox 2226 1812 2588 1866; x_wconf 80' lang='lat' dir='ltr'><strong>intercedere.</strong></span> <span class='ocrx_word' id='word_1_205' title='bbox 2632 1812 2761 1866; x_wconf 74' lang='lat' dir='ltr'><strong>Mihi</strong></span> <span class='ocrx_word' id='word_1_206' title='bbox 2799 1823 2979 1867; x_wconf 87' lang='lat' dir='ltr'><strong>autem</strong></span> <span class='ocrx_word' id='word_1_207' title='bbox 3012 1815 3114 1868; x_wconf 90' lang='lat' dir='ltr'><strong>hoc</strong></span> <span class='ocrx_word' id='word_1_208' title='bbox 3164 1816 3349 1869; x_wconf 77' lang='lat' dir='ltr'><strong>facere</strong></span> <span class='ocrx_word' id='word_1_209' title='bbox 3383 1818 3466 1869; x_wconf 86' lang='lat' dir='ltr'><strong>vi-</strong></span> 
     </span>
    </p>
   </div>
   <div class='ocr_carea' id='block_1_34' title="bbox 253 1886 1796 1983">
    <p class='ocr_par' dir='ltr' id='par_1_34' title="bbox 253 1902 1796 1977">
     <span class='ocr_line' id='line_1_34' title="bbox 253 1902 1796 1977; baseline -0.007 -14"><span class='ocrx_word' id='word_1_210' title='bbox 253 1910 558 1963; x_wconf 77' lang='grc' dir='ltr'>τελευταίων</span> <span class='ocrx_word' id='word_1_211' title='bbox 585 1909 752 1977; x_wconf 83' lang='grc' dir='ltr'>βουλη</span> <span class='ocrx_word' id='word_1_212' title='bbox 763 1909 973 1977; x_wconf 80' lang='grc' dir='ltr'><strong>μάτων·</strong></span> <span class='ocrx_word' id='word_1_213' title='bbox 1010 1910 1108 1959; x_wconf 79' lang='grc' dir='ltr'>καὶ</span> <span class='ocrx_word' id='word_1_214' title='bbox 1127 1905 1477 1975; x_wconf 81' lang='grc' dir='ltr'>ἐρωτώμενοι</span> <span class='ocrx_word' id='word_1_215' title='bbox 1502 1904 1617 1965; x_wconf 84' lang='grc' dir='ltr'><strong>πῶς</strong></span> <span class='ocrx_word' id='word_1_216' title='bbox 1640 1902 1796 1954; x_wconf 85' lang='grc' dir='ltr'>τοῦτο</span> 
     </span>
    </p>
   </div>
   <div class='ocr_carea' id='block_1_35' title="bbox 1900 1886 3462 1983">
    <p class='ocr_par' dir='ltr' id='par_1_35' title="bbox 1902 1906 3462 1983">
     <span class='ocr_line' id='line_1_35' title="bbox 1902 1906 3462 1983; baseline 0 -23"><span class='ocrx_word' id='word_1_217' title='bbox 1902 1909 2055 1960; x_wconf 86' lang='lat' dir='ltr'><strong>detur</strong></span> <span class='ocrx_word' id='word_1_218' title='bbox 2081 1922 2175 1972; x_wconf 88' lang='lat' dir='ltr'><strong>pro</strong></span> <span class='ocrx_word' id='word_1_219' title='bbox 2195 1906 2527 1983; x_wconf 84' lang='lat' dir='ltr'><strong>antistitibus</strong></span> <span class='ocrx_word' id='word_1_220' title='bbox 2546 1908 2636 1973; x_wconf 88' lang='lat' dir='ltr'><strong>qui</strong></span> <span class='ocrx_word' id='word_1_221' title='bbox 2660 1917 2788 1959; x_wconf 87' lang='lat' dir='ltr'><strong>sunt</strong></span> <span class='ocrx_word' id='word_1_222' title='bbox 2814 1907 2865 1959; x_wconf 92' lang='lat' dir='ltr'><strong>in</strong></span> <span class='ocrx_word' id='word_1_223' title='bbox 2898 1906 3141 1972; x_wconf 80' lang='lat' dir='ltr'><strong>regione.</strong></span> <span class='ocrx_word' id='word_1_224' title='bbox 3176 1922 3285 1961; x_wconf 89' lang='lat' dir='ltr'><strong>non</strong></span> <span class='ocrx_word' id='word_1_225' title='bbox 3300 1909 3462 1961; x_wconf 83' lang='lat' dir='ltr'><strong>ctiam</strong></span> 
     </span>
    </p>
   </div>
   <div class='ocr_carea' id='block_1_36' title="bbox 254 1994 1797 2066">
    <p class='ocr_par' dir='ltr' id='par_1_36' title="bbox 254 1994 1797 2066">
     <span class='ocr_line' id='line_1_36' title="bbox 254 1994 1797 2066; baseline -0.005 -12"><span class='ocrx_word' id='word_1_226' title='bbox 254 2002 513 2066; x_wconf 71' lang='grc' dir='ltr'>ποιοῦσινς</span> <span class='ocrx_word' id='word_1_227' title='bbox 563 2003 686 2054; x_wconf 75' lang='grc' dir='ltr'>ἐπεὶ</span> <span class='ocrx_word' id='word_1_228' title='bbox 745 2001 852 2054; x_wconf 86' lang='grc' dir='ltr'><strong>ἀπὸ</strong></span> <span class='ocrx_word' id='word_1_229' title='bbox 900 1998 1105 2066; x_wconf 79' lang='grc' dir='ltr'>ταύτης</span> <span class='ocrx_word' id='word_1_230' title='bbox 1165 1999 1318 2051; x_wconf 78' lang='grc' dir='ltr'>οὐδέν</span> <span class='ocrx_word' id='word_1_231' title='bbox 1390 2014 1443 2048; x_wconf 90' lang='grc' dir='ltr'><strong>τι</strong></span> <span class='ocrx_word' id='word_1_232' title='bbox 1501 1994 1797 2063; x_wconf 62' lang='grc' dir='ltr'>ἐνδύναμον</span> 
     </span>
    </p>
   </div>
   <div class='ocr_carea' id='block_1_37' title="bbox 256 2088 1797 2163">
    <p class='ocr_par' dir='ltr' id='par_1_37' title="bbox 256 2088 1797 2163">
     <span class='ocr_line' id='line_1_37' title="bbox 256 2088 1797 2163; baseline -0.005 -17"><span class='ocrx_word' id='word_1_233' title='bbox 256 2094 376 2163; x_wconf 70' lang='grc' dir='ltr'>ἔχειν</span> <span class='ocrx_word' id='word_1_234' title='bbox 402 2095 651 2159; x_wconf 75' lang='grc' dir='ltr'>λέγουσι,</span> <span class='ocrx_word' id='word_1_235' title='bbox 686 2092 1087 2162; x_wconf 86' lang='grc' dir='ltr'>προϐάλλονται</span> <span class='ocrx_word' id='word_1_236' title='bbox 1119 2092 1241 2152; x_wconf 80' lang='grc' dir='ltr'>τοὺς</span> <span class='ocrx_word' id='word_1_237' title='bbox 1273 2089 1508 2153; x_wconf 67' lang='grc' dir='ltr'>κανόνας</span> <span class='ocrx_word' id='word_1_238' title='bbox 1549 2088 1797 2147; x_wconf 76' lang='grc' dir='ltr'>καὶτοὺς</span> 
     </span>
    </p>
   </div>
   <div class='ocr_carea' id='block_1_38' title="bbox 260 2180 1796 2255">
    <p class='ocr_par' dir='ltr' id='par_1_38' title="bbox 260 2180 1796 2255">
     <span class='ocr_line' id='line_1_38' title="bbox 260 2180 1796 2255; baseline -0.005 -17"><span class='ocrx_word' id='word_1_239' title='bbox 260 2190 419 2255; x_wconf 71' lang='grc' dir='ltr'>νόμους</span> <span class='ocrx_word' id='word_1_240' title='bbox 447 2190 579 2247; x_wconf 69' lang='grc' dir='ltr'>τοὺς</span> <span class='ocrx_word' id='word_1_241' title='bbox 630 2184 1034 2255; x_wconf 75' lang='grc' dir='ltr'>διοριζομένους</span> <span class='ocrx_word' id='word_1_242' title='bbox 1083 2184 1162 2246; x_wconf 73' lang='grc' dir='ltr'>εἰς</span> <span class='ocrx_word' id='word_1_243' title='bbox 1194 2185 1375 2243; x_wconf 76' lang='grc' dir='ltr'>πάσας</span> <span class='ocrx_word' id='word_1_244' title='bbox 1409 2184 1509 2244; x_wconf 84' lang='grc' dir='ltr'><strong>τὰς</strong></span> <span class='ocrx_word' id='word_1_245' title='bbox 1556 2180 1796 2247; x_wconf 68' lang='grc' dir='ltr'>ψυχικὰς</span> 
     </span>
    </p>
   </div>
   <div class='ocr_carea' id='block_1_39' title="bbox 265 2272 1798 2343">
    <p class='ocr_par' dir='ltr' id='par_1_39' title="bbox 265 2272 1798 2343">
     <span class='ocr_line' id='line_1_39' title="bbox 265 2272 1798 2343; baseline -0.005 -12"><span class='ocrx_word' id='word_1_246' title='bbox 265 2279 486 2339; x_wconf 69' lang='grc' dir='ltr'>διαδόσεις</span> <span class='ocrx_word' id='word_1_247' title='bbox 548 2277 680 2339; x_wconf 83' lang='grc' dir='ltr'>τοὺς</span> <span class='ocrx_word' id='word_1_248' title='bbox 733 2276 1069 2338; x_wconf 79' lang='grc' dir='ltr'>ἐπισκόπους</span> <span class='ocrx_word' id='word_1_249' title='bbox 1128 2273 1469 2343; x_wconf 82' lang='grc' dir='ltr'>μεσολαϐεῖν.</span> <span class='ocrx_word' id='word_1_250' title='bbox 1544 2273 1697 2341; x_wconf 78' lang='grc' dir='ltr'>Ἐμοὶ</span> <span class='ocrx_word' id='word_1_251' title='bbox 1741 2272 1798 2324; x_wconf 82' lang='grc' dir='ltr'><strong>δὲ</strong></span> 
     </span>
    </p>
   </div>
   <div class='ocr_carea' id='block_1_40' title="bbox 269 2364 1797 2438">
    <p class='ocr_par' dir='ltr' id='par_1_40' title="bbox 269 2364 1797 2438">
     <span class='ocr_line' id='line_1_40' title="bbox 269 2364 1797 2438; baseline -0.005 -16"><span class='ocrx_word' id='word_1_252' title='bbox 269 2370 387 2422; x_wconf 82' lang='grc' dir='ltr'>δοκεῖ</span> <span class='ocrx_word' id='word_1_253' title='bbox 405 2370 714 2438; x_wconf 79' lang='grc' dir='ltr'>πρόσφορον</span> <span class='ocrx_word' id='word_1_254' title='bbox 736 2364 874 2422; x_wconf 73' lang='grc' dir='ltr'>εἶναι</span> <span class='ocrx_word' id='word_1_255' title='bbox 911 2368 1068 2420; x_wconf 76' lang='grc' dir='ltr'>τοῦτο</span> <span class='ocrx_word' id='word_1_256' title='bbox 1098 2369 1179 2428; x_wconf 87' lang='grc' dir='ltr'><strong>είς</strong></span> <span class='ocrx_word' id='word_1_257' title='bbox 1220 2366 1342 2427; x_wconf 76' lang='grc' dir='ltr'>τοὺς</span> <span class='ocrx_word' id='word_1_258' title='bbox 1378 2364 1677 2435; x_wconf 79' lang='grc' dir='ltr'>ἐγχωρίους</span> <span class='ocrx_word' id='word_1_259' title='bbox 1698 2366 1797 2433; x_wconf 84' lang='grc' dir='ltr'>ἀρ-</span> 
     </span>
    </p>
   </div>
   <div class='ocr_carea' id='block_1_41' title="bbox 260 2454 1796 2529">
    <p class='ocr_par' dir='ltr' id='par_1_41' title="bbox 260 2454 1796 2529">
     <span class='ocr_line' id='line_1_41' title="bbox 260 2454 1796 2529; baseline -0.003 -18"><span class='ocrx_word' id='word_1_260' title='bbox 260 2463 443 2529; x_wconf 76' lang='grc' dir='ltr'>χιερεῖς,</span> <span class='ocrx_word' id='word_1_261' title='bbox 466 2460 531 2511; x_wconf 73' lang='grc' dir='ltr'><strong>οὐ</strong></span> <span class='ocrx_word' id='word_1_262' title='bbox 563 2458 670 2528; x_wconf 83' lang='grc' dir='ltr'>μὴν</span> <span class='ocrx_word' id='word_1_263' title='bbox 698 2460 789 2510; x_wconf 78' lang='grc' dir='ltr'><strong>καὶ</strong></span> <span class='ocrx_word' id='word_1_264' title='bbox 823 2462 899 2522; x_wconf 77' lang='grc' dir='ltr'>εἰς</span> <span class='ocrx_word' id='word_1_265' title='bbox 928 2459 1052 2519; x_wconf 75' lang='grc' dir='ltr'>τοὺς</span> <span class='ocrx_word' id='word_1_266' title='bbox 1076 2460 1205 2526; x_wconf 76' lang='grc' dir='ltr'>παρ’</span> <span class='ocrx_word' id='word_1_267' title='bbox 1238 2456 1453 2525; x_wconf 83' lang='grc' dir='ltr'>ἐνορίαν</span> <span class='ocrx_word' id='word_1_268' title='bbox 1484 2454 1796 2526; x_wconf 75' lang='grc' dir='ltr'>γραφέντας</span> 
     </span>
    </p>
   </div>
   <div class='ocr_carea' id='block_1_42' title="bbox 254 2546 1794 2620">
    <p class='ocr_par' dir='ltr' id='par_1_42' title="bbox 254 2546 1794 2620">
     <span class='ocr_line' id='line_1_42' title="bbox 254 2546 1794 2620; baseline -0.005 -17"><span class='ocrx_word' id='word_1_269' title='bbox 254 2554 582 2620; x_wconf 79' lang='grc' dir='ltr'>ἐπιτρόπους.</span> <span class='ocrx_word' id='word_1_270' title='bbox 636 2551 934 2616; x_wconf 80' lang='grc' dir='ltr'>Ἀνάγνωθι</span> <span class='ocrx_word' id='word_1_271' title='bbox 982 2546 1075 2603; x_wconf 84' lang='grc' dir='ltr'><strong>οὖν</strong></span> <span class='ocrx_word' id='word_1_272' title='bbox 1141 2550 1237 2601; x_wconf 75' lang='grc' dir='ltr'><strong>καὶ</strong></span> <span class='ocrx_word' id='word_1_273' title='bbox 1293 2546 1794 2614; x_wconf 71' lang='grc' dir='ltr'>ὲπιστατικώτερον</span> 
     </span>
    </p>
   </div>
   <div class='ocr_carea' id='block_1_43' title="bbox 249 2640 1792 2712">
    <p class='ocr_par' dir='ltr' id='par_1_43' title="bbox 249 2640 1792 2712">
     <span class='ocr_line' id='line_1_43' title="bbox 249 2640 1792 2712; baseline -0.002 -17"><span class='ocrx_word' id='word_1_274' title='bbox 249 2644 329 2711; x_wconf 70' lang='grc' dir='ltr'><strong>τὴν</strong></span> <span class='ocrx_word' id='word_1_275' title='bbox 356 2645 561 2696; x_wconf 73' lang='grc' dir='ltr'>ἀνωθεν</span> <span class='ocrx_word' id='word_1_276' title='bbox 590 2642 1075 2712; x_wconf 77' lang='grc' dir='ltr'>καταστρωθείσαν</span> <span class='ocrx_word' id='word_1_277' title='bbox 1105 2640 1537 2693; x_wconf 82' lang='grc' dir='ltr'>Ἰουστινιάνειον</span> <span class='ocrx_word' id='word_1_278' title='bbox 1555 2640 1792 2709; x_wconf 76' lang='grc' dir='ltr'>Νεαρὰν.</span> 
     </span>
    </p>
   </div>
   <div class='ocr_carea' id='block_1_44' title="bbox 257 2731 1793 2805">
    <p class='ocr_par' dir='ltr' id='par_1_44' title="bbox 257 2731 1793 2805">
     <span class='ocr_line' id='line_1_44' title="bbox 257 2731 1793 2805; baseline -0.003 -17"><span class='ocrx_word' id='word_1_279' title='bbox 257 2737 386 2789; x_wconf 83' lang='grc' dir='ltr'>Ἐπεὶ</span> <span class='ocrx_word' id='word_1_280' title='bbox 414 2737 477 2789; x_wconf 77' lang='grc' dir='ltr'>δὲ</span> <span class='ocrx_word' id='word_1_281' title='bbox 513 2738 609 2790; x_wconf 76' lang='grc' dir='ltr'><strong>καὶ</strong></span> <span class='ocrx_word' id='word_1_282' title='bbox 640 2737 671 2805; x_wconf 82' lang='grc' dir='ltr'>ή</span> <span class='ocrx_word' id='word_1_283' title='bbox 727 2733 826 2799; x_wconf 85' lang='grc' dir='ltr'>πς¹</span> <span class='ocrx_word' id='word_1_284' title='bbox 860 2734 1049 2804; x_wconf 84' lang='grc' dir='ltr'>Νεαρὰ</span> <span class='ocrx_word' id='word_1_285' title='bbox 1072 2734 1168 2786; x_wconf 82' lang='grc' dir='ltr'>τοῦ</span> <span class='ocrx_word' id='word_1_286' title='bbox 1196 2733 1362 2785; x_wconf 82' lang='grc' dir='ltr'>αὑτοῦ</span> <span class='ocrx_word' id='word_1_287' title='bbox 1414 2734 1672 2802; x_wconf 83' lang='grc' dir='ltr'>βασιλέως</span> <span class='ocrx_word' id='word_1_288' title='bbox 1700 2731 1793 2784; x_wconf 80' lang='grc' dir='ltr'><strong>τοῦ</strong></span> 
     </span>
    </p>
   </div>
   <div class='ocr_carea' id='block_1_45' title="bbox 247 2823 1795 2897">
    <p class='ocr_par' dir='ltr' id='par_1_45' title="bbox 247 2823 1795 2897">
     <span class='ocr_line' id='line_1_45' title="bbox 247 2823 1795 2897; baseline -0.005 -15"><span class='ocrx_word' id='word_1_289' title='bbox 247 2829 528 2897; x_wconf 63' lang='grc' dir='ltr'>Φιλοσόφου</span> <span class='ocrx_word' id='word_1_290' title='bbox 572 2826 863 2897; x_wconf 77' lang='grc' dir='ltr'>διορίζεται</span> <span class='ocrx_word' id='word_1_291' title='bbox 911 2825 1264 2894; x_wconf 80' lang='grc' dir='ltr'>ἀφορίζεσθαι</span> <span class='ocrx_word' id='word_1_292' title='bbox 1314 2823 1440 2886; x_wconf 76' lang='grc' dir='ltr'>τοὺς</span> <span class='ocrx_word' id='word_1_293' title='bbox 1463 2824 1795 2885; x_wconf 81' lang='grc' dir='ltr'>ἐπισκόπους</span> 
     </span>
    </p>
   </div>
   <div class='ocr_carea' id='block_1_46' title="bbox 242 2919 1791 2989">
    <p class='ocr_par' dir='ltr' id='par_1_46' title="bbox 242 2919 1791 2989">
     <span class='ocr_line' id='line_1_46' title="bbox 242 2919 1791 2989; baseline -0.003 -17"><span class='ocrx_word' id='word_1_294' title='bbox 242 2922 460 2983; x_wconf 61' lang='grc' dir='ltr'>καὶτοὺς</span> <span class='ocrx_word' id='word_1_295' title='bbox 497 2920 640 2989; x_wconf 79' lang='grc' dir='ltr'>κληρ</span> <span class='ocrx_word' id='word_1_296' title='bbox 668 2920 795 2981; x_wconf 67' lang='grc' dir='ltr'>κους</span> <span class='ocrx_word' id='word_1_297' title='bbox 829 2919 1267 2988; x_wconf 80' lang='grc' dir='ltr'>συνηγοροῦντας</span> <span class='ocrx_word' id='word_1_298' title='bbox 1315 2919 1347 2987; x_wconf 84' lang='grc' dir='ltr'><strong>ἢ</strong></span> <span class='ocrx_word' id='word_1_299' title='bbox 1381 2919 1791 2987; x_wconf 79' lang='grc' dir='ltr'>ἐγγυωμένους,</span> 
     </span>
    </p>
   </div>
   <div class='ocr_carea' id='block_1_47' title="bbox 240 3009 1791 3082">
    <p class='ocr_par' dir='ltr' id='par_1_47' title="bbox 240 3009 1791 3082">
     <span class='ocr_line' id='line_1_47' title="bbox 240 3009 1791 3082; baseline -0.003 -16"><span class='ocrx_word' id='word_1_300' title='bbox 240 3012 536 3082; x_wconf 78' lang='grc' dir='ltr'>ῆπολιτικά</span> <span class='ocrx_word' id='word_1_301' title='bbox 562 3030 683 3064; x_wconf 80' lang='grc' dir='ltr'>τινα</span> <span class='ocrx_word' id='word_1_302' title='bbox 714 3011 1090 3081; x_wconf 81' lang='grc' dir='ltr'>ἐνεργοῦντας,</span> <span class='ocrx_word' id='word_1_303' title='bbox 1123 3012 1218 3063; x_wconf 81' lang='grc' dir='ltr'>καὶ</span> <span class='ocrx_word' id='word_1_304' title='bbox 1240 3012 1288 3063; x_wconf 87' lang='grc' dir='ltr'>εἰ</span> <span class='ocrx_word' id='word_1_305' title='bbox 1308 3012 1380 3079; x_wconf 83' lang='grc' dir='ltr'>μὴ</span> <span class='ocrx_word' id='word_1_306' title='bbox 1400 3009 1791 3079; x_wconf 76' lang='grc' dir='ltr'>διορθωθῷσιν,</span> 
     </span>
    </p>
   </div>
   <div class='ocr_carea' id='block_1_48' title="bbox 238 3103 1793 3173">
    <p class='ocr_par' dir='ltr' id='par_1_48' title="bbox 238 3103 1793 3173">
     <span class='ocr_line' id='line_1_48' title="bbox 238 3103 1793 3173; baseline -0.001 -15"><span class='ocrx_word' id='word_1_307' title='bbox 238 3106 530 3173; x_wconf 73' lang='grc' dir='ltr'>ἐπάγεσθαι</span> <span class='ocrx_word' id='word_1_308' title='bbox 563 3106 748 3167; x_wconf 74' lang='grc' dir='ltr'>αὐτοῖς</span> <span class='ocrx_word' id='word_1_309' title='bbox 794 3107 886 3157; x_wconf 75' lang='grc' dir='ltr'><strong>καὶ</strong></span> <span class='ocrx_word' id='word_1_310' title='bbox 935 3104 1280 3172; x_wconf 71' lang='grc' dir='ltr'>καθαίρεσιν,</span> <span class='ocrx_word' id='word_1_311' title='bbox 1325 3103 1400 3172; x_wconf 73' lang='grc' dir='ltr'><strong>μὴ</strong></span> <span class='ocrx_word' id='word_1_312' title='bbox 1439 3104 1600 3172; x_wconf 77' lang='grc' dir='ltr'>εἴπῃς</span> <span class='ocrx_word' id='word_1_313' title='bbox 1634 3105 1793 3157; x_wconf 83' lang='grc' dir='ltr'>ὲναν-</span> 
     </span>
    </p>
   </div>
   <div class='ocr_carea' id='block_1_49' title="bbox 1902 1999 3464 2070">
    <p class='ocr_par' dir='ltr' id='par_1_49' title="bbox 1902 1999 3464 2070">
     <span class='ocr_line' id='line_1_49' title="bbox 1902 1999 3464 2070; baseline 0.001 -16"><span class='ocrx_word' id='word_1_314' title='bbox 1902 2017 2000 2070; x_wconf 89' lang='lat' dir='ltr'><strong>pro</strong></span> <span class='ocrx_word' id='word_1_315' title='bbox 2036 2000 2101 2053; x_wconf 88' lang='lat' dir='ltr'><strong>iis</strong></span> <span class='ocrx_word' id='word_1_316' title='bbox 2134 2000 2225 2068; x_wconf 93' lang='lat' dir='ltr'><strong>qui</strong></span> <span class='ocrx_word' id='word_1_317' title='bbox 2256 2000 2395 2054; x_wconf 89' lang='lat' dir='ltr'><strong>ultra</strong></span> <span class='ocrx_word' id='word_1_318' title='bbox 2430 2014 2539 2053; x_wconf 81' lang='lat' dir='ltr'><strong>sua:</strong></span> <span class='ocrx_word' id='word_1_319' title='bbox 2566 1999 2810 2067; x_wconf 77' lang='lat' dir='ltr'><strong>regionis</strong></span> <span class='ocrx_word' id='word_1_320' title='bbox 2842 1999 3041 2053; x_wconf 87' lang='lat' dir='ltr'><strong>limites</strong></span> <span class='ocrx_word' id='word_1_321' title='bbox 3083 2010 3296 2055; x_wconf 85' lang='lat' dir='ltr'><strong>tutores</strong></span> <span class='ocrx_word' id='word_1_322' title='bbox 3317 2003 3464 2055; x_wconf 77' lang='lat' dir='ltr'><strong>scri-</strong></span> 
     </span>
    </p>
   </div>
   <div class='ocr_carea' id='block_1_50' title="bbox 1898 2090 3452 2160">
    <p class='ocr_par' dir='ltr' id='par_1_50' title="bbox 1898 2090 3452 2160">
     <span class='ocr_line' id='line_1_50' title="bbox 1898 2090 3452 2160; baseline -0.001 -14"><span class='ocrx_word' id='word_1_323' title='bbox 1898 2093 1973 2157; x_wconf 88' lang='lat' dir='ltr'><strong>pti</strong></span> <span class='ocrx_word' id='word_1_324' title='bbox 1999 2098 2145 2145; x_wconf 87' lang='lat' dir='ltr'><strong>sunt.</strong></span> <span class='ocrx_word' id='word_1_325' title='bbox 2175 2091 2319 2160; x_wconf 81' lang='lat' dir='ltr'><strong>Lege</strong></span> <span class='ocrx_word' id='word_1_326' title='bbox 2368 2105 2498 2159; x_wconf 83' lang='lat' dir='ltr'><strong>ergo</strong></span> <span class='ocrx_word' id='word_1_327' title='bbox 2553 2090 2867 2158; x_wconf 80' lang='lat' dir='ltr'><strong>diligentius</strong></span> <span class='ocrx_word' id='word_1_328' title='bbox 2913 2092 3165 2158; x_wconf 89' lang='lat' dir='ltr'><strong>superius</strong></span> <span class='ocrx_word' id='word_1_329' title='bbox 3223 2092 3452 2160; x_wconf 86' lang='lat' dir='ltr'><strong>positam</strong></span> 
     </span>
    </p>
   </div>
   <div class='ocr_carea' id='block_1_51' title="bbox 1897 2181 3459 2253">
    <p class='ocr_par' dir='ltr' id='par_1_51' title="bbox 1897 2181 3459 2253">
     <span class='ocr_line' id='line_1_51' title="bbox 1897 2181 3459 2253; baseline 0.001 -17"><span class='ocrx_word' id='word_1_330' title='bbox 1897 2181 2191 2238; x_wconf 82' lang='lat' dir='ltr'><strong>Justiniani</strong></span> <span class='ocrx_word' id='word_1_331' title='bbox 2240 2183 2539 2237; x_wconf 82' lang='lat' dir='ltr'><strong>Novellam.</strong></span> <span class='ocrx_word' id='word_1_332' title='bbox 2584 2184 2721 2249; x_wconf 85' lang='lat' dir='ltr'><strong>Quia</strong></span> <span class='ocrx_word' id='word_1_333' title='bbox 2753 2194 2935 2237; x_wconf 84' lang='lat' dir='ltr'><strong>autem</strong></span> <span class='ocrx_word' id='word_1_334' title='bbox 2995 2192 3050 2236; x_wconf 81' lang='lat' dir='ltr'><strong>et</strong></span> <span class='ocrx_word' id='word_1_335' title='bbox 3084 2184 3152 2237; x_wconf 85' lang='lat'><strong>86</strong></span> <span class='ocrx_word' id='word_1_336' title='bbox 3206 2185 3459 2253; x_wconf 84' lang='lat' dir='ltr'><strong>ejusdem</strong></span> 
     </span>
    </p>
   </div>
   <div class='ocr_carea' id='block_1_52' title="bbox 1876 2274 3461 2344">
    <p class='ocr_par' dir='ltr' id='par_1_52' title="bbox 1876 2274 3461 2344">
     <span class='ocr_line' id='line_1_52' title="bbox 1876 2274 3461 2344; baseline 0.002 -17"><span class='ocrx_word' id='word_1_337' title='bbox 1876 2276 2245 2343; x_wconf 56' lang='lat' dir='ltr'><strong>limperatnris</strong></span> <span class='ocrx_word' id='word_1_338' title='bbox 2279 2274 2582 2344; x_wconf 86' lang='lat' dir='ltr'><strong>philosophi</strong></span> <span class='ocrx_word' id='word_1_339' title='bbox 2609 2274 2829 2327; x_wconf 83' lang='lat' dir='ltr'><strong>Novella</strong></span> <span class='ocrx_word' id='word_1_340' title='bbox 2857 2275 3140 2343; x_wconf 84' lang='lat' dir='ltr'><strong>episcopus</strong></span> <span class='ocrx_word' id='word_1_341' title='bbox 3163 2277 3461 2330; x_wconf 71' lang='lat' dir='ltr'><strong>etcleiicos</strong></span> 
     </span>
    </p>
   </div>
   <div class='ocr_carea' id='block_1_53' title="bbox 1897 2368 3465 2439">
    <p class='ocr_par' dir='ltr' id='par_1_53' title="bbox 1897 2368 3465 2439">
     <span class='ocr_line' id='line_1_53' title="bbox 1897 2368 3465 2439; baseline -0.003 -17"><span class='ocrx_word' id='word_1_342' title='bbox 1897 2368 2170 2439; x_wconf 78' lang='lat' dir='ltr'><strong>segregari</strong></span> <span class='ocrx_word' id='word_1_343' title='bbox 2199 2369 2460 2429; x_wconf 86' lang='lat' dir='ltr'><strong>decernit,</strong></span> <span class='ocrx_word' id='word_1_344' title='bbox 2494 2368 2585 2435; x_wconf 86' lang='lat' dir='ltr'><strong>qui</strong></span> <span class='ocrx_word' id='word_1_345' title='bbox 2606 2382 2801 2422; x_wconf 82' lang='lat' dir='ltr'><strong>causas</strong></span> <span class='ocrx_word' id='word_1_346' title='bbox 2822 2376 3009 2436; x_wconf 83' lang='lat' dir='ltr'><strong>agunt,</strong></span> <span class='ocrx_word' id='word_1_347' title='bbox 3056 2368 3465 2435; x_wconf 79' lang='lat' dir='ltr'><strong>vellldejnhent,</strong></span> 
     </span>
    </p>
   </div>
   <div class='ocr_carea' id='block_1_54' title="bbox 1906 2460 3465 2526">
    <p class='ocr_par' dir='ltr' id='par_1_54' title="bbox 1906 2460 3465 2526">
     <span class='ocr_line' id='line_1_54' title="bbox 1906 2460 3465 2526; baseline -0.001 -14"><span class='ocrx_word' id='word_1_348' title='bbox 1906 2461 1989 2512; x_wconf 81' lang='lat' dir='ltr'><strong>vel</strong></span> <span class='ocrx_word' id='word_1_349' title='bbox 2026 2461 2209 2514; x_wconf 89' lang='lat' dir='ltr'><strong>civilia</strong></span> <span class='ocrx_word' id='word_1_350' title='bbox 2248 2463 2493 2526; x_wconf 69' lang='lat' dir='ltr'><strong>quaedam</strong></span> <span class='ocrx_word' id='word_1_351' title='bbox 2525 2465 2816 2523; x_wconf 77' lang='lat' dir='ltr'><strong>exercent;</strong></span> <span class='ocrx_word' id='word_1_352' title='bbox 2850 2469 2902 2509; x_wconf 89' lang='lat' dir='ltr'><strong>et</strong></span> <span class='ocrx_word' id='word_1_353' title='bbox 2929 2460 3034 2511; x_wconf 85' lang='lat' dir='ltr'><strong>nisi</strong></span> <span class='ocrx_word' id='word_1_354' title='bbox 3080 2473 3138 2513; x_wconf 91' lang='lat' dir='ltr'><strong>se</strong></span> <span class='ocrx_word' id='word_1_355' title='bbox 3167 2462 3465 2525; x_wconf 68' lang='lat' dir='ltr'><strong>corrigunt.</strong></span> 
     </span>
    </p>
   </div>
   <div class='ocr_carea' id='block_1_55' title="bbox 1895 2549 3465 2617">
    <p class='ocr_par' dir='ltr' id='par_1_55' title="bbox 1895 2549 3465 2617">
     <span class='ocr_line' id='line_1_55' title="bbox 1895 2549 3465 2617; baseline 0.001 -13"><span class='ocrx_word' id='word_1_356' title='bbox 1895 2553 1973 2604; x_wconf 85' lang='lat' dir='ltr'><strong>eis</strong></span> <span class='ocrx_word' id='word_1_357' title='bbox 2007 2553 2168 2605; x_wconf 89' lang='lat' dir='ltr'><strong>etiam</strong></span> <span class='ocrx_word' id='word_1_358' title='bbox 2229 2550 2619 2617; x_wconf 76' lang='lat' dir='ltr'><strong>depositionem</strong></span> <span class='ocrx_word' id='word_1_359' title='bbox 2686 2549 2865 2602; x_wconf 90' lang='lat' dir='ltr'><strong>induci</strong></span> <span class='ocrx_word' id='word_1_360' title='bbox 2897 2566 2910 2601; x_wconf 92' lang='lat'>:</span> <span class='ocrx_word' id='word_1_361' title='bbox 2957 2564 3025 2603; x_wconf 86' lang='lat' dir='ltr'><strong>ne</strong></span> <span class='ocrx_word' id='word_1_362' title='bbox 3060 2552 3211 2604; x_wconf 86' lang='lat' dir='ltr'><strong>dicas</strong></span> <span class='ocrx_word' id='word_1_363' title='bbox 3234 2566 3351 2603; x_wconf 87' lang='lat' dir='ltr'><strong>eam</strong></span> <span class='ocrx_word' id='word_1_364' title='bbox 3379 2567 3465 2605; x_wconf 79' lang='lat' dir='ltr'><strong>re-</strong></span> 
     </span>
    </p>
   </div>
   <div class='ocr_carea' id='block_1_56' title="bbox 1897 2642 3470 2715">
    <p class='ocr_par' dir='ltr' id='par_1_56' title="bbox 1897 2642 3470 2715">
     <span class='ocr_line' id='line_1_56' title="bbox 1897 2642 3470 2715; baseline -0.002 -18"><span class='ocrx_word' id='word_1_365' title='bbox 1897 2660 2136 2715; x_wconf 80' lang='lat' dir='ltr'><strong>pugnare</strong></span> <span class='ocrx_word' id='word_1_366' title='bbox 2164 2643 2474 2711; x_wconf 82' lang='lat' dir='ltr'><strong>apostolicis</strong></span> <span class='ocrx_word' id='word_1_367' title='bbox 2508 2642 2879 2710; x_wconf 79' lang='lat' dir='ltr'><strong>superioribus</strong></span> <span class='ocrx_word' id='word_1_368' title='bbox 2905 2644 3224 2703; x_wconf 78' lang='lat' dir='ltr'><strong>canonihus,</strong></span> <span class='ocrx_word' id='word_1_369' title='bbox 3259 2643 3350 2695; x_wconf 82' lang='lat' dir='ltr'><strong>sed</strong></span> <span class='ocrx_word' id='word_1_370' title='bbox 3380 2644 3470 2699; x_wconf 86' lang='lat' dir='ltr'><strong>dic</strong></span> 
     </span>
    </p>
   </div>
   <div class='ocr_carea' id='block_1_57' title="bbox 1899 2737 3461 2805">
    <p class='ocr_par' dir='ltr' id='par_1_57' title="bbox 1899 2737 3461 2805">
     <span class='ocr_line' id='line_1_57' title="bbox 1899 2737 3461 2805; baseline -0.002 -14"><span class='ocrx_word' id='word_1_371' title='bbox 1899 2753 2019 2791; x_wconf 81' lang='lat' dir='ltr'><strong>eam</strong></span> <span class='ocrx_word' id='word_1_372' title='bbox 2056 2739 2162 2791; x_wconf 88' lang='lat' dir='ltr'><strong>illis</strong></span> <span class='ocrx_word' id='word_1_373' title='bbox 2196 2737 2545 2805; x_wconf 75' lang='lat' dir='ltr'><strong>tequivalere,</strong></span> <span class='ocrx_word' id='word_1_374' title='bbox 2585 2747 2639 2788; x_wconf 86' lang='grc' dir='ltr'><strong>ιιι</strong></span> <span class='ocrx_word' id='word_1_375' title='bbox 2671 2737 2761 2804; x_wconf 88' lang='lat' dir='ltr'><strong>qui</strong></span> <span class='ocrx_word' id='word_1_376' title='bbox 2789 2746 3153 2803; x_wconf 78' lang='lat' dir='ltr'><strong>exponuntur,</strong></span> <span class='ocrx_word' id='word_1_377' title='bbox 3213 2753 3308 2792; x_wconf 86' lang='lat' dir='ltr'><strong>eos</strong></span> <span class='ocrx_word' id='word_1_378' title='bbox 3356 2753 3461 2792; x_wconf 86' lang='lat' dir='ltr'><strong>non</strong></span> 
     </span>
    </p>
   </div>
   <div class='ocr_carea' id='block_1_58' title="bbox 1898 2829 3465 2899">
    <p class='ocr_par' dir='ltr' id='par_1_58' title="bbox 1898 2829 3465 2899">
     <span class='ocr_line' id='line_1_58' title="bbox 1898 2829 3465 2899; baseline -0.001 -12"><span class='ocrx_word' id='word_1_379' title='bbox 1898 2834 2057 2887; x_wconf 82' lang='lat' dir='ltr'><strong>aliter</strong></span> <span class='ocrx_word' id='word_1_380' title='bbox 2082 2832 2301 2899; x_wconf 73' lang='lat' dir='ltr'><strong>deponi;</strong></span> <span class='ocrx_word' id='word_1_381' title='bbox 2333 2846 2497 2899; x_wconf 87' lang='lat' dir='ltr'><strong>quam</strong></span> <span class='ocrx_word' id='word_1_382' title='bbox 2550 2829 2596 2882; x_wconf 90' lang='lat' dir='ltr'><strong>si</strong></span> <span class='ocrx_word' id='word_1_383' title='bbox 2647 2839 2766 2895; x_wconf 90' lang='lat' dir='ltr'><strong>post</strong></span> <span class='ocrx_word' id='word_1_384' title='bbox 2828 2830 3297 2884; x_wconf 69' lang='lat' dir='ltr'><strong>denuntiationem</strong></span> <span class='ocrx_word' id='word_1_385' title='bbox 3360 2848 3465 2885; x_wconf 88' lang='lat' dir='ltr'><strong>non</strong></span> 
     </span>
    </p>
   </div>
   <div class='ocr_carea' id='block_1_59' title="bbox 1899 2919 3463 2986">
    <p class='ocr_par' dir='ltr' id='par_1_59' title="bbox 1899 2919 3463 2986">
     <span class='ocr_line' id='line_1_59' title="bbox 1899 2919 3463 2986; baseline -0.004 -6"><span class='ocrx_word' id='word_1_386' title='bbox 1899 2925 2253 2980; x_wconf 89' lang='lat' dir='ltr'><strong>cessaverint.</strong></span> <span class='ocrx_word' id='word_1_387' title='bbox 2299 2922 2429 2986; x_wconf 64' lang='lat' dir='ltr'><strong>Quae</strong></span> <span class='ocrx_word' id='word_1_388' title='bbox 2489 2931 2667 2974; x_wconf 83' lang='lat' dir='ltr'><strong>autem</strong></span> <span class='ocrx_word' id='word_1_389' title='bbox 2728 2919 2795 2972; x_wconf 87' lang='lat' dir='ltr'><strong>de</strong></span> <span class='ocrx_word' id='word_1_390' title='bbox 2836 2919 3211 2973; x_wconf 84' lang='lat' dir='ltr'><strong>sacerdotibus</strong></span> <span class='ocrx_word' id='word_1_391' title='bbox 3267 2937 3463 2975; x_wconf 77' lang='lat' dir='ltr'><strong>causas</strong></span> 
     </span>
    </p>
   </div>
   <div class='ocr_carea' id='block_1_60' title="bbox 1898 3010 3461 3086">
    <p class='ocr_par' dir='ltr' id='par_1_60' title="bbox 1898 3010 3461 3086">
     <span class='ocr_line' id='line_1_60' title="bbox 1898 3010 3461 3086; baseline -0.003 -17"><span class='ocrx_word' id='word_1_392' title='bbox 1898 3016 2182 3086; x_wconf 82' lang='lat' dir='ltr'><strong>agentibus</strong></span> <span class='ocrx_word' id='word_1_393' title='bbox 2242 3024 2297 3066; x_wconf 84' lang='lat' dir='ltr'><strong>et</strong></span> <span class='ocrx_word' id='word_1_394' title='bbox 2382 3012 2818 3079; x_wconf 80' lang='lat' dir='ltr'><strong>ﬂdejnbentilnts,</strong></span> <span class='ocrx_word' id='word_1_395' title='bbox 2856 3010 2906 3061; x_wconf 91' lang='lat' dir='ltr'><strong>in</strong></span> <span class='ocrx_word' id='word_1_396' title='bbox 2971 3010 3037 3063; x_wconf 70' lang='lat' dir='ltr'><strong>l5</strong></span> <span class='ocrx_word' id='word_1_397' title='bbox 3099 3026 3217 3077; x_wconf 75' lang='lat' dir='ltr'><strong>cap.</strong></span> <span class='ocrx_word' id='word_1_398' title='bbox 3286 3015 3320 3063; x_wconf 80' lang='lat'><strong>8</strong></span> <span class='ocrx_word' id='word_1_399' title='bbox 3379 3013 3461 3065; x_wconf 92' lang='lat' dir='ltr'><strong>tit.</strong></span> 
     </span>
    </p>
   </div>
   <div class='ocr_carea' id='block_1_61' title="bbox 1899 3102 3457 3179">
    <p class='ocr_par' dir='ltr' id='par_1_61' title="bbox 1899 3102 3457 3179">
     <span class='ocr_line' id='line_1_61' title="bbox 1899 3102 3457 3179; baseline -0.01 -18"><span class='ocrx_word' id='word_1_400' title='bbox 1899 3107 2180 3179; x_wconf 57' lang='lat' dir='ltr'><strong>praesentis</strong></span> <span class='ocrx_word' id='word_1_401' title='bbox 2220 3105 2434 3171; x_wconf 83' lang='lat' dir='ltr'><strong>Operis,</strong></span> <span class='ocrx_word' id='word_1_402' title='bbox 2466 3116 2521 3156; x_wconf 87' lang='lat' dir='ltr'><strong>et</strong></span> <span class='ocrx_word' id='word_1_403' title='bbox 2562 3104 2616 3154; x_wconf 91' lang='lat' dir='ltr'><strong>in</strong></span> <span class='ocrx_word' id='word_1_404' title='bbox 2644 3102 2717 3154; x_wconf 71' lang='lat'><strong>9.0</strong></span> <span class='ocrx_word' id='word_1_405' title='bbox 2771 3103 3131 3170; x_wconf 71' lang='lat' dir='ltr'><strong>apostolicum</strong></span> <span class='ocrx_word' id='word_1_406' title='bbox 3191 3118 3457 3157; x_wconf 77' lang='lat' dir='ltr'><strong>caIIOuem</strong></span> 
     </span>
    </p>
   </div>
   <div class='ocr_carea' id='block_1_62' title="bbox 240 3193 1796 3275">
    <p class='ocr_par' dir='ltr' id='par_1_62' title="bbox 240 3195 1795 3266">
     <span class='ocr_line' id='line_1_62' title="bbox 240 3195 1795 3266; baseline 0.001 -19"><span class='ocrx_word' id='word_1_407' title='bbox 240 3196 470 3250; x_wconf 81' lang='grc' dir='ltr'>τιοῦσθαι</span> <span class='ocrx_word' id='word_1_408' title='bbox 512 3196 716 3266; x_wconf 83' lang='grc' dir='ltr'>ταύτην</span> <span class='ocrx_word' id='word_1_409' title='bbox 751 3195 1264 3263; x_wconf 63' lang='grc' dir='ltr'>τοῖςθδιαληφθεῖσιν</span> <span class='ocrx_word' id='word_1_410' title='bbox 1291 3195 1673 3257; x_wconf 82' lang='grc' dir='ltr'>ἁποστολικοίς</span> <span class='ocrx_word' id='word_1_411' title='bbox 1695 3214 1795 3249; x_wconf 88' lang='grc' dir='ltr'>κα-</span> 
     </span>
    </p>
   </div>
   <div class='ocr_carea' id='block_1_63' title="bbox 1900 3193 3461 3275">
    <p class='ocr_par' dir='ltr' id='par_1_63' title="bbox 1900 3193 3461 3266">
     <span class='ocr_line' id='line_1_63' title="bbox 1900 3193 3461 3266; baseline -0.004 -12"><span class='ocrx_word' id='word_1_412' title='bbox 1900 3201 2092 3266; x_wconf 86' lang='lat' dir='ltr'><strong>scripta</strong></span> <span class='ocrx_word' id='word_1_413' title='bbox 2127 3207 2274 3258; x_wconf 85' lang='lat' dir='ltr'><strong>sunt.</strong></span> <span class='ocrx_word' id='word_1_414' title='bbox 2303 3199 2365 3247; x_wconf 82' lang='lat' dir='ltr'><strong>ad</strong></span> <span class='ocrx_word' id='word_1_415' title='bbox 2413 3195 2693 3262; x_wconf 78' lang='lat' dir='ltr'><strong>pra&#39;scnlis</strong></span> <span class='ocrx_word' id='word_1_416' title='bbox 2744 3209 2962 3262; x_wconf 71' lang='lat' dir='ltr'><strong>quoque</strong></span> <span class='ocrx_word' id='word_1_417' title='bbox 3008 3193 3243 3249; x_wconf 64' lang='lat' dir='ltr'><strong>Novella:</strong></span> <span class='ocrx_word' id='word_1_418' title='bbox 3288 3196 3461 3248; x_wconf 82' lang='lat' dir='ltr'><strong>inter-</strong></span> 
     </span>
    </p>
   </div>
   <div class='ocr_carea' id='block_1_64' title="bbox 237 3287 1791 3356">
    <p class='ocr_par' dir='ltr' id='par_1_64' title="bbox 237 3287 1791 3356">
     <span class='ocr_line' id='line_1_64' title="bbox 237 3287 1791 3356; baseline 0 -14"><span class='ocrx_word' id='word_1_419' title='bbox 237 3289 388 3354; x_wconf 70' lang='grc' dir='ltr'>νίσιν,</span> <span class='ocrx_word' id='word_1_420' title='bbox 424 3288 547 3342; x_wconf 81' lang='grc' dir='ltr'>ἀλλ’</span> <span class='ocrx_word' id='word_1_421' title='bbox 571 3288 692 3340; x_wconf 85' lang='grc' dir='ltr'>εἰπὲ</span> <span class='ocrx_word' id='word_1_422' title='bbox 723 3289 1062 3356; x_wconf 82' lang='grc' dir='ltr'>ἰσοδυναμεῖν</span> <span class='ocrx_word' id='word_1_423' title='bbox 1076 3288 1325 3349; x_wconf 84' lang='grc' dir='ltr'>ἐκείνοις,</span> <span class='ocrx_word' id='word_1_424' title='bbox 1349 3287 1423 3348; x_wconf 85' lang='grc' dir='ltr'>ὡς</span> <span class='ocrx_word' id='word_1_425' title='bbox 1454 3287 1791 3356; x_wconf 73' lang='grc' dir='ltr'>ἐκληφθείσι,</span> 
     </span>
    </p>
   </div>
   <div class='ocr_carea' id='block_1_65' title="bbox 1904 3286 2577 3362">
    <p class='ocr_par' dir='ltr' id='par_1_65' title="bbox 1904 3286 2577 3362">
     <span class='ocr_line' id='line_1_65' title="bbox 1904 3286 2577 3362; baseline -0.012 -17"><span class='ocrx_word' id='word_1_426' title='bbox 1904 3291 2261 3362; x_wconf 82' lang='lat' dir='ltr'><strong>pretationem</strong></span> <span class='ocrx_word' id='word_1_427' title='bbox 2282 3286 2577 3343; x_wconf 77' lang='lat' dir='ltr'><strong>sufﬁciunt.</strong></span> 
     </span>
    </p>
   </div>
   <div class='ocr_carea' id='block_1_66' title="bbox 240 3377 3467 3453">
    <p class='ocr_par' dir='ltr' id='par_1_66' title="bbox 240 3377 3467 3453">
     <span class='ocr_line' id='line_1_66' title="bbox 240 3377 3467 3453; baseline -0.002 -17"><span class='ocrx_word' id='word_1_428' title='bbox 240 3382 307 3451; x_wconf 63' lang='grc' dir='ltr'>μὴ</span> <span class='ocrx_word' id='word_1_429' title='bbox 340 3382 522 3443; x_wconf 75' lang='grc' dir='ltr'>ἄλλως</span> <span class='ocrx_word' id='word_1_430' title='bbox 548 3380 768 3443; x_wconf 81' lang='grc' dir='ltr'>τούτους</span> <span class='ocrx_word' id='word_1_431' title='bbox 796 3378 1201 3448; x_wconf 82' lang='grc' dir='ltr'>καθαιρεῖσθαι,</span> <span class='ocrx_word' id='word_1_432' title='bbox 1226 3380 1274 3431; x_wconf 87' lang='grc' dir='ltr'>εἰ</span> <span class='ocrx_word' id='word_1_433' title='bbox 1313 3380 1390 3449; x_wconf 85' lang='grc' dir='ltr'>μὴ</span> <span class='ocrx_word' id='word_1_434' title='bbox 1422 3379 1561 3449; x_wconf 84' lang='grc' dir='ltr'>μετὰ</span> <span class='ocrx_word' id='word_1_435' title='bbox 1589 3385 1964 3453; x_wconf 78' lang='grc' dir='ltr'>παραγγελίαν</span> <span class='ocrx_word' id='word_1_436' title='bbox 2025 3384 2087 3435; x_wconf 79' lang='grc' dir='ltr'>οὐ</span> <span class='ocrx_word' id='word_1_437' title='bbox 2140 3380 2465 3434; x_wconf 90' lang='grc' dir='ltr'>παύσονται.</span> <span class='ocrx_word' id='word_1_438' title='bbox 2513 3378 2596 3430; x_wconf 72' lang='lat' dir='ltr'><strong>Td:</strong></span> <span class='ocrx_word' id='word_1_439' title='bbox 2645 3377 2828 3447; x_wconf 71' lang='grc' dir='ltr'>μέντοι</span> <span class='ocrx_word' id='word_1_440' title='bbox 2880 3378 3010 3445; x_wconf 72' lang='grc' dir='ltr'>περὶ</span> <span class='ocrx_word' id='word_1_441' title='bbox 3062 3378 3172 3432; x_wconf 80' lang='grc' dir='ltr'><strong>τῶν</strong></span> <span class='ocrx_word' id='word_1_442' title='bbox 3233 3394 3467 3448; x_wconf 81' lang='grc' dir='ltr'>συνηγο-</span> 
     </span>
    </p>
   </div>
   <div class='ocr_carea' id='block_1_67' title="bbox 236 3471 3465 3546">
    <p class='ocr_par' dir='ltr' id='par_1_67' title="bbox 236 3471 3465 3546">
     <span class='ocr_line' id='line_1_67' title="bbox 236 3471 3465 3546; baseline -0.001 -17"><span class='ocrx_word' id='word_1_443' title='bbox 236 3477 459 3546; x_wconf 74' lang='grc' dir='ltr'>ρούντων</span> <span class='ocrx_word' id='word_1_444' title='bbox 501 3480 595 3529; x_wconf 68' lang='grc' dir='ltr'>καὶ</span> <span class='ocrx_word' id='word_1_445' title='bbox 636 3478 1002 3545; x_wconf 74' lang='grc' dir='ltr'>ἐγγυωμένων</span> <span class='ocrx_word' id='word_1_446' title='bbox 1066 3474 1380 3543; x_wconf 77' lang='grc' dir='ltr'>ἱερωμένων</span> <span class='ocrx_word' id='word_1_447' title='bbox 1422 3478 1710 3545; x_wconf 65' lang='grc' dir='ltr'>γραφέντα</span> <span class='ocrx_word' id='word_1_448' title='bbox 1775 3481 1855 3541; x_wconf 80' lang='grc' dir='ltr'>εἰς</span> <span class='ocrx_word' id='word_1_449' title='bbox 1880 3481 1943 3532; x_wconf 82' lang='grc' dir='ltr'><strong>τὸ</strong></span> <span class='ocrx_word' id='word_1_450' title='bbox 1978 3486 2045 3546; x_wconf 86' lang='grc' dir='ltr'>ιγ’</span> <span class='ocrx_word' id='word_1_451' title='bbox 2100 3494 2227 3544; x_wconf 82' lang='grc' dir='ltr'>κεφ.</span> <span class='ocrx_word' id='word_1_452' title='bbox 2252 3475 2346 3527; x_wconf 82' lang='grc' dir='ltr'>τοῦ</span> <span class='ocrx_word' id='word_1_453' title='bbox 2379 3472 2427 3542; x_wconf 83' lang='grc' dir='ltr'>η’</span> <span class='ocrx_word' id='word_1_454' title='bbox 2482 3473 2662 3526; x_wconf 79' lang='grc' dir='ltr'>τίτλου</span> <span class='ocrx_word' id='word_1_455' title='bbox 2695 3471 2801 3524; x_wconf 74' lang='grc' dir='ltr'>τοῦ</span> <span class='ocrx_word' id='word_1_456' title='bbox 2824 3474 3091 3541; x_wconf 85' lang='grc' dir='ltr'>παρόντος</span> <span class='ocrx_word' id='word_1_457' title='bbox 3149 3474 3465 3541; x_wconf 83' lang='grc' dir='ltr'>συντάγμα-</span> 
     </span>
    </p>
   </div>
   <div class='ocr_carea' id='block_1_68' title="bbox 229 3564 2968 3641">
    <p class='ocr_par' dir='ltr' id='par_1_68' title="bbox 229 3564 2968 3641">
     <span class='ocr_line' id='line_1_68' title="bbox 229 3564 2968 3641; baseline -0.002 -17"><span class='ocrx_word' id='word_1_458' title='bbox 229 3588 308 3632; x_wconf 72' lang='grc' dir='ltr'><strong>τος</strong></span> <span class='ocrx_word' id='word_1_459' title='bbox 338 3570 434 3622; x_wconf 77' lang='grc' dir='ltr'><strong>καὶ</strong></span> <span class='ocrx_word' id='word_1_460' title='bbox 461 3572 546 3631; x_wconf 79' lang='grc' dir='ltr'><strong>είς</strong></span> <span class='ocrx_word' id='word_1_461' title='bbox 566 3568 658 3620; x_wconf 80' lang='grc' dir='ltr'><strong>τὸν</strong></span> <span class='ocrx_word' id='word_1_462' title='bbox 690 3574 737 3622; x_wconf 88' lang='grc' dir='ltr'>κ’</span> <span class='ocrx_word' id='word_1_463' title='bbox 764 3568 1122 3622; x_wconf 79' lang='grc' dir='ltr'>ἀποστολικὸν</span> <span class='ocrx_word' id='word_1_464' title='bbox 1159 3569 1382 3632; x_wconf 83' lang='grc' dir='ltr'>κανόνα,</span> <span class='ocrx_word' id='word_1_465' title='bbox 1424 3568 1685 3637; x_wconf 83' lang='grc' dir='ltr'>ἀρκοῦσιν</span> <span class='ocrx_word' id='word_1_466' title='bbox 1715 3572 1794 3634; x_wconf 88' lang='grc' dir='ltr'>εἰς</span> <span class='ocrx_word' id='word_1_467' title='bbox 1830 3571 2127 3641; x_wconf 79' lang='grc' dir='ltr'>ἑρμηνείαν</span> <span class='ocrx_word' id='word_1_468' title='bbox 2161 3571 2255 3621; x_wconf 69' lang='grc' dir='ltr'><strong>καὶ</strong></span> <span class='ocrx_word' id='word_1_469' title='bbox 2292 3572 2387 3637; x_wconf 81' lang='grc' dir='ltr'><strong>τῆς</strong></span> <span class='ocrx_word' id='word_1_470' title='bbox 2422 3565 2708 3635; x_wconf 82' lang='grc' dir='ltr'>παρούσης</span> <span class='ocrx_word' id='word_1_471' title='bbox 2730 3564 2968 3634; x_wconf 76' lang='grc' dir='ltr'>Νεαρᾶς.</span> 
     </span>
    </p>
   </div>
   <div class='ocr_carea' id='block_1_69' title="bbox 293 3660 1791 3727">
    <p class='ocr_par' dir='ltr' id='par_1_69' title="bbox 293 3660 1791 3727">
     <span class='ocr_line' id='line_1_69' title="bbox 293 3660 1791 3727; baseline -0.001 -12"><span class='ocrx_word' id='word_1_472' title='bbox 293 3664 545 3715; x_wconf 78' lang='grc' dir='ltr'><strong>ΖΩΝΔΡ.</strong></span> <span class='ocrx_word' id='word_1_473' title='bbox 593 3664 698 3713; x_wconf 71' lang='grc' dir='ltr'><strong>Καὶ</strong></span> <span class='ocrx_word' id='word_1_474' title='bbox 754 3664 860 3713; x_wconf 82' lang='grc' dir='ltr'><strong>τῶν</strong></span> <span class='ocrx_word' id='word_1_475' title='bbox 894 3661 1066 3727; x_wconf 82' lang='grc' dir='ltr'>ἁγίων</span> <span class='ocrx_word' id='word_1_476' title='bbox 1119 3660 1430 3713; x_wconf 75' lang='grc' dir='ltr'>ἀποστόλων</span> <span class='ocrx_word' id='word_1_477' title='bbox 1473 3664 1523 3713; x_wconf 89' lang='grc' dir='ltr'>οἱ</span> <span class='ocrx_word' id='word_1_478' title='bbox 1567 3663 1791 3725; x_wconf 82' lang='grc' dir='ltr'>κανόνες</span> 
     </span>
    </p>
   </div>
   <div class='ocr_carea' id='block_1_70' title="bbox 230 3752 1793 3823">
    <p class='ocr_par' dir='ltr' id='par_1_70' title="bbox 230 3752 1793 3823">
     <span class='ocr_line' id='line_1_70' title="bbox 230 3752 1793 3823; baseline 0 -18"><span class='ocrx_word' id='word_1_479' title='bbox 230 3755 375 3807; x_wconf 76' lang='grc' dir='ltr'>τοῦτο</span> <span class='ocrx_word' id='word_1_480' title='bbox 399 3756 684 3808; x_wconf 81' lang='grc' dir='ltr'>κωλύουσι</span> <span class='ocrx_word' id='word_1_481' title='bbox 719 3755 816 3806; x_wconf 72' lang='grc' dir='ltr'>καὶ</span> <span class='ocrx_word' id='word_1_482' title='bbox 850 3753 1097 3822; x_wconf 83' lang='grc' dir='ltr'>ἀρχαίων</span> <span class='ocrx_word' id='word_1_483' title='bbox 1131 3752 1390 3815; x_wconf 79' lang='grc' dir='ltr'>συνόδων,</span> <span class='ocrx_word' id='word_1_484' title='bbox 1424 3754 1521 3806; x_wconf 75' lang='grc' dir='ltr'>καὶ</span> <span class='ocrx_word' id='word_1_485' title='bbox 1558 3756 1605 3806; x_wconf 81' lang='lat' dir='ltr'><strong>0i</strong></span> <span class='ocrx_word' id='word_1_486' title='bbox 1636 3756 1793 3823; x_wconf 85' lang='grc' dir='ltr'>νόμοι</span> 
     </span>
    </p>
   </div>
   <div class='ocr_carea' id='block_1_71' title="bbox 225 3843 1797 3915">
    <p class='ocr_par' dir='ltr' id='par_1_71' title="bbox 225 3843 1797 3915">
     <span class='ocr_line' id='line_1_71' title="bbox 225 3843 1797 3915; baseline 0.001 -18"><span class='ocrx_word' id='word_1_487' title='bbox 225 3848 313 3915; x_wconf 83' lang='grc' dir='ltr'><strong>τῆς</strong></span> <span class='ocrx_word' id='word_1_488' title='bbox 337 3848 656 3909; x_wconf 74' lang='grc' dir='ltr'>πολιτείας,</span> <span class='ocrx_word' id='word_1_489' title='bbox 688 3846 823 3899; x_wconf 78' lang='grc' dir='ltr'>ἀλλὰ</span> <span class='ocrx_word' id='word_1_490' title='bbox 851 3843 1024 3906; x_wconf 72' lang='grc' dir='ltr'>οὕτως</span> <span class='ocrx_word' id='word_1_491' title='bbox 1064 3844 1367 3912; x_wconf 83' lang='grc' dir='ltr'>ἐπράττετό</span> <span class='ocrx_word' id='word_1_492' title='bbox 1401 3861 1459 3897; x_wconf 89' lang='grc' dir='ltr'><strong>τε</strong></span> <span class='ocrx_word' id='word_1_493' title='bbox 1494 3846 1588 3898; x_wconf 72' lang='grc' dir='ltr'><strong>καὶ</strong></span> <span class='ocrx_word' id='word_1_494' title='bbox 1621 3845 1797 3914; x_wconf 84' lang='grc' dir='ltr'>πράτ-</span> 
     </span>
    </p>
   </div>
   <div class='ocr_carea' id='block_1_72' title="bbox 225 3928 1796 4007">
    <p class='ocr_par' dir='ltr' id='par_1_72' title="bbox 225 3928 1796 4007">
     <span class='ocr_line' id='line_1_72' title="bbox 225 3928 1796 4007; baseline -0.002 -15"><span class='ocrx_word' id='word_1_495' title='bbox 225 3956 391 3994; x_wconf 88' lang='grc' dir='ltr'>τεται.</span> <span class='ocrx_word' id='word_1_496' title='bbox 433 3940 526 3990; x_wconf 81' lang='grc' dir='ltr'>Διὸ</span> <span class='ocrx_word' id='word_1_497' title='bbox 558 3939 654 3990; x_wconf 78' lang='grc' dir='ltr'>καὶ</span> <span class='ocrx_word' id='word_1_498' title='bbox 682 3940 714 4007; x_wconf 87' lang='grc' dir='ltr'>ή</span> <span class='ocrx_word' id='word_1_499' title='bbox 742 3937 862 4005; x_wconf 71' lang='grc' dir='ltr'>ἱερὰ</span> <span class='ocrx_word' id='word_1_500' title='bbox 881 3928 1022 4005; x_wconf 70' lang='grc' dir='ltr'>αὕτη</span> <span class='ocrx_word' id='word_1_501' title='bbox 1040 3936 1255 3998; x_wconf 84' lang='grc' dir='ltr'>σύνοδος</span> <span class='ocrx_word' id='word_1_502' title='bbox 1290 3937 1522 3990; x_wconf 76' lang='grc' dir='ltr'>ἔσπευσε</span> <span class='ocrx_word' id='word_1_503' title='bbox 1554 3937 1796 3991; x_wconf 81' lang='grc' dir='ltr'>κωλῦσαι</span> 
     </span>
    </p>
   </div>
   <div class='ocr_carea' id='block_1_73' title="bbox 222 4029 1796 4100">
    <p class='ocr_par' dir='ltr' id='par_1_73' title="bbox 222 4029 1796 4100">
     <span class='ocr_line' id='line_1_73' title="bbox 222 4029 1796 4100; baseline -0.001 -17"><span class='ocrx_word' id='word_1_504' title='bbox 222 4033 276 4083; x_wconf 78' lang='grc' dir='ltr'>τὸ</span> <span class='ocrx_word' id='word_1_505' title='bbox 299 4031 467 4100; x_wconf 77' lang='grc' dir='ltr'><strong>παρά</strong></span> <span class='ocrx_word' id='word_1_506' title='bbox 486 4031 687 4083; x_wconf 85' lang='grc' dir='ltr'>κανόνα</span> <span class='ocrx_word' id='word_1_507' title='bbox 716 4030 1022 4098; x_wconf 86' lang='grc' dir='ltr'>γινόμενον,</span> <span class='ocrx_word' id='word_1_508' title='bbox 1064 4032 1112 4082; x_wconf 81' lang='grc' dir='ltr'>εἰ</span> <span class='ocrx_word' id='word_1_509' title='bbox 1166 4029 1240 4099; x_wconf 82' lang='grc' dir='ltr'>μὴ</span> <span class='ocrx_word' id='word_1_510' title='bbox 1268 4030 1363 4080; x_wconf 82' lang='grc' dir='ltr'>καὶ</span> <span class='ocrx_word' id='word_1_511' title='bbox 1397 4030 1738 4099; x_wconf 80' lang='grc' dir='ltr'>κατορθῶσαι</span> <span class='ocrx_word' id='word_1_512' title='bbox 1768 4030 1796 4081; x_wconf 83' lang='grc' dir='ltr'><strong>ὃ</strong></span> 
     </span>
    </p>
   </div>
   <div class='ocr_carea' id='block_1_74' title="bbox 222 4121 1799 4193">
    <p class='ocr_par' dir='ltr' id='par_1_74' title="bbox 222 4121 1799 4193">
     <span class='ocr_line' id='line_1_74' title="bbox 222 4121 1799 4193; baseline -0.001 -18"><span class='ocrx_word' id='word_1_513' title='bbox 222 4124 493 4193; x_wconf 74' lang='grc' dir='ltr'>πρτίθετο</span> <span class='ocrx_word' id='word_1_514' title='bbox 542 4124 754 4191; x_wconf 82' lang='grc' dir='ltr'>ίσχυσε.</span> <span class='ocrx_word' id='word_1_515' title='bbox 806 4123 945 4190; x_wconf 78' lang='grc' dir='ltr'>Φησὶ</span> <span class='ocrx_word' id='word_1_516' title='bbox 975 4121 1104 4189; x_wconf 80' lang='grc' dir='ltr'>γοῦν</span> <span class='ocrx_word' id='word_1_517' title='bbox 1155 4122 1240 4173; x_wconf 79' lang='grc' dir='ltr'>ὅτι</span> <span class='ocrx_word' id='word_1_518' title='bbox 1291 4123 1447 4183; x_wconf 78' lang='grc' dir='ltr'>Τινὲς</span> <span class='ocrx_word' id='word_1_519' title='bbox 1477 4122 1585 4174; x_wconf 82' lang='grc' dir='ltr'><strong>τῶν</strong></span> <span class='ocrx_word' id='word_1_520' title='bbox 1633 4124 1690 4172; x_wconf 81' lang='grc' dir='ltr'><strong>ἐν</strong></span> <span class='ocrx_word' id='word_1_521' title='bbox 1721 4122 1799 4191; x_wconf 80' lang='grc' dir='ltr'><strong>τῷ</strong></span> 
     </span>
    </p>
   </div>
   <div class='ocr_carea' id='block_1_75' title="bbox 223 4213 1796 4285">
    <p class='ocr_par' dir='ltr' id='par_1_75' title="bbox 223 4213 1796 4285">
     <span class='ocr_line' id='line_1_75' title="bbox 223 4213 1796 4285; baseline -0.002 -17"><span class='ocrx_word' id='word_1_522' title='bbox 223 4217 421 4285; x_wconf 74' lang='grc' dir='ltr'>κλήρῳ</span> <span class='ocrx_word' id='word_1_523' title='bbox 456 4216 806 4284; x_wconf 81' lang='grc' dir='ltr'>τεταγμένων</span> <span class='ocrx_word' id='word_1_524' title='bbox 853 4214 1149 4283; x_wconf 74' lang='grc' dir='ltr'>ἀλλοτρίων</span> <span class='ocrx_word' id='word_1_525' title='bbox 1199 4214 1498 4283; x_wconf 79' lang='grc' dir='ltr'>κτημάτων</span> <span class='ocrx_word' id='word_1_526' title='bbox 1554 4213 1796 4280; x_wconf 88' lang='grc' dir='ltr'>γίνονται</span> 
     </span>
    </p>
   </div>
   <div class='ocr_carea' id='block_1_76' title="bbox 230 4306 1798 4377">
    <p class='ocr_par' dir='ltr' id='par_1_76' title="bbox 230 4306 1798 4377">
     <span class='ocr_line' id='line_1_76' title="bbox 230 4306 1798 4377; baseline -0.003 -14"><span class='ocrx_word' id='word_1_527' title='bbox 230 4310 521 4377; x_wconf 69' lang='grc' dir='ltr'>μισθωταὶ,</span> <span class='ocrx_word' id='word_1_528' title='bbox 556 4311 651 4362; x_wconf 77' lang='grc' dir='ltr'>καὶ</span> <span class='ocrx_word' id='word_1_529' title='bbox 686 4308 987 4377; x_wconf 73' lang='grc' dir='ltr'>πράγματα</span> <span class='ocrx_word' id='word_1_530' title='bbox 1018 4309 1295 4374; x_wconf 83' lang='grc' dir='ltr'>κοσμικῶν</span> <span class='ocrx_word' id='word_1_531' title='bbox 1317 4306 1695 4374; x_wconf 79' lang='grc' dir='ltr'>ἐργολαϐοὖσι.</span> <span class='ocrx_word' id='word_1_532' title='bbox 1724 4306 1798 4358; x_wconf 88' lang='grc' dir='ltr'>Τὸ</span> 
     </span>
    </p>
   </div>
   <div class='ocr_carea' id='block_1_77' title="bbox 222 4398 1797 4472">
    <p class='ocr_par' dir='ltr' id='par_1_77' title="bbox 222 4398 1797 4472">
     <span class='ocr_line' id='line_1_77' title="bbox 222 4398 1797 4472; baseline -0.005 -17"><span class='ocrx_word' id='word_1_533' title='bbox 222 4404 275 4456; x_wconf 78' lang='grc' dir='ltr'>δὲ</span> <span class='ocrx_word' id='word_1_534' title='bbox 310 4401 643 4472; x_wconf 72' lang='grc' dir='ltr'>ἐργολαϐεῖν</span> <span class='ocrx_word' id='word_1_535' title='bbox 681 4402 776 4453; x_wconf 70' lang='grc' dir='ltr'><strong>καὶ</strong></span> <span class='ocrx_word' id='word_1_536' title='bbox 812 4401 959 4469; x_wconf 84' lang='grc' dir='ltr'>παρᾶ</span> <span class='ocrx_word' id='word_1_537' title='bbox 990 4402 1101 4461; x_wconf 86' lang='grc' dir='ltr'>τοῖς</span> <span class='ocrx_word' id='word_1_538' title='bbox 1132 4399 1321 4467; x_wconf 86' lang='grc' dir='ltr'>νόμοις</span> <span class='ocrx_word' id='word_1_539' title='bbox 1369 4398 1797 4465; x_wconf 77' lang='grc' dir='ltr'>διαϐεϐλημένον</span> 
     </span>
    </p>
   </div>
   <div class='ocr_carea' id='block_1_78' title="bbox 225 4488 1796 4565">
    <p class='ocr_par' dir='ltr' id='par_1_78' title="bbox 225 4488 1796 4565">
     <span class='ocr_line' id='line_1_78' title="bbox 225 4488 1796 4565; baseline -0.004 -19"><span class='ocrx_word' id='word_1_540' title='bbox 225 4498 393 4548; x_wconf 68' lang='grc' dir='ltr'>ἐστίν.</span> <span class='ocrx_word' id='word_1_541' title='bbox 442 4493 788 4565; x_wconf 82' lang='grc' dir='ltr'>Ἐργολαϐεῖν</span> <span class='ocrx_word' id='word_1_542' title='bbox 816 4492 871 4543; x_wconf 77' lang='grc' dir='ltr'>δέ</span> <span class='ocrx_word' id='word_1_543' title='bbox 897 4494 1015 4544; x_wconf 80' lang='grc' dir='ltr'>ἐστι</span> <span class='ocrx_word' id='word_1_544' title='bbox 1042 4492 1102 4542; x_wconf 84' lang='grc' dir='ltr'>τὸ</span> <span class='ocrx_word' id='word_1_545' title='bbox 1122 4491 1408 4560; x_wconf 83' lang='grc' dir='ltr'>ἀλλοτρίας</span> <span class='ocrx_word' id='word_1_546' title='bbox 1436 4490 1725 4549; x_wconf 80' lang='grc' dir='ltr'>ὑποθέσεις</span> <span class='ocrx_word' id='word_1_547' title='bbox 1764 4488 1796 4557; x_wconf 79' lang='grc' dir='ltr'>ἢ</span> 
     </span>
    </p>
   </div>
   <div class='ocr_carea' id='block_1_79' title="bbox 1970 3660 3463 3733">
    <p class='ocr_par' dir='ltr' id='par_1_79' title="bbox 1970 3660 3463 3733">
     <span class='ocr_line' id='line_1_79' title="bbox 1970 3660 3463 3733; baseline -0.003 -15"><span class='ocrx_word' id='word_1_548' title='bbox 1970 3664 2126 3733; x_wconf 79' lang='lat'><strong>115</strong></span> <span class='ocrx_word' id='word_1_549' title='bbox 2145 3660 2393 3717; x_wconf 77' lang='lat' dir='ltr'><strong>ZONAll.</strong></span> <span class='ocrx_word' id='word_1_550' title='bbox 2415 3661 2477 3715; x_wconf 84' lang='lat' dir='ltr'><strong>Et</strong></span> <span class='ocrx_word' id='word_1_551' title='bbox 2494 3661 2805 3729; x_wconf 84' lang='lat' dir='ltr'><strong>apostolicis</strong></span> <span class='ocrx_word' id='word_1_552' title='bbox 2825 3672 2877 3713; x_wconf 87' lang='lat' dir='ltr'><strong>et</strong></span> <span class='ocrx_word' id='word_1_553' title='bbox 2897 3661 3172 3729; x_wconf 89' lang='lat' dir='ltr'><strong>synodicis</strong></span> <span class='ocrx_word' id='word_1_554' title='bbox 3200 3662 3309 3729; x_wconf 83' lang='lat' dir='ltr'><strong>jam</strong></span> <span class='ocrx_word' id='word_1_555' title='bbox 3332 3665 3463 3714; x_wconf 86' lang='lat' dir='ltr'><strong>olim</strong></span> 
     </span>
    </p>
   </div>
   <div class='ocr_carea' id='block_1_80' title="bbox 1897 3754 3458 3825">
    <p class='ocr_par' dir='ltr' id='par_1_80' title="bbox 1897 3754 3458 3825">
     <span class='ocr_line' id='line_1_80' title="bbox 1897 3754 3458 3825; baseline -0.003 -17"><span class='ocrx_word' id='word_1_556' title='bbox 1897 3760 2147 3822; x_wconf 81' lang='lat' dir='ltr'><strong>decretis,</strong></span> <span class='ocrx_word' id='word_1_557' title='bbox 2198 3766 2251 3809; x_wconf 83' lang='lat' dir='ltr'><strong>et</strong></span> <span class='ocrx_word' id='word_1_558' title='bbox 2289 3758 2464 3825; x_wconf 82' lang='lat' dir='ltr'><strong>legum</strong></span> <span class='ocrx_word' id='word_1_559' title='bbox 2512 3769 2727 3823; x_wconf 84' lang='lat' dir='ltr'><strong>quoque</strong></span> <span class='ocrx_word' id='word_1_560' title='bbox 2762 3754 3017 3807; x_wconf 79' lang='lat' dir='ltr'><strong>-t-ivilium</strong></span> <span class='ocrx_word' id='word_1_561' title='bbox 3082 3756 3458 3808; x_wconf 76' lang='lat' dir='ltr'><strong>sanctionibus</strong></span> 
     </span>
    </p>
   </div>
   <div class='ocr_carea' id='block_1_81' title="bbox 1898 3847 3458 3915">
    <p class='ocr_par' dir='ltr' id='par_1_81' title="bbox 1898 3847 3458 3915">
     <span class='ocr_line' id='line_1_81' title="bbox 1898 3847 3458 3915; baseline -0.004 -11"><span class='ocrx_word' id='word_1_562' title='bbox 1898 3853 2149 3905; x_wconf 82' lang='lat' dir='ltr'><strong>damnata</strong></span> <span class='ocrx_word' id='word_1_563' title='bbox 2183 3850 2303 3911; x_wconf 60' lang='lat' dir='ltr'><strong>bch</strong></span> <span class='ocrx_word' id='word_1_564' title='bbox 2357 3847 2698 3901; x_wconf 83' lang='lat' dir='ltr'><strong>consuetudo</strong></span> <span class='ocrx_word' id='word_1_565' title='bbox 2745 3847 2879 3910; x_wconf 77' lang='lat' dir='ltr'><strong>fuit,</strong></span> <span class='ocrx_word' id='word_1_566' title='bbox 2936 3861 3108 3915; x_wconf 82' lang='lat' dir='ltr'><strong>neque</strong></span> <span class='ocrx_word' id='word_1_567' title='bbox 3153 3854 3333 3899; x_wconf 86' lang='lat' dir='ltr'><strong>tamen</strong></span> <span class='ocrx_word' id='word_1_568' title='bbox 3378 3848 3458 3897; x_wconf 74' lang='lat' dir='ltr'><strong>vel</strong></span> 
     </span>
    </p>
   </div>
   <div class='ocr_carea' id='block_1_82' title="bbox 1900 3938 3464 4010">
    <p class='ocr_par' dir='ltr' id='par_1_82' title="bbox 1900 3938 3464 4010">
     <span class='ocr_line' id='line_1_82' title="bbox 1900 3938 3464 4010; baseline -0.007 -12"><span class='ocrx_word' id='word_1_569' title='bbox 1900 3945 2137 4010; x_wconf 86' lang='lat' dir='ltr'><strong>antiquis</strong></span> <span class='ocrx_word' id='word_1_570' title='bbox 2177 3942 2257 3994; x_wconf 82' lang='lat' dir='ltr'><strong>vel</strong></span> <span class='ocrx_word' id='word_1_571' title='bbox 2292 3941 2496 3994; x_wconf 84' lang='lat' dir='ltr'><strong>nostris</strong></span> <span class='ocrx_word' id='word_1_572' title='bbox 2553 3940 2640 3992; x_wconf 89' lang='lat' dir='ltr'><strong>illa</strong></span> <span class='ocrx_word' id='word_1_573' title='bbox 2686 3938 3024 4006; x_wconf 86' lang='lat' dir='ltr'><strong>temporibus</strong></span> <span class='ocrx_word' id='word_1_574' title='bbox 3083 3939 3351 3990; x_wconf 76' lang='lat' dir='ltr'><strong>ullatenus</strong></span> <span class='ocrx_word' id='word_1_575' title='bbox 3380 3938 3464 3989; x_wconf 90' lang='lat' dir='ltr'><strong>in-</strong></span> 
     </span>
    </p>
   </div>
   <div class='ocr_carea' id='block_1_83' title="bbox 1901 4026 3462 4101">
    <p class='ocr_par' dir='ltr' id='par_1_83' title="bbox 1901 4026 3462 4101">
     <span class='ocr_line' id='line_1_83' title="bbox 1901 4026 3462 4101; baseline -0.006 -15"><span class='ocrx_word' id='word_1_576' title='bbox 1901 4033 2172 4087; x_wconf 88' lang='lat' dir='ltr'><strong>termissa.</strong></span> <span class='ocrx_word' id='word_1_577' title='bbox 2194 4030 2320 4097; x_wconf 78' lang='lat' dir='ltr'><strong>Ejus</strong></span> <span class='ocrx_word' id='word_1_578' title='bbox 2340 4029 2519 4096; x_wconf 79' lang='lat' dir='ltr'><strong>itaque</strong></span> <span class='ocrx_word' id='word_1_579' title='bbox 2544 4026 2909 4080; x_wconf 68' lang='lat' dir='ltr'><strong>convellendm</strong></span> <span class='ocrx_word' id='word_1_580' title='bbox 2931 4027 3128 4087; x_wconf 84' lang='lat' dir='ltr'><strong>studio,</strong></span> <span class='ocrx_word' id='word_1_581' title='bbox 3148 4041 3267 4101; x_wconf 66' lang='lat' dir='ltr'><strong>qua:</strong></span> <span class='ocrx_word' id='word_1_582' title='bbox 3290 4027 3462 4079; x_wconf 81' lang='lat' dir='ltr'><strong>sacris</strong></span> 
     </span>
    </p>
   </div>
   <div class='ocr_carea' id='block_1_84' title="bbox 1901 4116 3461 4179">
    <p class='ocr_par' dir='ltr' id='par_1_84' title="bbox 1901 4116 3461 4179">
     <span class='ocr_line' id='line_1_84' title="bbox 1901 4116 3461 4179; baseline -0.005 -2"><span class='ocrx_word' id='word_1_583' title='bbox 1901 4124 2156 4178; x_wconf 84' lang='lat' dir='ltr'><strong>nimirum</strong></span> <span class='ocrx_word' id='word_1_584' title='bbox 2184 4121 2485 4173; x_wconf 86' lang='lat' dir='ltr'><strong>cauonihus</strong></span> <span class='ocrx_word' id='word_1_585' title='bbox 2509 4119 2919 4179; x_wconf 82' lang='lat' dir='ltr'><strong>adversaretur,</strong></span> <span class='ocrx_word' id='word_1_586' title='bbox 2970 4116 3083 4169; x_wconf 64' lang='lat' dir='ltr'><strong>haec</strong></span> <span class='ocrx_word' id='word_1_587' title='bbox 3126 4116 3461 4177; x_wconf 82' lang='lat' dir='ltr'><strong>constitutio.</strong></span> 
     </span>
    </p>
   </div>
   <div class='ocr_carea' id='block_1_85' title="bbox 1880 4211 3467 4286">
    <p class='ocr_par' dir='ltr' id='par_1_85' title="bbox 1880 4211 3467 4286">
     <span class='ocr_line' id='line_1_85' title="bbox 1880 4211 3467 4286; baseline -0.004 -18"><span class='ocrx_word' id='word_1_588' title='bbox 1880 4216 2143 4286; x_wconf 80' lang='lat' dir='ltr'><strong>quamvis</strong></span> <span class='ocrx_word' id='word_1_589' title='bbox 2166 4214 2322 4267; x_wconf 87' lang='lat' dir='ltr'><strong>irrito</strong></span> <span class='ocrx_word' id='word_1_590' title='bbox 2350 4225 2411 4264; x_wconf 88' lang='lat' dir='ltr'><strong>ea</strong></span> <span class='ocrx_word' id='word_1_591' title='bbox 2459 4223 2675 4278; x_wconf 85' lang='lat' dir='ltr'><strong>quoque</strong></span> <span class='ocrx_word' id='word_1_592' title='bbox 2726 4222 3013 4271; x_wconf 87' lang='lat' dir='ltr'><strong>successu,</strong></span> <span class='ocrx_word' id='word_1_593' title='bbox 3052 4223 3080 4261; x_wconf 88' lang='lat' dir='ltr'><strong>a</strong></span> <span class='ocrx_word' id='word_1_594' title='bbox 3105 4211 3313 4277; x_wconf 81' lang='lat' dir='ltr'><strong>synodo</strong></span> <span class='ocrx_word' id='word_1_595' title='bbox 3344 4224 3467 4278; x_wconf 87' lang='lat' dir='ltr'><strong>pro-</strong></span> 
     </span>
    </p>
   </div>
   <div class='ocr_carea' id='block_1_86' title="bbox 1897 4301 3462 4375">
    <p class='ocr_par' dir='ltr' id='par_1_86' title="bbox 1897 4301 3462 4375">
     <span class='ocr_line' id='line_1_86' title="bbox 1897 4301 3462 4375; baseline -0.006 -13"><span class='ocrx_word' id='word_1_596' title='bbox 1897 4309 2157 4375; x_wconf 81' lang='lat' dir='ltr'><strong>mulgata.</strong></span> <span class='ocrx_word' id='word_1_597' title='bbox 2227 4303 2495 4371; x_wconf 86' lang='lat' dir='ltr'><strong>Quoniam</strong></span> <span class='ocrx_word' id='word_1_598' title='bbox 2539 4303 2704 4371; x_wconf 87' lang='lat' dir='ltr'><strong>igitur</strong></span> <span class='ocrx_word' id='word_1_599' title='bbox 2756 4301 3018 4367; x_wconf 81' lang='lat' dir='ltr'><strong>quidam,</strong></span> <span class='ocrx_word' id='word_1_600' title='bbox 3070 4301 3341 4366; x_wconf 79' lang='lat' dir='ltr'><strong>iitqniunt,</strong></span> <span class='ocrx_word' id='word_1_601' title='bbox 3396 4316 3462 4353; x_wconf 80' lang='lat' dir='ltr'><strong>ex</strong></span> 
     </span>
    </p>
   </div>
   <div class='ocr_carea' id='block_1_87' title="bbox 1897 4392 3465 4470">
    <p class='ocr_par' dir='ltr' id='par_1_87' title="bbox 1897 4392 3465 4470">
     <span class='ocr_line' id='line_1_87' title="bbox 1897 4392 3465 4470; baseline -0.007 -15"><span class='ocrx_word' id='word_1_602' title='bbox 1897 4404 1964 4456; x_wconf 91' lang='lat' dir='ltr'><strong>iis</strong></span> <span class='ocrx_word' id='word_1_603' title='bbox 1992 4401 2085 4470; x_wconf 88' lang='lat' dir='ltr'><strong>qui</strong></span> <span class='ocrx_word' id='word_1_604' title='bbox 2116 4401 2263 4453; x_wconf 86' lang='lat' dir='ltr'><strong>clero</strong></span> <span class='ocrx_word' id='word_1_605' title='bbox 2314 4396 2542 4462; x_wconf 84' lang='lat' dir='ltr'><strong>ascripti</strong></span> <span class='ocrx_word' id='word_1_606' title='bbox 2601 4403 2747 4456; x_wconf 75' lang='lat' dir='ltr'><strong>sunt,</strong></span> <span class='ocrx_word' id='word_1_607' title='bbox 2782 4392 2975 4446; x_wconf 87' lang='lat' dir='ltr'><strong>alienis</strong></span> <span class='ocrx_word' id='word_1_608' title='bbox 3026 4394 3173 4461; x_wconf 67' lang='lat' dir='ltr'><strong>agris</strong></span> <span class='ocrx_word' id='word_1_609' title='bbox 3223 4392 3465 4446; x_wconf 86' lang='lat' dir='ltr'><strong>colendis</strong></span> 
     </span>
    </p>
   </div>
   <div class='ocr_carea' id='block_1_88' title="bbox 1896 4484 3463 4561">
    <p class='ocr_par' dir='ltr' id='par_1_88' title="bbox 1896 4484 3463 4561">
     <span class='ocr_line' id='line_1_88' title="bbox 1896 4484 3463 4561; baseline -0.009 -15"><span class='ocrx_word' id='word_1_610' title='bbox 1896 4509 2115 4561; x_wconf 81' lang='lat' dir='ltr'><strong>Operam</strong></span> <span class='ocrx_word' id='word_1_611' title='bbox 2179 4494 2376 4549; x_wconf 61' lang='lat' dir='ltr'><strong>Ini-ant.</strong></span> <span class='ocrx_word' id='word_1_612' title='bbox 2428 4498 2482 4540; x_wconf 90' lang='lat' dir='ltr'><strong>et</strong></span> <span class='ocrx_word' id='word_1_613' title='bbox 2523 4489 2859 4553; x_wconf 80' lang='lat' dir='ltr'><strong>negotiorum</strong></span> <span class='ocrx_word' id='word_1_614' title='bbox 2906 4484 3288 4546; x_wconf 68' lang='lat' dir='ltr'><strong>saecularium,</strong></span> <span class='ocrx_word' id='word_1_615' title='bbox 3322 4485 3463 4551; x_wconf 86' lang='lat' dir='ltr'><strong>quod</strong></span> 
     </span>
    </p>
   </div>
   <div class='ocr_carea' id='block_1_89' title="bbox 208 4567 1796 4658">
    <p class='ocr_par' dir='ltr' id='par_1_89' title="bbox 208 4585 1796 4658">
     <span class='ocr_line' id='line_1_89' title="bbox 208 4585 1796 4658; baseline -0.003 -19"><span class='ocrx_word' id='word_1_616' title='bbox 208 4591 530 4658; x_wconf 58' lang='grc' dir='ltr'>,πράγματα</span> <span class='ocrx_word' id='word_1_617' title='bbox 566 4586 986 4656; x_wconf 76' lang='grc' dir='ltr'>ἐπεισέρχεσθαί</span> <span class='ocrx_word' id='word_1_618' title='bbox 1029 4604 1183 4648; x_wconf 86' lang='grc' dir='ltr'>τινας</span> <span class='ocrx_word' id='word_1_619' title='bbox 1215 4585 1302 4639; x_wconf 87' lang='grc' dir='ltr'>διὰ</span> <span class='ocrx_word' id='word_1_620' title='bbox 1333 4585 1544 4653; x_wconf 81' lang='grc' dir='ltr'>κέρδος,</span> <span class='ocrx_word' id='word_1_621' title='bbox 1581 4586 1796 4654; x_wconf 79' lang='grc' dir='ltr'>φροντί-</span> 
     </span>
    </p>
   </div>
   <div class='ocr_carea' id='block_1_90' title="bbox 1900 4567 3460 4658">
    <p class='ocr_par' dir='ltr' id='par_1_90' title="bbox 1903 4573 3460 4649">
     <span class='ocr_line' id='line_1_90' title="bbox 1903 4573 3460 4649; baseline -0.006 -12"><span class='ocrx_word' id='word_1_622' title='bbox 1903 4584 2044 4637; x_wconf 77' lang='lat' dir='ltr'><strong>civili</strong></span> <span class='ocrx_word' id='word_1_623' title='bbox 2072 4595 2287 4649; x_wconf 77' lang='lat' dir='ltr'><strong>quoque</strong></span> <span class='ocrx_word' id='word_1_624' title='bbox 2322 4580 2439 4646; x_wconf 84' lang='lat' dir='ltr'><strong>lege</strong></span> <span class='ocrx_word' id='word_1_625' title='bbox 2472 4576 2697 4631; x_wconf 87' lang='lat' dir='ltr'><strong>vetitum</strong></span> <span class='ocrx_word' id='word_1_626' title='bbox 2727 4586 2828 4638; x_wconf 80' lang='lat' dir='ltr'><strong>est,</strong></span> <span class='ocrx_word' id='word_1_627' title='bbox 2860 4573 3247 4627; x_wconf 71' lang='lat' dir='ltr'><strong>conductores</strong></span> <span class='ocrx_word' id='word_1_628' title='bbox 3306 4576 3460 4627; x_wconf 91' lang='lat' dir='ltr'><strong>liunt.</strong></span> 
     </span>
    </p>
   </div>
   <div class='ocr_carea' id='block_1_91' title="bbox 223 4676 1800 4749">
    <p class='ocr_par' dir='ltr' id='par_1_91' title="bbox 223 4676 1800 4749">
     <span class='ocr_line' id='line_1_91' title="bbox 223 4676 1800 4749; baseline -0.003 -17"><span class='ocrx_word' id='word_1_629' title='bbox 223 4680 324 4732; x_wconf 72' lang='grc' dir='ltr'>δοιιν</span> <span class='ocrx_word' id='word_1_630' title='bbox 356 4683 455 4734; x_wconf 82' lang='grc' dir='ltr'><strong>καὶ</strong></span> <span class='ocrx_word' id='word_1_631' title='bbox 502 4680 749 4749; x_wconf 75' lang='grc' dir='ltr'>θορύϐων</span> <span class='ocrx_word' id='word_1_632' title='bbox 809 4679 1093 4748; x_wconf 81' lang='grc' dir='ltr'>κοσμικὼν</span> <span class='ocrx_word' id='word_1_633' title='bbox 1117 4679 1151 4741; x_wconf 84' lang='grc' dir='ltr'>ἢ</span> <span class='ocrx_word' id='word_1_634' title='bbox 1186 4680 1279 4730; x_wconf 80' lang='grc' dir='ltr'>καὶ</span> <span class='ocrx_word' id='word_1_635' title='bbox 1313 4679 1506 4747; x_wconf 78' lang='grc' dir='ltr'>ἐρίδων</span> <span class='ocrx_word' id='word_1_636' title='bbox 1535 4676 1800 4745; x_wconf 79' lang='grc' dir='ltr'>ἀνεχομέ-</span> 
     </span>
    </p>
   </div>
   <div class='ocr_carea' id='block_1_92' title="bbox 226 4770 1802 4843">
    <p class='ocr_par' dir='ltr' id='par_1_92' title="bbox 226 4770 1802 4843">
     <span class='ocr_line' id='line_1_92' title="bbox 226 4770 1802 4843; baseline -0.005 -15"><span class='ocrx_word' id='word_1_637' title='bbox 226 4796 365 4839; x_wconf 86' lang='grc' dir='ltr'>νους,</span> <span class='ocrx_word' id='word_1_638' title='bbox 402 4777 499 4829; x_wconf 77' lang='grc' dir='ltr'><strong>καὶ</strong></span> <span class='ocrx_word' id='word_1_639' title='bbox 526 4776 724 4828; x_wconf 79' lang='grc' dir='ltr'>οὐσιῶν</span> <span class='ocrx_word' id='word_1_640' title='bbox 752 4774 1048 4843; x_wconf 81' lang='grc' dir='ltr'>ἀλλοτρίων</span> <span class='ocrx_word' id='word_1_641' title='bbox 1069 4775 1398 4839; x_wconf 76' lang='grc' dir='ltr'>διοικήσεσιν</span> <span class='ocrx_word' id='word_1_642' title='bbox 1418 4770 1802 4839; x_wconf 76' lang='grc' dir='ltr'>ἐγχειροῦντας</span> 
     </span>
    </p>
   </div>
   <div class='ocr_carea' id='block_1_93' title="bbox 223 4864 1800 4939">
    <p class='ocr_par' dir='ltr' id='par_1_93' title="bbox 223 4864 1800 4939">
     <span class='ocr_line' id='line_1_93' title="bbox 223 4864 1800 4939; baseline -0.006 -18"><span class='ocrx_word' id='word_1_643' title='bbox 223 4870 306 4922; x_wconf 70' lang='grc' dir='ltr'><strong>διὰ</strong></span> <span class='ocrx_word' id='word_1_644' title='bbox 339 4869 733 4939; x_wconf 69' lang='grc' dir='ltr'>φιλαργυρίαν.</span> <span class='ocrx_word' id='word_1_645' title='bbox 771 4869 993 4938; x_wconf 82' lang='grc' dir='ltr'>Ὢρισεν</span> <span class='ocrx_word' id='word_1_646' title='bbox 1021 4864 1114 4919; x_wconf 80' lang='grc' dir='ltr'><strong>οὖν</strong></span> <span class='ocrx_word' id='word_1_647' title='bbox 1154 4868 1187 4937; x_wconf 76' lang='grc' dir='ltr'><strong>η</strong></span> <span class='ocrx_word' id='word_1_648' title='bbox 1224 4866 1352 4933; x_wconf 86' lang='grc' dir='ltr'>ἁγία</span> <span class='ocrx_word' id='word_1_649' title='bbox 1384 4864 1619 4925; x_wconf 77' lang='grc' dir='ltr'>σύνοξος,</span> <span class='ocrx_word' id='word_1_650' title='bbox 1661 4864 1800 4930; x_wconf 86' lang='grc' dir='ltr'>μήτε</span> 
     </span>
    </p>
   </div>
   <div class='ocr_carea' id='block_1_94' title="bbox 224 4954 1800 5030">
    <p class='ocr_par' dir='ltr' id='par_1_94' title="bbox 224 4954 1800 5030">
     <span class='ocr_line' id='line_1_94' title="bbox 224 4954 1800 5030; baseline -0.005 -18"><span class='ocrx_word' id='word_1_651' title='bbox 224 4964 530 5014; x_wconf 78' lang='grc' dir='ltr'>ἐπίσκοπον</span> <span class='ocrx_word' id='word_1_652' title='bbox 572 4962 712 5029; x_wconf 85' lang='grc' dir='ltr'>μήτε</span> <span class='ocrx_word' id='word_1_653' title='bbox 756 4960 1018 5030; x_wconf 82' lang='grc' dir='ltr'>κληρικὸν</span> <span class='ocrx_word' id='word_1_654' title='bbox 1047 4960 1187 5029; x_wconf 85' lang='grc' dir='ltr'>μήτε</span> <span class='ocrx_word' id='word_1_655' title='bbox 1224 4957 1527 5025; x_wconf 79' lang='grc' dir='ltr'>μονάζοντα</span> <span class='ocrx_word' id='word_1_656' title='bbox 1559 4954 1800 5006; x_wconf 77' lang='grc' dir='ltr'>τοιοῦτόν</span> 
     </span>
    </p>
   </div>
   <div class='ocr_carea' id='block_1_95' title="bbox 220 5047 1797 5121">
    <p class='ocr_par' dir='ltr' id='par_1_95' title="bbox 220 5047 1797 5121">
     <span class='ocr_line' id='line_1_95' title="bbox 220 5047 1797 5121; baseline -0.004 -17"><span class='ocrx_word' id='word_1_657' title='bbox 220 5070 269 5103; x_wconf 85' lang='grc' dir='ltr'><strong>τι</strong></span> <span class='ocrx_word' id='word_1_658' title='bbox 299 5054 501 5112; x_wconf 79' lang='grc' dir='ltr'>ποιεῖν,</span> <span class='ocrx_word' id='word_1_659' title='bbox 536 5052 571 5121; x_wconf 81' lang='grc' dir='ltr'>ἢ</span> <span class='ocrx_word' id='word_1_660' title='bbox 608 5052 767 5120; x_wconf 82' lang='grc' dir='ltr'>μόνον</span> <span class='ocrx_word' id='word_1_661' title='bbox 796 5051 1097 5119; x_wconf 74' lang='grc' dir='ltr'>ἐπίτροπον</span> <span class='ocrx_word' id='word_1_662' title='bbox 1125 5049 1369 5117; x_wconf 86' lang='grc' dir='ltr'>γίνεσθαι</span> <span class='ocrx_word' id='word_1_663' title='bbox 1415 5047 1621 5099; x_wconf 77' lang='grc' dir='ltr'>παίδων</span> <span class='ocrx_word' id='word_1_664' title='bbox 1653 5047 1797 5114; x_wconf 81' lang='grc' dir='ltr'>ἀφη-</span> 
     </span>
    </p>
   </div>
   <div class='ocr_carea' id='block_1_96' title="bbox 220 5139 1795 5215">
    <p class='ocr_par' dir='ltr' id='par_1_96' title="bbox 220 5139 1795 5215">
     <span class='ocr_line' id='line_1_96' title="bbox 220 5139 1795 5215; baseline -0.003 -19"><span class='ocrx_word' id='word_1_665' title='bbox 220 5146 410 5208; x_wconf 81' lang='grc' dir='ltr'>λίκων,</span> <span class='ocrx_word' id='word_1_666' title='bbox 435 5146 523 5199; x_wconf 75' lang='grc' dir='ltr'>διὰ</span> <span class='ocrx_word' id='word_1_667' title='bbox 548 5145 647 5215; x_wconf 84' lang='grc' dir='ltr'><strong>μὲν</strong></span> <span class='ocrx_word' id='word_1_668' title='bbox 668 5146 774 5212; x_wconf 80' lang='grc' dir='ltr'>’τῆς</span> <span class='ocrx_word' id='word_1_669' title='bbox 810 5146 1111 5215; x_wconf 78' lang='grc' dir='ltr'>ἐπιτροπῆς</span> <span class='ocrx_word' id='word_1_670' title='bbox 1133 5144 1239 5195; x_wconf 83' lang='grc' dir='ltr'><strong>τῶν</strong></span> <span class='ocrx_word' id='word_1_671' title='bbox 1257 5143 1476 5210; x_wconf 74' lang='grc' dir='ltr'>ἀνήϐων</span> <span class='ocrx_word' id='word_1_672' title='bbox 1495 5139 1795 5210; x_wconf 77' lang='grc' dir='ltr'>μνησθεῖσα</span> 
     </span>
    </p>
   </div>
   <div class='ocr_carea' id='block_1_97' title="bbox 221 5232 1795 5306">
    <p class='ocr_par' dir='ltr' id='par_1_97' title="bbox 221 5232 1795 5306">
     <span class='ocr_line' id='line_1_97' title="bbox 221 5232 1795 5306; baseline -0.004 -18"><span class='ocrx_word' id='word_1_673' title='bbox 221 5238 455 5304; x_wconf 75' lang='grc' dir='ltr'>(τούτοις</span> <span class='ocrx_word' id='word_1_674' title='bbox 488 5238 598 5306; x_wconf 82' lang='grc' dir='ltr'><strong>γὰρ</strong></span> <span class='ocrx_word' id='word_1_675' title='bbox 627 5238 915 5305; x_wconf 73' lang='grc' dir='ltr'>ἐπίτροποι</span> <span class='ocrx_word' id='word_1_676' title='bbox 952 5235 1229 5301; x_wconf 79' lang='grc' dir='ltr'>δίδονται.)</span> <span class='ocrx_word' id='word_1_677' title='bbox 1253 5252 1265 5265; x_wconf 88' lang='grc'><strong>·</strong></span> <span class='ocrx_word' id='word_1_678' title='bbox 1287 5235 1373 5286; x_wconf 73' lang='grc' dir='ltr'><strong>διὰ</strong></span> <span class='ocrx_word' id='word_1_679' title='bbox 1412 5234 1467 5286; x_wconf 75' lang='grc' dir='ltr'>δὲ</span> <span class='ocrx_word' id='word_1_680' title='bbox 1494 5232 1585 5285; x_wconf 75' lang='grc' dir='ltr'>τοῦ</span> <span class='ocrx_word' id='word_1_681' title='bbox 1621 5233 1795 5282; x_wconf 73' lang='grc' dir='ltr'>εἰπεῖν</span> 
     </span>
    </p>
   </div>
   <div class='ocr_carea' id='block_1_98' title="bbox 217 5323 1794 5400">
    <p class='ocr_par' dir='ltr' id='par_1_98' title="bbox 217 5323 1794 5400">
     <span class='ocr_line' id='line_1_98' title="bbox 217 5323 1794 5400; baseline -0.006 -18"><span class='ocrx_word' id='word_1_682' title='bbox 217 5329 502 5396; x_wconf 62' lang='grc' dir='ltr'>ἀφηλίκων</span> <span class='ocrx_word' id='word_1_683' title='bbox 535 5332 940 5400; x_wconf 79' lang='grc' dir='ltr'>κουρατωρείας</span> <span class='ocrx_word' id='word_1_684' title='bbox 973 5329 1399 5399; x_wconf 84' lang='grc' dir='ltr'>μνημονεύσασα</span> <span class='ocrx_word' id='word_1_685' title='bbox 1425 5344 1437 5357; x_wconf 72' lang='grc' dir='ltr'><strong>ο</strong></span> <span class='ocrx_word' id='word_1_686' title='bbox 1467 5326 1659 5394; x_wconf 76' lang='grc' dir='ltr'>ἄνηϐοι</span> <span class='ocrx_word' id='word_1_687' title='bbox 1696 5323 1794 5391; x_wconf 83' lang='grc' dir='ltr'><strong>μὲν</strong></span> 
     </span>
    </p>
   </div>
   <div class='ocr_carea' id='block_1_99' title="bbox 217 5414 1793 5490">
    <p class='ocr_par' dir='ltr' id='par_1_99' title="bbox 217 5414 1793 5490">
     <span class='ocr_line' id='line_1_99' title="bbox 217 5414 1793 5490; baseline 0.003 -19"><span class='ocrx_word' id='word_1_688' title='bbox 217 5421 325 5489; x_wconf 75' lang='grc' dir='ltr'>γὰρ</span> <span class='ocrx_word' id='word_1_689' title='bbox 359 5423 498 5473; x_wconf 85' lang='grc' dir='ltr'>εἰσιν</span> <span class='ocrx_word' id='word_1_690' title='bbox 527 5421 577 5473; x_wconf 84' lang='grc' dir='ltr'><strong>οί</strong></span> <span class='ocrx_word' id='word_1_691' title='bbox 611 5421 835 5490; x_wconf 78' lang='grc' dir='ltr'>ἥττονες</span> <span class='ocrx_word' id='word_1_692' title='bbox 861 5421 965 5473; x_wconf 80' lang='grc' dir='ltr'><strong>τῶν</strong></span> <span class='ocrx_word' id='word_1_693' title='bbox 1018 5420 1076 5473; x_wconf 87' lang='grc' dir='ltr'>ιδ’</span> <span class='ocrx_word' id='word_1_694' title='bbox 1111 5419 1247 5473; x_wconf 81' lang='grc' dir='ltr'>ἐτῶν</span> <span class='ocrx_word' id='word_1_695' title='bbox 1274 5419 1408 5488; x_wconf 64' lang='lat'><strong>(9‘2),</strong></span> <span class='ocrx_word' id='word_1_696' title='bbox 1436 5418 1701 5485; x_wconf 70' lang='grc' dir='ltr'>ἀφὴλικες</span> <span class='ocrx_word' id='word_1_697' title='bbox 1735 5414 1793 5464; x_wconf 71' lang='grc' dir='ltr'>δὲ</span> 
     </span>
    </p>
   </div>
   <div class='ocr_carea' id='block_1_100' title="bbox 1902 4664 3461 4734">
    <p class='ocr_par' dir='ltr' id='par_1_100' title="bbox 1902 4664 3461 4734">
     <span class='ocr_line' id='line_1_100' title="bbox 1902 4664 3461 4734; baseline -0.01 -4"><span class='ocrx_word' id='word_1_698' title='bbox 1902 4675 2038 4730; x_wconf 88' lang='lat' dir='ltr'><strong>Sunt</strong></span> <span class='ocrx_word' id='word_1_699' title='bbox 2064 4688 2192 4725; x_wconf 84' lang='lat' dir='ltr'><strong>vero</strong></span> <span class='ocrx_word' id='word_1_700' title='bbox 2223 4670 2604 4729; x_wconf 86' lang='lat' dir='ltr'><strong>conductores,</strong></span> <span class='ocrx_word' id='word_1_701' title='bbox 2635 4667 2723 4734; x_wconf 74' lang='lat' dir='ltr'><strong>qui</strong></span> <span class='ocrx_word' id='word_1_702' title='bbox 2759 4682 2853 4734; x_wconf 88' lang='lat' dir='ltr'><strong>spe</strong></span> <span class='ocrx_word' id='word_1_703' title='bbox 2906 4664 3043 4717; x_wconf 86' lang='lat' dir='ltr'><strong>lucri</strong></span> <span class='ocrx_word' id='word_1_704' title='bbox 3089 4665 3267 4718; x_wconf 86' lang='lat' dir='ltr'><strong>aliena</strong></span> <span class='ocrx_word' id='word_1_705' title='bbox 3298 4679 3461 4734; x_wconf 86' lang='lat' dir='ltr'><strong>opera</strong></span> 
     </span>
    </p>
   </div>
   <div class='ocr_carea' id='block_1_101' title="bbox 1898 4754 3463 4830">
    <p class='ocr_par' dir='ltr' id='par_1_101' title="bbox 1898 4754 3463 4830">
     <span class='ocr_line' id='line_1_101' title="bbox 1898 4754 3463 4830; baseline -0.011 -9"><span class='ocrx_word' id='word_1_706' title='bbox 1898 4769 1980 4821; x_wconf 85' lang='lat' dir='ltr'><strong>vel</strong></span> <span class='ocrx_word' id='word_1_707' title='bbox 2010 4766 2226 4830; x_wconf 73' lang='lat' dir='ltr'><strong>negotia</strong></span> <span class='ocrx_word' id='word_1_708' title='bbox 2268 4771 2525 4821; x_wconf 80' lang='lat' dir='ltr'><strong>tractant,</strong></span> <span class='ocrx_word' id='word_1_709' title='bbox 2562 4775 2729 4826; x_wconf 80' lang='lat' dir='ltr'><strong>seque</strong></span> <span class='ocrx_word' id='word_1_710' title='bbox 2783 4756 3008 4824; x_wconf 81' lang='lat' dir='ltr'><strong>proinde</strong></span> <span class='ocrx_word' id='word_1_711' title='bbox 3069 4754 3214 4808; x_wconf 84' lang='lat' dir='ltr'><strong>curis</strong></span> <span class='ocrx_word' id='word_1_712' title='bbox 3276 4756 3463 4807; x_wconf 86' lang='lat' dir='ltr'><strong>huma-</strong></span> 
     </span>
    </p>
   </div>
   <div class='ocr_carea' id='block_1_102' title="bbox 1898 4849 3464 4924">
    <p class='ocr_par' dir='ltr' id='par_1_102' title="bbox 1898 4849 3464 4924">
     <span class='ocr_line' id='line_1_102' title="bbox 1898 4849 3464 4924; baseline -0.01 -11"><span class='ocrx_word' id='word_1_713' title='bbox 1898 4874 2088 4913; x_wconf 83' lang='lat' dir='ltr'><strong>narum</strong></span> <span class='ocrx_word' id='word_1_714' title='bbox 2146 4872 2323 4910; x_wconf 82' lang='lat' dir='ltr'><strong>rerum</strong></span> <span class='ocrx_word' id='word_1_715' title='bbox 2381 4852 3063 4924; x_wconf 83' lang='lat' dir='ltr'><strong>perturbatiunibusqtte,-</strong></span> <span class='ocrx_word' id='word_1_716' title='bbox 3106 4855 3270 4917; x_wconf 80' lang='lat' dir='ltr'><strong>atque</strong></span> <span class='ocrx_word' id='word_1_717' title='bbox 3328 4849 3464 4900; x_wconf 84' lang='lat' dir='ltr'><strong>adeo</strong></span> 
     </span>
    </p>
   </div>
   <div class='ocr_carea' id='block_1_103' title="bbox 1899 4943 3462 5012">
    <p class='ocr_par' dir='ltr' id='par_1_103' title="bbox 1899 4943 3462 5012">
     <span class='ocr_line' id='line_1_103' title="bbox 1899 4943 3462 5012; baseline -0.009 -8"><span class='ocrx_word' id='word_1_718' title='bbox 1899 4948 2346 5004; x_wconf 84' lang='lat' dir='ltr'><strong>contentionibus</strong></span> <span class='ocrx_word' id='word_1_719' title='bbox 2409 4946 2800 5012; x_wconf 86' lang='lat' dir='ltr'><strong>ituplicantes,</strong></span> <span class='ocrx_word' id='word_1_720' title='bbox 2878 4943 3177 4993; x_wconf 85' lang='lat' dir='ltr'><strong>alienarum</strong></span> <span class='ocrx_word' id='word_1_721' title='bbox 3244 4954 3462 5007; x_wconf 78' lang='lat' dir='ltr'><strong>quoque</strong></span> 
     </span>
    </p>
   </div>
   <div class='ocr_carea' id='block_1_104' title="bbox 1903 5032 3465 5111">
    <p class='ocr_par' dir='ltr' id='par_1_104' title="bbox 1903 5032 3465 5111">
     <span class='ocr_line' id='line_1_104' title="bbox 1903 5032 3465 5111; baseline -0.008 -18"><span class='ocrx_word' id='word_1_722' title='bbox 1903 5042 2310 5111; x_wconf 83' lang='lat' dir='ltr'><strong>possessionum</strong></span> <span class='ocrx_word' id='word_1_723' title='bbox 2374 5034 2933 5093; x_wconf 77' lang='lat' dir='ltr'><strong>administratimtem,</strong></span> <span class='ocrx_word' id='word_1_724' title='bbox 2999 5033 3116 5084; x_wconf 84' lang='lat' dir='ltr'><strong>auri</strong></span> <span class='ocrx_word' id='word_1_725' title='bbox 3172 5032 3465 5098; x_wconf 83' lang='lat' dir='ltr'><strong>cupiditate</strong></span> 
     </span>
    </p>
   </div>
   <div class='ocr_carea' id='block_1_105' title="bbox 1904 5121 3463 5195">
    <p class='ocr_par' dir='ltr' id='par_1_105' title="bbox 1904 5121 3463 5195">
     <span class='ocr_line' id='line_1_105' title="bbox 1904 5121 3463 5195; baseline -0.008 -11"><span class='ocrx_word' id='word_1_726' title='bbox 1904 5133 2090 5195; x_wconf 86' lang='lat' dir='ltr'><strong>illecti,</strong></span> <span class='ocrx_word' id='word_1_727' title='bbox 2126 5130 2403 5195; x_wconf 82' lang='lat' dir='ltr'><strong>suscipere</strong></span> <span class='ocrx_word' id='word_1_728' title='bbox 2430 5141 2537 5179; x_wconf 90' lang='lat' dir='ltr'><strong>non</strong></span> <span class='ocrx_word' id='word_1_729' title='bbox 2571 5134 2850 5177; x_wconf 88' lang='lat' dir='ltr'><strong>recusant.</strong></span> <span class='ocrx_word' id='word_1_730' title='bbox 2885 5122 2961 5175; x_wconf 84' lang='lat' dir='ltr'><strong>Ne</strong></span> <span class='ocrx_word' id='word_1_731' title='bbox 3004 5122 3131 5189; x_wconf 85' lang='lat' dir='ltr'><strong>quid</strong></span> <span class='ocrx_word' id='word_1_732' title='bbox 3188 5136 3315 5188; x_wconf 75' lang='lat' dir='ltr'><strong>ergo</strong></span> <span class='ocrx_word' id='word_1_733' title='bbox 3362 5121 3463 5174; x_wconf 87' lang='lat' dir='ltr'><strong>hn-</strong></span> 
     </span>
    </p>
   </div>
   <div class='ocr_carea' id='block_1_106' title="bbox 1896 5214 3465 5293">
    <p class='ocr_par' dir='ltr' id='par_1_106' title="bbox 1896 5214 3465 5293">
     <span class='ocr_line' id='line_1_106' title="bbox 1896 5214 3465 5293; baseline -0.011 -15"><span class='ocrx_word' id='word_1_734' title='bbox 1896 5224 2133 5293; x_wconf 84' lang='lat' dir='ltr'><strong>jusmodi</strong></span> <span class='ocrx_word' id='word_1_735' title='bbox 2193 5224 2250 5274; x_wconf 88' lang='lat' dir='ltr'><strong>in‘</strong></span> <span class='ocrx_word' id='word_1_736' title='bbox 2293 5231 2568 5288; x_wconf 76' lang='lat' dir='ltr'><strong>posterum</strong></span> <span class='ocrx_word' id='word_1_737' title='bbox 2632 5217 2892 5285; x_wconf 85' lang='lat' dir='ltr'><strong>episcopo</strong></span> <span class='ocrx_word' id='word_1_738' title='bbox 2949 5223 3042 5266; x_wconf 85' lang='lat' dir='ltr'><strong>aut</strong></span> <span class='ocrx_word' id='word_1_739' title='bbox 3106 5214 3309 5267; x_wconf 89' lang='lat' dir='ltr'><strong>clerico</strong></span> <span class='ocrx_word' id='word_1_740' title='bbox 3370 5227 3465 5264; x_wconf 76' lang='lat' dir='ltr'><strong>aut</strong></span> 
     </span>
    </p>
   </div>
   <div class='ocr_carea' id='block_1_107' title="bbox 1902 5309 3462 5377">
    <p class='ocr_par' dir='ltr' id='par_1_107' title="bbox 1902 5309 3462 5377">
     <span class='ocr_line' id='line_1_107' title="bbox 1902 5309 3462 5377; baseline -0.01 -7"><span class='ocrx_word' id='word_1_741' title='bbox 1902 5320 2167 5370; x_wconf 82' lang='lat' dir='ltr'><strong>monacho</strong></span> <span class='ocrx_word' id='word_1_742' title='bbox 2205 5314 2382 5377; x_wconf 89' lang='lat' dir='ltr'><strong>liceat,</strong></span> <span class='ocrx_word' id='word_1_743' title='bbox 2417 5310 2521 5364; x_wconf 86' lang='lat' dir='ltr'><strong>nisi</strong></span> <span class='ocrx_word' id='word_1_744' title='bbox 2548 5310 2592 5363; x_wconf 89' lang='lat' dir='ltr'><strong>si</strong></span> <span class='ocrx_word' id='word_1_745' title='bbox 2656 5321 2835 5363; x_wconf 84' lang='lat' dir='ltr'><strong>tamen</strong></span> <span class='ocrx_word' id='word_1_746' title='bbox 2897 5309 3166 5361; x_wconf 88' lang='lat' dir='ltr'><strong>minorum</strong></span> <span class='ocrx_word' id='word_1_747' title='bbox 3204 5321 3462 5371; x_wconf 87' lang='lat' dir='ltr'><strong>quorum-</strong></span> 
     </span>
    </p>
   </div>
   <div class='ocr_carea' id='block_1_108' title="bbox 1902 5396 3461 5470">
    <p class='ocr_par' dir='ltr' id='par_1_108' title="bbox 1902 5396 3461 5470">
     <span class='ocr_line' id='line_1_108' title="bbox 1902 5396 3461 5470; baseline -0.008 -10"><span class='ocrx_word' id='word_1_748' title='bbox 1902 5408 2023 5460; x_wconf 85' lang='lat' dir='ltr'><strong>dam</strong></span> <span class='ocrx_word' id='word_1_749' title='bbox 2059 5406 2227 5457; x_wconf 87' lang='lat' dir='ltr'><strong>tutela</strong></span> <span class='ocrx_word' id='word_1_750' title='bbox 2275 5400 2616 5470; x_wconf 83' lang='lat' dir='ltr'><strong>suscipienda</strong></span> <span class='ocrx_word' id='word_1_751' title='bbox 2663 5402 2757 5465; x_wconf 84' lang='lat' dir='ltr'><strong>sit,</strong></span> <span class='ocrx_word' id='word_1_752' title='bbox 2817 5401 2919 5453; x_wconf 87' lang='lat' dir='ltr'><strong>hoc</strong></span> <span class='ocrx_word' id='word_1_753' title='bbox 2947 5413 3154 5451; x_wconf 86' lang='lat' dir='ltr'><strong>canone</strong></span> <span class='ocrx_word' id='word_1_754' title='bbox 3210 5396 3461 5450; x_wconf 83' lang='lat' dir='ltr'><strong>decerni-</strong></span> 
     </span>
    </p>
   </div>
   <div class='ocr_carea' id='block_1_109' title="bbox 1474 5589 2244 5666">
    <p class='ocr_par' dir='ltr' id='par_1_109' title="bbox 1474 5589 2244 5666">
     <span class='ocr_line' id='line_1_109' title="bbox 1474 5589 2244 5666; baseline -0.013 -11"><span class='ocrx_word' id='word_1_755' title='bbox 1474 5592 1675 5655; x_wconf 86' lang='lat' dir='ltr'><strong>Guill.-</strong></span> <span class='ocrx_word' id='word_1_756' title='bbox 1698 5589 2019 5666; x_wconf 82' lang='lat' dir='ltr'><strong>Beveregii</strong></span> <span class='ocrx_word' id='word_1_757' title='bbox 2055 5594 2244 5647; x_wconf 71' lang='lat' dir='ltr'><strong>notte.</strong></span> 
     </span>
    </p>
   </div>
   <div class='ocr_carea' id='block_1_110' title="bbox 288 5737 1785 5811">
    <p class='ocr_par' dir='ltr' id='par_1_110' title="bbox 288 5737 1785 5811">
     <span class='ocr_line' id='line_1_110' title="bbox 288 5737 1785 5811; baseline -0.012 -4"><span class='ocrx_word' id='word_1_758' title='bbox 288 5742 510 5811; x_wconf 66' lang='lat'><strong>(99-)01</strong></span> <span class='ocrx_word' id='word_1_759' title='bbox 561 5742 811 5808; x_wconf 80' lang='grc' dir='ltr'>ἣττονες</span> <span class='ocrx_word' id='word_1_760' title='bbox 878 5741 954 5796; x_wconf 84' lang='grc' dir='ltr'>ιδ’</span> <span class='ocrx_word' id='word_1_761' title='bbox 1004 5743 1173 5796; x_wconf 78' lang='grc' dir='ltr'>ἐτῶν.</span> <span class='ocrx_word' id='word_1_762' title='bbox 1231 5739 1345 5795; x_wconf 86' lang='lat' dir='ltr'><strong>lloc</strong></span> <span class='ocrx_word' id='word_1_763' title='bbox 1406 5740 1472 5793; x_wconf 87' lang='lat' dir='ltr'><strong>de</strong></span> <span class='ocrx_word' id='word_1_764' title='bbox 1533 5737 1785 5791; x_wconf 83' lang='lat' dir='ltr'><strong>masculis</strong></span> 
     </span>
    </p>
   </div>
   <div class='ocr_carea' id='block_1_111' title="bbox 219 5814 1783 5882">
    <p class='ocr_par' dir='ltr' id='par_1_111' title="bbox 219 5814 1783 5882">
     <span class='ocr_line' id='line_1_111' title="bbox 219 5814 1783 5882; baseline -0.003 -17"><span class='ocrx_word' id='word_1_765' title='bbox 219 5816 375 5873; x_wconf 69' lang='lat' dir='ltr'><strong>soizs,</strong></span> <span class='ocrx_word' id='word_1_766' title='bbox 436 5830 535 5867; x_wconf 88' lang='lat' dir='ltr'><strong>non</strong></span> <span class='ocrx_word' id='word_1_767' title='bbox 583 5816 819 5876; x_wconf 73' lang='lat' dir='ltr'><strong>feminis,</strong></span> <span class='ocrx_word' id='word_1_768' title='bbox 854 5814 1261 5882; x_wconf 81' lang='lat' dir='ltr'><strong>intelligendum</strong></span> <span class='ocrx_word' id='word_1_769' title='bbox 1300 5821 1404 5871; x_wconf 59' lang='lat' dir='ltr'><strong>est,</strong></span> <span class='ocrx_word' id='word_1_770' title='bbox 1439 5825 1493 5861; x_wconf 83' lang='grc' dir='ltr'><strong>ιιι</strong></span> <span class='ocrx_word' id='word_1_771' title='bbox 1559 5824 1620 5858; x_wconf 74' lang='lat' dir='ltr'><strong>ex</strong></span> <span class='ocrx_word' id='word_1_772' title='bbox 1662 5820 1783 5857; x_wconf 71' lang='lat' dir='ltr'><strong>ante</strong></span> 
     </span>
    </p>
   </div>
   <div class='ocr_carea' id='block_1_112' title="bbox 550 5908 1379 5970">
    <p class='ocr_par' dir='ltr' id='par_1_112' title="bbox 550 5908 1379 5970">
     <span class='ocr_line' id='line_1_112' title="bbox 550 5908 1379 5970; baseline -0.006 0"><span class='ocrx_word' id='word_1_773' title='bbox 550 5911 817 5970; x_wconf 74' lang='grc' dir='ltr'>ΡΑτιιοι.</span> <span class='ocrx_word' id='word_1_774' title='bbox 868 5911 983 5969; x_wconf 78' lang='lat' dir='ltr'><strong>Gs.</strong></span> <span class='ocrx_word' id='word_1_775' title='bbox 1020 5908 1183 5969; x_wconf 69' lang='lat' dir='ltr'><strong>CXX</strong></span> <span class='ocrx_word' id='word_1_776' title='bbox 1201 5909 1239 5965; x_wconf 72' lang='grc' dir='ltr'><strong>ῖς</strong></span> <span class='ocrx_word' id='word_1_777' title='bbox 1258 5910 1294 5963; x_wconf 77' lang='lat'><strong><em>\‘</em></strong></span> <span class='ocrx_word' id='word_1_778' title='bbox 1312 5910 1379 5966; x_wconf 83' lang='lat' dir='ltr'><strong>ll.</strong></span> 
     </span>
    </p>
   </div>
   <div class='ocr_carea' id='block_1_113' title="bbox 1896 5729 3455 5798">
    <p class='ocr_par' dir='ltr' id='par_1_113' title="bbox 1896 5729 3455 5798">
     <span class='ocr_line' id='line_1_113' title="bbox 1896 5729 3455 5798; baseline -0.004 -12"><span class='ocrx_word' id='word_1_779' title='bbox 1896 5734 2053 5786; x_wconf 84' lang='lat' dir='ltr'><strong>dictis</strong></span> <span class='ocrx_word' id='word_1_780' title='bbox 2098 5741 2330 5787; x_wconf 84' lang='lat' dir='ltr'><strong>constat.</strong></span> <span class='ocrx_word' id='word_1_781' title='bbox 2391 5731 2492 5785; x_wconf 86' lang='lat' dir='ltr'><strong>llic</strong></span> <span class='ocrx_word' id='word_1_782' title='bbox 2541 5740 2720 5784; x_wconf 87' lang='lat' dir='ltr'><strong>autem</strong></span> <span class='ocrx_word' id='word_1_783' title='bbox 2755 5731 3031 5783; x_wconf 74' lang='lat' dir='ltr'><strong>observari</strong></span> <span class='ocrx_word' id='word_1_784' title='bbox 3079 5729 3239 5798; x_wconf 79' lang='lat' dir='ltr'><strong>digna</strong></span> <span class='ocrx_word' id='word_1_785' title='bbox 3268 5742 3352 5785; x_wconf 88' lang='lat' dir='ltr'><strong>est</strong></span> <span class='ocrx_word' id='word_1_786' title='bbox 3381 5730 3455 5781; x_wconf 72' lang='lat' dir='ltr'><strong>di-</strong></span> 
     </span>
    </p>
   </div>
   <div class='ocr_carea' id='block_1_114' title="bbox 1897 5801 3455 5872">
    <p class='ocr_par' dir='ltr' id='par_1_114' title="bbox 1897 5801 3455 5872">
     <span class='ocr_line' id='line_1_114' title="bbox 1897 5801 3455 5872; baseline -0.002 -15"><span class='ocrx_word' id='word_1_787' title='bbox 1897 5806 2111 5858; x_wconf 84' lang='lat' dir='ltr'><strong>stinclio</strong></span> <span class='ocrx_word' id='word_1_788' title='bbox 2163 5806 2306 5857; x_wconf 82' lang='lat' dir='ltr'><strong>inter</strong></span> <span class='ocrx_word' id='word_1_789' title='bbox 2369 5801 2619 5870; x_wconf 80' lang='grc' dir='ltr'>ἀνήϐους</span> <span class='ocrx_word' id='word_1_790' title='bbox 2672 5803 2982 5869; x_wconf 78' lang='lat' dir='ltr'><strong>impuberes,</strong></span> <span class='ocrx_word' id='word_1_791' title='bbox 3048 5814 3100 5854; x_wconf 76' lang='lat' dir='ltr'><strong>et</strong></span> <span class='ocrx_word' id='word_1_792' title='bbox 3162 5802 3455 5872; x_wconf 73' lang='grc' dir='ltr'>ἁφήλικας,</span> 
     </span>
    </p>
   </div>
   <div class='ocr_carea' id='block_1_115' title="bbox 3066 5903 3138 5962">
    <p class='ocr_par' dir='ltr' id='par_1_115' title="bbox 3066 5903 3138 5962">
     <span class='ocr_line' id='line_1_115' title="bbox 3066 5903 3138 5962; baseline -0.014 0"><span class='ocrx_word' id='word_1_793' title='bbox 3066 5903 3138 5962; x_wconf 93' lang='grc'><strong>13</strong></span> 
     </span>
    </p>
   </div>
  </div>
