3940 6480
190 362 277 425 illi

192 471 448 541 κριμένως
498 472 532 541 ἢ
570 476 677 528 τινὶ
722 478 891 549 κακία
949 481 1259 550 ὲπιμίκτως
1309 488 1462 555 μετιό

194 563 474 631 μοναδικὴν
526 567 803 624 πολιτείαν
829 575 862 644 ή
894 576 1025 641 ἁγία
1058 577 1275 642 σύνοδος
1306 580 1507 652 ἔκρινε.
1541 584 1678 640 Τοὺς
1700 585 1755 638 δὲ

193 658 253 727 τῷ
275 659 546 730 μοναδικῷ
582 665 824 732 σχήματι
885 670 1266 739 κεχρημένους
1293 673 1368 735 ὡς
1420 677 1478 727 ὲν
1509 678 1752 748 προσχή-

195 767 335 815 ματι,
366 751 490 804 ἀντὶ
526 752 620 805 τοῦ
651 755 721 808 δι’
755 757 1018 826 ἐπίδειξιν
1045 763 1205 829 μόνον
1233 767 1313 828 είς
1338 766 1553 837 δέλεαρ,
1612 768 1753 821 ὥστε

187 842 243 892 δι’
272 841 439 896 αὐτοῦ
478 847 604 909 τοὺς
632 848 954 917 ἀνθρώπους
994 851 1236 927 ἀπατᾷν,
1289 857 1379 910 ἵνα
1404 860 1479 921 ὡς
1503 860 1564 913 τὸ
1597 861 1752 930 ἅγιον

190 934 359 1003 σχῆμα
392 937 759 1007 ἠμφιεσμένοι
788 943 1082 1012 τιμῶνται,
1110 951 1210 1009 τὰς
1231 950 1530 1018 ἐκκλησίας
1567 955 1755 1008 ὑπεισ-

186 1029 431 1096 δὺοντας,
486 1034 581 1083 καὶ
629 1034 900 1090 διδάσκειν
946 1039 1076 1098 ἴσως
1124 1044 1559 1114 ἐπιχειροῦντας,
1613 1049 1646 1119 ἦ
1701 1069 1751 1102 τι

186 1121 355 1189 ἕτερον
431 1124 890 1192 ἐκκλησιαστικὸν
940 1133 1206 1202 ἐνεργεῖν,
1282 1139 1372 1190 καὶ
1410 1140 1490 1199 είς
1541 1141 1609 1193 τὰ
1654 1142 1753 1211 τῆς

188 1213 377 1275 πόλεως
403 1218 711 1287 πράγματα
728 1222 956 1286 ἑαυτοὺς
995 1227 1384 1295 είσωθοῦντας,
1409 1232 1502 1284 καὶ
1527 1232 1751 1287 διοικεῖν

187 1307 342 1360 ταῦτα
366 1308 646 1375 θέλοντας,
667 1315 761 1365 καὶ
779 1313 922 1369 οὕτω
942 1320 1319 1387 ταράσσοντας
1340 1323 1438 1386 τάς
1459 1325 1752 1394 ἐκκλησίας

188 1418 237 1450 τε
272 1399 360 1451 καὶ
381 1401 483 1464 τὰς
520 1404 818 1469 πολιτείας,
840 1400 955 1460 ὀὐκ
993 1410 1207 1479 ἀληθῶς
1244 1416 1509 1485 μοναχοὺς
1534 1417 1752 1482 ἡγεῖται

190 1495 217 1556 ἠ
246 1493 475 1554 σύνοδος.
504 1497 774 1562 Καθάπαξ
819 1499 875 1551 δὲ
926 1505 1092 1557 παντὶ
1122 1506 1471 1573 ἀπηγόρευσε
1501 1511 1749 1581 μηδαμοῦ

191 1585 475 1654 οἰκοδομεῖν
518 1593 943 1665 μοναστήριονῆ
984 1595 1298 1666 εὐκτήριον,
1351 1600 1425 1670 μὴ
1483 1602 1541 1654 ὲν
1573 1604 1749 1665 πόλει,

195 1678 258 1744 μὴ
287 1680 335 1730 ὲν
365 1678 553 1750 κώμη,
586 1684 658 1750 μὴ
686 1684 744 1735 ὲν
774 1686 1022 1753 ἐρήμοις,
1045 1690 1137 1741 καὶ
1164 1691 1316 1760 ὄρεσι
1348 1695 1502 1759 παρὰ
1524 1696 1752 1766 γνώμην

193 1770 272 1822 τοῦ
295 1772 429 1824 κατὰ
490 1774 677 1844 χώραν
734 1778 1057 1841 ἐπισκόπου,
1096 1783 1340 1848 καὶτοὺς
1376 1790 1641 1857 μοναχοῦς
1675 1790 1752 1859 τῷ

1252 379 1330 439 tu
1372 389 1533 444 μω.
1570 383 1656 443 .tv
1695 373 1901 448 coNc.
1946 391 2310 455 CHALCED.

3338 404 3360 460 4
3372 405 3442 464 lli!

1472 506 1596 552 ντας
1650 491 1749 558 τὴν
1781 498 1821 550 Α
1854 504 2219 559 monasticum
2273 509 2394 561 vitae
2439 526 2606 578 genus
2657 513 2904 579 elegere,
2960 514 3027 570 iis
3063 514 3323 568 honorem
3370 536 3437 574 ex

1866 595 2058 645 merito
2095 597 2277 651 deberi
2330 608 2517 652 sancta
2561 603 2798 668 synodus
2831 605 3184 660 existimavit.
3220 607 3289 661 At
3318 609 3440 675 qui-

1864 704 2076 758 cunque
2122 691 2328 754 habitu,
2380 694 2430 746 in
2466 705 2806 762 praetextum.
2861 699 2915 752 id
2957 710 3060 764 est,
3097 700 3149 754 in
3194 711 3440 757 ostenta-

1864 781 2063 835 tionem
2119 783 2290 838 solum
2345 786 2410 839 ad
2459 787 2831 855 decipiendum
2887 801 3142 853 utuntur,
3182 803 3245 847 ut
3297 794 3440 849 illius

1862 874 2086 927 obtentu
2117 874 2328 932 facilius
2352 879 2597 934 homines
2627 880 2678 934 in
2714 879 2957 936 fraudem
2991 883 3253 949 alliciant,
3282 901 3346 939 ac
3383 888 3436 940 iu

1862 973 2048 1017 sancta
2096 978 2246 1021 veste
2296 968 2395 1035 ipsi
2442 970 2541 1024 sibi
2592 971 2851 1026 honorem
2902 987 3257 1045 aucupentur,
3315 995 3436 1032 cum

1864 1054 2064 1109 interea
2109 1070 2162 1110 et
2218 1061 2477 1114 ecclesias
2508 1061 2728 1127 obeant,
2759 1073 2813 1117 et
2859 1066 2909 1118 in
2949 1067 3014 1121 iis
3045 1068 3143 1122 sibi
3185 1068 3325 1123 forte
3357 1072 3436 1120 νυι

1861 1149 2088 1203 docendi
2124 1167 2340 1218 munus,
2372 1153 2454 1223 vel
2483 1155 2644 1208 aliam
2677 1157 3059 1213 ecclesiasticae
3094 1162 3451 1215 auctoritatis-

1861 1250 2069 1310 partem
2101 1257 2384 1313 usurpem,
2419 1246 2687 1316 iidemque
2714 1264 2774 1304 se
2813 1252 3037 1305 urbanis
3071 1255 3302 1321 negotiis
3339 1254 3445 1306 int~

1863 1334 2162 1401 misceant,
2205 1352 2376 1407 eaque
2423 1340 2803 1395 administrare
2848 1344 3035 1407 velint,
3086 1345 3439 1410 ecclesiamue

1860 1428 2031 1481 simul
2062 1445 2124 1483 ac
2171 1429 2407 1489 civitatis
2456 1441 2652 1486 statum
2711 1434 2939 1502 proinde
2987 1437 3323 1503 perturbent,
3371 1437 3438 1489 iis

1859 1538 1989 1576 vero
2013 1524 2265 1578 monachi
2294 1540 2489 1579 nomen
2522 1528 2812 1582 convenire
2838 1530 3073 1600 synodus
3098 1530 3238 1584 haud
3263 1540 3437 1597 putat.

1860 1614 1900 1668 A
1936 1617 2217 1671 monachis
2244 1632 2372 1672 vero
2402 1618 2813 1690 quibuscunque
2842 1623 3228 1676 monasterium
3258 1634 3440 1674 orato-

1863 1706 2090 1769 riumvc,
2124 1707 2237 1761 sive
2271 1708 2322 1761 in
2369 1710 2523 1774 urbe,
2556 1712 2673 1765 sive
2718 1712 2770 1765 in
2802 1713 3019 1780 oppido,
3047 1716 3161 1769 sive
3206 1715 3256 1767 in
3306 1716 3469 1768 locis.

1860 1795 2107 1860 desertis,
2140 1806 2231 1850 aut
2266 1800 2568 1865 montibus,
2616 1811 2711 1855 aut
2744 1802 2924 1857 ubivis
2968 1805 3219 1871 denique,
3270 1806 3439 1863 iavitn

198 1864 409 1932 ἑκάστης
451 1867 666 1930 πόλεως
719 1871 1003 1939 ὲπισκόπφ
1060 1875 1429 1948 ὑποτετάχθαι
1473 1882 1751 1948 ἐκέλευσε,

1866 1888 2125 1958 cujusque
2180 1891 2415 1958 regionis
2472 1893 2768 1961 episcopo,
2834 1896 3161 1949 exaediﬁcari
3220 1913 3442 1965 prorsus

198 1956 278 2006 ut
301 1958 593 2026 ἡσυχάζειν
624 1962 682 2012 ὲν
711 1958 792 2025 οἷς
826 1964 1168 2030 ἀπετάξαντο
1195 1970 1406 2032 τόποις,
1446 1973 1755 2043 ἐργαζομέ-

205 2068 309 2110 νους
330 2052 427 2112 τὰς
461 2052 687 2121 ἀρετὰς,
727 2057 821 2108 καὶ
854 2058 1194 2125 ἀμοὲκτους
1224 2061 1382 2124 ὄντας
1414 2068 1758 2136 πραγμάτων

206 2144 646 2213 ἐκκλησιαστικων
666 2149 801 2218 ὁμοῦ
820 2151 914 2204 καὶ
950 2152 1269 2216 πολιτικῶν,
1304 2157 1438 2224 μηδὲ
1481 2160 1755 2227 καταλιμ-

213 2236 379 2287 πάνειν
406 2238 470 2289 τὰ
491 2239 601 2293 ἴδια
638 2246 1003 2313 μοναστήρια,
1035 2247 1127 2299 καὶ
1162 2248 1761 2316 διοικήσεσικοινωνεῖν

219 2330 546 2396 πραγμάτων,
604 2334 653 2387 εί
704 2336 776 2405 μή
836 2340 1127 2407 πουδτῆς
1192 2342 1404 2405 πόλεως
1457 2344 1761 2411 ἐπίσκοπος

223 2420 469 2489 ἐπιτρέψει
530 2425 647 2477 τισὶ
712 2429 1060 2495 πραγμάτιον
1089 2434 1403 2501 οἰκονομίαν
1442 2436 1526 2487 διά
1570 2437 1759 2506 χρείαν

209 2512 505 2582 ἀναγκαίαν,
556 2518 749 2587 κρίνας
796 2522 927 2583 ἴσως
974 2524 1173 2587 αὐτοὺς
1236 2528 1576 2595 ἐπιτηδείους
1624 2532 1759 2601 πρὸς

204 2604 431 2675 τοιαύτην
474 2608 784 2677 διοίκησιν,
849 2613 943 2665 καὶ
993 2614 1215 2682 ἀπορῶν
1260 2617 1465 2686 ἐτέρων
1518 2620 1652 2690 πρὸς
1697 2621 1760 2674 τὸ

202 2699 407 2765 πρᾶγμα
436 2700 702 2755 τοιοῦ-ον.
728 2702 914 2757 Ταῦτα
964 2705 1059 2758 καὶ
1083 2707 1113 2776 ἡ
1142 2706 1359 2772 σύνοδος
1389 2711 1416 2778 ἡ
1451 2710 1508 2761 ὲν
1537 2711 1609 2780 τῷ
1644 2714 1761 2783 ναῷ

198 2788 287 2841 τῶν
320 2790 877 2858 ’ΔγίωνἋποστόλων
909 2799 1347 2869 συγκροτηθεῖσα
1377 2804 1433 2855 ὲν
1456 2803 1530 2873 τῷ
1556 2806 1759 2875 πρώτῳ

198 2884 355 2935 κανόνι
410 2884 814 2947 διακελεύεται,
876 2890 971 2942 καὶ
1004 2891 1031 2940 δ
1060 2892 1128 2956 ιζ’
1165 2888 1344 2946 κανὼν
1394 2899 1493 2963 τῆς
1526 2898 1760 2966 ἑϐδόμης

198 2974 417 3027 συνόδου.
487 2975 651 3045 Ἑξῆς
711 2978 767 3029 δὲ
825 2980 853 3031 ό
912 2982 1094 3032 κανὼν
1150 2977 1305 3047 οὗτος
1354 2986 1632 3055 οἰκονομεῖ
1683 2990 1757 3059 μὴ

197 3069 577 3138 προσδέχεσθαι
629 3069 851 3132 δούλους
888 3075 946 3125 ὲν
1002 3076 1355 3146 μοναστηρίῳ
1403 3081 1636 3147 μονάσαι
1670 3081 1757 3133 Οὲ-

1859 1991 2029 2045 vetat,
2085 1982 2422 2053 eosdemque
2475 1984 2828 2054 Singularium
2888 1985 3101 2040 urbium
3168 1987 3438 2055 episcopis

1858 2069 2135 2136 subjectos
2166 2088 2308 2138 esse,
2343 2084 2395 2128 et
2429 2076 2478 2129 itt
2514 2075 2580 2130 iis
2607 2076 2804 2144 quibus
2833 2077 3086 2131 destinati
3119 2088 3248 2132 sunt
3283 2078 3434 2134 locis.

1863 2164 2082 2217 silentio
2116 2164 2283 2217 vitam
2311 2179 2492 2234 agere,
2528 2166 2897 2237 virtutumque
2934 2169 3314 2224 exercitationi
3347 2186 3438 2220 νει-

1862 2267 2010 2318 care,
2037 2262 2294 2308 caeterum
2337 2272 2509 2325 neque
2558 2258 3055 2313 erelesiasticorum
3098 2275 3273 2329 neque
3307 2262 3469 2314 civi»

1862 2344 1991 2399 lium
2043 2349 2381 2417 negotiorum
2440 2358 2645 2417 partem
2705 2351 2866 2405 ullam
2923 2353 3192 2421 attingere
3235 2352 3386 2421 jubet
3421 2370 3467 2406 :.

1862 2453 2038 2506 nepte
2064 2455 2214 2503 vero,
2239 2449 2297 2493 ut
2334 2441 2495 2494 rebus
2522 2443 2773 2511 gerendis
2804 2458 3000 2497 vacare
3036 2443 3220 2505 liceat,
3250 2458 3440 2496 monao

1861 2529 2011 2581 sterii
2044 2528 2125 2581 sui
2161 2530 2448 2585 stationem
2486 2531 2830 2600 relinquant,
2883 2535 2984 2588 nisi
3026 2550 3084 2588 re
3131 2537 3438 2590 necessaria

1860 2629 2077 2675 coactus
2117 2623 2425 2693 episcopus,
2477 2624 2817 2694 aliorumque
2861 2626 3138 2681 hominum
3185 2628 3444 2682 facultate

1860 2714 2171 2778 destitutus,
2226 2718 2618 2771 monachorum
2675 2719 2872 2783 alicui,
2930 2721 3169 2788 probatae
3232 2722 3332 2775 sibi
3388 2721 3439 2775 iu

1858 2823 1923 2860 co
1950 2821 2145 2869 genere
2172 2807 2471 2869 industrire,
2497 2810 2693 2877 negotii
2723 2811 3155 2875 proouratiouem
3188 2812 3438 2866 commit-

1862 2899 2077 2951 tendam
2118 2914 2240 2954 esse
2272 2900 2686 2955 existimaverit.
2726 2900 2949 2964 Eadem,
2993 2903 3043 2954 in
3080 2903 3277 2969 templo
3307 2919 3441 2971 quo-

1860 3004 1965 3055 que
1987 3000 2304 3044 sanctorum
2358 2993 2728 3059 apostolorum
2760 2992 2938 3047 habita
2970 2995 3209 3064 synodus
3236 3010 3445 3049 canone

1858 3083 2058 3149 primo,
2107 3092 2162 3135 et
2200 3083 2405 3136 decimo
2455 3084 2683 3152 septimo
2732 3099 2942 3139 canene
2987 3086 3231 3154 synodus
3278 3097 3455 3139 sexta.

197 3162 377 3225 λἰντας,
415 3168 465 3214 εί
492 3164 568 3231 μὴ
599 3162 791 3235 γνώμη
823 3166 930 3217 τῶν
961 3166 1257 3230 δεσποτῶν,
1291 3171 1377 3223 ἵνα
1407 3172 1481 3240 μὴ
1504 3172 1565 3226 τὸ
1590 3173 1757 3241 ὄνομα

1866 3175 2129 3229 decernit.
2159 3174 2292 3228 lliuc
2319 3175 2387 3228 de
2415 3177 2587 3227 servis
2626 3176 2691 3228 ad
2723 3176 3079 3230 monasticam
3116 3177 3302 3239 vitam,
3337 3176 3441 3230 nisi

192 3256 269 3307 τοῦ
313 3256 566 3325 Χριστοῦ
626 3257 1036 3329 βλασφημῆται.
1115 3261 1177 3313 Εἰ
1224 3263 1333 3331 γὰρ
1391 3263 1618 3327 ἄκοντος
1665 3267 1759 3317 τοῦ

193 3349 440 3402 δεσπότου
473 3349 659 3413 δοῦλός
678 3368 821 3413 τινος
860 3356 1026 3423 καρῇ,
1058 3353 1195 3424 βαρὺ
1246 3355 1407 3409 τοῦτο
1436 3358 1706 3426 ἡγήσεται
1734 3361 1763 3411 ὁ

191 3443 358 3509 κύριος
383 3442 594 3505 αὐτοῦ,
622 3444 715 3497 καὶ
740 3444 1126 3514 βλασφημήσει
1166 3450 1303 3501 κατὰ
1330 3448 1423 3502 τοῦ
1454 3450 1609 3517 ἁγίου
1637 3454 1767 3521 σχὴο

194 3554 339 3601 ματος
368 3537 476 3589 καὶ
510 3537 621 3588 τῶν
650 3538 918 3606 μοναχῶνο
946 3541 976 3607 ἡ
1008 3540 1064 3593 δὲ
1096 3543 1220 3594 κατ’
1246 3542 1413 3595 αὐτοῦ
1440 3544 1765 3615 βλασφημία

191 3628 270 3677 καὶ
292 3626 371 3687 είς
399 3625 473 3677 τὸ
525 3626 680 3678 Θεῖον
710 3627 843 3680 αὐτὸ
878 3628 1219 3700 διαϐήσεται,
1280 3633 1764 3706 Βλασφημηθήσε-

185 3734 264 3770 ται
292 3718 346 3770 δὲ
371 3718 446 3771 τὸ
471 3718 646 3788 ὄνομα
689 3719 784 3772 τοῦ
839 3722 975 3775 Θεοῦ
1023 3723 1175 3793 παρὰ
1230 3725 1342 3778 τῶν
1372 3728 1636 3791 ἀπίστων,
1670 3732 1764 3784 καὶ

187 3809 263 3860 ὅτε
283 3811 414 3873 τοὺς
455 3813 721 3879 μοναχοὺς
753 3813 951 3882 δρῶσιν
970 3816 1027 3866 ὲν
1053 3816 1242 3869 πόλεσι
1274 3836 1340 3869 πε
1352 3821 1760 3889 ριέρχομένους,

189 3904 272 3950 καὶ
300 3900 568 3953 πολιτικὰ
592 3903 932 3972 χειρίζοντας
956 3906 1278 3974 πράγματα.
1327 3908 1630 3974 Ὑποτάξας
1656 3912 1712 3964 δὲ
1734 3915 1763 3966 ό

187 3992 353 4045 κανὼν
405 3996 525 4056 τοῖς
578 3997 718 4047 κατὰ
751 3996 919 4048 τόπον
953 3998 1276 4059 ἐπισκόποις
1302 4001 1429 4062 τοὺς
1472 4005 1764 4073 μοναχοὺς,

188 4089 271 4136 καὶ
301 4090 372 4139 τὰ
432 4089 788 4157 μοναστήρια,
838 4089 1059 4157 ἐπάγει.
1105 4091 1208 4143 Τὸν
1236 4092 1419 4158 μέντοι
1468 4096 1767 4149 ἐπίσκοπον

186 4181 274 4247 τῆς
299 4183 522 4244 πόλεως
580 4183 687 4252 χρὴ
744 4183 844 4251 τὴν
890 4184 1119 4238 δέουσαν
1163 4187 1424 4256 πρόνοιαν
1486 4190 1767 4243 ποιεῖσθαι

188 4274 287 4325 τῶν
317 4275 708 4341 μοναστηρίων
732 4291 749 4306 ο
782 4275 875 4329 δύο
933 4279 1461 4347 πραγματευόμενος
1503 4282 1562 4331 ὲν
1582 4279 1767 4349 ταυτῷ

185 4368 240 4415 τό
280 4383 339 4418 τε
371 4368 457 4433 μὴ
482 4367 784 4435 πράγματα
812 4368 959 4436 ἔχειν
983 4368 1111 4431 τοὺς
1156 4372 1422 4439 μοναχοὺς
1448 4371 1582 4441 μηδὲ
1608 4371 1769 4442 ὀχλή-

189 4472 293 4518 σεις
324 4457 438 4517 τὰς
486 4457 554 4509 δι’
600 4457 762 4516 αὐτὰ,
801 4458 915 4511 ἀλλ’
972 4454 1113 4512 εἶναι
1151 4462 1619 4530 ἀπερισπάστους,
1674 4464 1769 4516 καὶ

1866 3262 2204 3316 dominorum
2243 3265 2545 3329 voluntate,
2586 3280 2690 3319 non
2728 3267 3102 3331 admittendis,
3144 3284 3209 3320 ne
3236 3266 3439 3322 Christi

1867 3370 2060 3407 nomen
2095 3356 2304 3410 sciliwt
2333 3356 2759 3424 blasphemetur,
2797 3357 2898 3412 hoc
2937 3373 3145 3412 canone
3177 3357 3435 3412 constitu-

1869 3455 2000 3499 tum.
2032 3445 2199 3514 Cujus
2228 3448 2427 3513 etenim
2463 3464 2655 3503 servus
2691 3450 2860 3503 invito
2890 3452 3005 3517 ipso
3040 3450 3296 3504 detonsus
3328 3448 3447 3502 fue-

1867 3538 1956 3601 rit,
2004 3554 2114 3591 rent
2167 3548 2330 3592 totam
2366 3540 2622 3594 nimirum
2669 3541 2855 3606 iniquo
2888 3542 3072 3595 animo
3119 3541 3274 3600 feret.
3315 3555 3445 3609 san-

1864 3640 2119 3699 ctumque
2160 3631 2401 3685 habitum
2452 3634 2855 3695 exsecrahitur,
2924 3642 3200 3699 totumque
3258 3646 3446 3686 [noua-

1863 3725 2089 3779 chorum
2119 3740 2290 3794 genus
2323 3726 2578 3779 convitiis
2606 3724 2943 3793 proscindet,
2967 3723 3198 3778 convitia
3225 3738 3352 3777 vero
3382 3724 3443 3776 in

1862 3817 2102 3872 habitum
2135 3834 2255 3871 eum
2289 3817 2530 3882 conjecta
2559 3817 2624 3869 ad
2652 3817 2830 3886 ipsum
2862 3816 3025 3871 etiam
3053 3815 3218 3869 Deum
3258 3826 3439 3870 trans-

1863 3910 2037 3964 ibunt.
2073 3910 2321 3963 Divinum
2360 3925 2576 3979 quoque
2612 3925 2836 3972 nomen,
2868 3909 2958 3977 qui
2998 3910 3294 3964 monachos
3330 3918 3442 3963 tota

1864 4003 2000 4056 urbe
2028 4001 2342 4065 volitantes,
2364 4001 2702 4070 publicaeque
2720 4000 3175 4055 administrationi
3207 4001 3447 4055 intentos

1864 4093 2139 4159 viderint,
2189 4108 2218 4145 a
2273 4092 2377 4145 ﬁde
2435 4092 2594 4145 alieni
2675 4090 2928 4147 homines
2973 4090 3445 4161 blasphemabuut.

1867 4186 2135 4251 Quoniam
2188 4200 2350 4249 vero,
2386 4182 2650 4252 cujusque
2697 4183 2935 4250 regionis
2985 4182 3282 4251 episcopis,
3329 4181 3448 4247 ejus

1867 4275 1971 4330 loci
2031 4273 2325 4327 monachos
2377 4281 2432 4327 et
2486 4273 2827 4326 monasteria
2872 4270 3066 4339 subjici
3124 4284 3294 4324 canon
3357 4268 3449 4323 hic

1870 4366 2039 4423 voluit
2058 4366 2386 4435 ;episcopus
2415 4363 2898 4433 civitatis,,inqult,
2925 4362 3162 4418 vicissim
3190 4371 3448 4430 opportuv

1875 4476 1995 4513 nam
2045 4458 2389 4513 monasteriis
2424 4473 2613 4512 curam
2658 4458 2931 4526 impendat
2962 4466 3195 4524 oportet.
3237 4455 3313 4507 Ac
3342 4454 3449 4506 duo

188 4548 512 4617 ἡσυχάζειν,
568 4550 665 4602 καὶ
700 4551 878 4618 μόνων
930 4552 1239 4619 φροντίζειν
1283 4553 1391 4606 τῶν
1421 4556 1501 4617 είς
1528 4556 1761 4625 ψυχικὴν

1873 4551 2091 4620 quidem
2140 4551 2255 4605 haec
2298 4550 2462 4605 simul
2503 4551 2754 4631 curabit,
2800 4549 3054 4612 alterum,
3099 4556 3157 4601 ut
3208 4545 3449 4614 operosis

190 4642 581 4695 συντεινόντων
624 4642 914 4709 ὠφέλειαν.
960 4646 1053 4697 καὶ
1084 4644 1144 4696 τὸ
1180 4645 1272 4697 τὸν
1293 4646 1595 4699 ἐπίσκοπον
1644 4650 1767 4700 κάν-

184 4735 373 4789 τεῦθεν
429 4737 620 4804 κέρδος
669 4737 900 4805 ψυχικὸν
958 4740 1267 4807 περιποιεῖν
1318 4738 1519 4808 ἐαυτῷ,
1565 4741 1657 4791 καὶ
1690 4742 1768 4803 εἰς

188 4829 341 4891 δόξαν
364 4823 511 4881 εἶναι
545 4828 701 4882 Θεοῦ.
732 4829 1052 4898 Λαμψάτω,
1077 4830 1208 4898 γάρ,
1270 4831 1436 4899 φησὶν
1482 4832 1509 4881 ὁ
1538 4831 1766 4900 Κύριος,

189 4922 251 4972 τὸ
300 4920 440 4988 φῶς
483 4920 653 4989 ὑμῶν
694 4923 1040 4991 ἕμπροσβεν
1059 4921 1176 4974 τῶν
1208 4920 1555 4988 ἀνθρώπων,
1612 4922 1773 4987 ὅπως

190 5012 362 5066 ἴδωσι
410 5012 485 5066 τὰ
550 5012 709 5066 καλὰ
763 5014 907 5082 ἔργα
954 5013 1143 5081 ὑμῶν,
1193 5013 1290 5066 καὶ
1332 5013 1639 5077 δοξάσωσι
1666 5014 1773 5066 τὸν

192 5105 431 5171 Πατέρα
472 5104 640 5173 ὑμῶν
669 5105 777 5158 τὸν
813 5105 882 5159 ἐν
910 5108 1037 5171 τοῖς
1067 5106 1366 5174 οὐρανοῖς.
1414 5105 1568 5156 Ἐπεὶ
1612 5104 1669 5157 δὲ
1704 5104 1772 5157 τά

189 5199 294 5248 τῦν
329 5196 648 5267 ἐκκλησιῶν
679 5198 938 5266 χρήματα
960 5198 1213 5267 πτωχικά
1245 5197 1629 5265 ὀνομάζονται,
1678 5199 1771 5248 καὶ

191 5292 267 5351 εἰς
295 5291 501 5351 ἐνδεεῖς
532 5287 841 5356 ἐτάχθησαν
902 5289 1317 5353 ἀναλίσκεσθαι,
1368 5289 1465 5342 καὶ
1522 5288 1602 5357 τῷ
1651 5289 1772 5341 ἐπι-

196 5382 388 5451 σκόπῳ
420 5383 497 5444 είς
535 5380 727 5433 ἑαυτὸν
755 5382 817 5433 ἐκ
845 5381 1049 5433 τούτων
1102 5380 1245 5451 πλὴν
1296 5380 1406 5432 τῶν
1451 5380 1770 5447 ἀναγκαίων

198 5474 364 5538 πάνυ,
394 5474 480 5525 ὅτε
540 5472 619 5542 μὴ
648 5474 762 5544 ἔχοι
806 5473 1037 5534 οἴκοθεν,
1085 5473 1235 5525 οὐδὲν
1273 5473 1517 5544 δαπανᾷν
1539 5475 1770 5541 ἐφεῖται,

194 5567 266 5623 ὡς
296 5569 327 5618 ὁ
367 5572 458 5635 μα’
513 5577 698 5621 κανων
739 5570 848 5621 τῶν
912 5566 1081 5634 ἁγίων
1128 5567 1442 5620 ἀποστόλων
1472 5568 1605 5636 φησὶ
1626 5568 1719 5619 καὶ
1746 5568 1775 5619 ὀ

201 5658 276 5710 κε’
308 5660 415 5729 τῆς
467 5662 524 5713 ὲν
565 5660 866 5732 Ἀντιοχείᾳ
916 5661 1158 5716 συνόδου.
1210 5661 1322 5713 Καὶ
1361 5661 1473 5723 τοῖς
1521 5662 1774 5732 μοναχοῖς

277 5837 324 5868 ³⁸
352 5794 540 5892 nillil.
569 5854 627 5899 ν,
663 5839 741 5892 l0.

1870 4644 2208 4713 negotiorum
2236 4643 2383 4696 curis
2410 4658 2474 4696 ac
2503 4641 2764 4695 molestiis
2798 4639 2988 4702 soluti,
3018 4636 3360 4707 tranquillam
3394 4648 3451 4688 et

1868 4736 2102 4804 quietam
2140 4736 2330 4795 vitam.
2363 4750 2426 4788 ea
2457 4735 2650 4795 solum,
2675 4732 2815 4786 unde
2850 4730 3055 4785 fructus
3085 4731 3268 4783 animo
3301 4728 3447 4782 exsi-

1870 4837 1997 4891 stat,
2061 4826 2441 4890 meditantes,
2483 4823 2734 4878 monachi
2787 4831 2947 4892 agant
3005 4839 3021 4875 :
3074 4821 3331 4882 alterum,
3393 4830 3450 4871 ut

1872 4921 2059 4973 eadem
2105 4933 2267 4986 opera
2310 4917 2688 4987 spiritualibus
2719 4915 3107 4978 incrementis,
3142 4912 3447 4980 divinaeque

1877 5012 2064 5079 gloriae
2108 5009 2516 5072 emolumentis,
2549 5007 2666 5077 ipse
2701 5022 2919 5076 quoque
2961 5007 3243 5075 episcOpus
3284 5003 3450 5069 proli-

1878 5104 2004 5157 ciat.
2030 5102 2233 5156 Luceat
2262 5101 2430 5165 enim,
2463 5100 2638 5169 inquit
2660 5097 2939 5161 Dominus,
2963 5095 3054 5149 lux
3079 5103 3250 5149 vestra
3274 5110 3451 5147 coram

1880 5197 2195 5257 hominibus,
2231 5204 2289 5248 ut
2322 5196 2529 5247 videant
2570 5207 2726 5260 opera
2760 5200 2931 5244 vestra
2968 5190 3121 5245 bona,
3157 5198 3205 5239 et
3252 5185 3452 5255 glori/i-

1880 5297 1992 5342 cent
2015 5287 2227 5341 Patrem
2271 5287 2612 5353 uestrumqui
2668 5286 2721 5335 in
2776 5283 2917 5335 caelis
2974 5281 3119 5333 est"
3184 5277 3447 5342 Quoniam

1885 5395 2011 5433 vero
2054 5378 2401 5433 ecclesiarum
2449 5375 2610 5439 bona,
2694 5374 2829 5425 bona
2910 5383 3203 5439 pauperum
3270 5364 3452 5433 appel-

1886 5478 2086 5539 lantur,
2178 5486 2585 5541 egenorumque
2672 5469 3011 5523 sublevanda
3089 5464 3281 5531 inopia
3352 5461 3446 5513 de-

1885 5568 2082 5622 stiuata
2121 5573 2290 5631 sunt;
2325 5578 2394 5619 ne
2438 5564 2692 5633 episcopo
2736 5560 2977 5630 quidem,
3014 5556 3119 5612 nisi
3162 5555 3246 5610 cui
3291 5553 3453 5608 nulla:

1887 5658 2194 5715 domestica:
2223 5658 2385 5727 118
2412 5655 2691 5712 facultates
2711 5659 3018 5722 suppetant,
3045 5660 3205 5719 atque
3233 5645 3452 5700 iniustis
