3940 6480
206 356 303 411 40.)

261 558 590 624 ροτόνητος
624 557 658 610 ό
693 554 879 624 δῆθεν
905 564 1455 633 χειροτονούμενος.

268 648 374 701 Τὸν
407 648 673 717 μέλλοντα
707 651 959 717 γενέσθαι
995 655 1368 725 πρεσϐύτερον
1394 659 1427 728 ἦ
1452 660 1697 714 διάκονον
1732 662 1766 730 ἢ

205 748 332 809 iis);
382 749 443 800 ὲν
488 747 933 818 ὃκκλησιαστικῷ
984 751 1225 818 τάγματι
1272 755 1766 823 συγκαταλεγῆναι,

210 840 273 906 μὴ
302 839 483 901 ἄλλως
521 839 932 908 παραδεχθῆναι
967 843 1046 902 είς
1081 844 1440 913 χειροτονίαν,
1469 848 1519 898 εί
1578 847 1651 916 μὴ
1710 848 1769 899 ὲν

205 934 465 1003 ἐκκλησίᾳ
492 935 700 997 πόλεως
730 935 761 1005 ἢ
798 935 988 1005 κώμης
1016 938 1048 1007 ἢ
1088 939 1434 1006 μοναστηρξῳ
1457 938 1769 1007 εὑρίσκοιτο

207 1025 466 1092 πρότερον
492 1025 598 1077 ὑπὸ
632 1026 836 1094 βαθμόν
863 1045 982 1080 τινα
1012 1028 1119 1097 (99)
1152 1029 1321 1080 τελῶν
1378 1014 1770 1099 ἐκκλησιαστι-

206 1114 309 1175 κὸν,
349 1115 451 1165 καὶ
479 1115 746 1167 δουλεύων
777 1118 832 1168 ἐν
863 1117 1025 1186 αὐτῇ.
1062 1118 1122 1183 El
1152 1118 1210 1170 δὲ
1239 1120 1641 1187 ἀπολελυμένος
1686 1139 1771 1185 τις

204 1201 289 1265 ὢν,
318 1203 696 1273 πρεσϐύτερος
729 1206 761 1275 ἢ
796 1208 1038 1270 διάκονος
1068 1211 1442 1282 χειροτοηθῇ,
1481 1212 1554 1282 μὴ
1605 1213 1679 1266 ὢν
1709 1214 1768 1265 ὲν

205 1294 467 1364 ἐκκλησίᾳ
518 1296 623 1349 ύπύ
655 1314 776 1349 τινα
828 1297 1057 1367 βαθμὶν,
1102 1302 1203 1353 οὐκ
1250 1303 1669 1374 ὠφεληθήσεται
1705 1309 1771 1359 ὲκ

204 1387 408 1450 τούτου,
440 1388 554 1439 ἀλλ’
585 1391 787 1458 ἂκυρος
824 1391 974 1442 ἔσται
1004 1394 1034 1459 ἠ
1071 1395 1158 1445 ἐπ’
1188 1395 1335 1464 αὐτῷ
1364 1397 1695 1467 χειροθεσία.

801 1488 1039 1539 ΚΑΝΩΝ
1094 1488 1164 1541 Z'.

212 1575 345 1638 Τοὺς
397 1576 566 1641 ἅπαξ
608 1579 679 1631 ἐν
724 1579 926 1645 κλήρῳ
978 1583 1382 1650 τεταγμένους
1438 1584 1533 1638 καὶ
1589 1603 1775 1653 μονα·

269 1668 417 1733 στὰς
450 1669 526 1734 (Ι)
575 1670 879 1741 ὡρίσαμεν
920 1673 1073 1741 μήτε
1119 1675 1217 1727 ἐπὶ
1256 1678 1577 1743 στρατείαν
1620 1679 1773 1747 μήτε

268 1759 356 1810 ἐπὶ
403 1760 587 1823 ἀξίαν
624 1763 927 1831 κοσμικὴν
974 1765 1274 1832 ἔρχεσθαι.
1320 1769 1387 1819 Ἠ
1418 1769 1593 1821 τοῦτο
1638 1772 1772 1822 τολ-

268 1854 525 1920 μῶντας.
544 1856 639 1908 καί
659 1857 741 1923 μὴ
764 1862 1307 1927 μεταμελομένους,
1330 1859 1486 1914 ὥστε
1508 1861 1775 1928 ἐπιστρέ-

277 1951 376 2011 if-at
422 1947 525 1999 ἐπὶ
570 1950 746 2002 τοῦτο
790 1950 821 2002 ὃ
865 1950 963 2003 διὰ
1005 1952 1153 2005 Θεὸν
1183 1954 1475 2021 πρότερον
1515 1955 1772 2020 εἵλοντο,

277 2039 820 2105 ἀναθεματίζεσθαι.

277 2131 467 2186 ΒΑΑΣ.
499 2133 592 2201 Μὴ
626 2134 959 2204 ἑναντιωθῇς
986 2134 1064 2205 τῷ
1092 2135 1181 2203 πγ’
1210 2138 1396 2189 κανόνι
1445 2138 1553 2191 τῶν
1600 2139 1774 2207 ἁγίων

225 2221 535 2283 ἀποστόλων,
591 2222 801 2290 λέγοντι
852 2226 1012 2293 μόνον
1056 2227 1441 2296 καθαιρεῖσθαι
1471 2229 1598 2292 τοὺς
1650 2248 1775 2301 σχο-

229 2311 463 2375 λεὶζοντας
490 2316 754 2386 στρατεία
801 2317 1214 2387 πρεσϐυτέρους
1243 2318 1275 2388 ἢ
1305 2319 1586 2385 διακόνους
1604 2338 1619 2352 ’
1657 2322 1773 2375 ἀλλ’

236 2404 337 2454 εὲπὲ
371 2406 444 2457 ὅτι
473 2407 591 2459 ἐκεῖ
622 2407 723 2475 μὲν
777 2410 914 2476 μετὰ
955 2411 1231 2477 ἱερατικοῦ
1283 2416 1557 2485 σχήματος
1606 2432 1773 2485 στρα-

228 2502 484 2559 τιωτικαῖς
526 2501 870 2571 ὲνησχολεῖτο
918 2500 1187 2566 δουλείαις
1217 2507 1244 2557 ὁ
1300 2506 1630 2576 ίερωμένος·
1685 2508 1772 2560 ὲν-

221 2590 374 2641 milia
409 2591 463 2642 δὲ
494 2591 593 2659 τὴν
640 2591 794 2661 ἱερὰν
829 2592 1023 2661 στολὴν
1058 2595 1293 2647 ἀπέθετο
1338 2596 1431 2648 καὶ
1476 2598 1773 2666 ἐστρατεύ-

218 2698 331 2732 varo
372 2682 645 2753 ἐπιθυμία
662 2685 943 2752 ,κοσμικῆς
978 2685 1157 2751 ἀξίας.
1209 2687 1319 2740 Καὶ
1351 2686 1440 2740 διὰ
1471 2687 1629 2741 τοῦτο
1658 2691 1774 2743 ἐκεῖ

216 2778 301 2842 μὲν
332 2779 360 2829 ό
395 2776 471 2845 μὴ
530 2777 666 2847 μετά
698 2778 1078 2848 παραγγελίαν
1108 2780 1455 2849 ἐπιστρέφων
1490 2782 1773 2852 καθαιρεί-

212 2882 306 2929 rat,
338 2867 580 2922 ἐνταῦθα
625 2869 682 2921 δὲ
713 2872 740 2921 ὁ
776 2871 851 2937 μὴ
910 2872 1350 2941 μεταμελόμενος
1380 2873 1771 2943 ἀναθεματίζε·

210 2977 303 3014 ται.
341 2962 457 3026 Tijv
493 2961 604 3028 γὰρ
632 2961 951 3027 καθαίρεσιν
1001 2964 1162 3027 αὐτὸς
1210 2965 1390 3033 ἐαυτῷ
1447 2966 1769 3034 ἐψηφίσατο,

208 3056 287 3105 καὶ
318 3053 430 3122 πρὸ
464 3053 762 3124 καταδίκης
808 3056 1217 3125 ἀπογυμνώσας
1261 3059 1454 3111 ἑαυτὸν
1482 3058 1583 3126 τῆς
1619 3059 1772 3127 ἱερᾶς

1262 362 1344 421 ΙΝ
1383 364 1544 425 CAN.
1584 367 1696 426 VII
1729 366 1936 429 CONC.
1986 372 2351 434 CIIALCED.

270 462 381 514 οὐκ
411 462 728 525 ἀπολύτως
756 467 1218 545 χειροτονήσας,
1261 472 1331 525 El
1357 474 1426 525 δὲ
1448 477 1535 544 μὴ
1563 516 1579 543 ,
1612 478 1775 545 ἁχει-
1800 480 1851 538 Α

3322 374 3431 439 410

1947 485 2052 537 Iule
2078 484 2365 538 ordinabis.
2406 484 2650 553 Alioquin
2677 500 2763 551 qui
2793 485 2980 537 ibidem
3009 484 3308 547 ordinatur,
3340 505 3431 547 pro

1941 594 2041 631 non
2078 579 2320 631 ordinato
2345 576 2587 632 habetur.

1942 673 2041 736 Qui
2069 673 2365 741 presbyteri
2390 681 2483 725 aut
2509 670 2722 725 diaconi
2748 678 2840 724 aut
2863 670 3025 723 alium
3052 684 3432 737 quemcunque

1869 757 2114 812 ordinem
2155 759 2581 813 ecclesiasticum
2629 768 2714 811 est
2752 768 3133 825 suscepturus.
3170 771 3237 810 ne
3279 759 3433 809 aliter

1873 852 1937 902 ad
1983 850 2374 905 ordinationem
2426 852 2762 913 admittatur,
2801 851 2902 904 nisi
2957 851 3007 905 in
3048 851 3285 905 civitatis
3338 861 3431 904 aut

1873 944 1987 1011 pagi
2014 943 2244 1011 alicujus
2267 943 2495 998 ecrlesia
2522 954 2614 997 aut
2633 944 2957 997 monasterio
2981 943 3031 995 in
3061 943 3238 1010 aliquo
3264 943 3429 1008 gradu

1872 1035 2239 1089 ecclesiastico
2269 1036 2463 1106 egisse,
2498 1046 2550 1088 et
2584 1037 2633 1086 in
2667 1050 2729 1087 ea
2767 1036 3079 1089 inserviisse
3107 1034 3255 1102 prius
3284 1034 3435 1086 iuve-

1875 1127 2073 1180 niatnr.
2121 1127 2175 1179 Si
2224 1136 2401 1180 autem
2435 1127 2523 1196 qui
2572 1126 2852 1182 absolutus
2888 1133 2992 1187 est,
3037 1125 3314 1194 presbyter
3346 1133 3436 1175 aut

1873 1204 2128 1273 diaConus
2158 1221 2470 1281 ordinetur,
2502 1234 2623 1273 cum
2666 1234 2769 1270 non
2816 1218 2887 1270 sit
2932 1217 3030 1270 sub
3055 1215 3234 1285 aliquo
3267 1213 3431 1279 gradu

1873 1309 1925 1361 in
1970 1307 2224 1368 ecclesia,
2265 1306 2394 1360 nihil
2441 1322 2505 1359 ex
2549 1322 2613 1360 eo
2658 1305 2923 1359 commodi
2958 1306 3152 1372 capiet,
3188 1303 3280 1356 sed
3318 1316 3436 1375 ma-

1874 1415 2034 1451 nuum
2072 1399 2122 1449 in
2154 1414 2273 1449 eum
2299 1397 2573 1466 impositio
2606 1396 2755 1448 irrita
2788 1396 2914 1448 erit.

2470 1490 2699 1542 (ἏΝΟΝ
2742 1487 2853 1540 VII.

1873 1580 1978 1636 Eos
1999 1584 2092 1652 qui
2117 1599 2169 1634 in
2200 1590 2337 1635 clero
2358 1581 2515 1635 semel
2536 1581 2767 1635 ordinati
2798 1587 2940 1638 sunt,
2970 1590 3016 1631 et
3044 1580 3226 1631 itidem
3256 1592 3440 1629 mona-

1942 1675 2087 1737 cltos,
2136 1675 2414 1727 statuimus
2454 1690 2543 1726 nec
2591 1673 2659 1725 ad
2701 1671 2986 1724 militarem
3032 1671 3434 1731 expeditionem.

1946 1785 2038 1823 nec
2059 1770 2126 1820 ad
2150 1768 2452 1821 stecnlarem
2485 1767 2791 1833 dignitatem
2813 1782 2962 1828 posse
2990 1767 3178 1819 uenire.
3212 1764 3313 1828 Qui
3340 1780 3440 1815 au-

1948 1873 2045 1914 tem
2074 1862 2170 1914 hoc
2200 1861 2413 1923 audent,
2448 1868 2497 1911 et
2534 1876 2635 1911 non
2672 1857 2972 1925 paenitentia
3004 1857 3148 1908 ducti
3178 1858 3247 1907 ad
3276 1857 3329 1907 id
3362 1870 3443 1906 γε·

1944 1966 2252 2013 vertuntur.
2308 1953 2445 2021 quod
2489 1962 2701 2021 propter
2747 1952 2912 2004 Deum
2965 1954 3111 2016 prius
3156 1951 3441 2017 elegerant,

1945 2044 2411 2098 anathematizari.

1945 2132 2143 2188 BALS.
2195 2132 2271 2186 Ne
2319 2132 2648 2186 contrarium
2706 2120 2829 2185 esse
2871 2132 3147 2183 existimes
3176 2143 3438 2182 ranonem

1875 2234 2184 2279 sanctorum
2218 2222 2587 2291 apostolorum
2613 2261 2627 2284 ,
2670 2222 2863 2274 canoni
2906 2221 2975 2274 83
3008 2220 3205 2271 dicenti
3247 2220 3438 2285 deponi

1875 2316 2047 2370 solum
2069 2315 2434 2386 presbyteros,
2460 2316 2541 2368 vel
2565 2315 2842 2374 diaconos,
2866 2313 2955 2379 qui
2983 2313 3183 2364 ntililim
3206 2322 3397 2363 vacant
3425 2329 3436 2361 :

1875 2411 1969 2464 sed
2002 2408 2108 2470 dic,
2158 2405 2300 2476 quod
2333 2406 2441 2460 illic
2477 2406 2691 2472 quidem
2724 2418 2845 2456 cum
2882 2404 3200 2456 sacerdotali
3240 2401 3437 2454 amictu

1878 2501 2203 2556 militaribus
2230 2498 2549 2554 ministeriis
2571 2499 2802 2552 vacabat
2823 2499 3079 2553 Sacerdos
3107 2513 3119 2549 :
3153 2497 3238 2550 hic
3264 2508 3438 2548 autem

1875 2612 2088 2651 sacrum
2124 2594 2375 2650 vestitum
2416 2604 2661 2653 exuerat,
2708 2601 2762 2646 ct
2810 2591 3135 2644 militaverat
3169 2588 3444 2643 siccularis

1875 2688 2158 2759 dignitatis
2190 2685 2481 2740 desiderio.
2513 2684 2578 2738 Et
2609 2692 2893 2753 prapterea
2925 2682 3031 2736 illic
3067 2681 3306 2750 quidem,
3342 2678 3442 2732 nisi

1877 2790 1998 2849 post
2041 2778 2506 2835 denuntiationem
2553 2790 2806 2829 reversus
2851 2772 3036 2837 fuerit,
3087 2773 3375 2840 deponitur
3427 2788 3443 2825 :

1876 2874 1963 2928 hic
2005 2881 2183 2926 autem
2209 2872 2292 2932 is;
2324 2883 2481 2939 quem
2514 2882 2620 2921 non
2655 2862 2899 2935 paenitet,
2930 2864 3441 2919 auathematizatur.

1876 2964 1991 3033 Ipse
2034 2962 2177 3017 enim
2226 2958 2579 3029 depositionis
2614 2956 2934 3011 sententiam
2984 2956 3035 3009 in
3075 2970 3132 3009 se
3179 2955 3319 3017 tulit,
3353 2954 3442 3022 qui

1874 3074 1933 3113 se
1966 3072 2119 3113 sacra
2152 3066 2299 3110 veste
2322 3054 2481 3108 etiam
2516 3060 2640 3104 ante
2665 3050 3164 3104 condemnationem
3196 3050 3367 3111 exuit,
3390 3059 3446 3102 ct.

210 3146 412 3213 στολῆς,
450 3145 544 3197 καὶ
574 3146 760 3208 λαῖκὸς
794 3146 1051 3213 γεγονώς,
1104 3148 1256 3201 Ἐπεὶ
1279 3149 1336 3203 δὲ
1366 3149 1768 3218 ἑρμηνεύοντες

1884 3152 2045 3205 laicus
2078 3149 2252 3203 factus
2294 3158 2395 3202 est.
2437 3142 2701 3211 Quoniam
2747 3154 2924 3196 autem
2955 3141 3308 3210 apostolicum
3346 3157 3444 3195 ca-

203 3237 280 3286 τὸν
308 3244 408 3304 πγ’
439 3237 798 3290 ἀποστολικὸν
829 3240 1052 3300 κανόνα,
1080 3240 1308 3308 εἴπομεν
1337 3241 1410 3312 μὴ
1438 3244 1769 3298 ἀπεντεῦθεν

204 3330 586 3398 καθαιρεῖσθαι
632 3330 724 3382 τὸν
746 3331 1095 3414 δημοσιακάς
1146 3334 1393 3396 δουλείας
1423 3336 1768 3405 ἐνεργοῦντα,

201 3420 325 3472 ἀλλὰ
377 3420 520 3489 μετά
574 3421 972 3491 παραγγελίαν,
1009 3424 1276 3493 ἐρωτήσει
1325 3442 1431 3487 τις,
1479 3426 1769 3494 γενήσεται

201 3512 349 3563 τοῦτο
380 3514 476 3565 καὶ
507 3514 586 3576 εἰς
612 3516 703 3565 τὸν
735 3515 1075 3583 ἀποθέμενον
1104 3517 1202 3586 τὴν
1250 3517 1402 3587 ἱερὰν
1450 3519 1642 3589 στολὴν
1678 3520 1771 3570 καὶ

205 3608 679 3675 στρατευσάμενον
706 3607 739 3679 ἢ
779 3607 871 3661 καὶ
898 3608 1005 3678 πρὸ
1031 3610 1412 3680 παραγγελίας
1438 3611 1773 3665 ἀπεντεῦθεν

1877 3260 2073 3300 nonem
2101 3242 2169 3295 85
2215 3243 2655 3311 interpretantes,
2682 3254 2751 3292 ex
2782 3251 2847 3291 eo
2881 3235 2998 3303 ipso
3039 3236 3288 3289 duximus
3319 3250 3442 3289 eum

1879 3356 1989 3395 non
2019 3338 2213 3408 deponi
2248 3338 2337 3406 qui
2368 3335 2579 3404 publica
2620 3332 2923 3389 ministeria
2959 3332 3161 3391 obibat,
3199 3330 3291 3383 sed
3324 3338 3448 3397 post

1878 3432 2340 3490 denuntiationem
2359 3449 2373 3485 :
2392 3429 2806 3500 interrogaverit
2848 3430 3135 3497 quispiam,
3164 3430 3322 3482 (ictuc
3346 3426 3447 3483 hoc

1878 3526 2038 3578 ctiam
2061 3524 2116 3577 in
2136 3537 2257 3576 eum
2284 3522 2373 3590 qui
2404 3536 2617 3575 sacrum
2640 3520 2895 3574 amicutm
2916 3518 3068 3573 exuit
3087 3528 3139 3573 et
3163 3518 3444 3572 militavit:

1881 3630 1947 3668 an
1977 3614 2140 3668 etiam
2186 3622 2312 3665 ante
2346 3611 2805 3665 denuntiationem
2851 3619 2936 3663 est
2974 3624 3042 3664 ex
3069 3624 3134 3664 eo
3173 3609 3292 3679 ipso
3317 3624 3451 3663 ana-

1451 3772 1638 3835 Guill.
1677 3771 2000 3850 Beveregii
2042 3778 2230 3833 nota}.

261 3912 377 3981 (‘39)
428 3911 785 3985 Evpiaxono
831 3912 1125 3985 πρότερον
1169 3913 1290 3969 ὑπὸ
1335 3916 1578 3985 βαθμον
1603 3932 1759 3970 τινα.

199 3987 486 4055 Armeniis
515 3984 602 4035 hic
634 3998 660 4033 a
692 3997 820 4055 vero
850 3984 1077 4055 canonis
1100 3985 1263 4055 hujus
1294 3984 1468 4041 sensu
1487 3998 1601 4039 toto
1626 3990 1763 4040 caelo

199 4066 363 4108 errat.
399 4052 597 4105 Vol-em
626 4054 768 4105 enim
801 4052 1292 4122 ἀπολελυμένωςίη
1314 4073 1542 4117 canone,
1564 4057 1767 4111 ἀπολύ-

198 4144 305 4186 te);
338 4128 389 4177 in
425 4126 665 4188 epitome
692 4124 764 4177 ita
802 4124 1212 4187 interpretatur.
1246 4141 1307 4180 ac
1339 4129 1384 4181 si
1429 4128 1513 4181 hic
1544 4138 1762 4180 cautum

199 4208 364 4254 esset.
396 4210 461 4246 ne
493 4195 616 4262 quis
647 4194 698 4245 in
732 4194 1056 4262 presbyteri,
1094 4196 1333 4262 diaconi,
1360 4208 1453 4250 aut
1485 4198 1591 4249 alio
1626 4212 1759 4264 quo-

201 4271 282 4318 ris
339 4266 532 4317 ordine
574 4264 955 4317 ecclesiastico
1008 4264 1309 4331 ordinetur,
1352 4268 1452 4321 nisi
1506 4268 1557 4320 in
1594 4271 1762 4335 gradu

200 4338 381 4403 aliquo
438 4334 812 4387 ecclesiastico
851 4335 1001 4402 prius
1028 4336 1191 4388 fuerit
1218 4353 1232 4399 ;
1264 4352 1327 4389 ac
1373 4338 1417 4392 si
1452 4334 1611 4391 nemo
1642 4353 1765 4406 pre-

202 4410 406 4475 slnyter,
436 4415 531 4475 aut
580 4406 842 4457 diaconus
872 4405 989 4475 liat,
1020 4406 1121 4457 nisi
1148 4408 1238 4474 qui
1277 4406 1445 4462 lector
1471 4405 1654 4474 prius,
1672 4418 1765 4461 aut

1876 3917 2091 3987 μένους,
2118 3918 2212 3968 καὶ
2240 3916 2473 3969 ἄκοντας
2504 3915 2658 3987 πρὸς⁸
2673 3915 2736 3987 το
2758 3915 3031 3987 πρότερον
3059 3913 3445 3987 ἀποκ-αθίσται·

1876 3984 1999 4040 σίλαι
2028 3994 2215 4056 σχῆμα
2243 3987 2580 4039 κελεύουσιν.
2623 3984 2811 4039 Deltoc
2838 3995 2889 4038 et
2913 3984 3129 4039 Novella
3158 3985 3263 4056 123
3282 3984 3451 4041 Justi-

1875 4059 2039 4109 niani.
2082 4057 2219 4109 Dicit
2250 4060 2419 4125 enim,
2454 4072 2599 4108 nemo
2632 4057 2943 4109 clericatum
2969 4072 3122 4108 suum
3152 4055 3447 4125 relinquens

1873 4128 2147 4181 saecularis
2200 4126 2314 4194 ﬁat.
2370 4124 2514 4178 Nam
2548 4136 2597 4178 et
2644 4126 2902 4192 dignitate
2956 4126 3231 4184 militiave,
3286 4142 3446 4193 quam

1874 4197 2093 4263 adeptus
2117 4207 2214 4255 est,
2254 4199 2538 4249 nudaltitur
2569 4214 2581 4248 ε
2611 4205 2659 4247 et
2710 4196 2980 4261 municipii
3012 4196 3095 4246 sui
3132 4196 3294 4247 curia:
3336 4207 3448 4248 tra-

1875 4269 2048 4320 detur.
2084 4266 2218 4319 Item
2256 4266 2458 4319 novella
2489 4266 2519 4317 7
2555 4276 2610 4319 et
2650 4265 2703 4316 8.
2747 4264 2958 4317 Domini
2988 4264 3196 4323 Leonis,
3226 4267 3445 4318 clericos

1874 4348 2028 4405 atque
2081 4339 2386 4400 monachos,
2447 4337 2536 4405 qui
2605 4334 2839 4405 habitum
2904 4346 3195 4398 mutarunt,
3230 4346 3275 4386 et
3323 4335 3448 4387 lniri

1880 4404 2013 4476 [αοιὶ
2066 4416 2211 4467 sunt,
2263 4408 2430 4476 etiam
2460 4404 2686 4476 invitos
2719 4404 2925 4476 habitui
2987 4406 3210 4476 pristino
3240 4407 3446 4476 restitui

202 4473 396 4530 cantor
438 4474 623 4546 fuerit.
678 4475 815 4528 Cum
867 4473 1056 4528 Patres
1088 4473 1219 4529 nihil
1253 4478 1400 4532 aliud
1425 4473 1527 4532 hac
1556 4490 1768 4531 canOne
1799 4489 1843 4546 ι)
1872 4473 2205 4542 praecipiunt.
2261 4475 2432 4531 Verba
2492 4474 2783 4529 Justiniani
2838 4474 3069 4528 Novella:
3122 4474 3206 4526 his:
3254 4475 3433 4543 vitam:

202 4543 610 4607 constituerint,
644 4560 805 4613 quam
858 4546 1129 4598 neminem
1162 4547 1281 4600 sine
1310 4558 1462 4602 certo
1494 4548 1653 4602 titulo
1680 4564 1771 4602 or-

202 4618 501 4670 dinandum
527 4630 669 4679 esse,
708 4616 811 4670 nisi
836 4625 1045 4686 certum
1072 4616 1333 4671 nimirum
1372 4619 1544 4671 locum
1580 4618 1771 4672 eodem

206 4701 449 4749 tempore
504 4686 837 4749 assignatum
885 4685 1098 4751 habeat,
1129 4701 1239 4755 quo
1294 4688 1619 4743 muneribus
1675 4688 1777 4743 sibi

204 4755 538 4811 concreditis
573 4756 848 4819 fungatur,
886 4766 944 4806 ut
968 4764 1092 4808 ante
1118 4766 1398 4811 ostensum
1423 4767 1529 4811 est.

272 4830 348 4893 (Ι)
403 4826 562 4897 Τοὺς
597 4824 760 4889 ἅπαξ
793 4824 1097 4897 erudirin
1143 4827 1544 4896 τεταγμένους
1584 4828 1623 4895 ἢ
1668 4845 1777 4897 μο.

202 4898 458 4960 ναστάς.
524 4894 913 4960 Harmeuopuli
954 4896 1208 4961 Epitome
1257 4894 1413 4959 huius
1444 4894 1777 4951 cattouis'sic

206 4984 264 5022 se
302 4968 483 5025 habet,
515 4965 916 5037 ὀκληρωθεὶςῆ
948 4967 1206 5037 μονάσας,
1239 4969 1287 5019 εί
1308 4970 1400 5021 ἐπὶ
1419 4968 1708 5036 στρατείαν
1741 4968 1773 5037 ἢ

206 5039 487 5105 κοσμικὴν
521 5036 681 5099 ἀξίαν
714 5036 878 5107 ἔλθοι,
908 5036 1003 5087 καὶ
1038 5037 1112 5107 μὴ
1148 5039 1530 5105 μεταμέλοι-ιο,
1581 5036 1776 5089 ἁναθεὲ

210 5108 546 5177 ματιζέσοω.
605 5106 705 5170 Qui
743 5106 963 5159 clericus
992 5106 1415 5161 aut'monachus
1469 5109 1644 5177 factus
1670 5118 1769 5170 est,

209 5181 255 5233 si
287 5181 353 5229 ad
385 5178 634 5230 militiam
659 5187 749 5227 aut
778 5178 1093 5245 dignitatem
1124 5179 1448 5231 mundanam
1476 5180 1771 5241 accesserit,

211 5266 295 5301 nec
329 5249 690 5315 pwnitentiam
719 5248 903 5315 egerit,
943 5246 1270 5301 anathemati
1300 5250 1600 5315 subjicitor.
1641 5249 1776 5302 Ilur-

212 5338 346 5371 ιιιμιι.
382 5320 544 5384 epist.
583 5333 703 5369 cun.
739 5328 875 5370 sect.
916 5316 970 5378 5,
1011 5318 1091 5370 tit.
1130 5319 1184 5388 2.
1212 5319 1265 5371 In
1297 5335 1457 5385 quam
1492 5319 1771 5388 Epitomen

212 5390 535 5441 si-Imlinsms
555 5388 864 5459 haecinotal,
898 5388 1031 5455 Περὶ
1062 5386 1252 5459 τούτου
1288 5394 1380 5441 καὶ
1408 5386 1546 5459 ρκγί
1584 5388 1773 5456 Νεαρά

211 5459 298 5510 τοῦ
316 5461 599 5511 ’Iwatzvu
609 5458 720 5509 νοῦ.
738 5464 871 5527 φησι
887 5457 1227 5527 γάρ’Μηδεὶς
1241 5460 1331 5511 τὸν
1349 5457 1549 5512 οἰκεῖον
1571 5460 1771 5527 κλῆρον

212 5530 327 5584 ἐῶν.
351 5528 590 5595 γινέσθω
610 5528 873 5595 κοσμικός
900 5546 914 5559 ·
937 5531 1058 5579 ἐπεὶ
1081 5529 1173 5581 καὶ
1195 5529 1297 5598 τῆς
1328 5532 1773 5597 προσγενομένης

216 5600 354 5665 αὐτῷ
385 5599 542 5662 ἀξίας
576 5600 607 5667 ἦ
648 5600 967 5688 στρατείας,
990 5598 1549 5688 ἀπογυμνωθήσεται.
1583 5600 1675 5650 καὶ
1704 5602 1771 5688 τῇ

218 5672 266 5688 (1,
316 5672 370 5686 ‘V
420 5671 467 5688 ,‘
567 5673 602 5688 ,9
652 5669 763 5688 _!__
878 5686 930 5688 Α-
978 5672 1043 5688 ,l..
1083 5686 1153 5688 --κ
1215 5687 1219 5688 ,
1314 5672 1344 5688 I'
1524 5672 1564 5688 Ir
1611 5671 1623 5688 ι
1672 5672 1683 5688 9
1734 5670 1756 5688 ν

218 5672 373 5736 βουλῇ
410 5671 509 5736 τῆς
557 5669 764 5729 οἰκείας
830 5669 1224 5735 ἀποδοθήσεται
1260 5672 1488 5730 nolam.
1521 5671 1631 5723 Kal
1661 5672 1693 5737 ἡ
1727 5670 1756 5731 ζ

215 5756 304 5789 ῑιιι
330 5743 363 5809 ἡ
395 5739 445 5808 η’
491 5739 681 5808 Νεαρὰ
708 5737 801 5789 τοῦ
833 5739 1024 5807 κυρίου
1044 5739 1295 5803 Λέοντος,
1316 5742 1443 5802 τοὺς
1470 5741 1768 5811 κληρικοῦς

225 5813 487 5882 μοναχοὺς
545 5811 1162 5880 μετασχηματισθέντας
1216 5816 1310 5863 καὶ
1350 5812 1572 5873 λαῖκοὺς
1612 5828 1765 5878 γενο-

1883 4559 2012 4601 sunt
2042 4550 2175 4606 inec,
2226 4546 2287 4601 Si
2317 4548 2601 4600 monachus
2639 4546 2907 4615 reliquerit
2958 4547 3370 4615 monasterium,
3397 4553 3447 4596 et

1880 4620 1948 4669 ad
1975 4618 2281 4671 sa’cularem
2324 4619 2482 4669 vitam
2515 4614 2834 4685 migraverit,
2866 4615 3002 4668 hanc
3054 4614 3245 4666 militia
3276 4624 3324 4667 et
3353 4614 3449 4667 ho-

1881 4704 2027 4752 nore,
2062 4690 2105 4741 si
2150 4704 2303 4755 quem
2338 4687 2511 4749 habet,
2546 4689 2695 4755 prius
2756 4685 3064 4754 spoliatum;
3101 4686 3164 4735 ab
3201 4685 3445 4752 episcopo
3526 4710 3535 4719 ε

1879 4758 2115 4811 locorum
2142 4769 2187 4808 et
2220 4759 2503 4824 provincia:
2547 4757 2728 4824 judice
2767 4758 2824 4808 in
2873 4756 3253 4808 monasterium
3282 4755 3443 4807 mitti.

1877 4825 2077 4881 Justin.
2115 4828 2301 4882 Novel.
2338 4828 2462 4890 125,
2489 4843 2609 4894 cap.
2644 4825 2734 4885 42,
2755 4836 2809 4878 et
2846 4825 3065 4879 Basilio.
3094 4826 3129 4877 Ι.
3168 4840 3241 4883 tv,
3273 4826 3355 4877 tit.
3388 4827 3443 4883 1,

1878 4913 2001 4966 Cap.
2034 4899 2122 4953 14.
2165 4897 2274 4950 Leo
2311 4896 2364 4950 in
2399 4896 2625 4965 septima
2666 4895 2836 4960 ipsius
2868 4894 3085 4948 Novella
3143 4895 3356 4955 statuit.
3385 4904 3443 4946 ut

1876 4974 2172 5037 quicunque
2222 4968 2533 5020 clericorum
2562 4966 2801 5037 habitum
2855 4979 3062 5019 mutare
3101 4967 3445 5030 profanorum

1878 5040 2057 5091 habitu
2087 5036 2339 5103 improbe
2387 5038 2699 5095 instituerit,
2730 5036 2795 5094 is,
2834 5038 3243 5104 quotiescunque
3297 5047 3444 5086 actus
3506 5082 3517 5093 ,

1877 5108 2045 5176 fuertt
2101 5110 2152 5159 in
2186 5109 2483 5160 istiusmodi
2513 5107 2829 5169 vecordiam,
2865 5108 3153 5159 secundum
3199 5104 3444 5157 ecclesia-

1876 5180 2064 5231 sticum
2106 5179 2393 5235 decretum.
2428 5177 2760 5243 quantumvis
2815 5177 3005 5230 invitus
3048 5176 3104 5229 in
3136 5176 3442 5230 clericorum

1876 5250 2113 5301 habitum
2177 5248 2507 5299 restituatur.
2560 5246 2725 5298 Leon.
2792 5246 2973 5299 Novel.
3044 5246 3093 5299 7.
3144 5246 3196 5299 ln
3252 5255 3439 5295 "Clam

1875 5330 2054 5372 autem
2104 5319 2235 5371 dii-it
2266 5358 2279 5379 ,
2344 5314 2695 5384 Nequaquam
2732 5333 2849 5367 vero
2904 5317 2955 5368 id
3005 5322 3154 5369 nobis
3207 5331 3317 5368 esse
3359 5313 3441 5381 fas

1874 5389 2099 5450 videtur,
2132 5403 2292 5455 neque
2318 5388 2485 5453 quiin
2509 5388 2698 5439 divina:
2725 5387 2931 5439 militia:
2950 5388 3174 5455 legiones
3206 5396 3441 5450 receptus

1871 5462 1964 5523 sit,
1994 5458 2131 5510 hunc
2190 5460 2245 5509 in
2285 5458 2568 5509 mundanis
2610 5456 2809 5511 militiis
2856 5457 3022 5522 placet
3056 5457 3336 5509 collocari.
3374 5455 3441 5505 At

1871 5540 2056 5583 contra
2109 5527 2247 5597 quod
2289 5525 2648 5580 ecclesiastico
2702 5527 2877 5579 ordini
2936 5528 3204 5580 observari
3259 5526 3442 5575 (lubere

1872 5601 2038 5653 risum
2095 5596 2195 5660 est,
2252 5608 2309 5649 ut
2358 5597 2406 5648 si
2467 5600 2582 5667 quis
2642 5600 2833 5663 smpius
2883 5597 3042 5649 vitam
3090 5596 3439 5667 monasticam

1872 5679 2185 5730 aspernatus
2212 5678 2451 5733 vagetur,
2484 5668 2608 5721 huic
2634 5669 2915 5736 profanant
2946 5668 3185 5719 habitum
3220 5666 3445 5736 recipere

1872 5756 1974 5792 non
2018 5742 2358 5801 concedatur,
2385 5739 2437 5791 id
2473 5754 2568 5808 per
2620 5735 2782 5807 legem
2829 5737 2994 5789 etiam
3040 5754 3131 5790 nos
3169 5735 3443 5804 jubemus.

1873 5810 2039 5864 Leon.
2069 5808 2201 5864 NOV.
2229 5810 2282 5863 8.
