3940 6480
500 333 598 395 liii

1758 333 2037 395 THEOD.
2080 332 2167 390 BA
2180 334 2484 396 LSAMON

3601 350 3692 415 il?

501 445 921 499 thematizatus?
958 444 1093 497 Puto
1128 446 1294 511 igitur
1336 448 1481 517 quod
1536 448 1623 501 hic
1670 461 1889 515 quoque
1952 453 2067 513 post

2174 446 2777 519 ἀναθεματισθήσεταις
2813 453 3008 521 Οἴομαι
3036 449 3129 507 οὖν
3167 456 3248 507 ὅτι
3285 457 3375 507 καὶ
3404 452 3548 521 οὗτος
3578 473 3693 530 μετὰ

498 538 962 592 denuntiationem
1007 540 1573 606 anathematizabitur,
1615 540 1775 611 120
1809 542 1910 594 nisi
1939 557 2071 595 con—

500 641 763 687 vertatur.
818 629 889 685 Ut
943 642 1119 685 autem
1174 633 1277 687 hoc
1328 634 1505 687 dicam
1562 635 1693 688 mihi
1742 635 2071 703 persuadent

500 730 662 782 verba
697 728 921 785 canonis
949 729 1198 796 dicentis,
1231 731 1676 784 anathematizari
1716 745 1812 785 eos
1845 732 1935 801 qui
1970 732 2072 786 hoc

500 821 699 875 malum
743 821 974 883 audent,
1007 832 1059 876 et
1105 838 1207 878 non
1249 822 1562 891 paenitentia
1599 825 1887 887 ducuntur,
1918 834 1971 876 ut
2003 824 2069 877 ad

502 914 605 966 hoc
642 924 1051 977 convertantur,
1085 916 1225 983 quod
1262 926 1485 987 propter
1519 918 1683 971 Deum
1710 917 1857 984 prius
1895 916 2073 986 elege-

502 1016 645 1062 rant.
707 1009 882 1074 Atque
928 1006 1090 1060 etiam
1145 1008 1211 1062 83
1260 1024 1433 1062 canon
1495 1010 1827 1076 apostolicus
1866 1010 1937 1062 ita
1988 1020 2071 1063 est

501 1101 804 1166 expositus,
841 1115 906 1153 ex
955 1116 1018 1153 eo
1049 1103 1189 1168 quod
1236 1101 1385 1156 dicat
1420 1118 1674 1173 expresse
1702 1120 1825 1158 eum
1872 1105 2069 1173 deponi

505 1193 593 1251 qui
643 1202 797 1244 vacat
850 1192 1075 1255 militiae,
1126 1203 1181 1245 et
1218 1193 1331 1246 vult
1367 1201 1658 1261 utrumque
1703 1196 1969 1258 obtinere,
2019 1205 2071 1250 et

503 1284 804 1337 Romanum
858 1284 1255 1354 magistratum,
1304 1296 1357 1341 et
1403 1288 1796 1342 sacerdotalem
1845 1289 2071 1342 admini-

504 1376 1072 1431 strationemmralter
1114 1379 1226 1431 haec
1275 1388 1453 1431 autem
1507 1379 1648 1434 scias
1686 1382 1829 1449 quod
1877 1380 1907 1432 7
1954 1390 2007 1435 et
2038 1380 2071 1434 8

503 1467 722 1521 Novella
772 1471 1115 1537 imperatoris
1155 1472 1357 1526 domini
1390 1472 1588 1528 Leonis
1620 1472 1929 1540 Philosophi
1963 1484 2073 1527 sta-

503 1569 661 1614 tuunt
690 1562 918 1615 clericos
953 1570 1007 1617 et
1037 1566 1352 1629 monachos,
1389 1566 1478 1632 qui
1532 1566 1781 1620 vestitum
1830 1576 2073 1621 mutave-

502 1664 649 1719 runt,
690 1664 743 1707 et
774 1654 895 1708 laici
937 1654 1063 1710 facti
1109 1667 1253 1721 sunt,
1288 1658 1450 1711 etiam
1497 1656 1699 1713 invitos
1732 1659 1796 1712 ad
1834 1659 2070 1727 priorem

502 1747 743 1799 habitum
780 1748 996 1804 reverti.
1038 1750 1307 1815 Quoniam
1344 1762 1520 1803 autem
1558 1767 1679 1807 cum
1722 1727 1823 1806 lioc
1858 1766 2071 1820 quoque

502 1841 811 1892 necessario
841 1841 1389 1905 anathematizantur,
1431 1857 1497 1897 ne
1527 1842 1607 1896 sic
1640 1842 1857 1911 quidem
1888 1843 2069 1897 clerici

498 1932 582 1985 vel
625 1933 871 1985 monachi
909 1936 1301 2000 reputabuntur
1333 1955 1346 1990 :
1388 1935 1481 1988 sed
1528 1943 1641 1989 tom
1677 1936 1799 1989 vita:
1831 1944 2072 2003 tempore

500 2023 553 2076 in
603 2026 930 2079 monasterio
978 2027 1340 2083 includentur.
1388 2026 1528 2082 Puto
1562 2038 1764 2092 autem,
1801 2031 1941 2096 quod
1978 2029 2070 2097 qui

500 2117 578 2169 sic
616 2127 820 2169 mutato
863 2118 1059 2171 amictu
1097 2119 1417 2183 militarunt,
1467 2130 1525 2173 ut
1555 2120 1668 2173 vult
1708 2136 1945 2189 praesens
1974 2135 2071 2175 ca-

508 2222 638 2271 non,
673 2210 1002 2275 punientur;
1036 2210 1124 2277 qui
1162 2217 1340 2262 autem
1375 2225 1481 2263 non
1506 2210 1826 2274 militarunt,
1861 2211 2073 2267 mitiore

502 2297 684 2366 aliquo
721 2300 985 2365 supplicio
1017 2300 1337 2353 adicientur.
1384 2299 1490 2355 Sed
1524 2312 1699 2356 tamen
1736 2302 1866 2356 nihil
1912 2302 1946 2356 ii
1988 2319 2074 2357 sa-

501 2391 774 2443 cerdotale
805 2395 1155 2450 exercebant.
1190 2393 1329 2462 Lege
1359 2394 1427 2447 62
1469 2409 1727 2450 canonem
1758 2405 2069 2452 sanctorum

503 2483 901 2549 aposlolorum,
938 2494 991 2538 et
1022 2483 1141 2553 ejus
1173 2486 1696 2556 interpretationem.

576 2653 827 2713 ZONAR.
863 2676 918 2713 in
947 2677 1042 2716 eos
1067 2663 1156 2731 qui
1197 2673 1406 2718 retento
1434 2665 1613 2722 clerici
1642 2668 1830 2722 habitu
1862 2670 2073 2725 militiae

501 2761 716 2814 vacant,
757 2755 1117 2824 profanosque
1152 2757 1501 2827 magistratus
1531 2761 1739 2815 ambire
1779 2778 1886 2815 non
1920 2764 2075 2817 dubi-

506 2850 642 2901 tant,
666 2842 1016 2911 depositionis
1041 2862 1218 2915 pmna,
1246 2852 1576 2919 octogesimo
1601 2855 1761 2907 tertio
1779 2857 2073 2923 apostolico

501 2949 708 2986 ratione
756 2936 1046 2990 consulum
1092 2938 1193 2990 fuit
1236 2936 1251 2993 Ξ
1300 2957 1408 3007 quo
1454 2942 1569 2997 loco
1602 2945 1799 3011 etiam,
1832 2947 1959 3015 quid
2004 2948 2073 3000 sit

502 3025 707 3079 militiae
740 3040 932 3082 vacare
962 3044 1057 3082 nos
1085 3032 1480 3097 explicavimus
1515 3053 1532 3087 :
1570 3036 1671 3089 hoc
1704 3052 1830 3092 vero
1864 3053 2072 3095 canone

2171 536 2510 607 ἐπιφώνησιν
2554 542 3140 615 ἀναθεματισοήσεται,
3186 550 3232 600 εί
3282 549 3352 618 μὴ
3385 550 3689 622 ἐπιστρέψει.

2172 630 2342 682 Τοῦτο
2365 631 2423 683 δὲ
2448 631 2625 699 λέγειν
2652 634 2900 687 πείθουσί
2935 652 3002 705 με
3027 638 3095 688 τὰ
3124 637 3339 705 ῥήματα
3364 638 3452 690 τοῦ
3476 643 3691 701 κανόνος,

2168 722 2240 777 τὰ
2292 721 2518 790 λέγοντα
2575 725 3069 793 ἀναθεματίζεσθαι
3123 729 3250 789 τοὺς
3300 728 3591 798 τολμῶντας
3638 736 3689 785 τὸ

2170 814 2410 869 τοιοῦτον
2436 816 2624 876 κακὸν,
2667 819 2765 870 καὶ
2820 818 2892 888 μὴ
2943 819 3428 888 μεταμελομένους,
3475 819 3544 884 ὡς
3596 826 3699 876 km-

2174 908 2401 979 στρέψαι
2454 909 2759 972 ἐπὶτοῦτο,
2811 910 2840 962 ὅ
2889 910 2976 964 διὰ
3010 910 3142 964 Θεὸν
3192 910 3451 982 πρότερον
3500 914 3699 969 εἴλοντο.

2171 1000 2280 1053 Καὶ
2312 1000 2341 1052 ὁ
2390 1000 2572 1070 ῥηθεὶς
2602 1001 2659 1053 δὲ
2689 1008 2779 1069 πγ’
2807 1002 3163 1065 ἀποστολικδς
3193 1003 3370 1056 κανὼν
3404 1003 3565 1067 οὓτως
3615 1007 3701 1076 ήρο

2174 1089 2418 1159 μηνεύθη
2452 1091 2516 1143 ἐκ
2543 1091 2637 1142 τοῦ
2669 1090 2847 1157 λέγειν
2908 1093 2967 1144 ὲν
3024 1092 3182 1161 μέρει
3219 1092 3585 1163 καθαιρεῖσθαι
3626 1097 3704 1147 τὸν

2174 1181 2509 1251 σχολάζοντα
2568 1183 2851 1252 στρατείᾳ,
2914 1184 3011 1237 καὶ
3068 1183 3390 1254 βουλόμενον
3446 1186 3705 1255 ἀμφότερα

2172 1272 2444 1343 κατέχειν,
2488 1274 2804 1344 Ῥωμαϊκὴν
2832 1274 3007 1345 ἀρχὴν
3064 1274 3158 1327 καὶ
3205 1274 3478 1346 ἱερατικὴν
3525 1277 3703 1345 διοίκη-

2175 1381 2278 1418 σιν.
2323 1365 2445 1417 Ἐπὶ
2470 1365 2680 1426 τούτοις
2705 1366 2941 1431 γίνωσκε
2972 1366 3054 1418 ὅτι
3087 1366 3121 1434 ὴ
3158 1363 3202 1428 ξ’
3235 1365 3331 1417 καὶ
3358 1363 3406 1433 η’
3426 1366 3603 1434 Νεαρά
3625 1368 3705 1418 τοῦ

2175 1452 2439 1522 βασιλέως
2468 1453 2636 1523 κυροῦ
2668 1454 2895 1516 Λέοντος
2925 1453 3019 1513 τοῦ
3069 1454 3364 1524 Φιλοσόφου
3416 1455 3707 1524 διορίζονται

2170 1546 2297 1607 τοὺς
2347 1548 2643 1615 κληρικοὺς
2689 1546 2785 1599 καὶ
2836 1548 2963 1609 τοὺς
3016 1549 3286 1616 μοναχοὺς
3336 1562 3710 1618 μετασχηματι-

2175 1638 2424 1703 σθὲντας,
2454 1639 2551 1691 καὶ
2575 1637 2800 1701 λαῖκοὺς
2830 1639 3180 1707 γενομένους,
3212 1640 3307 1692 καὶ
3340 1639 3563 1700 ἄκοντας
3593 1640 3709 1708 πρὸς

2173 1731 2233 1784 τὸ
2279 1731 2545 1802 πρότερον
2589 1732 2779 1801 σχῆμα
2822 1731 3323 1787 ἀποκαθίστασθαι.
3366 1732 3510 1785 Ἐπεὶ
3549 1731 3600 1783 δὲ
3628 1733 3710 1783 σὺν

2172 1823 2348 1893 τούτῳ
2392 1826 2487 1877 καὶ
2533 1825 3032 1896 άναθεματίξονται
3077 1824 3138 1890 ἐξ
3188 1826 3452 1894 ἀνάγκης,
3495 1825 3605 1878 οὐδὲ
3648 1827 3711 1887 ὼς

2173 1917 2428 1985 κληρικοὶ
2478 1918 2509 1988 ἢ
2559 1919 2782 1989 μοναχοὶ
2830 1917 3273 1988 λογισθήσονται,
3304 1917 3438 1970 ἀλλὰ
3485 1917 3566 1970 διὰ
3612 1918 3710 1987 βίον

2171 2010 2645 2081 ὲγκλεισθήσονται
2722 2013 2803 2074 είς
2871 2012 3227 2082 μοναστήρια.
3292 2012 3481 2080 Οῐομαι
3540 2008 3596 2077 δὲ,
3644 2010 3711 2062 ὅτι

2171 2103 2221 2154 οἱ
2270 2101 2414 2154 οὕτω
2466 2100 3067 2171 μετασχηματισθέντες
3118 2101 3571 2170 στρατευσάμενοι
3629 2102 3710 2170 μὲν

2172 2195 2315 2250 κατὰ
2342 2196 2430 2248 τὸν
2461 2195 2708 2263 παρόντα
2736 2194 2937 2247 κανόνα
2964 2194 3420 2264 κολασθήσονται,
3454 2211 3523 2263 μη
3576 2211 3711 2263 etpa-

2172 2280 2500 2355 τευσάμενοι
2530 2287 2609 2349 δὲ,
2646 2286 2827 2350 ἄλλως
2858 2304 2974 2351 πως
3027 2287 3396 2358 μετριώτερον
3431 2285 3713 2357 τιμωρηθή-

2175 2394 2382 2432 σονται.
2442 2379 2588 2445 Πλὴν
2622 2378 2897 2448 ίερατικόν
2923 2397 2975 2432 τι
3006 2378 3128 2431 οὐδὲ
3157 2373 3305 2433 οὗτοι
3333 2379 3712 2449 ἐντργήσουσιι.

2187 2468 2489 2535 ’Δνάγνωθι
2519 2470 2614 2521 καὶ
2642 2469 2734 2522 τὸν
2759 2469 2835 2539 ξβ¹
2861 2469 3060 2524 κανόνα
3093 2469 3202 2524 τῶν
3232 2470 3403 2539 ἁγίων
3430 2469 3710 2523 ἀποστόλων

2174 2560 2271 2615 καὶ
2303 2562 2402 2628 τὴν
2429 2561 2728 2629 ἑρμηνείαν
2756 2560 2950 2615 αὐτοῦ.

2247 2656 2492 2709 ΖΩΝΔΡ.
2539 2656 2599 2708 ’0
2635 2654 2735 2725 μὲν
2786 2654 3144 2726 ὀγδοηκοστὸς
3176 2655 3361 2723 τρίτος
3405 2653 3579 2709 κανὼν
3622 2651 3714 2703 τῶν

2174 2750 2347 2817 ἁγίων
2380 2747 2699 2801 ἀποστόλων
2757 2748 2886 2817 περὶ
2940 2746 3048 2799 τῶν
3102 2748 3373 2815 μενόντων
3420 2748 3476 2798 ὲν
3526 2743 3596 2812 τῷ
3626 2741 3712 2795 τῶν

2173 2840 2453 2910 κληρικῶν
2490 2839 2756 2909 σχήματι,
2807 2838 3069 2908 στρατείᾳ
3120 2837 3178 2891 δὲ
3231 2838 3608 2908 σχολαζόντων,
3636 2833 3716 2887 καὶ

2172 2930 2345 2999 ἀρχὰς
2380 2929 2674 2999 μετιόντων
2702 2928 2992 2996 κοσμικὰς,
3018 2928 3396 2989 διατάττεται,
3422 2925 3513 2978 καὶ
3535 2920 3717 2975 κελεύει

2174 3021 2559 3090 καθαιρεῖσθαι
2592 3020 2811 3081 αὐτοὺς.
2841 3018 2971 3072 ἔνθα
3001 3020 3096 3071 καὶ
3126 3018 3179 3071 τί
3212 3019 3369 3071 ἐστιν
3394 3018 3504 3069 ἐκεῖ
3528 3016 3582 3066 τὸ
3609 3030 3713 3080 σχοι-

500 3119 565 3169 de
612 3121 894 3174 monachis
928 3133 981 3175 et
1021 3122 1256 3188 clericis,
1291 3126 1380 3192 qui
1425 3143 1581 3182 sacro
1626 3130 1809 3184 habitu
1846 3133 2067 3199 reiecto,

2172 3114 2358 3177 λάζειν
2413 3112 2726 3184 στρατείαις
2757 3112 3100 3182 ἡρμήνευται
3122 3127 3136 3141 ·
3164 3113 3192 3163 ό
3217 3110 3281 3161 δὲ
3337 3108 3520 3179 παρὼν
3566 3108 3716 3158 κανὼν

499 3217 592 3263 aut
613 3223 858 3265 ornatum
887 3215 1198 3279 militarem,
1230 3228 1479 3283 tanquam
1511 3221 1711 3276 militiae
1739 3224 2073 3291 professione

498 3304 776 3368 censendi,
808 3314 902 3359 aut
949 3306 1234 3374 profanum
1290 3309 1452 3362 alium
1479 3350 1493 3373 ,
1531 3313 1684 3380 quasi
1725 3316 2073 3384 magistratus

498 3393 551 3447 in
588 3396 855 3464 republica
892 3398 1163 3452 candidati
1209 3414 1512 3469 sumpsere,
1546 3405 1878 3462 decernitur.
1920 3407 2069 3474 Quos

498 3487 736 3554 quidem,
772 3490 877 3542 nisi
909 3498 1119 3545 mutato
1150 3494 1381 3547 consilio
1406 3496 1471 3547 ad
1499 3498 1694 3564 prioris
1723 3500 1848 3553 vita
1874 3503 2067 3556 rationi

497 3582 904 3637 accommodan
940 3584 1020 3637 usi
1056 3583 1254 3639 fuerint
1276 3625 1291 3648 ,
1330 3589 1675 3645 anathemate
1706 3592 1865 3660 plecti
1893 3595 2067 3663 jubet.

499 3671 597 3735 Qui
629 3688 862 3742 namque
892 3691 951 3729 se
972 3678 1114 3730 sacri
1143 3680 1350 3734 ordinis
1383 3682 1644 3748 dignitate
1677 3684 1889 3750 ipsimet
1919 3688 2071 3741 abdi-

498 3773 731 3824 cassent.
770 3765 855 3819 isti
905 3782 1009 3821 non
1045 3769 1364 3838 depositioni
1397 3782 1650 3841 tauquam
1702 3792 1872 3845 parum
1902 3780 2070 3849 8111ῄί-

497 3856 672 3907 ciendi
714 3856 937 3924 jndicati
976 3871 1105 3915 sunt
1147 3871 1247 3917 :et
1289 3864 1490 3919 idcirco
1520 3870 1754 3936 graviori
1801 3873 2066 3940 supplicio

496 3946 643 4015 digni
681 3950 1078 4007 existimantur.

493 4119 719 4175 ARIST.
766 4122 871 4190 Qui
915 4125 1135 4180 clericus
1173 4127 1234 4194 ﬁt
1265 4139 1357 4182 aut
1401 4131 1709 4195 monac/tus,
1740 4132 1788 4185 si
1816 4134 2064 4187 militiam

579 4222 672 4265 aut
700 4216 1005 4283 dignitatem
1033 4229 1346 4288 arroganter
1370 4222 1598 4287 a/fectet,
1633 4224 1971 4278 maledictus.

564 4299 619 4354 Si
654 4304 742 4371 qui
774 4306 1021 4359 monachi
1065 4308 1147 4362 vel
1164 4310 1270 4378 σηιιί
1303 4311 1471 4365 semel
1510 4313 1563 4365 in
1597 4312 1744 4365 clero
1778 4326 1903 4367 sunt
1934 4330 2063 4369 con-

492 4393 667 4449 stituti
705 4396 868 4464 vitam
902 4399 1199 4455 solitariam
1228 4401 1590 4473 clericamque
1623 4405 1965 4471 deserentes,
2005 4418 2060 4463 et

2177 3206 2306 3277 περὶ
2358 3206 2607 3277 μοναχῶν
2650 3207 2742 3259 καὶ
2800 3204 3077 3274 κληρικῶν
3104 3203 3442 3271 διαλέγεται.
3475 3202 3716 3255 ἀποδυσα-

2177 3297 2355 3367 μένων
2382 3300 2442 3350 τδ
2468 3297 2656 3367 σχῆμα
2683 3297 2744 3350 τὸ
2775 3298 2942 3366 ἱερὸν,
2979 3298 3070 3349 καὶ
3100 3296 3535 3364 ἀμφιασαμένων
3576 3309 3715 3360 στρα-

2173 3390 2429 3442 τιωτικὸν
2480 3389 2685 3460 ἔνδυμα
2738 3391 2813 3452 ὼς
2844 3388 3404 3458 στρατευσαμένωνῆ
3452 3385 3718 3440 πολιτικὸν,

2172 3479 2247 3541 ὼς
2277 3479 2587 3551 ἀξιώματος
2614 3481 3075 3550 ὲπιθυμησάντων
3103 3480 3401 3550 κοσμικοῦ,
3431 3478 3542 3540 οὒς,
3567 3477 3611 3527 εἰ
3655 3478 3717 3541 μὴ

2174 3571 2606 3643 μεταμεληθεῇεν
2634 3572 2732 3626 καὶ
2761 3572 3143 3641 ὲπιστρέψοιεν
3175 3574 3251 3634 είς
3290 3574 3383 3624 τὸν
3414 3570 3541 3639 βίον,
3572 3568 3720 3632 ὅνπερ

2173 3663 2505 3732 προείλοντο,
2542 3665 2635 3717 καὶ
2690 3665 2876 3734 σχῆμα
2906 3665 2985 3734 τῷ
3015 3664 3115 3734 βίῳ
3158 3664 3498 3735 κατάλληλον
3541 3659 3719 3713 ἀναλά-

2173 3754 2341 3813 6οιεν,
2374 3751 2529 3817 αὖθις
2580 3754 3080 3824 ἀναθεματίζεσθαι
3132 3757 3358 3825 ὥρισεν.
3415 3756 3573 3807 Αὐτοὶ
3627 3756 3717 3818 γὰρ

2170 3844 2394 3907 ἑαυτθὺς
2440 3845 2541 3915 τῆς
2592 3845 2744 3910 dtu;
2787 3849 2886 3916 τῆς
2920 3846 3069 3915 ἱερᾶς
3101 3846 3518 3916 γυμνώσαντες,
3556 3844 3717 3896 οὐκέτι

2168 3937 2488 4007 καθαιρέσει
2549 3939 2859 4010 ὑπαχθῆναι
2910 3938 2987 4002 ὡς
3023 3938 3241 3993 κολάσει
3284 3940 3616 4011 ἐκρίθησανο
3653 3934 3721 3986 διῦ

2168 4031 2261 4083 καὶ
2296 4033 2543 4098 μείζονος
2578 4033 2853 4093 κολάσεως
2879 4029 3140 4097 ἐνομίσθη
3154 4048 3251 4084 σαν
3280 4033 3445 4098 ἄξιοι.

2166 4122 2383 4176 ΑΡΙΣΤ.
2428 4124 2490 4177 '0
2534 4127 2861 4192 κληρωθεὶς
2896 4123 2931 4193 ἢ
2977 4125 3281 4194 μονάσας,
3334 4130 3386 4180 εὶ
3424 4125 3522 4179 ἐπὶ
3563 4140 3720 4191 στρα-

2306 4220 2473 4271 τείαν
2501 4217 2537 4286 ἢ
2570 4219 2749 4279 ἀξίαν
2774 4218 3233 4282 άπαυθαδιάσοι,
3264 4218 3582 4287 ἐπάρατος.

2248 4313 2373 4364 Ἐὰν
2402 4312 2453 4363 0i
2490 4309 2759 4379 μονασταὶ
2788 4309 2821 4379 ἢ
2855 4311 2903 4361 0i
2933 4308 3081 4372 ἅπαξ
3113 4312 3172 4361 ιν
3204 4308 3394 4380 κλήρῳ
3423 4308 3714 4378 ταχθέντες

2164 4404 2560 4465 καταλιπόντες
2584 4402 2676 4455 τὸν
2710 4403 2920 4473 μονήρη
2976 4392 3153 4476 Βίονῆ
3189 4403 3279 4457 τὸν
3313 4408 3373 4458 ἐν
3407 4404 3607 4473 κλήρῳ,
3640 4400 3721 4452 καὶ

492 4484 730 4539 habitum
781 4488 1155 4554 itnututautes.
1205 4496 1271 4547 ad
1324 4470 1572 4549 militiam
1624 4500 1959 4564 transierint,
2008 4511 2063 4556 et

2171 4496 2229 4549 τὸ
2278 4495 2465 4566 σχῆμα
2497 4470 2989 4563 μεταλλαξάμενοι,
3016 4495 3110 4547 ἐπὶ
3141 4470 3465 4565 ’στρατείαν
3495 4470 3719 4563 μεταπέ-

500 4580 811 4631 εενοιιΙατειη
856 4582 1094 4636 adierint
1120 4584 1461 4651 dignitatem,
1486 4598 1539 4640 et
1574 4587 1698 4641 fat-ti
1726 4603 1820 4642 eos
1850 4608 1952 4644 non
1988 4593 2058 4645 ita

492 4669 769 4735 pteniteat,
798 4682 856 4725 ut
894 4674 959 4726 ad
1002 4675 1243 4729 habitum
1287 4676 1436 4730 illum
1469 4692 1860 4736 convertantur
1894 4698 2053 4752 quem

491 4763 641 4824 prius
689 4765 987 4841 elegerant,
1034 4772 1582 4830 anathematizentur.
1629 4775 1882 4830 Concinit
1922 4795 2052 4847 ergo

491 4858 746 4921 praesenti
794 4862 987 4915 canoni
1032 4866 1193 4918 etiam
1241 4876 1433 4920 octava
1483 4868 1822 4934 imperatoris
1859 4871 2059 4923 domini

489 4945 684 5003 Leonis
717 4948 1026 5023 Philosophi
1049 4953 1290 5021 Novella,
1310 4974 1416 5012 non
1443 4962 1759 5027 permittens
1781 4965 2059 5018 monachis

409 5028 419 5039 ’
489 5042 612 5096 laici
667 5044 904 5101 habitum
949 5064 1247 5105 resumere.
1295 5050 1492 5107 Verum
1537 5054 1851 5107 constitutio
1886 5056 1946 5109 il
2003 5059 2054 5110 in

491 5138 833 5201 sexagesimo
880 5140 1117 5194 secundo
1168 5143 1342 5210 capite
1392 5144 1478 5197 tit.
1535 5144 1692 5213 primi
1750 5145 1844 5197 lib.
1879 5149 2053 5214 quarti

2168 4606 2337 4640 σωσιν
2379 4589 2411 4656 ἢ
2461 4588 2735 4657 κοσμικὴν
2767 4588 2923 4652 ἀξίαν
2957 4588 3283 4657 μετέλθωσι,
3326 4592 3420 4642 καὶ
3471 4590 3530 4640 οὐ
3568 4603 3720 4655 μετα-

2172 4679 2502 4750 μεληθὼσιν,
2535 4679 2678 4732 ὥστε
2731 4680 3060 4750 ἐπιστρέψαι
3091 4681 3181 4731 ἐπὶ
3215 4680 3275 4732 τὸ
3320 4682 3505 4751 σχῆμα
3556 4677 3724 4741 τοῦτο,

2168 4773 2197 4826 ὂ
2232 4774 2318 4825 διὰ
2350 4774 2483 4826 Θεὸν
2527 4773 2792 4843 πρότερον
2842 4773 3071 4835 εἵλοντο,
3120 4772 3721 4842 ἀναθεματιζέσθωσαν.

2166 4866 2390 4936 Συνᾲδει
2422 4865 2553 4933 γοῦν
2584 4865 2658 4934 τῷ
2690 4865 2921 4932 παρόντι
2951 4866 3135 4918 κανόνι
3168 4868 3261 4918 κα)⁵
3292 4868 3324 4935 ή
3359 4866 3521 4933 ὀγδόη
3552 4862 3726 4929 Νεαρά

2166 4957 2261 5008 τοῦ
2314 4957 2581 5027 βασιλέως
2630 4956 2797 5026 κυροῦ
2848 4960 3077 5020 Λέοντος
3131 4957 3229 5010 τοῦ
3279 4957 3600 5025 Φιλοσόφου,
3658 4950 3724 5019 μὴ

2167 5050 2527 5123 συγχωροῦσα
2555 5054 2665 5115 τοῖς
2703 5051 2997 5120 μονασταίς
3029 5049 3217 5104 λαῖκοῦ
3252 5051 3442 5120 σχῆμα
3487 5046 3720 5111 ἀναλαμ-

2168 5150 2374 5201 ϐάνειν.
2408 5144 2522 5197 Κᾶν
2559 5144 2592 5214 ἡ
2625 5143 2888 5213 ἑνδεκάτη
2917 5141 3164 5205 διάταξις
3186 5141 3263 5211 (2)
3298 5144 3330 5212 ἡ
3357 5144 3417 5192 ἐν
3445 5139 3521 5209 τῷ
3545 5136 3725 5205 ἐξηκο-

1717 5263 1905 5325 Guill.
1944 5267 2267 5343 Beveregii
2309 5274 2473 5326 nota;

569 5361 643 5426 (2)
676 5360 798 5414 Κᾶν
824 5362 862 5429 ἡ
899 5362 1188 5432 ἑνδεκάτη
1238 5364 1528 5428 διάταξις.
1561 5364 1744 5429 Neque
1800 5368 1911 5422 lucc
1936 5384 2065 5423 eou-

503 5432 969 5504 stitutiotneque
1000 5436 1175 5502 ipsum
1213 5444 1373 5504 caput
1405 5438 1471 5488 ab
1516 5435 1769 5488 Aristeno
1808 5438 1894 5491 ltic
1926 5440 2063 5492 cita-

504 5502 723 5574 tum,_i_n
752 5502 999 5559 Basilicis
1029 5502 1308 5572 impressis
1336 5515 1547 5567 exstat;
1588 5506 1641 5559 in
1673 5506 1872 5574 quibus
1898 5510 2061 5562 etiam

507 5574 618 5624 sola
640 5571 711 5644 24
756 5574 932 5641 capita
972 5571 1145 5642 primo
1176 5576 1333 5629 titulo
1374 5576 1551 5644 quarti
1588 5571 1708 5629 libri
1741 5576 1827 5631 hic
1862 5579 2064 5631 laudati

504 5642 875 5709 ascribuutur,
926 5659 1049 5697 eum
1084 5642 1757 5700 Aristenus'undecimam
1794 5651 2064 5701 constitu-

507 5712 706 5764 tiOnem
758 5715 952 5779 capitis
981 5713 1049 5767 62
1096 5715 1246 5768 citet.
1279 5720 1356 5769 Ac
1386 5718 1610 5782 proinde
1654 5733 1721 5771 ex
1757 5720 1877 5781 hoc,
1930 5730 1986 5770 ut
2014 5728 2067 5770 et

514 5796 577 5834 ex
618 5785 893 5840 sexcentis
927 5786 1037 5840 fere
1066 5785 1188 5840 aliis
1219 5786 1377 5848 huius
1429 5787 1607 5855 operis
1667 5786 1818 5846 locis.
1852 5789 2066 5841 abunde

2167 5378 2408 5433 constat,
2442 5367 2667 5419 Basilica
2702 5365 2864 5417 hodie
2912 5364 3173 5432 impressa
3217 5363 3406 5436 mutila
3437 5358 3722 5436 admodum

2169 5450 2221 5492 et
2250 5430 2566 5505 imperfecta
2600 5451 2744 5489 esse.
2779 5436 2929 5499 Quod
2962 5430 3245 5505 a‘tttetniad
3280 5435 3455 5505 locum
3482 5430 3569 5483 hic
3594 5437 3722 5477 etla-

2172 5521 2281 5561 tum
2318 5502 2551 5574 spectat,
2584 5508 2685 5558 hoc
2712 5520 2835 5559 esse
2870 5506 3123 5573 suspicor
3145 5502 3441 5558 Justiniani
3470 5507 3720 5549 smmum

2172 5582 2222 5631 in
2256 5577 2485 5631 Basilica
2541 5575 2818 5633 tralatum.
2858 5574 2917 5629 Si
2948 5592 3067 5628 vero
3115 5576 3409 5642 relinquens
3468 5574 3723 5643 multatic-

2170 5651 2306 5702 rium
2339 5650 2407 5700 ad
2453 5651 2737 5714 quamdam
2793 5649 2964 5698 veniat
3019 5640 3288 5705 militiam,
3332 5650 3425 5694 aut
3454 5640 3522 5691 ad
3568 5640 3723 5688 aliam

2171 5722 2290 5772 vita:
2322 5721 2572 5788 ﬁguram.
2607 5715 2900 5767 substantia
2944 5717 3057 5783 ejus
3086 5718 3245 5768 etiam
3272 5715 3347 5767 sic
3375 5715 3425 5763 in
3463 5716 3721 5788 monaste-

2174 5794 2250 5842 rio
2280 5786 2587 5859 (secundum
2611 5791 2747 5838 aumt
2782 5807 2810 5837 α
2847 5790 2993 5839 nobis
3035 5787 3397 5839 nriaulicmm
3428 5786 3525 5847 cel)
3559 5794 3718 5830 rem!"
