3940 6480
228 401 329 460 Η3

1288 400 1368 457 ΙΝ
1411 398 1576 457 CAN.
1621 399 1766 459 VlII
1822 400 2028 460 (ΣΟΝο.
2070 401 2431 466 CllALCED.

3369 403 3472 465 414

229 512 336 579 στῶ
396 508 636 578 δευτέρῳ
689 511 969 579 κεφαλαίῳ
1023 507 1116 561 τοῦ
1181 510 1399 578 πρώτου
1451 509 1635 562 τίτλου
1701 509 1793 561 τοῦ

1925 511 2120 564 iasilic.
2158 514 2349 578 posita,
2388 523 2440 565 et
2484 513 2735 580 praisettti
2783 515 2976 568 cauoui
3027 525 3079 569 et
3125 515 3208 568 isti
3241 513 3472 567 Novella:

224 603 483 670 τετάρτου
550 601 758 672 βιϐλίου
827 603 933 654 τῶν
993 601 1304 655 Βασιλικῶν
1362 602 1639 672 κειμένη,
1707 603 1801 654 καὶ

223 697 298 763 τῷ
353 695 589 765 παρόντι
641 693 828 749 κανόνι
889 695 986 747 καὶ
1044 697 1113 767 τῇ
1176 693 1367 765 Νεαρᾷ
1421 692 1595 764 ταύτῃ
1653 695 1804 747 ἐναν-

227 789 455 841 τιοῦται.

828 878 1066 933 ΚΑΝΩΝ
1119 879 1204 933 ιιι.

230 974 284 1022 0i
318 971 601 1036 κληρικοῑ
632 968 750 1022 τῶν
772 970 1077 1036 πτωχείων
1108 969 1206 1021 καί
1256 972 1681 1036 μοναστηρίων
1706 967 1801 1020 καὶ

286 1078 526 1129 μαρτυρ
541 1065 637 1113 ’ων
665 1061 783 1115 ὑπὸ
831 1063 946 1126 τὴν
982 1061 1272 1122 ἐξουσίαν
1310 1059 1430 1112 τῶν
1468 1061 1537 1115 ἑν
1575 1059 1800 1127 ἑκάστῃ

293 1153 470 1203 πόλει
522 1153 871 1203 ἐπισκόπων
899 1150 1046 1204 κατὰ
1077 1150 1209 1216 τὴν·
1232 1148 1351 1201 τῶν
1387 1149 1571 1212 ἁγίων
1619 1147 1802 1201 Πατέ-

288 1264 415 1310 ρων
467 1245 810 1310 παράδοσιν
853 1244 1318 1312 διαμενέτωσαν,
1376 1242 1476 1294 καί
1521 1241 1606 1311 μὴ
1654 1243 1803 1294 κατὰ

294 1339 627 1391 αὐθάδειαν
651 1337 1077 1405 ὀρηνιὰτωσαν
1124 1343 1229 1394 τοῦ
1254 1341 1409 1394 ἰδίου
1439 1341 1798 1393 ἐπισκόπου.

301 1433 362 1480 Ol
418 1430 488 1480 δὲ
543 1429 884 1497 τολμῶντες
935 1432 1294 1497 ἀνατρέπειν
1347 1432 1464 1494 τὴν
1520 1432 1804 1490 τοιαύτην

297 1525 689 1585 διατύπωσιν,
744 1527 796 1578 εἱ
838 1526 955 1594 μὲν
1002 1523 1125 1580 εἶεν
1187 1526 1478 1594 κληρικοί,
1514 1526 1637 1590 τοῖς
1683 1523 1804 1577 τῶν

298 1619 574 1670 κανόνων
626 1619 1090 1671 ὑποκείσθωσαν
1124 1619 1439 1685 ἐπιτιμίοις
1466 1634 1478 1647 ·
1516 1621 1566 1672 εὶ
1607 1617 1675 1670 δὲ
1699 1635 1804 1686 μο-

299 1710 578 1775 νάζοντες
615 1710 653 1776 ἢ
687 1712 906 1768 λαϊκοί.
941 1712 1220 1764 ἔστωσαν
1247 1711 1659 1777 ἀκοινώνητοι.

302 1805 495 1857 ΒΛΛΣ.
539 1804 625 1865 Ὦς
653 1804 850 1869 ἔοικεν,
885 1805 1071 1871 ἔλεγόν
1099 1805 1229 1858 ποτέ
1254 1822 1398 1866 τινες
1431 1804 1626 1873 μόνους
1676 1804 1805 1862 τοὺς

243 1897 528 1964 κληρικοῦς
562 1897 660 1963 τῆς
693 1898 1000 1965 ἐπισκοπῆς
1030 1897 1062 1968 ἢ
1093 1898 1188 1965 τῆς
1252 1898 1637 1967 μητροπόλεως
1671 1897 1803 1949 ὑπο-

245 1987 441 2038 κεῖσθαι
468 1987 550 2055 τῷ
579 1986 720 2040 κατὰ
751 1989 936 2057 χώραν
962 1989 1269 2056 ὲπισκόπῳο
1291 1990 1418 2051 τοὺς
1447 1989 1502 2041 δὲ
1536 1989 1802 2056 μοειαχοὺς

249 2076 277 2144 ἦ
307 2077 391 2128 καὶ
447 2078 580 2139 τοὺς
621 2077 917 2146 κληρικοὺς
944 2077 1046 2145 τῆς
1076 2081 1132 2130 ἐν
1167 2080 1281 2139 τοῖς
1328 2079 1802 2148 ὀρφανοτροφείοις

253 2170 333 2220 tu“.
358 2168 745 2236 γηροκομείοις
799 2169 960 2222 θείων
989 2172 1133 2221 ναῶν
1169 2170 1200 2238 ἢ
1232 2169 1328 2222 καὶ
1357 2170 1465 2221 τῶν
1498 2169 1804 2236 ἐκκλησιῶν

260 2259 350 2310 τῶν
383 2259 694 2328 μαρτυρίων
745 2261 818 2330 μὴ
857 2261 1181 2313 ὑποκεῖσθαι
1233 2261 1313 2329 τῷ
1365 2262 1666 2331 ἐπισκόπῳ.
1704 2261 1805 2314 κᾶν

267 2353 356 2403 ὑπό
393 2355 483 2421 τὴν
516 2354 734 2421 ἐνορίαν
767 2354 958 2406 τούτου
1010 2348 1162 2414 ὦσιν,
1196 2355 1330 2431 ἀλλὰ
1361 2354 1455 2406 καὶ
1495 2357 1607 2416 τοῖς
1636 2355 1806 2422 δομή-

262 2462 390 2511 τορσι
421 2446 527 2496 τῶν
562 2447 938 2515 μοναστηρίων
967 2447 1064 2499 καὶ
1109 2447 1216 2499 τῶν
1252 2447 1476 2500 λοιπῶν.
1520 2446 1624 2499 Τὸν
1676 2446 1806 2512 γοῦν

253 2539 472 2590 τοιοῦτον
508 2539 866 2591 ἀκανόνιστον
899 2538 1077 2590 αὑτῶν
1103 2539 1259 2606 λόγον
1293 2539 1342 2590 οἱ
1375 2539 1506 2592 θεῖοι
1563 2539 1807 2610 Πατέρες

249 2615 760 2695 ἀποσκευαζόμενοι,
810 2627 1016 2699 ὥρισαν
1075 2629 1283 2691 πάντας
1310 2630 1538 2692 τούτους
1573 2631 1676 2682 ὑπὸ
1708 2631 1807 2698 τὴν

247 2719 483 2784 ἐξουσίαν
521 2717 660 2770 εἶναι
690 2718 785 2771 τοῦ
819 2719 960 2772 κατὰ
987 2718 1171 2789 χώραν
1199 2721 1501 2774 ἐπισκόπου
1533 2721 1674 2775 κατὰ
1710 2721 1807 2790 τὴν

244 2813 356 2879 περὶ
384 2811 584 2862 τούτου
640 2809 750 2862 τῶν
797 2811 968 2878 ἁγίων
1001 2812 1258 2881 Πατέρων
1288 2813 1588 2884 παράδοσιν
1617 2829 1630 2842 °
1682 2813 1808 2875 τοὺς

242 2897 290 2947 δὲ
322 2897 648 2964 τολμῶντας
681 2898 1012 2968 ἀνατρέπειν
1035 2898 1212 2963 τοῦτο,
1244 2901 1410 2969 ἤγουν
1448 2901 1700 2963 θέλοντας
1734 2903 1806 2970 μὴ

244 2989 562 3041 ὑποκεῖσθαι
615 2990 810 3052 αὑτοὺς
855 2991 932 3059 τῷ
987 2993 1309 3061 ἐπισκόπῳο
1359 2995 1654 3062 κληρικοὺς
1711 2996 1810 3063 μὲν

239 3077 411 3139 ὂντας,
464 3079 830 3146 ἐπιτιμᾶσθαι
870 3080 1023 3148 παρὰ
1069 3080 1160 3132 τοῦ
1207 3082 1508 3133 ἐπισκόπου
1560 3083 1699 3135 κατὰ
1751 3085 1810 3134 τὸ

1907 603 2240 658 adversatur.

2499 878 2726 934 canon
2761 852 2921 934 vm.‘

1909 965 2100 1019 Clerici
2116 969 2651 1035 ptochotrophiorum,
2681 972 3142 1032 monasteriorum,
3172 983 3218 1024 et
3256 974 3476 1042 templo-

1980 1074 2098 1111 rum
2150 1071 2461 1126 martyrum.
2513 1062 2605 1114 sub
2665 1071 2916 1128 potestate
2962 1065 3336 1132 episcoporum,
3386 1065 3475 1140 ῳιρ

1979 1161 2102 1203 sunt
2137 1153 2189 1204 in
2225 1170 2532 1222 unaquaque
2561 1156 2792 1218 civitate,
2824 1173 2887 1208 ex
2913 1167 3211 1209 sanctorum
3254 1155 3472 1210 Patrum

1983 1245 2268 1298 traditione
2297 1256 2657 1312 permaneant,
2689 1258 2737 1298 et
2769 1263 2868 1298 non
2907 1264 2995 1312 per
3026 1249 3380 1315 arrogantiam
3421 1265 3476 1301 se

1980 1358 2010 1390 α
2057 1343 2268 1408 proprio
2312 1342 2548 1407 episcopo
2616 1341 2931 1392 subducant.
2984 1339 3088 1405 Qui
3128 1341 3260 1392 hanc
3303 1352 3474 1394 autem

1983 1435 2409 1487 constitutionem
2444 1446 2665 1486 evertere
2708 1435 2824 1486 attsi
2855 1434 3049 1500 fuerint
3089 1449 3106 1487 :
3142 1435 3188 1486 si
3217 1436 3318 1484 sint
3357 1435 3474 1501 qui-

1979 1526 2093 1577 dem
2122 1526 2312 1587 clerici,
2343 1542 2598 1578 canonum
2632 1527 2794 1590 prunis
2817 1527 3163 1592 subjiciuntur
3192 1542 3212 1579 :
3244 1527 3475 1577 siautem

1981 1614 2225 1666 monachi
2252 1615 2328 1668 vel
2363 1615 2502 1677 laici,
2536 1616 2639 1667 sint
2671 1617 3125 1668 excommunicati.

1982 1807 2175 1863 B.—\LS.
2231 1807 2297 1863 Ut
2355 1819 2437 1862 est
2493 1811 2827 1876 verisimile,
2881 1811 3132 1865 dicebant
3184 1811 3473 1878 aliquando

1907 1902 2167 1959 nonnulli,
2203 1901 2343 1953 solos
2381 1902 2728 1969 episc0patus
2767 1901 2853 1954 vel
2889 1901 3201 1970 metropolis
3234 1902 3464 1953 clericos

1905 1993 2138 2058 regionis
2189 1993 2439 2060 episcopo
2493 1993 2681 2059 subjici
2735 2011 2749 2046 :
2809 1995 3104 2046 monachos
3151 2005 3326 2046 autem
3389 1997 3473 2043 Vel

1906 2088 2066 2138 etiam
2100 2085 2325 2138 clericos
2359 2086 2661 2138 divinorum
2707 2085 3028 2155 templorum
3055 2126 3068 2147 ,
3105 2101 3220 2152 qua:
3258 2097 3380 2138 sunt
3423 2088 3473 2136 in

1909 2175 2385 2243 orphanotrophiis
2416 2175 2495 2229 vel
2531 2177 2693 2229 etiam
2722 2177 3070 2243 gerocomiis.
3099 2177 3179 2228 vel
3216 2179 3373 2227 etiam
3421 2177 3472 2226 in

1907 2267 2287 2335 martyriorum
2314 2268 2579 2329 ecclesiis,
2608 2268 2861 2338 episcopo
2893 2285 2994 2320 non
3025 2269 3236 2334 subjici,
3265 2268 3472 2320 etiamsi

1908 2354 2017 2408 sint
2050 2355 2100 2407 in
2137 2355 2250 2422 ejus
2280 2356 2522 2421 (ἥσει-θεῖ,
2558 2357 2649 2411 sed
2685 2357 2762 2410 eis
2792 2359 2880 2426 qui
2912 2360 3237 2411 monasteria
3271 2369 3322 2410 et
3354 2357 3478 2408 reli-

1907 2463 2010 2516 qua
2044 2447 2397 2501 miliﬁcarttnt.
2426 2447 2574 2501 llanc
2601 2462 2729 2516 ergo
2757 2449 3053 2501 canonibns
3089 2460 3468 2515 repugnantem

1908 2553 2092 2592 eorum
2139 2538 2438 2591 orationem
2474 2537 2648 2591 divini
2686 2536 2872 2591 Patres
2908 2538 3232 2605 rejicieutes,
3277 2545 3478 2588 statue-

1909 2639 2039 2683 runt
2073 2645 2165 2682 eos
2194 2645 2383 2681 omnes
2414 2644 2532 2683 esse
2565 2629 2615 2681 in
2646 2638 2912 2696 potestate
2945 2629 3180 2694 ειιίερορί
3219 2627 3478 2695 regionis.

1910 2718 2208 2772 secundum
2245 2727 2557 2770 sanctorum
2611 2715 2831 2769 Patrum
2880 2717 2944 2768 de
2979 2733 3042 2769 eo
3079 2715 3422 2769 traditionem
3464 2735 3476 2769 :

1914 2810 2208 2878 121“ens
2233 2820 2410 2863 autem
2441 2809 2530 2876 qui
2566 2809 2666 2863 hoc
2700 2819 2948 2864 evertere
2983 2811 3237 2871 audeant,
3269 2809 3350 2862 vel
3384 2825 3480 2862 uo-

1911 2899 2010 2952 liut
2069 2899 2319 2967 episcopo
2368 2900 2598 2964 subjici;
2649 2900 2695 2953 si
2746 2902 2851 2954 sint
2901 2901 3116 2966 quidem
3165 2901 3366 2959 clerici,
3415 2901 3481 2952 ah

1911 2990 2164 3055 episcopo
2210 2990 2414 3055 puniri,
2462 2997 2619 3056 prout
2662 2990 2710 3042 ei
2759 2990 2928 3041 visunt
2964 2988 3126 3042 fuerit
3165 3008 3178 3041 :
3220 2991 3262 3041 si
3302 2999 3479 3042 autem

1915 3081 2161 3132 monachi
2211 3081 2288 3132 vel
2340 3081 2460 3132 laici
2512 3082 2640 3142 sint,
2677 3081 3173 3134 excommunicatos
3219 3095 3340 3132 esse
3384 3094 3476 3131 seu

239 3169 425 3221 δοκοῦν
479 3169 654 3238 αὑτῷ,
706 3169 1037 3237 μονάζοντας
1064 3171 1177 3241 aen
1215 3173 1456 3233 λαῖκοὺς,
1506 3176 1806 3242 ἀκοινωνή-

1925 3183 2247 3240 segregatos.
2277 3171 2533 3225 Ptocheia
2567 3187 2692 3224 vero
2718 3173 2969 3224 dicuntur
2995 3172 3172 3224 omnia
3208 3187 3325 3239 qua:
3355 3181 3478 3222 sunt,

236 3281 353 3326 τους
389 3260 556 3326 εἶναι,
589 3265 759 3334 ἤγουν
787 3251 1225 3332 ἁφῶρισμένους.
1259 3266 1506 3332 Πτιυχεῖα
1538 3265 1592 3316 δὲ
1623 3265 1808 3332 λέγον-

237 3373 316 3406 ται
373 3355 558 3407 πάντα
605 3355 673 3405 τά
726 3356 806 3416 εἰς
857 3354 1094 3422 πτωχῶν
1127 3354 1382 3424 πρόνοιαν
1419 3357 1804 3424 ἀφορισθέντα.

239 3449 294 3498 ΟΞ
337 3445 480 3514 γοῦν
517 3447 757 3516 σήμερον
801 3446 1050 3513 λέγοντες
1113 3446 1397 3516 μοναχοὶῆ
1430 3448 1681 3517 κληρικοὶ
1734 3447 1807 3517 μὴ

240 3538 567 3591 ὑποκεῖσθαι
599 3539 1023 3614 τῷιπατριάρχῃ
1055 3538 1085 3606 ἢ
1119 3538 1196 3607 τῷ
1222 3540 1473 3608 ἐγχωρίῳ
1503 3540 1804 3607 ἐπισκόπῳ,

235 3631 301 3692 ὡς
351 3630 470 3682 ἀπὸ
521 3629 815 3700 ἐλευθέρας
870 3631 1037 3700 μονῆς
1082 3631 1114 3700 ἢ
1151 3631 1441 3701 ἐκκλησίας
1472 3631 1643 3694 ὄντες,
1676 3649 1810 3701 προ-

237 3721 562 3789 εαλλὸμενοι
591 3721 748 3788 δῆθεν
778 3721 872 3774 καὶ
916 3722 1262 3790 κτητορικῶν
1305 3722 1551 3774 τυπικῶν
1583 3722 1807 3790 διατάγ-

238 3829 410 3876 ματα,
439 3813 495 3862 τί
521 3812 654 3878 πρὸς
681 3811 850 3864 ταῦτα
876 3812 1304 3881 ἀπολογήσονται
1328 3829 1344 3877 ;
1388 3813 1611 3874 Πάντως
1634 3813 1807 3868 οὐδέν.

236 3904 353 3955 Κᾶν
394 3903 506 3968 γὰρ
536 3901 788 3970 δομήτωρ
822 3919 906 3963 τις
941 3901 1299 3970 μονοστηρίου
1333 3901 1364 3969 ἢ
1396 3901 1689 3969 ἐκκλησίας
1751 3903 1808 3953 ἐν

235 3993 454 4061 τυπικῷ
491 3992 523 4061 ἢ
580 3993 818 4057 διατάξει
850 3992 1014 4045 αὑτοῦ
1047 3968 1354 4060 διδρίσηται
1391 3990 1462 4059 μὴ
1492 3990 1808 4042 ὑποκεῖσθαι

234 4088 365 4146 τοὺς
426 4084 759 4153 μοναχοὺςῆ
805 4085 927 4146 τοὺς
962 4083 1259 4152 κληρικοὺς
1304 4082 1510 4133 τούτων
1558 4081 1634 4151 τῷ
1671 4084 1809 4134 κατὰ

236 4177 430 4247 χώραν
486 4176 791 4245 ἐπισκόπῳ,
846 4177 944 4227 οὑκ
1003 4176 1513 4242 εἰσακουσθήσεται,
1575 4174 1646 4234 ὠς
1699 4176 1810 4236 τοῖς

237 4269 410 4328 θείοις
449 4268 542 4319 καὶ
597 4267 760 4334 ἱεροῖς
785 4266 1004 4317 κανόσιν
1032 4265 1364 4325 ὑπεναντίως
1397 4263 1808 4332 διαταξάμενος,

238 4361 334 4412 καὶ
374 4361 726 4410 ἀνυπόστατα
756 4358 993 4427 γράψας.
1027 4359 1158 4426 Περὶ
1203 4357 1260 4409 δὲ
1309 4355 1418 4408 τῶν
1459 4357 1815 4424 διαταττομέ-

237 4469 349 4504 νων
404 4451 559 4519 παρὰ
604 4450 714 4502 τῶν
762 4449 1025 4519 βασιλέων
1070 4449 1227 4518 χάριν
1261 4449 1371 4500 τῶν
1411 4448 1561 4518 παρὰ
1607 4448 1813 4501 τούτων

238 4544 581 4612 κτιζομένων
629 4545 1008 4612 μοναστηρίων
1039 4541 1134 4594 καὶ¹
1173 4541 1479 4612 ἐκκλησιῶν
1512 4541 1665 4611 ζήτει
1711 4540 1812 4608 τῆς
1844 4557 1888 4609 ι)

246 4637 539 4706 παρούσης
568 4637 785 4689 συνόδου
818 4635 871 4700 ς’
898 4636 990 4688 καὶ
1017 4633 1080 4698 ιζ’
1106 4636 1323 4687 κανόνα.

247 4785 254 4796 ί
313 4730 566 4781 ΖΩΝΛΡ.
601 4729 815 4792 Πάντας
839 4732 964 4790 τοὺς
995 4730 1053 4780 ὲν
1083 4729 1203 4790 ταῖς
1239 4724 1558 4794 ἐκκλησίαις
1584 4724 1678 4778 καὶ
1713 4725 1814 4777 πό-

239 4823 362 4874 λεσι
413 4822 711 4889 κληρικοὺς
760 4820 850 4872 καὶ
897 4821 1014 4882 ταῖς
1047 4818 1253 4871 τούτων
1282 4817 1516 4888 ἐνορίαις
1549 4815 1816 4885 μοναχοὺς

241 4917 290 4968 οἱ
324 4914 463 4966 θεῖοι
495 4913 715 4974 κανόνες
742 4914 851 4972 τοῖς
880 4911 1202 4972 ἐπισκόποις
1229 4908 1478 4961 ὑπείκειν
1507 4905 1815 4958 κελεύουσι.

243 5004 338 5056 Διὸ
367 5005 459 5054 καὶ
488 5003 516 5054 ὁ
549 5001 740 5068 παρὼν
771 4999 949 5052 κανὼν
978 5001 1102 5062 τοὺς
1142 5000 1252 5051 τῶν
1295 4997 1585 5066 πτωχείων
1629 4995 1818 5065 κληρι-

243 5099 376 5156 κους
403 5095 484 5164 τῷ
510 5094 792 5166 ἐπισκόπῳ
816 5093 1069 5158 ὑπέταξε.
1101 5095 1350 5162 Πτωχεῐα
1379 5091 1435 5144 δέ
1485 5091 1591 5142 εἱσι
1645 5088 1712 5141 τὰ
1739 5088 1819 5147 εἰς

246 5189 482 5258 πτωχῶν
529 5187 889 5256 ἀφωρισμὲνα
943 5185 1217 5253 πρόνοιαν,
1279 5183 1374 5235 καὶ
1428 5180 1719 5249 διοίκησιν,
1753 5177 1820 5230 τὰ

249 5282 595 5349 γηροκομεῖα
623 5279 884 5347 δηλονότι,
903 5276 1358 5344 ὀρφανοτροφεῖα,
1378 5275 1470 5327 καὶ
1496 5273 1566 5324 τὰ
1592 5269 1818 5324 τοιαῦτα

1914 3262 2211 3328 designata,
2237 3271 2294 3312 ut
2328 3261 2589 3313 mendicis
2621 3262 2991 3329 prevideatnr.
3017 3261 3209 3315 Clerici
3237 3276 3365 3328 ergo
3399 3276 3477 3310 vet

1917 3353 2188 3409 monachi.
2223 3352 2312 3419 qui
2347 3353 2532 3404 dicunt
2561 3353 2720 3406 hodie
2753 3366 2809 3404 se
2834 3351 3154 3418 patriarcha:
3189 3353 3268 3404 vel
3302 3352 3478 3420 regio-

1914 3447 2000 3496 nis
2021 3445 2274 3511 episeopo
2299 3459 2402 3495 nou
2424 3458 2545 3496 esse
2569 3443 2864 3510 subjectos,
2890 3453 3143 3512 tanquam
3169 3444 3276 3497 sint
3304 3443 3485 3495 liberae

1915 3537 2215 3589 nutnsionis
2260 3535 2342 3588 vel
2387 3536 2648 3596 ecclesiae,
2697 3535 3035 3603 proferentes
3089 3535 3274 3600 utique
3321 3533 3482 3586 etiam

1917 3642 1944 3678 a
1989 3625 2372 3679 fundatoribus
2411 3625 2675 3679 laetorum
2723 3635 3044 3678 statutorutu
3089 3624 3482 3683 ordinationes.

1915 3716 2044 3786 quid
2068 3719 2132 3770 ad
2172 3717 2284 3770 lucc
2315 3716 2771 3786 respondebunt?
2805 3714 3040 3769 Omnino
3076 3715 3228 3768 nihil.
3265 3715 3484 3767 Etiamsi

1916 3811 2058 3862 enim
2087 3810 2207 3878 quis
2243 3810 2493 3862 fundator
2523 3808 2834 3862 monasterii
2879 3808 2958 3862 vel
2986 3809 3249 3872 ecdesite,
3282 3807 3334 3859 in
3366 3815 3479 3859 sta-

1919 3903 2047 3954 ttttis
2069 3903 2197 3964 suis,
2225 3901 2304 3954 vel
2325 3901 2662 3954 ordinatione
2687 3916 2779 3953 sua
2808 3899 3131 3960 decreverit,
3161 3913 3264 3950 non
3289 3896 3480 3965 subjici

1916 4009 2100 4048 eorum
2130 3995 2420 4045 monachos
2444 3993 2524 4044 vel
2551 3992 2782 4045 clericos
2812 3990 3045 4060 regionis
3067 3991 3341 4059 episcopo,
3376 4006 3480 4044 non

1917 4085 2183 4148 audietur,
2212 4092 2268 4136 ιιι
2297 4086 2388 4153 qui
2417 4084 2615 4137 divinis
2642 4085 2917 4151 sacrisque
2946 4085 3245 4136 canonibus
3270 4092 3488 4135 eontra-

1919 4178 1996 4228 ria
2029 4176 2298 4237 statuerit,
2340 4189 2394 4228 et
2423 4191 2542 4244 quae
2587 4185 2734 4229 stare
2765 4190 2870 4229 non
2907 4187 3150 4243 possunt,
3185 4174 3483 4242 scripserit.

1917 4267 1992 4322 De
2025 4269 2090 4322 iis
2117 4278 2294 4321 autem
2332 4283 2451 4335 qua:
2490 4268 2559 4321 ab
2592 4268 2754 4335 itupp.
2786 4268 3129 4330 ordinantur,
3166 4278 3383 4334 propter
3424 4283 3485 4319 ea

1919 4375 2036 4429 qua:
2065 4376 2092 4410 ιι
2117 4374 2175 4412 se
2195 4369 2550 4414 exstruuntur
2571 4359 2900 4413 monasteria
2924 4370 2977 4413 et
2999 4359 3280 4423 ecclesias,
3306 4372 3485 4426 quaere

1921 4452 2205 4520 praesentis
2236 4453 2426 4521 synodi
2469 4467 2594 4505 can.
2631 4451 2663 4505 6
2691 4460 2745 4505 et
2776 4451 2864 4504 t7.

1992 4715 2243 4772 ZONAR.
2286 4715 2606 4785 Quicunque
2634 4716 2895 4770 ecclesias
2922 4714 3005 4770 vel
3040 4712 3220 4778 urbes,
3252 4711 3334 4766 vel
3365 4714 3492 4766 atti-

1922 4819 2111 4863 nentes
2142 4799 2262 4862 urbi
2314 4809 2558 4879 regiones
2597 4807 2799 4869 clerici,
2849 4816 2942 4861 aut
2991 4805 3241 4861 monachi
3278 4804 3493 4868 colunt,

1921 4903 2301 4972 episcOporum
2334 4902 2642 4955 auctoritati
2684 4901 2914 4970 subjecti
2950 4914 3072 4954 esse
3102 4901 3318 4954 decreto
3352 4897 3492 4952 divi-

1923 5008 2116 5047 norum
2165 5009 2436 5049 canonum
2476 5010 2665 5049 omnes
2694 4995 2972 5062 iubentur.
3009 4995 3273 5061 Quocirca
3305 5003 3359 5049 et
3403 4995 3492 5047 hic

1918 5098 2093 5138 canon
2124 5086 2491 5153 ptoeheiorum
2521 5088 2751 5141 clericos
2783 5088 3040 5156 episcopo
3068 5086 3309 5155 subjicit.
3352 5088 3491 5141 Sunt

1919 5191 2049 5230 vero
2093 5178 2340 5246 ptocheia
2377 5180 2572 5234 domus
2609 5195 2728 5248 qua:
2765 5181 3092 5250 pauperibus
3122 5177 3494 5233 sustentantlis

1925 5269 2249 5323 curandisve
2278 5260 2557 5326 destinata:
2596 5280 2743 5326 sunt.
2789 5273 2974 5336 quales
3010 5287 3086 5327 ea:
3121 5271 3403 5335 videlicet,
3435 5269 3488 5323 in

1489 5408 1675 5470 Guill.
1704 5402 2028 5480 Beveregii
2060 5413 2246 5465 notae.

259 5553 429 5602 nente,
449 5545 556 5609 ipse
587 5542 724 5595 inter
752 5541 1008 5608 ofﬁciales
1036 5541 1320 5593 clarissimi
1354 5538 1638 5609 provincia:
1659 5535 1808 5601 judi—

256 5613 328 5662 cis
365 5608 646 5667 statuetur.
692 5611 898 5664 ethunc
931 5611 1136 5664 habebit
1188 5610 1493 5662 mutationis
1553 5608 1808 5674 fructum,

263 5691 316 5730 ut
341 5684 427 5749 qui
455 5697 663 5732 sacrum
697 5682 1046 5749 ministerium
1091 5681 1348 5742 despexit,
1384 5677 1666 5749 tribunalis
1703 5685 1811 5749 tero

261 5745 364 5802 teni
394 5751 626 5803 observet
659 5752 944 5804 servitium.
988 5748 1277 5803 Justiniau.
1312 5748 1498 5800 Novel.
1525 5747 1581 5813 5,
1612 5761 1728 5810 cap.
1757 5745 1809 5796 6.

264 5817 377 5873 Ιιιυε
403 5823 545 5875 enim
576 5822 912 5884 constitutio,
941 5837 1046 5888 qua
1092 5821 1395 5873 monachus
1431 5816 1812 5869 monasterium

1910 5534 2171 5586 deserens
2230 5534 2372 5587 inter
2428 5534 2690 5590 ofﬁciales
2745 5535 3036 5598 statuitur,
3069 5543 3177 5588 tam
3230 5533 3489 5600 praesenti

1911 5604 2131 5666 cationi,
2177 5618 2335 5670 quam
2371 5605 2568 5661 Leonis
2603 5604 2860 5668 Novella‘,
2891 5604 3164 5660 contraria
3206 5615 3308 5664 est,
3341 5604 3486 5668 qnml

1911 5673 2202 5752 Aristonus
2259 5676 2324 5729 de
2372 5679 2767 5731 constitutione
2799 5692 2828 5728 ιι
2859 5691 2916 5728 se
2947 5690 3009 5727 ex
3038 5672 3286 5726 Basilicis
3318 5675 3484 5726 citata

1913 5751 2134 5797 ιιδεειίι.
