3940 6480
514 368 621 432 ⁷481
1769 359 2047 424 THEOD.
2080 363 2170 422 BA
2182 365 2482 426 LSAMON
3623 366 3716 433 432

517 497 655 553 opus
684 488 765 533 est
796 493 811 532 :
848 478 928 530 hae
958 474 1100 530 enim
1128 471 1453 542 preSbytcris
1477 479 1528 527 et
1558 470 1800 528 diaconis
1852 482 1908 527 et
1949 471 2075 527 reli-

2202 475 2279 528 »ὐκ
2307 475 2522 545 ἔχουσιν
2546 490 2560 505 ο
2592 466 2749 527 αὗται
2773 472 2880 544 γὰρ
2902 472 3315 547 πρεσϐυτέροις,
3340 472 3435 529 καὶ
3458 474 3718 545 διακόνοις,

516 574 639 641 quis
665 569 875 625 clericis
904 565 1251 621 exhibentur.

2202 570 2281 622 ιαὶ
2311 570 2419 632 τοῖς
2445 568 2650 632 λοιποῖς
2679 570 2792 630 τοῖς
2825 568 2884 619 ὲν
2914 567 3100 639 κλήρῳ
3124 567 3473 639 παρέχονται.

1106 678 1335 736 εΑΝθΝ
1374 677 1489 733 Xll.

510 775 769 845 'Perqenit
802 775 868 827 ad
890 790 1018 837 .nos,
1056 772 1195 840 quod
1246 770 1487 840 quidam,
1550 786 1664 824 cum
1715 778 1905 837 pra'ter
1946 769 2083 824 ritus

588 863 963 920 ecclesiasticos
994 861 1062 913 ad
1092 869 1392 927 potentatus
1418 860 1779 921 accessissent,
1803 874 1897 925 per
1955 874 2084 926 pra-

590 958 846 1027 gmaticas
877 970 1034 1007 unam
1065 952 1389 1022 provinciam
1432 952 1487 1005 in
1517 952 1651 1005 duas
1679 951 2002 1005 diviserunt:
2028 960 2085 1003 ut

481 1062 494 1111 ξ
593 1064 657 1101 ex
683 1064 743 1101 eo
761 1050 865 1099 duo
894 1051 1060 1099 essent
1094 1042 1482 1111 metropolitani
1513 1043 1567 1096 in
1596 1044 1776 1096 eadem
1793 1042 2083 1108 provincia.

484 1135 497 1203 ἑ
592 1138 787 1194 Statuit
824 1154 945 1206 ergo
970 1148 1153 1190 sancta
1185 1136 1439 1203 synodus,
1464 1151 1523 1188 ne
1551 1136 1822 1203 episcopus
1846 1135 2087 1203 deinceps

486 1222 495 1293 ἶ
594 1233 700 1286 tale
736 1232 860 1301 quid
896 1230 1131 1283 audeat:
1165 1227 1411 1295 quoniam
1437 1228 1605 1296 is,qui
1630 1228 1728 1281 hoc
1758 1227 2084 1297 aggreditur,

488 1308 493 1353 τ
594 1341 625 1375 a
653 1339 746 1375 suo
776 1321 943 1392 gradu
986 1320 1201 1373 excidit.
1253 1318 1583 1388 Quwcunque
1631 1332 1804 1371 autem
1850 1318 2087 1371 civitates

580 1430 682 1483 iper
739 1414 942 1466 litteras
999 1412 1127 1478 imp.
1193 1410 1489 1478 metropolis
1554 1411 1759 1463 nomine
1818 1410 2088 1464 honorata:

589 1517 730 1570 sunt,
768 1504 877 1557 solo
927 1505 1121 1556 honore
1157 1500 1429 1569 fruantur,
1464 1512 1510 1554 et
1541 1503 1631 1571 qui
1665 1503 1779 1569 ejus
1816 1502 2089 1556 ecclesiam

595 1597 933 1651 administrat
960 1597 1252 1665 episcoims,
1297 1594 1513 1647 servatis
1549 1594 1757 1647 scilicet
1810 1610 1940 1648 verte
1980 1611 2089 1648 me-

2770 678 3009 732 ΚΑΝΩΝ
3062 675 3161 732 lB'.

2189 766 2405 828 Ἦλθεν
2432 774 2518 838 εις
2546 769 2701 840 ἡμᾶς
2733 770 2813 838 ὥς
2842 788 3023 838 τινες,
3049 772 3207 839 παρὰ
3241 771 3380 838 τοὺς
3413 774 3718 842 (inuncta-

2257 862 2504 928 στικοὺς
2537 863 2794 932 θεσμοὺς
2820 860 3310 930 προσδραμόντες
3340 862 3721 932 δυναστείαις,

2258 952 2356 1008 διὰ
2383 953 2804 1022 πραγματικῶν
2838 952 2953 1021 τήν
2980 954 3123 1017 μίαν
3170 953 3468 1021 ἐπαρχίαν
3500 957 3582 1021 είς
3629 958 3726 1011 δύο

2259 1045 2582 1114 κατέτεμεν
2607 1061 2621 1075 ο
2674 1044 2755 1111 ὡς
2797 1045 2866 1098 ἐκ
2916 1046 3130 1099 τούτου
3165 1044 3276 1098 δύο
3317 1050 3728 1114 μητροπολίτας

2260 1132 2411 1190 εἶναι
2444 1139 2515 1189 ἐν
2561 1134 2637 1205 τῇ
2686 1135 2840 1203 αὐτῇ
2878 1136 3153 1205 ἐπαρχίᾳ.
3191 1137 3438 1205 Ὦρισεν
3478 1140 3669 1199 τοίνυν
3695 1144 3729 1211 ή

2263 1228 2401 1296 ἁγία
2426 1225 2688 1293 σύνοδος
2713 1226 2822 1281 τοῦ
2849 1228 3068 1282 ⁶λοιποῦ
3117 1227 3311 1297 μηδὲν
3342 1229 3566 1284 τοιοῦτο
3615 1239 3732 1286 τολ-

2258 1318 2485 1389 μᾶσθαι
2535 1320 2692 1388 παρὰ
2739 1320 3114 1375 ἐπισκόπου·
3170 1322 3301 1375 ἐπεὶ
3362 1323 3467 1376 τόν
3524 1326 3733 1379 τοιοῦτο

2263 1410 2681 1478 ἐπιχειροῦντα
2755 1412 3068 1466 ἐκπίπτειν
3136 1412 3243 1466 τοῦ
3280 1413 3433 1468 ἰδίου
3494 1415 3730 1484 βαθμοῦ.

2267 1502 2441 1555 Ὅσαι
2474 1503 2541 1555 δὲ
2578 1502 2694 1571 ἤδη
2723 1505 2931 1571 πόλεις
2968 1503 3068 1558 διὰ
3114 1506 3472 1575 γραμμάτων
3507 1510 3728 1571 βασιλι-

2266 1594 2390 1648 κῶν
2423 1594 2502 1660 τῷ
2521 1594 2633 1660 τῆς
2648 1598 3070 1664 μητροπόλεως
3095 1597 3471 1664 ἐτιμήθησαν
3500 1600 3732 1666 ὀνόματι,

593 1690 783 1754 tropoli
824 1689 934 1741 suis
969 1686 1204 1756 juribus.

2257 1692 2451 1756 μόνης
2495 1687 2971 1742 ἀπολαυέτωσαν
3024 1688 3133 1755 τῆς
3180 1690 3380 1759 τιμῆς.
3428 1690 3523 1744 καί
3564 1694 3593 1745 ό
3634 1692 3733 1759 τὴν

589 1782 924 1849 ἐκκλησίαν
982 1777 1169 1846 αὐτῆς
1241 1774 1481 1832 διοικῶν
1537 1778 1895 1845 ἐπίσκοπος,
1957 1775 2304 1848 σωζομένων
2357 1781 2648 1850 δηλονότι
2714 1783 2788 1851 τῇ
2841 1784 2970 1837 κατ’
3051 1783 3351 1853 ἀλήθειαν
3397 1787 3736 1855 μητροπόλει

546 1942 549 1946 Α
584 1875 709 1931 τῶν
739 1876 971 1930 οἰκείων
1000 1874 1264 1927 δικαίων.

588 1968 785 2024 BALS.
806 1966 1103 2036 lmperialia
1132 1967 1301 2037 jussa,
1322 1968 1639 2038 pragmatici
1677 1968 1785 2039 typi
1808 1967 2083 2025 dicuntur.

2273 1967 2467 2020 ΒΑΛΣ.
2507 1965 2588 2020 Τὰ
2628 1964 2890 2035 βασιλικὰ
2942 1966 3350 2038 προστάγματα
3394 1982 3718 2037 πραγματικο

522 2064 661 2118 Dicit
697 2076 824 2132 ergo
859 2075 1053 2125 canon,
1084 2059 1225 2129 quod
1254 2061 1510 2127 quoniam
1540 2061 1779 2114 nonnulli
1821 2064 2083 2133 episc0pi,

2202 2060 2356 2113 τύποι
2389 2059 2637 2128 λέγονται
2663 2073 2677 2087 ⁸
2705 2060 2839 2128 φησι
2877 2058 3007 2127 γοῦν
3049 2061 3076 2112 ό
3099 2058 3282 2113 κανὼν
3324 2060 3420 2123 ὡς,
3449 2059 3566 2111 ἐπεί
3611 2076 3731 2123 τινες

522 2163 743 2225 prepter
778 2153 1073 2222 imperandi
1102 2151 1477 2220 cupiditatem,
1526 2152 1657 2222 imp.
1689 2152 1935 2223 jussione
1963 2171 2093 2211 con-

2202 2153 2487 2207 ὲπίσκοποι
2513 2152 2600 2205 διὰ
2631 2151 2924 2223 φιλαρχίαν
2964 2151 3309 2205 ἐσπούδασαν
3343 2152 3483 2206 κατά
3523 2152 3730 2222 πρόστα-

524 2248 833 2310 tsnderunt,
863 2253 929 2324 ιιι
945 2242 1478 2311 metropolitanorum
1512 2243 1711 2299 honore
1732 2243 2089 2312 allicerentur,

522 2346 577 2391 et
609 2351 675 2389 ex
704 2346 769 2389 eo
800 2334 1132 2404 provinciam
1168 2348 1330 2388 unam
1362 2334 1414 2388 in
1460 2335 1594 2390 duos
1646 2335 2092 2407 metropolitanos

518 2427 841 2489 diviserunt,
884 2424 1077 2494 deponi
1113 2423 1339 2488 debent,
1390 2426 1492 2479 non
1538 2427 1715 2481 solum
1761 2427 1806 2481 is
1847 2428 1937 2497 qui
1982 2429 2092 2483 tale

520 2522 836 2572 mandatum
879 2515 1157 2586 imperiale
1188 2515 1568 2585 acquisiverit,
1623 2518 1717 2572 sed
1758 2530 1812 2574 et
1852 2520 1943 2588 qui
1988 2520 2094 2576 tale

520 2608 649 2678 quid
678 2607 893 2677 aggredi
917 2622 1078 2661 ausus
1103 2607 1280 2661 fuerit.
1313 2607 1469 2676 127
1493 2606 1597 2662 Eas
1614 2619 1789 2662 autem
1820 2611 2102 2679 ecclesias,

524 2714 645 2767 quae
671 2709 797 2752 ante
823 2705 1137 2766 praesentem
1181 2710 1441 2750 canonem
1480 2711 1546 2751 ex
1588 2695 1879 2767 episcopali
1927 2697 2103 2768 digni-

526 2802 635 2848 tate
666 2793 1042 2862 metropolium
1073 2792 1278 2847 honore
1308 2789 1678 2861 imperialibus
1698 2788 1869 2861 jussis
1892 2789 2100 2844 affectae

2201 2245 2282 2309 ξιν
2310 2242 2596 2313 βασιλικὴν
2650 2243 2729 2305 εἰς
2783 2243 3196 2312 μητροπολίτας
3250 2242 3567 2313 τιμηθῆναι,
3621 2245 3732 2296 κάν-

2198 2334 2387 2388 τεῦθεν
2420 2336 2518 2404 τὴν
2552 2335 2681 2404 μίαν
2717 2333 2990 2404 ἐπαρχίαν
3012 2333 3207 2387 διεῖλον
3230 2334 3313 2398 είς
3356 2333 3735 2404 μητροπολίτας

2199 2427 2319 2494 δύο,
2349 2426 2627 2496 ὀφείλουσι
2681 2426 3069 2497 καθαιρεῖσθαι
3126 2429 3205 2497 μὴ
3247 2426 3408 2496 μόνος
3461 2428 3489 2481 ό
3536 2425 3737 2492 πορισά-

2204 2537 2362 2591 μενος
2385 2520 2484 2591 τὴν
2516 2517 2776 2589 τοιαύτην
2812 2517 3135 2588 πρόσταξιν,
3172 2518 3321 2572 ἀλλὰ
3370 2519 3464 2572 καὶ
3492 2521 3518 2572 ό
3562 2516 3738 2587 τολμή-

2200 2628 2311 2665 σων
2341 2611 2580 2665 τοιοῦτόν
2625 2628 2686 2665 τι
2726 2611 3101 2682 ἐπιχειρῆσαι.
3140 2610 3260 2675 Τὰς
3310 2611 3489 2681 μέντοι
3537 2609 3632 2679 πρὸ
3662 2608 3739 2661 τοῦ

2197 2706 2464 2776 παρόντος
2505 2702 2727 2767 κανόνος
2771 2702 3096 2773 τιμηθείσας
3146 2701 3451 2773 ἐκκλησίας
3490 2702 3589 2754 ἀπὸ
3642 2701 3741 2751 ἑπι-

2198 2798 2419 2851 σκοπῶν
2449 2799 2528 2861 είς
2570 2796 2931 2866 μητροπόλεις
2962 2795 3104 2847 κατὰ
3143 2792 3448 2863 πρόσταξιν
3473 2790 3728 2862 βασιλικὴν

524 2894 676 2949 sunt,
711 2886 885 2941 solum
921 2886 1179 2939 honorem
1226 2884 1426 2939 habere
1454 2885 1680 2947 statuit,
1732 2895 1915 2952 utpOte
1954 2881 2094 2952 quod

2202 2891 2495 2963 διορίζεται
2549 2888 2695 2959 ἐχειν
2744 2886 2911 2957 μόνην
2961 2888 3058 2952 τὴν
3105 2884 3303 2955 τιμὴν,
3333 2884 3408 2947 ὡς
3433 2887 3536 2937 τῶν
3562 2882 3737 2936 λοιπῶν

518 2978 730 3045 reliqua
752 2975 897 3044 jura,
928 2990 1047 3043 qua
1072 2974 1181 3029 illis
1212 2976 1430 3040 adsunt,
1471 2990 1610 3030 vera:
1640 2974 1922 3045 metropoli
1953 2976 2089 3029 citra

2202 2982 2420 3036 δικαίων
2442 2979 2549 3034 τῶν
2580 2978 2892 3050 προσόντων
2921 2976 3006 3030 ἐπ’
3033 2976 3222 3039 αὑταῖς
3253 2979 3322 3047 τῇ
3352 2976 3488 3029 κατὰ
3512 2974 3737 3045 ἀλήθειαν

525 3070 687 3124 ullam
714 3068 1113 3122 inuovationem
1148 3081 1369 3121 manere
1407 3068 1663 3122 debeant.
1725 3065 1850 3121 llaec
1889 3080 2011 3121 cum
2065 3082 2094 3121 a

2202 3072 2531 3145 μητροπόλει
2546 3071 2871 3141 ὀφειλόντων
2894 3070 3074 3141 μένειν
3094 3069 3567 3138 ἀκαινοτομήτων.
3581 3064 3738 3120 Ταῦτα

515 3173 732 3214 canone
764 3166 1097 3223 statuantur,
1139 3156 1342 3211 dixerit
1380 3157 1648 3226 quispiam
1671 3196 1686 3220 ,
1731 3156 1796 3210 Et
1826 3158 2094 3226 quomodo

2202 3165 2291 3219 τοῦ
2320 3164 2542 3227 κανόνος
2579 3162 2955 3233 διοριζομένου
2993 3159 3126 3232 είπῃ
3152 3176 3264 3224 τις,
3293 3161 3402 3213 Καὶ
3436 3160 3547 3222 πῶς
3581 3156 3737 3221 διαφο-

519 3248 774 3319 permulti
805 3247 1161 3317 imperatores
1188 3246 1490 3315 permultos
1522 3249 1865 3318 episcopatus
1895 3258 2094 3303 metro-

2203 3274 2287 3328 ροι
2315 3255 2554 3328 βασιλεῖς
2598 3256 2889 3325 διαφόρους
2940 3252 3243 3314 ὲπισκοπὰς
3291 3253 3372 3316 είς
3412 3246 3736 3321 μητροπόλεις

527 3338 727 3410 poliam
762 3341 966 3394 honore
991 3339 1324 3394 affecerunt?
1354 3336 1474 3393 iam
1501 3342 1644 3395 enim
1672 3337 2094 3395 Lacedaamonia

2202 3340 2499 3420 ἐτίμησανς
2528 3347 2733 3400 Αὐτίκα
2776 3347 2883 3417 γὰρ
2915 3346 2949 3415 ἡ
2982 3343 3319 3415 μητρόπολις
3351 3338 3741 3411 Λακεδαιμονία(

525 3429 846 3499 metropolis
904 3438 1023 3483 erat
1077 3428 1423 3498 episcOpatus
1484 3438 1729 3485 veterum
1792 3428 2094 3494 Patrarum,

2202 3437 2477 3509 ὲπισκοπὴ
2504 3434 2573 3509 ἦν
2599 3438 2709 3491 τῶν
2756 3438 3004 3490 παλαιῶν
3052 3434 3313 3507 Πατρῶν,
3342 3436 3408 3488 τὰ
3438 3432 3638 3487 Μάδιτα
3660 3428 3741 3496 τῆς

525 3516 1056 3584 Haditaﬂeracleae,
1093 3518 1311 3588 Abydus
1339 3517 1542 3589 Cyzici.
1592 3517 1659 3571 Et
1688 3518 1778 3572 alii
1806 3519 1968 3572 etiam
1991 3517 2094 3587 'epi-

2221 3530 2577 3603 Ἦρακλείας,
2598 3531 2631 3599 ὴ
2665 3528 3030 3598 Ἀὗυδοςτῆς
3077 3526 3344 3591 Κυζίκου.
3378 3524 3486 3578 Καὶ
3525 3520 3667 3574 ἄλλαι
3696 3516 3742 3571 ὁὶ

528 3620 782 3680 scopatus
831 3608 1079 3663 honorati
1126 3616 1272 3662 sunt.
1317 3608 1442 3661 Mihi
1488 3622 1617 3677 ergo
1664 3607 1875 3661 videtur
1920 3622 1987 3661 ex
2033 3605 2094 3662 38

2202 3622 2500 3676 ὲπισκοπαὶ
2522 3620 2883 3690 ἐτιμήθησαν.
2921 3618 3140 3673 Ἔοικεν
3175 3613 3275 3672 οὖν
3301 3617 3409 3672 ἀπὸ
3434 3614 3531 3671 τοῦ
3556 3610 3630 3683 λη’
3658 3629 3741 3665 κα-

524 3715 657 3755 can.
687 3716 810 3772 syn.
843 3702 897 3755 in
925 3700 1131 3763 Trullo,
1162 3709 1216 3754 et
1248 3698 1313 3753 17
1345 3714 1468 3753 can.
1501 3701 1779 3769 pia-sentis
1800 3714 1921 3769 syn.
1953 3700 2094 3768 ejus-

2203 3714 2353 3777 νόνος
2380 3714 2479 3783 τῆς
2510 3714 2569 3765 ὲν
2618 3710 2694 3782 τῷ
2737 3710 2995 3782 Τρούλλῳ
3031 3710 3284 3778 συνόδου,
3312 3711 3405 3764 καὶ
3451 3707 3540 3761 τοῦ
3570 3705 3627 3771 ιζ’
3661 3718 3741 3757 κα-

530 3794 674 3847 modi
722 3794 841 3846 tieri
886 3793 955 3847 ab
1006 3791 1421 3861 imperatoribus
1466 3793 1762 3845 divisiones
1806 3792 2094 3846 secundum

2203 3802 2351 3866 νόνος
2399 3802 2501 3869 τῆς
2550 3801 2831 3874 παρούσης
2863 3802 3110 3867 συνόδου,
3138 3802 3270 3865 τοὺς
3305 3799 3575 3861 τοιούτους
3617 3795 3739 3864 γίνε-

528 3892 854 3954 potestatem
907 3884 1019 3941 illis
1064 3900 1298 3955 superne
1351 3883 1550 3937 datam.
1625 3882 1917 3953 Propterea
1956 3883 2094 3937 enim

2207 3894 2329 3948 σθαι
2395 3895 2660 3966 ὁρισμοὺς
2729 3897 2879 3965 παρὰ
2944 3896 3052 3948 τῶν
3109 3893 3419 3965 βασιλέων,
3477 3891 3612 3946 κατὰ
3662 3887 3743 3955 τὴν

526 3972 692 4030 etiam
711 3973 949 4029 exolevit
972 3976 1007 4029 5
1056 3984 1217 4045 caput
1246 3973 1479 4043 primum
1506 3974 1589 4028 tit.
1616 3973 1650 4026 5
1698 3972 1794 4027 lib.
1820 3970 2094 4028 Basilicor.

2203 3987 2451 4040 δοθεῖσαν
2477 3988 2663 4051 αὐτοῖς
2694 3987 2901 4041 ἄνωθεν
2926 3985 3195 4052 ἐξουσίαν.
3223 3989 3330 4044 Διά
3366 3988 3472 4057 γὰρ
3500 3984 3646 4038 τοῦτο
3670 3977 3746 4032 καὶ

532 4067 678 4136 quod
705 4066 1028 4121 collocatum
1060 4075 1144 4122 est
1175 4067 1225 4120 in
1269 4065 1339 4120 το
1519 4064 1678 4135 primi
1711 4066 1791 4123 tit.
1822 4067 2094 4137 praesentis

2204 4079 2529 4149 ἡπράκτησε
2579 4079 2639 4130 τὸ
2678 4084 2726 4147 γ’
2759 4095 2885 4145 κεφ.
2918 4078 3014 4132 τοῦ
3055 4079 3275 4150 πρώτου
3324 4080 3507 4133 τίτλου
3582 4073 3666 4128 τοῦ
3704 4066 3743 4138 γ’

534 4159 736 4229 operis.
788 4158 1043 4224 Quaenam
1073 4169 1252 4211 autem
1276 4157 1400 4226 jura
1425 4157 1559 4211 esse
1588 4157 1783 4211 debent
1810 4158 1953 4226 apud
1991 4160 2094 4228 pri-

2209 4168 2414 4240 βιϐλίου
2461 4169 2572 4223 τῶν
2602 4169 2941 4224 Βατιλικῶνο
2970 4172 3110 4241 ὅπερ
3142 4170 3497 4242 κατεστρώθη
3527 4168 3602 4231 είς
3628 4164 3679 4218 τὸ
3702 4166 3742 4213 κ’

536 4264 704 4315 mum,
734 4248 943 4303 scilicet
976 4247 1473 4317 metropolitanum,
1522 4245 1576 4299 in
1604 4245 1857 4312 ecclesia,
1889 4262 2007 4316 qua:
2038 4264 2094 4303 ex

2207 4278 2331 4328 κεφ.
2366 4261 2458 4315 τοῦ
2503 4277 2553 4315 α’
2590 4261 2769 4315 τίτλου
2822 4261 2917 4315 τοῦ
2957 4263 3219 4331 παρόντος
3269 4265 3654 4330 συντάγματος·
3680 4254 3747 4307 Τά

533 4344 851 4414 episc0patu
903 4344 956 4398 in
1014 4342 1330 4412 metrOpolis
1385 4344 1704 4412 dignitatem
1759 4352 1944 4398 evecta
2003 4352 2094 4407 est,

2212 4352 2397 4420 μέντοι
2446 4350 2731 4419 ὀφείλοντα
2790 4349 2928 4407 εἶναι
2978 4354 3164 4407 δίκαια
3225 4355 3379 4425 παρὰ
3431 4353 3507 4423 τῷ
3553 4347 3743 4420 πρώτῳ.

534 4435 751 4503 quidam
797 4433 1008 4487 discere
1048 4432 1469 4496 desiderarunt;
1506 4440 1561 4487 et
1598 4431 1701 4486 illis
1740 4434 1939 4487 dictum
1979 4432 2100 4497 fuit,

533 4528 673 4594 quod
707 4533 1067 4594 pimterquam
1100 4524 1243 4590 quod
1281 4523 1619 4590 episcOpatus
1653 4522 1964 4591 metropolis
2004 4538 2099 4576 vo-

532 4628 717 4682 catur,
773 4617 825 4670 in
872 4615 993 4669 aliis
1040 4614 1293 4668 oumibus
1338 4615 1573 4683 antiqua:
1620 4615 1902 4684 metropoli
1943 4616 2101 4669 debet

531 4709 741 4778 subjici.
790 4705 925 4779 Ejus
963 4704 1106 4758 enim
1137 4704 1423 4773 episcopus
1455 4705 1521 4757 ab
1569 4706 1793 4772 antiquo
1826 4715 2100 4774 metropo-

530 4802 699 4855 litano
725 4796 1085 4858 ordinabitur,
1116 4806 1169 4849 et
1202 4796 1269 4849 ab
1297 4795 1415 4864 ipso
1440 4796 1794 4863 judicabitur,
1824 4808 1877 4850 et
1901 4799 1951 4850 ei
1974 4814 2091 4851 om-

532 4896 661 4946 nino
688 4889 1026 4956 subjicietur.
1082 4886 1223 4958 Lege
1257 4888 1418 4941 etiam
1467 4889 1503 4941 2
1556 4903 1815 4943 canonem
1843 4889 1879 4943 ὲ
1904 4892 2096 4959 synodi
2134 4906 2141 4913 ·

530 4994 584 5037 et
618 4984 650 5037 6
676 4993 731 5036 et
757 4981 787 5031 7
815 4996 937 5035 can.
966 4980 1151 5051 prima:
1176 4995 1299 5049 syn.
1364 4980 1486 5034 llzec
1513 4991 1689 5034 autem
1723 4996 1817 5050 per
1847 4983 2099 5050 imperia-

2207 4442 2377 4512 ἤγουν
2401 4443 2796 4516 μητροπολίτῃ,
2832 4446 2972 4500 κατὰ
3015 4446 3115 4515 τῆς
3158 4446 3455 4517 ἐκκλησίας
3484 4444 3576 4512 τῆς
3602 4454 3745 4508 τιμη-

2208 4531 2396 4602 θείσης
2439 4534 2546 4587 ἀπὸ
2575 4536 2882 4606 ἐπισκοπῆς
2914 4537 2994 4600 είς
3024 4536 3364 4607 μητρόπολιν
3395 4532 3656 4605 ἐζήτησαν
3680 4541 3748 4579 τι·

2207 4640 2295 4687 νες
2343 4625 2534 4695 μαθεῖν
2577 4626 2737 4679 ὁποῖά
2778 4630 2929 4679 εἰσι⁶
2979 4628 3071 4679 καὶ
3103 4628 3345 4698 ἥκουσαν
3373 4627 3457 4680 ὅτι
3504 4623 3636 4693 πλὴν
3664 4616 3745 4671 τοῦ
3822 4628 3823 4635 “

2206 4714 2490 4767 καλεῖσθαι
2526 4717 2625 4786 τὴν
2655 4717 2958 4789 ἐπισκοπὴν
2997 4719 3333 4788 μητρόπολιν
3369 4720 3507 4772 κατὰ
3529 4717 3592 4767 τὰ
3629 4709 3746 4767 ἄλλα

2207 4808 2385 4860 πάντα
2455 4809 2773 4863 ὑποκεῖσθαι
2843 4811 2980 4883 αὕτη
3035 4816 3098 4884 τῇ
3157 4814 3371 4886 παλαιᾷ
3442 4805 3746 4882 μητροπόλει

2200 4896 2430 4966 ὀφείλει.
2461 4898 2520 4951 '0
2543 4901 2652 4970 γὰρ
2678 4899 2880 4971 ταύτης
2906 4902 3209 4964 ἐπίσκοπος
3241 4905 3395 4973 παρὰ
3422 4898 3512 4953 τοῦ
3540 4887 3745 4948 παλαιοῦ

2207 4989 2608 5058 μητροπολίτου
2681 4993 3229 5064 χειροτονηθήσεται,
3290 4996 3382 5048 καὶ
3442 4988 3571 5058 παρ’
3617 4977 3747 5043 αὐτῷ

532 5077 635 5130 lem
672 5074 969 5143 iussionem
1014 5071 1172 5125 aliter
1220 5074 1709 5133 transformamur,
1759 5082 1817 5124 ut
1857 5075 2094 5141 superius

2204 5080 2547 5149 κριθήσεται,
2571 5082 2667 5135 καὶ
2694 5084 2879 5147 ἁπλῶς
2907 5086 3056 5155 αὐτῷ
3078 5087 3449 5139 ὑποκείσεται.
3476 5069 3747 5144 ’Δνάγνωθί

530 5168 736 5225 dictum
776 5175 878 5218 est.
930 5163 1068 5234 Lege
1092 5172 1145 5216 et
1178 5178 1300 5233 syn.
1336 5164 1388 5217 in
1421 5162 1604 5215 'l‘rullo
1628 5178 1749 5215 can.
1778 5163 1865 5228 58,
1901 5175 1956 5217 et
1986 5180 2105 5232 spe-

530 5256 743 5311 cialiter
787 5257 918 5325 imp.
963 5256 1424 5323 constitutionem,
1459 5270 1578 5323 quae
1626 5256 1820 5324 partim
1860 5257 1913 5310 in
1958 5257 2101 5312 illius

531 5351 872 5417 expositione
900 5350 1001 5419 sits
1032 5358 1137 5403 est.

2204 5171 2297 5222 nati
2328 5172 2420 5223 τόν
2460 5174 2507 5242 β’
2538 5174 2736 5227 κανόνα
2762 5178 2864 5246 τῆς
2895 5174 2940 5246 β’
2989 5178 3228 5241 συνόδου,
3266 5176 3470 5230 καὶτὸν
3496 5175 3537 5236 ζ’
3563 5172 3649 5221 καὶ
3690 5165 3737 5224 ς’

2211 5266 2409 5318 κανόνα
2440 5268 2537 5337 τῆς
2576 5268 2801 5340 πρώτης
2829 5270 3068 5323 συνόδου.
3102 5271 3289 5324 Ταῦτα
3317 5271 3374 5323 δὲ
3412 5266 3497 5321 διὰ
3533 5256 3743 5331 προστά’

2208 5355 2345 5420 ξεως
2376 5359 2662 5429 βασιλικῆς
2690 5360 2865 5424 ἄλλως
2922 5364 3382 5433 μετατυποῦνται,
3409 5354 3583 5414 καθὼέ
3623 5347 3747 5401 ἀναν

533 5442 624 5496 θεν
648 5442 882 5513 εἴρηται.
920 5437 1222 5507 Ἀνάγνωθι
1250 5438 1342 5491 καὶ
1367 5438 1465 5507 τῆς
1506 5437 1562 5490 ἐν
1584 5435 1662 5509 τῷ
1691 5437 1944 5509 Τρούλλῳ
1979 5439 2093 5525 (ll)
2139 5446 2359 5501 συνόδου
2413 5452 2614 5505 κανόνα
2648 5451 2730 5524 λη’
2756 5458 2849 5508 καὶ
2888 5456 2947 5507 τὸ
2989 5457 3048 5508 ἐν
3078 5456 3155 5528 τῷ
3222 5456 3415 5528 σχολίῳ
3444 5443 3601 5505 αὑτοῦ
3659 5453 3749 5497 καφ

530 5534 839 5606 ταστρωθὲν
865 5531 1145 5600 βασιλικὸν
1178 5530 1471 5600 σημείωμα
1503 5531 1562 5582 ἐν
1600 5530 1783 5598 μέρει.

1782 5622 1975 5684 Guill.‘
2015 5624 2138 5685 Bev
2158 5626 2338 5705 :regii
2372 5638 2553 5692 notae.

606 5726 716 5805 (ll)
754 5727 1076 5805 Ἀνιὶγνωθι
1101 5727 1197 5782 καὶ
1231 5726 1341 5796 τῆς
1381 5725 1452 5779 ἐν
1500 5723 1576 5791 τῷ
1622 5723 1916 5791 Τρούλλῳ.
1974 5724 2094 5781 llaec

2208 5745 2313 5799 (ιιιθ
2359 5733 2425 5789 ad
2475 5735 2534 5787 ὲν
2586 5731 2745 5805 μέρει
2794 5733 3054 5791 inclusive
3133 5737 3185 5791 in
3248 5734 3432 5794 codice
3514 5716 3752 5783 Amerb't'

536 5802 731 5857 cniano
757 5802 1151 5857 desiderantur.
