3940 6480
249 319 355 384 433

245 524 345 577 τοῦ
375 525 534 593 ,ςψα’
575 525 730 590 ἔτους
773 524 1138 588 ἀπολυθέντος
1190 525 1567 595 προσκυνητοῦ
1626 541 1824 595 χρυσο-

245 617 483 670 δούλλου
510 618 605 672 τοῦ
638 617 961 686 θεοστεφοῦς
1000 616 1295 698 κρατίστοιυ
1342 617 1436 670 καὶ
1479 617 1635 685 ἁγίου
1664 617 1822 687 ἡμῶν

245 708 660 778 αὐτοκράτορος
701 710 894 780 κυρίου
933 710 1206 762 Ίσαακίου
1255 707 1349 761 τοῦ
1402 707 1686 774 Ἀγγέλου,
1726 709 1823 759 καὶ

243 801 371 863 τοὺς
395 802 874 868 ἀνακαλουμένους
901 800 1301 871 μητροπολίτας
1329 799 1430 861 τὰς
1458 799 1821 867 διαφερούσας

243 890 465 949 τούτοις
519 892 847 956 ὲπισκοπὰς,
913 894 1008 946 καὶ
1059 894 1138 956 εἰς
1192 889 1549 962 μητροπόλεις
1597 891 1822 961 ἢάρχι-

243 984 562 1045 επισκοπάς
615 984 958 1053 τιμηθείσας,
1011 985 1471 1054 ἐπιστομίζοντος,
1519 984 1616 1052 οὐχ
1661 978 1823 1053 ἦττον

243 1073 297 1126 δὲ
348 1075 448 1127 καὶ
503 1075 631 1137 τοὺς
670 1075 1120 1148 ἐπιχειρήσοντας
1150 1077 1238 1130 ὅτε
1274 1078 1472 1147 δήποτε
1522 1077 1619 1144 τὴν
1671 1075 1824 1145 βασι-

242 1163 400 1234 λικὴν
427 1167 808 1235 ἀποστερῆσαι
832 1168 1116 1238 περιωπήν
1142 1168 1234 1222 τοῦ
1267 1170 1488 1236 ἀνάγειν
1515 1167 1822 1229 ἐπισκοπάς

245 1260 318 1318 είς
354 1258 780 1328 μητροπῦλειςῆ
808 1261 1244 1330 ἀρχιεπισκοπάς
1270 1261 1412 1315 κατὰ
1445 1260 1544 1331 τὴν
1575 1259 1820 1312 δοθεῖσαν

243 1351 430 1412 αὐτοῖς
476 1349 686 1403 ἄνωθεν
731 1351 1001 1419 ἐξουσίαν,
1045 1353 1303 1424 ἠρωτήθη
1341 1353 1490 1424 παρά
1523 1367 1713 1405 τινων·
1756 1349 1822 1403 Τί

245 1444 358 1496 ἐστι
386 1443 451 1494 τὸ
482 1444 878 1512 περιεχόμενον
910 1445 986 1514 τῷ
1016 1447 1199 1499 κανόνι
1222 1449 1380 1516 χάριν
1410 1444 1504 1498 τοῦ
1537 1444 1682 1514 ἔχειν
1724 1446 1822 1507 τὰς

244 1535 575 1604 τιμηθείσας
620 1536 982 1605 μητροπόλεις
1029 1537 1199 1608 μόνην
1233 1539 1332 1608 τὴν
1380 1536 1571 1606 τιμὴν,
1605 1535 1680 1599 ὡς
1713 1535 1822 1588 τῶν

244 1630 414 1682 ἄλλων
451 1629 683 1682 δικαίων
715 1631 1038 1700 σωζομένων
1067 1631 1132 1699 τῇ
1154 1627 1295 1682 κατὰ
1323 1628 1583 1698 ἀλήθειαν
1619 1643 1821 1696 μητρο-

248 1720 425 1784 πόλεις
459 1722 650 1790 Φαμὲν
700 1724 780 1775 ὅτι
826 1722 920 1775 καὶ
970 1721 1031 1773 τὸ
1083 1721 1214 1790 περὶ
1255 1720 1446 1773 τούτου
1510 1719 1818 1788 ἀμφίϐολον

1347 319 1429 380 IN
1469 318 1632 379 CAN.
1664 318 1779 378 XII
1822 318 2025 382 CONC.
2071 324 2433 386 CHALCED.

333 433 498 485 Ἐπεὶ
521 433 576 485 δὲ
607 431 748 486 κατὰ
772 430 864 487 τὸν
897 431 1208 505 ’Δπρίλλιον
1233 431 1380 503 μῆνα
1408 432 1505 502 τῆς
1542 437 1608 484 ια’
1639 431 1827 486 ίνδικτ.
1859 471 1900 524 Α

3394 323 3496 386 434

2004 435 2272 501 Quoniam
2321 445 2497 491 autem
2546 452 2732 494 mense
2774 438 2964 508 Aprili,
3005 440 3064 493 ll
3115 439 3302 494 indict.
3353 455 3496 494 anno

1928 526 2061 580 670i
2113 528 2256 583 edita
2307 545 2519 584 summa
2565 546 2689 586 cum
2739 533 3095 588 veneratione
3148 533 3492 602 suscipienda

1923 617 2096 672 Aurea
2146 620 2288 674 bulla
2331 636 2359 674 a
2404 622 2512 676 Deo
2561 624 2850 689 coronati,
2897 623 3176 678 fortissimi
3221 633 3274 679 et
3321 626 3492 679 sancti

1926 710 2116 776 imper.
2153 712 2340 775 nostri,
2375 714 2574 768 domini
2606 714 2790 768 lsaacii
2822 715 3029 781 Angeli,
3064 729 3183 783 quae
3208 723 3263 767 et
3294 726 3495 769 metro-

1926 803 2176 868 politanis
2214 805 2557 874 episcopatus
2600 807 2663 861 ad
2697 822 2755 861 se
2785 810 3152 876 pertinentes,
3207 818 3261 862 et
3291 817 3492 861 metro-

1926 895 2125 962 polium
2158 895 2235 949 vel
2271 899 2830 968 archiepiscopatuum
2874 901 3082 955 honore
3113 901 3339 954 donatos
3362 937 3379 962 ,
3426 899 3492 952 ad

1925 1000 1983 1037 se
2025 988 2426 1053 revocantibus,
2473 999 2524 1042 et
2573 990 2638 1043 iis
2678 990 2858 1043 itidem
2893 990 2984 1059 qui
3020 989 3350 1058 impcrialem
3389 990 3494 1042 cir-

1926 1070 2385 1143 cumspectionem
2415 1078 2629 1144 privare
2658 1078 3015 1140 conabuntur,
3051 1093 3116 1131 ne
3153 1079 3496 1148 episcopatus

1925 1162 1979 1215 in
2026 1166 2347 1235 nietrOpoles
2379 1175 2432 1220 et
2462 1169 2958 1238 archiepiscopatus
2985 1171 3156 1239 erigat
3197 1171 3494 1224 secundum

1923 1254 2024 1309 sibi
2059 1258 2236 1311 datam
2270 1273 2301 1313 a
2322 1260 2532 1328 superis
2562 1270 2902 1329 pmestatem,
2923 1276 2984 1315 os
3013 1261 3268 1325 occludit,
3296 1277 3326 1316 a
3356 1278 3497 1316 noo-

1925 1347 2084 1402 nullis
2122 1351 2402 1418 quaesitum
2434 1362 2535 1416 est,
2565 1351 2701 1417 Quid
2738 1353 2982 1422 estquod
3014 1368 3220 1407 canone
3252 1369 3498 1422 compre-

1927 1439 2194 1506 henditur,
2235 1453 2294 1495 ut
2332 1443 2534 1498 honore
2573 1443 2778 1498 affectae
2821 1446 3146 1516 metropolcs
3185 1446 3354 1499 solum
3400 1447 3498 1502 lio-

1925 1547 2108 1586 norem
2142 1535 2393 1599 habeant,
2425 1547 2610 1604 utpote
2649 1537 2766 1592 aliis
2792 1538 3006 1608 juribus
3037 1553 3175 1592 verae
3214 1540 3496 1607 metropoli

1923 1625 2193 1679 servatis?
2249 1625 2488 1682 Dicimus
2536 1631 2601 1683 de
2649 1645 2712 1683 ea
2768 1645 2826 1683 re
2861 1630 3251 1684 dubitationem
3291 1629 3358 1684 ab
3399 1633 3498 1685 hac

1925 1715 2267 1784 imperatoris
2302 1720 2682 1774 constitutione
2719 1721 2964 1775 dissolvi.
3018 1722 3311 1786 Quaesitum
3348 1722 3491 1774 enim

249 1812 422 1864 λύεται
453 1814 572 1865 άπὸ
599 1814 691 1867 τοῦ
715 1813 880 1867 αὑτοῦ
913 1812 1191 1884 βασιλικοῦ
1241 1810 1651 1883 σημειώματος.
1684 1812 1815 1863 Συν-

1923 1818 2030 1872 est,
2059 1817 2112 1862 et
2138 1819 2256 1878 post
2278 1810 2476 1864 multas
2499 1809 2686 1891 allatas
2718 1812 2783 1864 ad
2812 1810 3012 1878 justam
3035 1824 3152 1864 esse
3179 1826 3290 1865 rem
3314 1818 3496 1864 osten-

265 1904 496 1974 εζητήθη
558 1907 690 1977 γὰρ.
745 1909 839 1960 καὶ
907 1905 1045 1976 μετά
1096 1905 1296 1967 πολλάς
1327 1903 1686 1972 δικαιολογίας
1741 1903 1819 1956 δι-

259 1998 566 2067 ελὴφθησαν
611 2000 771 2066 χάριν
812 1998 1000 2052 τούτου
1032 1997 1202 2050 ταῦτα
1244 1996 1445 2068 ῥητῶς,
1481 1996 1577 2049 καὶ
1608 1996 1690 2050 ὅτι
1723 1995 1822 2065 μὲν

258 2090 518 2160 καθολικῷ
556 2090 700 2160 λόγῳ
731 2091 828 2144 καὶ
869 2089 1162 2163 διαγνώσει
1193 2087 1427 2156 γενικῶς
1457 2087 1820 2157 ὲκτιθεμένας

263 2184 351 2246 τὰς
394 2187 464 2246 είς
527 2180 1056 2254 ὑπερδαθμιώτερον
1102 2181 1290 2251 θρόνον
1337 2178 1819 2248 ἀναϐιϐαζομένας

269 2276 544 2344 ἐκκλησίας
609 2274 906 2347 προστάξει
986 2273 1266 2345 βασιλικῇ,
1331 2272 1424 2325 καὶ
1490 2271 1591 2341 τῆς
1649 2270 1817 2341 τιμῆς

267 2367 526 2434 ἀξιοῦσθαι
555 2365 758 2437 χρεὼν,
783 2369 876 2421 καὶ
913 2367 1014 2430 τὰς
1045 2365 1260 2435 ψήφους
1303 2366 1360 2418 ὲν
1390 2362 1544 2446 ἀδείᾳ
1586 2361 1819 2432 προϐαί-

257 2477 354 2513 νειν
382 2460 528 2514 κατά
559 2461 652 2513 τὸν
683 2463 742 2514 ὲν
775 2464 841 2531 τῃ
867 2460 1094 2530 Μεγάλῃ
1122 2456 1424 2528 Ἐκκλησία
1457 2454 1812 2526 παρηκολου-

251 2552 442 2621 θηκότα
480 2552 658 2606 τύπον
689 2553 972 2606 κανονικὸν
1000 2551 1110 2605 τῶν
1150 2547 1565 2621 μητροπολιτῶν
1597 2548 1808 2600 συνιόν-

248 2662 364 2709 των,
391 2645 494 2698 καὶ
542 2644 1010 2714 ἀρχιεπισκόπους
1059 2644 1153 2695 καὶ
1203 2640 1608 2713 μητροπολίτας
1645 2638 1816 2708 ψηφι-

248 2738 507 2807 ζομένων,
551 2738 584 2807 ἥ
639 2755 696 2790 τε
744 2737 992 2806 βασιλεία
1072 2754 1174 2807 μου
1228 2735 1582 2801 διαγινώσκει
1638 2734 1730 2785 καὶ
1779 2735 1812 2803 ἡ

249 2829 355 2884 θεία
379 2831 482 2884 καὶ
519 2829 640 2895 ἱερὰ
666 2829 880 2893 σύνοδος
913 2828 989 2899 τῷ
1015 2827 1342 2896 διατάγματι
1370 2825 1562 2895 ἕψεται
1601 2827 1810 2895 τούτῳ·

245 2921 309 2985 ὡς
361 2923 465 2994 τὴν
521 2919 987 2991 ἐκκλησιαστικὴν
1056 2915 1600 2989 παραφυλαττομένῳ
1653 2915 1817 2986 ἀκρί-

244 3015 400 3079 δειαν,
437 3013 543 3066 καὶ
570 3014 670 3083 τῆς
699 3013 989 3080 κανονικῆς
1025 3010 1322 3079 εὐθύτητος
1347 3009 1422 3078 μὴ
1468 3008 1810 3060 ἐκπίπτοντι.

252 3107 552 3173 Ἀνάγνωθι
586 3105 678 3158 οὖν
726 3106 804 3166 είς
859 3103 1062 3165 πλάτος
1097 3101 1158 3154 τὸ
1207 3099 1449 3152 τοιοῦτον
1493 3097 1808 3169 σημείωμα,

1922 1901 2151 1956 dendam
2185 1901 2442 1966 rationes,
2474 1902 2591 1956 haec
2620 1903 2737 1972 ejus
2764 1904 2838 1957 rei
2862 1904 3035 1972 gratia
3067 1918 3322 1972 expresse
3352 1903 3493 1957 dicta

1922 2002 2070 2058 sunt,
2101 2002 2156 2047 et
2193 1994 2332 2062 quod
2365 1994 2652 2048 universali
2692 1994 2924 2062 ratione,
2956 2007 3011 2049 et
3052 1994 3373 2065 generaliter
3401 2009 3498 2070 ex-

1921 2087 2096 2154 posita
2145 2086 2534 2156 diapositione,
2590 2088 2848 2142 ecclesias
2905 2101 3024 2158 qua:
3083 2087 3327 2158 jnssione
3389 2089 3490 2146 im-

1920 2187 2094 2248 perat.
2170 2178 2225 2233 in
2278 2178 2524 2236 altiorem
2581 2180 2834 2235 thronum
2917 2181 3234 2250 eriguntur,
3288 2180 3495 2234 honore

1919 2283 2134 2340 quoque
2161 2270 2352 2341 dignas
2383 2272 2596 2328 censeri
2623 2281 2890 2344 oporteat,
2922 2283 2976 2329 et
3003 2275 3296 2330 electiones
3325 2275 3491 2330 libere

1919 2362 2207 2433 procedere
2245 2379 2311 2418 ex
2357 2362 2528 2419 forma
2567 2366 2848 2428 canonica,
2904 2381 3024 2436 quae
3061 2365 3113 2419 in
3157 2365 3344 2435 Magna
3386 2367 3490 2421 Er-

1918 2455 2082 2510 clesia
2108 2466 2396 2511 consecuta
2424 2464 2525 2521 est,
2554 2458 2984 2527 metropolitanis
3003 2461 3482 2523 convenientibus,

1918 2557 1973 2604 et
2031 2549 2465 2621 archiepiscopos
2530 2566 2595 2607 ac
2651 2551 3092 2621 metropolitanos
3138 2553 3487 2623 eligentibus,

1916 2643 2058 2712 quod
2087 2652 2140 2698 et
2168 2644 2298 2716 imp.
2333 2660 2448 2699 mea
2480 2644 2782 2701 sublimitas
2816 2648 3075 2711 decernit,
3107 2657 3161 2702 et
3189 2650 3327 2703 hanc
3362 2667 3493 2703 con-

1917 2736 2248 2791 stitutionem
2276 2737 2451 2791 divina
2479 2746 2532 2791 et
2563 2749 2749 2793 sancta
2785 2754 2999 2808 quoque
3027 2751 3285 2808 sequetur
3325 2757 3492 2808 syno-

1915 2829 2045 2895 dus;
2079 2837 2136 2883 ιιι
2162 2844 2281 2897 quae
2323 2830 2748 2885 ecclesiasticum
2796 2832 2956 2884 ritum
2988 2847 3251 2886 accurare
3288 2843 3488 2895 servet,

1915 2927 1969 2972 et
2000 2933 2027 2971 a
2063 2919 2322 2972 canonica
2370 2920 2693 2974 rectitudine
2733 2935 2836 2972 non
2890 2920 3124 2974 excidat.
3172 2919 3311 2990 Lege
3357 2936 3489 2988 ergo

1913 3006 2110 3065 diffuse
2138 3009 2274 3064 hanc
2306 3009 2767 3073 constitutionem,
2821 3019 2874 3064 et
2917 3011 3001 3065 dic
3041 3011 3108 3066 iis
3160 3013 3246 3080 qui
3304 3011 3492 3065 dicunt

1914 3100 2077 3169 quod,
2117 3101 2221 3154 nisi
2265 3101 2389 3156 dum
2412 3101 3022 3170 erigiturepiscopatus
3064 3103 3114 3157 in
3145 3104 3484 3172 metropolim

239 3200 321 3250 καὶ
346 3199 472 3251 εἰπὲ
510 3197 646 3266 πρὸς
685 3196 814 3257 τοὺς
841 3194 1099 3261 λέγοντας
1144 3191 1235 3255 ὼς,
1268 3191 1316 3242 εἰ
1351 3191 1424 3258 μὴ
1461 3191 1517 3240 ἐν
1560 3187 1637 3256 τῷ
1674 3187 1808 3240 ἀνά-

1921 3195 2001 3247 vel
2051 3194 2593 3264 archiepiscopatum,
2653 3198 2719 3250 ab
2751 3197 3018 3266 imperial.
3070 3207 3334 3265 potestate
3384 3199 3480 3250 ad-

241 3293 426 3356 γεσθαι
483 3291 586 3356 τὴν
632 3286 937 3356 ἐπισκοπὴν
989 3287 1069 3346 είς
1120 3282 1456 3353 μητρόπολιν
1489 3281 1520 3350 ἢ
1557 3281 1810 3349 ἀρχιεπι-

242 3385 443 3452 σκοπὴν
473 3382 750 3450 προστεθῇ
794 3380 945 3450 ποιρά
983 3379 1081 3443 τῆς
1129 3375 1412 3446 βασιλικῆς
1459 3373 1706 3436 ἐξουσίας
1751 3371 1810 3424 τὸ

241 3477 326 3539 τὰς
373 3477 601 3544 ψήφους
644 3473 849 3526 τούτων
881 3470 1128 3539 γίνεσθαι
1170 3471 1310 3522 κατά
1356 3466 1671 3537 προτροπὴν
1705 3482 1808 3517 πα-

236 3568 584 3636 τριαρχικὴν.
621 3565 648 3615 ὁ
687 3566 806 3616 κατ’
844 3562 1105 3632 ἀλήθειαν
1158 3558 1565 3630 μητροπολίτης
1613 3556 1808 3625 πτοήσει

235 3661 325 3730 τὴν
354 3661 548 3730 ψῆφον
579 3659 758 3711 αὐτῶν
782 3673 796 3689 ·
830 3657 987 3709 τοῦτο
1017 3655 1136 3726 γάρ
1155 3653 1483 3723 φυλάττεται
1519 3653 1613 3702 καὶ
1643 3651 1809 3718 μέχρι

235 3754 322 3806 τοῦ
361 3753 464 3805 νῦν
511 3754 589 3813 είς
621 3750 712 3802 τὸν
755 3745 1134 3816 οίκουμενικὺν
1184 3744 1526 3814 πατριάρχην
1566 3758 1810 3812 χειροτο-

237 3845 496 3914 νούμενον
549 3841 701 3909 παρά
747 3839 840 3892 τοῦ
883 3837 1230 3907 Ἡρακλείας,
1262 3836 1349 3888 διὰ
1399 3834 1459 3887 τὸ
1515 3828 1657 3885 εἶναι
1711 3833 1808 3902 τὴν

237 3934 813 3992 Κωνσταντινούπολιν
848 3933 965 4003 ἦτοι
1005 3930 1303 3992 Βυζάντιόν
1343 3942 1474 3979 ποτε
1507 3925 1602 3978 τοῦ
1643 3923 1812 3992 Ἥρα-

235 4031 414 4088 κλείας
457 4028 770 4096 ὲπισκοπήν
796 4041 810 4055 ⁸
837 4025 920 4078 ὅτι
959 4023 1065 4078 ἀπὸ
1099 4023 1191 4075 τοῦ
1223 4020 1464 4073 τοιούτου
1495 4016 1809 4086 σημειὼμα-

235 4142 316 4186 τος
349 4126 512 4176 πᾶσα
563 4119 789 4187 τοιαύτη
833 4115 1174 4183 δικαιολογία
1212 4114 1602 4183 περιαιρεῖται,
1639 4110 1732 4161 καὶ
1781 4111 1808 4161 ὁ

235 4209 868 4271 Κωνσταντινουπόλεως
915 4208 1017 4261 οὐκ
1065 4207 1123 4272 ἐξ
1188 4205 1437 4273 ἀνάγκης
1500 4201 1653 4270 παρὰ
1708 4198 1802 4252 τοῦ

243 4307 576 4376 Ἡρακλείας
605 4304 1011 4373 χειροτονεῖται.
1039 4297 1426 4368 Εὕρηταιιγὰρ
1469 4295 1561 4348 καὶ
1601 4293 1809 4360 Στέφα-

233 4420 316 4464 νος
341 4405 368 4455 ὁ
403 4399 640 4466 ἀδελφὸς
691 4396 782 4448 τοῦ
816 4394 1080 4464 βασιλέως
1120 4391 1290 4460 κυροῦ
1326 4391 1554 4450 Λέοντος
1585 4387 1678 4439 τοῦ
1713 4387 1807 4437 Σο-

1911 3282 2113 3353 jectum
2165 3282 2343 3347 fuerit,
2396 3299 2584 3339 eorum
2636 3286 2933 3340 electiones
2961 3289 3307 3356 patriarcliali
3360 3305 3483 3344 sua-

1917 3377 2068 3429 sione
2093 3386 2146 3430 et
2195 3377 2515 3430 auctoritate
2547 3378 2743 3432 debere
2783 3369 2920 3440 fieri.
2973 3395 3130 3435 verus
3169 3383 3486 3451 metropoli-

1918 3476 2073 3520 tanus
2096 3482 2282 3521 eorum
2308 3468 2624 3522 electionem
2653 3469 2834 3526 faciet.
2870 3469 2981 3525 [loc
3015 3471 3157 3526 enim
3191 3474 3354 3527 etiam
3386 3474 3486 3527 bu-

1917 3570 2119 3623 cusque
2162 3568 2408 3612 servatur
2450 3559 2502 3612 in
2551 3559 2838 3615 universali
2889 3563 3218 3630 patriarcha,
3268 3566 3356 3634 qui
3419 3568 3486 3618 ab

1917 3645 2189 3703 Heraclem
2233 3650 2639 3720 archiepiscopo
2687 3651 2984 3716 ordinatur,
3029 3654 3282 3722 quoniam
3327 3656 3488 3711 fuerit

1915 3740 2198 3809 aliquando
2217 3740 2709 3810 Constantinopolis
2741 3743 2856 3797 sive
2883 3742 3193 3813 Byzantium
3215 3745 3483 3802 Heracleze

1915 3832 2170 3886 antistitis
2198 3832 2536 3900 episcopatus
2569 3853 2584 3890 :
2628 3833 2731 3898 dic,
2765 3835 3000 3903 inquam,
3027 3837 3170 3905 quod
3204 3841 3303 3892 hac
3347 3856 3476 3892 con-

1914 3923 2193 3976 stitutione
2225 3924 2401 3977 omnis
2428 3924 2567 3992 juris
2595 3925 2817 3979 omnino
2841 3925 3093 3995 allegatio
3126 3929 3347 3992 tollitur,
3383 3946 3485 3984 nec

1918 4014 2553 4082 Constantinopolitanus
2599 4018 2907 4072 necessario
2943 4018 3010 4072 ab
3054 4019 3320 4074 Heraclea:
3366 4023 3484 4091 epi—

1915 4120 2080 4174 sc0po
2109 4106 2409 4159 ordinatur.
2441 4107 2722 4160 Inventum
2751 4120 2832 4162 est
2876 4113 3019 4164 enim
3048 4114 3208 4165 etiam
3250 4114 3485 4183 Stepha-

1915 4198 2184 4266 numjmp.
2206 4198 2407 4252 domini
2431 4197 2624 4252 Leonis
2645 4197 2914 4267 Sapientis
2932 4202 3150 4256 fratrem
3171 4207 3475 4260 ordinatum

1916 4289 2081 4343 fuisse
2110 4289 2647 4355 ConstantinOpoleos
2679 4292 3041 4357 patriarcham
3070 4294 3231 4363 128
3256 4312 3282 4347 a
3310 4296 3485 4350 Theo-

1916 4382 2091 4449 pliane
2129 4381 2538 4449 metropolitano
2585 4382 2860 4435 Cmsareae.
2919 4382 2984 4434 Et
3033 4389 3216 4451 paucis
3285 4387 3482 4441 abhinc

233 4493 330 4563 φοῦ
359 4489 713 4558 πατριάρχης
736 4484 1131 4557 χειροτονηθεὶς
1157 4478 1802 4540 Κ-ωνσταντινουπόλεως,

1921 4473 2069 4526 annis
2097 4471 2356 4526 Leontius
2383 4489 2410 4524 a
2448 4472 2718 4526 Demetrio
2750 4474 3005 4528 (ἔξοδοι-ραι
3032 4477 3459 4545 metropolitano.

233 4588 380 4655 παρὰ
413 4583 726 4652 Θεοφάνους
765 4576 1158 4650 μητροπολίτου
1200 4573 1555 4641 Καισαρείας,
1618 4571 1712 4623 καὶ
1773 4566 1879 4636 πρὸ
1916 4563 2115 4631 ὀλίγων
2166 4564 2376 4634 χρόνων
2433 4566 2460 4617 ὁ
2512 4565 2761 4626 Λεόντιος
2821 4565 2970 4634 παρά
3024 4567 3338 4635 Δημητρίου
3386 4569 3482 4621 τοῦ

237 4680 601 4750 Καισαρείας.

303 4773 557 4829 ΖΩΝΑΡ.
614 4767 928 4821 Ἐπὲσκοποί
972 4782 1137 4828 τινες,
1169 4763 1257 4816 διὰ
1298 4758 1670 4831 φιλοπρωτίαν
1714 4759 1807 4810 καὶ

238 4868 532 4938 φιλαρχίαν
566 4864 881 4934 προσιόντες
922 4863 1034 4924 τοῖς
1097 4859 1377 4929 βασιλεῦσι
1429 4856 1517 4910 διὰ
1569 4872 1810 4925 προστα-

245 4962 480 5029 γμάτων
509 4957 804 5025 ἐγγράφων
824 4969 839 4985 ο
866 4953 1036 5005 ταῦτα
1067 4952 1173 5020 γάρ
1191 4954 1297 5002 εἰσι
1319 4950 1386 5001 τὰ
1410 4945 1770 5016 πραγματικὰ
1793 4961 1806 4975 ⁶

236 5053 460 5123 ᾐτοῦντο
483 5049 582 5112 τὰς
604 5050 813 5108 οἰκείας
838 5042 1143 5104 ὲπισκοπάς
1173 5044 1241 5112 τῇ
1274 5041 1382 5093 τῶν
1417 5037 1810 5109 μητροπόλεων

233 5140 538 5210 τιμηθῆναι
594 5138 827 5205 κλήσει⁹
885 5134 958 5195 ὡς
1023 5132 1166 5184 οὕτω
1227 5130 1549 5200 συμϐαίνειν
1601 5129 1680 5188 είς
1719 5125 1812 5177 δύο

238 5234 511 5304 ,ταρχεας
559 5231 661 5301 τὴν
712 5229 837 5299 μίαν
891 5225 1232 5295 μερίζεσθαι,
1293 5225 1388 5275 καὶ
1444 5222 1503 5273 ἐν
1548 5223 1615 5290 τῇ
1673 5221 1808 5287 αὐτῇ

241 5325 482 5394 ἐπαρχία
517 5321 614 5374 δύο
664 5318 1064 5390 μητροπολίτας
1111 5312 1270 5379 εἶναι,
1303 5312 1397 5366 καὶ
1431 5312 1573 5364 οὕτω
1627 5311 1811 5376 διαφέ-

243 5415 424 5481 ρεσθαι
453 5413 543 5467 ἀλ)
558 5413 703 5479 ἡλοις
749 5411 873 5472 τοὺς
902 5412 998 5479 τῆς
1026 5408 1294 5477 ἐπαρχίας
1336 5404 1553 5474 ἐκείνης
1586 5403 1809 5455 ἐπισκό-

246 5521 400 5565 πους.
435 5504 613 5570 Ὅπερ
648 5499 776 5553 ποτε
836 5501 930 5552 καὶ
957 5500 1014 5551 ὲν
1036 5499 1101 5566 τῇ
1151 5493 1531 5549 Καππαδοκῶν
1573 5491 1813 5560 ἐπαρχίᾳ

251 5595 584 5665 ωμῦἐὸηκε,
613 5590 955 5662 τῆςπόλεως
977 5592 1085 5642 τῶν
1111 5588 1335 5640 Τυάνων
1371 5587 1495 5647 νέας
1535 5583 1815 5654 μητροπό-

249 5685 382 5749 λεως
427 5685 848 5755 γενομένης,ὡς
910 5684 938 5735 ὁ
985 5680 1243 5746 Θεολόγος
1299 5677 1598 5748 Γρηγόριος
1621 5679 1677 5727 ἐν
1738 5674 1816 5745 τῷ

253 5777 518 5848 ἐπιταφίῳ
579 5776 672 5832 τοῦ
729 5773 962 5846 μεγάλου
1011 5771 1291 5825 Βασιλείου
1338 5769 1491 5840 φησί.
1519 5768 1613 5821 Διά
1639 5768 1812 5822 ταῦτα

1987 4752 2236 4808 ZONAB.
2261 4751 2565 4819 Principem
2594 4750 2867 4819 dignitatis
2899 4750 3069 4803 locqu
3095 4753 3330 4821 episcopi
3363 4771 3481 4822 qui-

1909 4848 2030 4902 dam
2067 4844 2346 4897 ambitiose
2367 4841 2702 4904 alfectantes,
2724 4842 3077 4910 imperatores
3107 4843 3276 4909 adire,
3313 4857 3474 4913 atque

1913 4948 1972 4991 ut
2012 4937 2190 4991 edicto
2221 4949 2340 4998 suo,
2378 4933 2520 5001 quod
2574 4933 2662 4986 hic
2722 4935 3041 5002 pragmatici
3103 4937 3212 5006 typi
3261 4941 3481 4991 nomine

1912 5030 2226 5085 intellexere
2268 5026 2476 5092 Patres,
2509 5027 2744 5094 ipsorum
2790 5028 3185 5096 episcopalibus
3217 5029 3476 5084 honorem

1913 5121 2272 5190 metropoleos
2313 5123 2647 5182 decerneret,
2679 5119 2932 5186 precibus
2962 5121 3029 5172 ab
3057 5135 3122 5173 eo
3152 5121 3482 5176 contendere

1913 5213 2055 5266 soliti
2083 5219 2230 5265 sunt.
2268 5208 2404 5263 llinc
2436 5208 2658 5272 factum,
2686 5218 2743 5261 ut
2775 5208 2826 5261 in
2862 5207 2996 5262 duas
3025 5211 3331 5277 provincias
3363 5226 3470 5266 una

1914 5304 2262 5363 divideretur,
2293 5301 2532 5368 duosque
2569 5298 2754 5353 eadem
2799 5301 3069 5369 provincia
3103 5302 3476 5370 metropolita-

1915 5410 2030 5456 nos,
2057 5391 2341 5460 etquidem
2371 5388 2577 5443 crebris
2607 5390 2674 5442 ob
2698 5390 2926 5457 idipsutn
2955 5391 3215 5454 dissidiis,
3251 5402 3476 5446 conten-

1913 5484 2251 5551 tionibusqne
2281 5481 2569 5536 distractos
2599 5481 2844 5536 haberet.
2875 5482 3028 5548 Quod
3077 5491 3131 5535 et
3171 5484 3220 5534 in
3261 5483 3472 5550 Cappa-

1911 5579 2104 5632 docum
2139 5574 2414 5643 provincia
2453 5576 2746 5643 quondam,
2794 5573 3055 5642 Gregorio
3095 5574 3365 5642 Theologo
3416 5576 3468 5627 in

1914 5670 2184 5740 epitaphio
2207 5668 2384 5738 magni
2411 5666 2591 5721 Basilii
2625 5666 2912 5730 referente,
2940 5682 3060 5719 cum
3088 5667 3298 5732 'l‘yanea
3329 5680 3466 5719 nova

1916 5761 2228 5830 mett‘OpOlis
2253 5760 2545 5816 conatituta
2569 5767 2730 5823 esset,
2761 5757 2959 5811 evenit.
2995 5756 3282 5822 Propterea
3317 5771 3476 5810 cano-
