3940 6480
455 321 565 386 1ο39

1722 326 2000 388 ΤΠΕΟΙ).
2036 328 2442 390 BALSAMON

3608 320 3707 386 L50

454 436 724 503 accipere,
756 433 981 488 diversa:
1007 442 1185 486 tamen
1228 447 1256 485 a
1288 442 1432 486 recta
1487 434 1759 501 opinionis
1793 436 2022 489 mulieri-

2135 438 2343 504 ἔξεστιν
2401 438 2733 509 ἑτεροδόξοις
2794 435 3195 499 συνάπτεσθαι,
3240 434 3374 497 τοὺς
3396 431 3454 486 δὲ
3483 450 3709 503 προπαιο

455 525 557 578 hus
574 525 653 578 eis
682 522 931 592 conjungi
958 538 1066 577 non
1085 517 1232 588 lice‘l,
1250 532 1302 577 et
1318 524 1478 591 utqui
1498 539 1562 578 ex
1584 523 1670 577 tali
1694 527 2037 580 matrimonio

452 613 653 669 liberos
684 614 1044 683 susceperint,
1078 629 1172 670 eos
1196 616 1261 668 ad
1289 615 1713 671 orthodoxorum
1740 616 2033 673 Ecclesium

454 705 725 759 adducant
758 722 774 759 :
810 715 868 759 ut
891 706 933 760 si
976 708 1012 760 ii
1055 708 1272 775 quidem
1320 708 1481 778 130
1516 709 1584 763 ab
1620 709 1886 764 haereticis
1943 709 2037 763 ha-

453 796 636 863 ptizati
671 796 894 860 fuerint,
915 811 1105 853 sancto
1148 799 1320 872 solum
1347 801 1638 855 chrismate
1662 804 1984 870 iuungantur
2017 820 2031 855 :

450 889 533 940 sin
555 888 754 952 minus,
782 888 850 944 ab
875 890 1107 946 Ecclesia
1137 891 1499 961 baptizcntnr.
1534 892 1804 948 Similiter
1829 892 2030 948 deﬁni-

454 992 566 1033 tum
604 990 709 1039 est.
753 996 821 1035 ne
863 996 1050 1035 eorum
1080 983 1233 1036 liberi
1269 983 1541 1037 haereticis
1583 984 1665 1038 vel
1719 982 1922 1038 ludatis
1948 983 2030 1037 vel

448 1071 651 1126 Gnecis
676 1073 1090 1142 coniungantur,
1124 1075 1223 1127 nisi
1256 1076 1441 1143 utique
1478 1076 1761 1144 prohibita!
1786 1090 2028 1143 persona:

452 1163 809 1228 polliceantur
831 1180 857 1216 a
889 1180 983 1218 sua
1014 1165 1203 1219 hzercsi
1233 1167 1309 1219 vel
1336 1168 1723 1234 superstitione
1751 1167 2025 1223 recedere.

450 1254 602 1309 Tunc
624 1256 765 1309 enim
790 1256 834 1311 si
867 1257 931 1309 ad
961 1258 1313 1311 orthodoxam
1340 1260 1497 1313 (idem
1521 1261 1869 1325 accesserint,
1895 1277 2027 1314 con-

410 1400 411 1403 η
451 1357 747 1412 sequentur
770 1362 981 1415 quoque
1006 1349 1227 1415 nuptiae.
1264 1349 1369 1403 Eos
1393 1361 1565 1403 autem
1592 1351 1681 1420 qui
1710 1352 1823 1405 haec
1851 1363 2026 1405 trans-

451 1437 789 1504 grediuntur,
823 1437 1102 1491 canonicis
1132 1439 1308 1506 pinnis
1331 1438 1546 1507 subiicit
1570 1443 1838 1509 synodus.
1883 1440 2027 1510 Lege

414 1522 617 1579 .Laod.
652 1540 773 1595 syu.
802 1541 925 1580 can.
974 1526 1042 1580 10
1070 1536 1124 1579 et
1146 1527 1208 1581 3i
1247 1536 1302 1582 et
1330 1528 1519 1583 Carth.
1563 1529 1626 1583 2i
1679 1539 1734 1584 et
1778 1532 2023 1587 invenies

450 1619 691 1688 separari
723 1619 1148 1685 matrimonium,
1182 1621 1325 1691 quod
1347 1636 1469 1676 cum
1496 1622 1755 1678 haeretico
1799 1632 2022 1679 contra—

449 1720 596 1765 ctum
623 1718 728 1765 est.
762 1710 1023 1766 Existimo
1052 1722 1256 1777 autem,
1293 1714 1457 1767 etiam
1485 1727 1607 1768 cum
1653 1715 2017 1783 separatione.

2143 529 2535 599 δοποιήσαντας
2566 532 2629 583 ὲκ
2665 529 2906 583 τοιούτου
2929 529 3109 598 γάμου
3146 527 3431 596 παράγειν
3452 525 3518 577 τὰ
3545 526 3711 578 οἰκεῖα

2138 621 2306 675 τέκνα
2361 623 2515 688 παρᾶ
2554 625 2617 693 τῇ
2661 621 2770 675 τῶν
2824 622 3119 691 ὀρθοδόξων
3173 619 3515 690 Ἐκκ).ησίᾳ’
3572 614 3710 690 ἐφ’ᾧ

2138 715 2185 766 εἰ
2230 714 2328 782 μὲν
2361 714 2603 782 ἔφθασαν
2639 714 2777 767 αὑτά
2809 714 3176 784 βαπτισθῆναι
3206 713 3367 784 παρά
3410 714 3709 781 αίρετικῶν,

2138 805 2432 874 χρισθῆναι
2493 807 2655 871 μόνον
2683 805 2786 860 ὑπὸ
2846 806 3001 872 ἁγίου
3059 805 3239 873 μύρου
3275 820 3290 833 ·
3322 804 3373 856 εί
3411 803 3469 858 δὲ
3500 803 3591 874 μὴ,
3621 805 3711 875 βα-

2137 892 2427 963 πτισθῆναι
2475 893 2581 967 ὑπὸ
2628 894 2726 964 τῆς
2769 895 3114 963 Ἐκκλησίας.
3182 893 3469 957 Ὡσαύτως
3500 894 3700 966 ὡρίσθη

2138 986 2212 1055 μὴ
2272 987 2644 1040 συνάπτεσθαι
2703 990 2772 1041 τὰ
2853 988 3073 1057 τούτωνι
3100 989 3279 1040 τέκνα
3330 986 3628 1058 αἱρετικοῖς
3677 990 3708 1059 ἢ

2144 1078 2423 1142 Ἰουδαίοις
2481 1080 2513 1150 ἢ
2571 1082 2851 1153 Ἕλλησιν,
2898 1084 2947 1134 εἰ
3002 1083 3173 1151 μήπω
3224 1080 3301 1133 τά
3364 1080 3712 1149 κεκωλυμένα

2133 1171 2401 1239 πρόσωπα
2433 1172 2784 1226 κατάθωνται
2817 1174 3123 1240 ἀποστῆναι
3174 1172 3281 1241 τῆς
3317 1171 3528 1233 οἰκείας
3572 1171 3712 1237 αἱρέ-

2132 1280 2267 1323 σεως
2291 1263 2323 1332 ἢ
2349 1263 2666 1331 θρησκείας.
2704 1264 3020 1335 Τηνικαῦτα
3062 1267 3196 1334 γὰρ,
3249 1264 3348 1315 ὲάν
3380 1261 3710 1332 προσέλθωσι

2127 1357 2195 1424 τῇ
2226 1354 2495 1425 ὁρθοδόξῳ
2559 1357 2760 1423 πίστει,
2810 1357 3249 1425 ἐπακολουθήσει
3304 1354 3404 1408 καὶ
3446 1356 3474 1407 ὁ
3523 1354 3708 1422 γάμος.

2128 1447 2269 1509 Τοὺς
2300 1447 2486 1516 μέντοι
2518 1450 2959 1517 παραϐαίνοντας
2983 1449 3158 1501 ταῦτα
3187 1448 3505 1509 κανονικοῖς
3540 1442 3705 1500 ἐπιτι-

2127 1540 2271 1606 μίοις
2294 1541 2694 1595 καθυποϐἀλλει
2722 1544 2753 1611 ἠ
2787 1542 3024 1599 σύνοδος.
3041 1538 3351 1607 ’Λνάγνωθι
3370 1538 3475 1608 τῆς
3500 1539 3556 1591 ὲν
3576 1540 3706 1592 Λαο-

2121 1629 2297 1699 δικείᾳ
2315 1630 2534 1684 συνόδου
2564 1634 2799 1691 κανόνας
2832 1631 2863 1685 ι’
2886 1634 2979 1685 καὶ
3010 1632 3090 1683 λα’
3126 1635 3222 1684 καὶ
3273 1630 3387 1698 τῆς,
3408 1630 3465 1681 ὲν
3492 1629 3709 1699 Καρθα-

2122 1722 2254 1791 γὲνῃ
2289 1721 2490 1776 κανόνα
2518 1724 2725 1784 κα’,καὶ
2748 1725 2998 1794 εὑρήσεις
3020 1722 3417 1789 διασπώμενον
3446 1723 3543 1775 τὸν
3581 1723 3709 1792 μετά

450 1816 546 1857 eos
570 1818 785 1873 quoque
819 1804 997 1873 puniri
1039 1804 1331 1859 secundum
1382 1816 1699 1874 prmsentem
1731 1821 2019 1861 canonem.

2127 1811 2415 1878 αἰρετικῶν
2445 1813 2718 1866 συστάντα
2739 1813 2940 1881 γάμον.
2991 1812 3195 1883 Οίομαι
3227 1814 3287 1866 δὲ
3320 1814 3421 1866 σὺν
3454 1812 3530 1882 τῷ
3570 1815 3711 1866 διασ-

453 1893 545 1949 Sic
568 1895 712 1950 enim
746 1896 812 1950 ad
841 1896 1187 1951 concordiam
1214 1896 1555 1951 deducentur
1582 1912 1836 1953 canones.
1857 1896 2023 1952 Recte

450 1995 628 2041 autem
673 1985 828 2050 dixit,
877 2002 994 2052 eos,
1040 1988 1131 2057 qui
1179 1996 1338 2042 antea
1386 2002 1451 2041 ex
1486 1987 1753 2042 haereticis
1788 1987 2022 2055 suscepti

448 2086 601 2143 sunt,
664 2076 865 2133 liberos
898 2080 964 2133 ad
1021 2078 1273 2133 Ecclesiae
1320 2078 1755 2135 communionem
1805 2078 2023 2133 adduci.

449 2167 570 2221 Scis
616 2167 761 2222 enim
808 2167 1093 2224 haereticos
1121 2167 1175 2221 in
1206 2168 1314 2222 duo
1354 2156 1518 2222 dividi
1549 2183 1567 2231 ;
1616 2178 1670 2221 et
1706 2168 1761 2222 in
1787 2181 1882 2222 eos
1907 2167 2023 2238 qui,

450 2258 591 2326 quod
626 2257 919 2314 secundum
981 2273 1082 2313 nos
1127 2268 1232 2321 est,
1286 2259 1625 2329 mysterium,
1675 2268 1730 2312 et
1777 2257 2015 2313 divinam

448 2349 963 2406 condescensiouem
1009 2348 1329 2418 suscipiunt,
1379 2350 1431 2403 in
1478 2348 1797 2418 quibusdam
1824 2356 2023 2403 autem

450 2441 732 2507 falluntur,
792 2458 930 2513 quos
981 2444 1143 2497 etiam
1197 2443 1516 2498 accedentes
1561 2442 1859 2497 chrismate
1908 2438 2026 2496 solo

451 2534 761 2607 iniungimus
785 2556 799 2591 :
825 2544 880 2590 et
913 2535 969 2591 in
992 2550 1087 2590 eos
1116 2534 1206 2605 qui
1234 2535 1336 2590 hoc
1353 2534 1577 2589 omnino
1597 2548 1702 2588 non
1726 2533 2027 2604 suscipiunt

447 2632 505 2679 et
550 2634 680 2679 sunt
727 2624 997 2690 inﬁdeles,
1042 2623 1260 2683 Judaaos
1285 2625 1497 2681 scilicet
1546 2632 1601 2680 et
1628 2622 1852 2681 Graecos
1888 2638 2025 2694 quos

445 2715 612 2772 etiam
688 2716 1051 2786 baptizamus.
1123 2716 1537 2774 Communionis
1594 2732 1728 2788 ergo
1808 2716 2026 2773 nomine

450 2816 741 2877 utrumque
781 2808 1196 2873 declararimns,
1241 2808 1406 2864 utvel
1430 2809 1724 2864 chrismate
1753 2818 2025 2879 uagantur

450 2898 533 2952 vel
570 2900 931 2968 baptizentur.
963 2900 1106 2970 Lege
1134 2900 1166 2952 7
1205 2915 1329 2955 can.
1354 2900 1391 2954 2
1428 2914 1547 2971 syn.
1580 2901 1814 2970 primum
1841 2914 1959 2970 cap.
1990 2900 2025 2955 4

445 2990 532 3044 tit.
564 2988 653 3043 28.
688 2990 782 3045 lib.
834 2989 1052 3047 Basilio.
1082 2990 1234 3049 9172
1276 3005 1473 3047 canon.
1506 2991 1697 3061 synodi
1731 2992 1784 3045 in
1812 2991 2021 3046 Trulla.

445 3080 513 3137 Et
545 3093 668 3139 nota
700 3083 998 3140 secundum
1046 3096 1363 3151 praesentem
1412 3099 1676 3140 canonem
1703 3085 1873 3141 videri
1900 3100 2026 3155 par-

2127 1903 2329 1974 πασμῷ
2346 1905 2438 1957 καὶ
2450 1906 2806 1976 ἐπιτιμᾶσθαι
2826 1906 3051 1970 τούτους
3068 1905 3211 1959 κατά
3239 1906 3332 1959 τὸν
3352 1906 3598 1975 παρόντα
3623 1923 3709 1957 κα-

2124 1994 2275 2049 νόνα.
2296 1995 2451 2048 Οὕτω
2479 1995 2588 2067 γὰρ
2606 1998 2655 2049 οί
2681 1998 2905 2059 κανόνες
2927 1996 3498 2067 συμϐιϐασθήσονται.
3527 1996 3709 2059 Καλῶς

2123 2086 2181 2140 δὲ
2202 2081 2358 2140 εἶπεν
2379 2086 2618 2155 ὀφείλειν
2645 2088 2771 2151 τοὺς
2793 2088 2900 2159 προ
2927 2087 3119 2141 τούτου
3150 2088 3458 2159 τεχθέντας
3485 2088 3544 2154 ἐξ
3572 2090 3708 2157 αἱρε-

2126 2176 2298 2229 τικῶν
2325 2178 2521 2241 παῖδας
2569 2178 2947 2249 προσάγεσθαι
2976 2182 3042 2251 τῇ
3073 2180 3340 2251 κοινωνίᾳ
3363 2182 3466 2251 τῆς
3484 2179 3706 2251 Ἐκκληο

2127 2268 2273 2332 σίας.
2305 2265 2469 2333 Οἶδας
2504 2270 2613 2341 γὰρ
2640 2272 2724 2324 ὃτι
2745 2273 2793 2325 oi
2825 2272 3093 2343 αἱρετικώ⁵
3122 2274 3205 2335 εἰς
3230 2272 3330 2326 δύο
3359 2271 3705 2344 διαιροῦνται,

2128 2360 2208 2421 είς
2240 2377 2299 2413 τε
2328 2362 2455 2423 τοὺς
2480 2360 2807 2431 δεχομένους
2834 2364 2934 2432 μὲν
2956 2364 3019 2417 τδ
3048 2363 3175 2416 καθ’
3202 2364 3359 2432 ἡμᾶς
3390 2364 3699 2433 μυστήριον,

2125 2452 2218 2502 καὶ
2262 2450 2365 2520 τὴν
2395 2451 2585 2522 θεῖκὴν
2647 2452 3084 2521 συγκατάϐασιν,
3118 2451 3180 2505 εν
3205 2470 3325 2506 τισι
3382 2452 3441 2506 δὲ
3492 2451 3708 2522 σφαλλοο

2128 2538 2353 2608 μένους.
2386 2538 2482 2605 οὓς
2509 2543 2605 2595 καὶ
2656 2543 2819 2614 μύρῳ
2870 2542 3020 2613 μόνῳ
3069 2543 3313 2615 χρίομεν
3339 2542 3707 2613 προσερχομέ-

2124 2648 2273 2696 νους,
2310 2634 2406 2685 καὶ
2439 2635 2521 2697 είς
2569 2634 2695 2697 τοὺς
2742 2635 2923 2705 πάντη
2959 2634 3035 2706 μὴ
3064 2630 3403 2708 δεχομένους
3443 2634 3598 2688 τοῦτο
3619 2633 3705 2688 καὶ

2125 2723 2285 2787 ὂντας
2312 2724 2600 2791 ἀπίστους,
2672 2727 2959 2792 Ἰουδαίους
3015 2728 3268 2797 δηλονότι
3297 2730 3391 2782 καὶ
3421 2728 3701 2794 Ἕλληνας,

2126 2815 2221 2879 οὓς
2269 2819 2363 2871 καὶ
2425 2819 2783 2888 βαπτίζομεν.
2822 2820 2912 2891 Τῷ
2937 2822 3163 2892 όνόματι
3190 2820 3331 2892 γοῦν
3395 2824 3494 2891 τῆς
3530 2836 3703 2872 κοινω-

2125 2909 2247 2973 νίας
2320 2911 2674 2981 ἐδηλώθησαν
2723 2915 2817 2967 καὶ
2877 2915 3225 2985 ἀμφότεροι,
3284 2913 3430 2968 ὥστε
3480 2914 3512 2983 ἢ
3557 2912 3701 2983 μύρῳ

2124 3003 2412 3073 χρισθῆναι
2463 3005 2497 3076 ἢ
2528 3006 2913 3075 βαπτισθῆναι.
2952 3007 3296 3075 Ἀνάγνωσον
3322 3007 3413 3061 τὸν
3447 3006 3493 3071 ς’
3515 3006 3697 3058 κανόνα

2125 3094 2222 3163 τῆς
2251 3096 2295 3164 β’
2326 3098 2646 3163 συνόδου,τδ
2669 3096 2718 3152 α’
2747 3116 2871 3169 κεφ.
2892 3099 2988 3154 τοῦ
3016 3097 3056 3152 δ’
3073 3098 3259 3152 τίτλου
3278 3098 3376 3153 τού
3406 3097 3494 3168 κη’
3510 3094 3696 3167 βιϐλίου

446 3187 554 3231 tem
598 3176 839 3234 ecclesiae
876 3192 1091 3249 cogere,
1145 3188 1205 3233 ut
1276 3177 1498 3234 Latinos
1548 3179 1878 3247 rejiciamus,
1924 3176 2018 3250 qui

2251 3155 2592 3251 ’Βασιλικῶν,
2620 3186 2717 3240 καὶ
2747 3155 2841 3240 τὸν
2869 3186 2947 3256 οβ’
2976 3186 3174 3243 κανόνα
3193 3189 3295 3257 τῆς
3330 3190 3390 3242 ἐν
3414 3155 3702 3258 169.1906)-

444 3283 642 3325 uxores
677 3284 742 3324 ex
777 3273 1038 3325 liomaina
1077 3269 1258 3324 volunt
1293 3270 1562 3339 accipere.

2125 3267 2205 3338 λῳ
2228 3273 2471 3329 συνόδου.
2505 3276 2616 3327 Καὶ
2644 3276 2956 3346 σημείωσαι
3017 3276 3101 3331 ὅτι
3153 3279 3304 3331 κατά
3335 3278 3428 3330 τὸν
3467 3277 3693 3344 παρόντα

445 3364 669 3430 κανόνα,
696 3364 771 3428 ὡς
818 3363 1015 3429 ἔοικεν,
1066 3363 1369 3431 ἀναγκάζει
1426 3365 1487 3417 τὸ
1547 3363 1719 3433 μέρος
1757 3361 1858 3431 τῆς
1893 3357 2220 3427 Ἐκκλησίας
2292 3368 2419 3429 τοὺς
2486 3369 2751 3433 Λατίνους
2818 3368 3147 3438 ἐξόμνυσθαι
3216 3371 3475 3436 Θέλοντας
3526 3370 3697 3440 γυναί’

446 3475 550 3521 κας
586 3457 776 3512 λαϐεῖν
804 3457 869 3508 ἐκ
912 3457 1010 3525 τῆς
1054 3457 1387 3524 Ῥωμανίας.

516 3553 772 3610 ZONAR.
806 3556 918 3610 iloc
940 3557 1078 3611 idem
1105 3566 1159 3609 et
1200 3554 1507 3607 Laodiceua
1560 3553 1799 3621 synodus
1844 3550 1912 3604 10
1963 3556 2017 3601 et

447 3648 506 3701 3i
562 3660 616 3701 et
666 3647 1112 3717 Carthaginensis
1160 3646 1225 3699 ‘2!
1292 3659 1502 3699 canone
1548 3657 1818 3698 sanxere:
1873 3650 1928 3695 et
1962 3640 2014 3694 iu

448 3738 636 3792 Trullo
679 3737 858 3807 palatii
892 3736 1161 3791 celebrata
1189 3732 1525 3789 cecumenica
1573 3729 1813 3801 synodus
1844 3728 2012 3797 pluri-

450 3830 553 3883 bus
586 3828 761 3883 adhuc
783 3828 965 3882 verbis
996 3827 1300 3896 explicavit.
1334 3824 1441 3879 Sed
1485 3819 1931 3891 Carthagineusis
1951 3822 2015 3873 de

448 3919 577 3974 solis
595 3918 829 3992 clericis,
851 3917 1303 3988 quemadmodum
1321 3926 1374 3971 et
1395 3917 1483 3970 hic
1506 3930 1703 3977 canon,
1734 3910 1973 3983 loquitur
2000 3929 2014 3963 :

425 4006 754 4068 'Laodicena
780 4028 933 4077 vero,
955 4021 1011 4067 et
1034 4011 1311 4072 Trttllana,
1339 4010 1766 4065 orthodoxorum
1799 4020 2022 4077 prorsus

447 4108 686 4159 omnium
745 4107 1086 4160 matrimonia
1137 4121 1259 4160 cum
1324 4103 1587 4159 haereticis
1659 4101 1900 4164 damnat,
1959 4114 2023 4151 ac

453 4196 675 4265 nuptiali
702 4199 950 4264 quamvis
981 4195 1184 4251 findere
1230 4204 1513 4250 contracto
1550 4193 1705 4247 irrita
1748 4191 2024 4246 nihilomi~

354 4324 359 4327 Α
448 4304 551 4341 uns
597 4303 716 4343 esse
769 4289 1030 4342 decernit.
1080 4288 1199 4341 Non
1256 4287 1510 4341 omnibus
1555 4295 1730 4338 tamen
1764 4283 1920 4347 locis,
1958 4294 2021 4336 ut

450 4379 566 4445 ipsa
601 4380 757 4446 hujus
786 4382 1013 4434 canonis
1048 4379 1212 4433 verba
1263 4377 1395 4430 satis
1438 4375 1700 4440 indicant,
1733 4373 2021 4428 lectoribus

2200 3551 2444 3604 ΖΩΝΛΡ.
2501 3549 2673 3604 Τοῦτο
2723 3551 2881 3621 καὶὴ
2945 3553 3002 3604 ὲν
3049 3550 3349 3623 Λαοδικείᾳ
3400 3549 3611 3609 σύνοδος
3645 3548 3695 3599 ὲυ

2128 3638 2159 3691 ι’
2195 3642 2289 3693 καὶ
2345 3639 2425 3692 λα’
2469 3644 2655 3694 κανόνι
2712 3641 3108 3703 διετυπώσατο,
3170 3643 3270 3695 καὶ
3300 3645 3335 3711 ἠ
3376 3644 3435 3695 ὲν
3486 3638 3694 3709 K290:-

2126 3733 2255 3805 γένῃ
2287 3736 2344 3786 ἐν
2372 3732 2455 3786 κα’
2513 3733 2815 3799 διετάξατο,
2873 3734 2968 3786 καὶ
3016 3734 3048 3801 ἡ
3104 3734 3162 3786 ὲν
3190 3735 3272 3803 τῷ
3331 3730 3582 3803 Τρούλλῳ
3609 3727 3692 3782 τοῦ

2125 3824 2393 3879 παλατίου
2427 3827 2672 3879 συστᾶσα
2701 3826 3059 3895 οἱκουμενικὴ
3120 3825 3342 3888 σύνοδος
3371 3821 3693 3889 πλατύτερον

2124 3917 2436 3986 διωρίσατο.
2455 3917 2595 3969 Ἀλλ’
2630 3919 2664 3987 ἡ
2694 3916 2792 3985 μὲν
2812 3918 2871 3969 ὲν
2906 3916 3236 3987 Καρθαγένῃ
3260 3916 3479 3979 σύνοδος
3507 3911 3691 3982 ὁμοίως

2123 4010 2202 4080 τῷ
2230 4011 2459 4081 παρόντι
2485 4011 2670 4063 κανόνι
2700 4011 2827 4077 περὶ
2868 4010 3044 4077 μόνων
3068 4009 3355 4077 κληρικῶν
3376 4008 3688 4070 διαλέγεται*

2123 4104 2157 4171 ἡ
2185 4102 2324 4154 δὲέν
2380 4102 2692 4171 Λαοδικείᾳ,
2751 4101 2845 4153 καὶ
2878 4103 2910 4170 ή
2949 4102 3007 4152 ὲν
3040 4100 3117 4169 τῷ
3159 4100 3425 4169 Τρούλλῳ
3452 4090 3692 4155 καθάπαξ

2123 4193 2287 4243 ’παντῖ⁹
2326 4190 2591 4260 ὀρθοδόξῳ
2647 4191 2988 4259 ἀπαγορεύει
3068 4191 3455 4245 συναλλάττειν
3526 4187 3690 4255 γάμον

2124 4286 2260 4351 προς
2288 4284 2620 4351 αἱρετικοὺς,
2654 4284 2749 4334 καὶ
2802 4283 3139 4336 διασπᾶσθαι
3197 4284 3297 4336 τὸν
3331 4281 3570 4336 τοιοῦτον
3594 4276 3681 4344 γά-

2125 4390 2245 4440 μον,
2306 4371 2408 4424 κᾶν
2440 4374 2690 4439 γένηται.
2734 4373 3201 4442 παρακελεύεται.
3258 4371 3347 4435 Ὡς
3400 4370 3454 4423 δὲ
3490 4370 3552 4420 ἐκ
3601 4365 3690 4431 τῆς

434 4467 577 4537 ,ulim
631 4478 685 4522 et
739 4468 1080 4531 cantoribus,
1122 4477 1405 4536 postquam
1458 4466 1512 4521 in
1572 4467 1720 4521 illum
1774 4466 2018 4520 ordinem

2130 4463 2457 4533 συγγραφῆς
2489 4463 2584 4515 τοῦ
2630 4465 2897 4531 παρόντος
2931 4464 3149 4525 κανόνος
3184 4463 3460 4535 δηλοῦται,
3480 4461 3537 4513 οὐ
3564 4474 3688 4509 παν-

450 4564 685 4632 coaptati
745 4564 948 4628 forent,
1002 4575 1201 4616 uxores
1254 4562 1454 4615 ducere
1498 4560 1820 4630 permissum
1875 4557 2015 4617 fuit;

449 4656 698 4723 quamvis
730 4654 1024 4722 apostolico
1058 4667 1261 4706 canone
1287 4651 1359 4706 26
1385 4654 1499 4706 haec
1550 4652 1859 4706 continente
1889 4665 1905 4701 :
1942 4647 2014 4701 Ex

449 4745 699 4799 omnibus
729 4746 819 4813 qui
859 4746 909 4798 in
942 4743 1147 4798 clerum
1207 4744 1479 4808 leguntur,
1531 4742 1577 4796 si
1632 4743 1855 4797 caelibes
1911 4740 2019 4795 sint

452 4836 790 4889 matrimonia
851 4835 988 4890 inire
1055 4835 1353 4890 lectoribus
1399 4834 1531 4887 solis
1595 4844 1665 4887 et.
1700 4837 2019 4893 cantoribus

450 4928 633 4985 iiceat.
664 4926 907 4983 Clericos
964 4927 1129 4993 igitur
1176 4925 1535 4989 orthodoxos,
1585 4926 1843 4997 coniugio
1895 4943 2016 4983 cum

450 5019 667 5074 feminis
692 5034 720 5072 a
747 5030 891 5073 recta
936 5018 1195 5088 religione
1218 5018 1410 5073 alienis
1429 5019 1480 5071 in
1514 5026 1790 5086 posterum
1822 5021 2017 5075 sociari

448 5112 670 5165 omnino
688 5111 924 5182 synodus
946 5120 1115 5167 velat.
1135 5109 1236 5176 Qui
1257 5124 1387 5164 vero
1411 5108 1602 5165 sociati
1620 5119 1800 5175 antea,
1823 5111 2019 5165 liberos

452 5218 666 5271 quoque
712 5218 1024 5273 suscepere,
1068 5218 1161 5257 eos
1206 5202 1330 5257 licet
1360 5202 1429 5257 ab
1476 5203 1743 5257 haereticis
1767 5203 1877 5272 jam
1926 5203 2022 5258 ba-

453 5293 683 5363 ptizatos
713 5293 932 5358 ducere,
985 5303 1151 5361 atque
1198 5290 1455 5346 Ecclesia:
1504 5291 1783 5347 catholicae
1825 5292 2019 5349 sistere

448 5385 723 5453 iubentur.
747 5384 977 5439 Adducti
1008 5385 1180 5449 enim,
1204 5382 1287 5437 vel
1308 5394 1501 5439 sancto
1525 5385 1818 5439 chrismate
1843 5385 2015 5441 solum

453 5472 801 5544 inungentur,
826 5473 869 5528 si
894 5474 961 5527 ab
980 5472 1248 5528 haereticis
1277 5483 1490 5543 recepto
1514 5473 1580 5526 ah
1606 5474 1844 5530 Ecclesia
1869 5490 2020 5531 more

455 5558 707 5631 baptizati
762 5562 908 5626 sint;
937 5565 1040 5625 vel,
1071 5560 1115 5615 si
1164 5560 1341 5615 alieno
1376 5560 1442 5614 ab
1468 5560 1835 5617 ecclesiastica
1885 5577 2020 5617 con-

458 5652 744 5710 suetudine
806 5654 1167 5723 datunatoque
1228 5652 1333 5707 ritu
1406 5653 1622 5716 initiati,
1688 5654 2021 5711 salutaribus

461 5743 617 5804 undis
664 5745 858 5805 iterum
904 5745 1129 5817 repetito
1157 5744 1421 5815 baptismo
1455 5744 1834 5812 expiabuntur.
1865 5744 2011 5801 Non-

2126 4555 2297 4626 ταχοῦ
2349 4556 2473 4607 τότε
2527 4558 2641 4618 τοῖς
2696 4556 3077 4623 ἀναγνώσταις
3123 4557 3215 4608 καὶ
3260 4555 3497 4624 ψὰλταις
3518 4550 3688 4615 ἐφεῖτο

2127 4650 2265 4718 μετὰ
2295 4648 2395 4716 τὴν
2451 4649 2799 4716 χειροθεσίαν
2848 4646 3146 4715 λαμϐάνειν
3198 4650 3485 4713 γυναῖκας,
3515 4641 3682 4694 καίτοι

2120 4739 2215 4792 τοῦ
2240 4738 2333 4803 κς’
2360 4742 2585 4802 κανόνος
2632 4739 2742 4793 τῶν
2799 4739 2960 4808 ἱερῶν
2987 4738 3308 4791 ἀποστόλων
3355 4736 3685 4806 περιέχοντος

2120 4832 2314 4887 ταῦτα.
2347 4833 2468 4885 Τῶν
2525 4834 2607 4894 εἰς
2661 4832 2862 4901 κλῆρον
2911 4829 3287 4901 προελθόντων
3331 4829 3560 4896 ἀγάμων
3601 4837 3685 4872 κε’

2120 4928 2350 4997 λεύομεν
2375 4926 2733 4995 βουλομένους
2762 4926 2959 4994 γαμεῖν
2976 4923 3330 4991 ἀναγνώστας
3365 4924 3460 4973 καὶ
3488 4915 3683 4986 ψάλτας

2123 5019 2307 5087 μόνον.
2352 5018 2465 5070 Καὶ
2513 5017 2595 5078 εἰς
2623 5016 2686 5067 τὸ
2712 5014 2837 5083 ἑξῆς
2863 5016 2962 5084 μὲν
3001 5013 3385 5083 ἀπηγόρευσεν
3416 5012 3447 5080 ἡ
3483 5003 3681 5061 σύνοδος

2120 5108 2260 5179 αὕτη
2292 5114 2419 5169 τοὺς
2452 5107 2766 5178 όρθοδόξους
2800 5106 3096 5176 κληρικοὺς
3127 5104 3456 5175 ἐτεροδόξοις
3518 5111 3680 5150 συνοι-

2121 5206 2237 5256 κεῖν
2279 5202 2496 5271 γυναιξί
2522 5218 2537 5235 ο
2601 5200 2727 5263 τοὺς
2776 5200 2835 5253 δὲ
2869 5200 2971 5271 ἤδη
3032 5201 3438 5270 συνῳκηκότας,
3500 5190 3590 5245 καὶ
3625 5185 3678 5248 ἐξ

2120 5293 2344 5345 ἐκείνων
2376 5291 2876 5360 παιδοποιήσαντας
2908 5290 3129 5343 ἀπαιτεί
3154 5289 3280 5351 τοὺς
3304 5284 3536 5343 οἰκείους
3560 5278 3675 5329 παῖ·
3714 5352 3715 5355 η

2117 5385 2211 5447 δας
2239 5384 2541 5455 προσάγειν
2572 5385 2641 5454 τῇ
2673 5380 2933 5451 καθολικῇ
2992 5378 3311 5457 Ἐκκλησία,
3370 5377 3473 5430 κᾶν
3519 5368 3674 5437 ἔφθα-

2128 5492 2228 5529 σαν
2290 5475 2397 5528 ὐπδ
2466 5474 2761 5541 αἱρετικῶν
2818 5471 3204 5542 βαπτισθῆναι.
3275 5461 3670 5538 Προσαχθὲντες

2120 5563 2232 5632 γὰρ
2266 5564 2299 5635 ἦ
2333 5562 2410 5632 τῷ
2462 5563 2605 5631 ἁγίῳ
2656 5561 2918 5632 χρίσματι
2974 5560 3360 5632 χρισθήσονται
3416 5554 3588 5623 μόνον,
3620 5546 3665 5597 εί

2123 5654 2228 5706 ὑπὸ
2293 5652 2589 5721 dicuntth
2661 5652 3109 5720 ἐϐαπτίσθησαν,
3160 5645 3235 5704 ὧν
3286 5649 3345 5703 τὸ
3394 5646 3664 5715 βάπτισμα

2121 5747 2305 5800 δεκῖὸν
2334 5750 2397 5816 τῇ
2441 5744 2731 5814 Ἐκκλησία
2788 5744 3084 5814 λογίζεται,
3116 5745 3147 5813 ἦ
3177 5745 3269 5798 καὶ
3336 5736 3534 5795 ἄνωθεν
3561 5730 3648 5797 βα*
