  <div class='ocr_page' id='page_1' title='image "/cluster/home/n/w/nwhite01/storage/ocr_20150623/137/hvd.32044020166120/238.png"; bbox 0 0 3940 6480; ppageno 0'>
   <div class='ocr_carea' id='block_1_1' title="bbox 249 290 347 356">
    <p class='ocr_par' dir='ltr' id='par_1_1' title="bbox 249 290 347 356">
     <span class='ocr_line' id='line_1_1' title="bbox 249 290 347 356; baseline 0 0"><span class='ocrx_word' id='word_1_1' title='bbox 249 290 347 356; x_wconf 70' lang='grc'><strong>441</strong></span> 
     </span>
    </p>
   </div>
   <div class='ocr_carea' id='block_1_2' title="bbox 1330 299 2404 369">
    <p class='ocr_par' dir='ltr' id='par_1_2' title="bbox 1330 299 2404 369">
     <span class='ocr_line' id='line_1_2' title="bbox 1330 299 2404 369; baseline 0.007 -8"><span class='ocrx_word' id='word_1_2' title='bbox 1330 301 1412 362; x_wconf 87' lang='lat' dir='ltr'><strong>IN</strong></span> <span class='ocrx_word' id='word_1_3' title='bbox 1447 299 1614 364; x_wconf 81' lang='lat' dir='ltr'><strong>CAN.</strong></span> <span class='ocrx_word' id='word_1_4' title='bbox 1658 303 1760 362; x_wconf 85' lang='lat' dir='ltr'><strong>XV</strong></span> <span class='ocrx_word' id='word_1_5' title='bbox 1798 300 2006 366; x_wconf 84' lang='lat' dir='ltr'><strong>CONC.</strong></span> <span class='ocrx_word' id='word_1_6' title='bbox 2039 303 2404 369; x_wconf 84' lang='lat' dir='ltr'><strong>CHALCED.</strong></span> 
     </span>
    </p>
   </div>
   <div class='ocr_carea' id='block_1_3' title="bbox 3380 309 3489 375">
    <p class='ocr_par' dir='ltr' id='par_1_3' title="bbox 3380 309 3489 375">
     <span class='ocr_line' id='line_1_3' title="bbox 3380 309 3489 375; baseline -0.055 1"><span class='ocrx_word' id='word_1_7' title='bbox 3380 309 3489 375; x_wconf 72' lang='grc'><strong>442</strong></span> 
     </span>
    </p>
   </div>
   <div class='ocr_carea' id='block_1_4' title="bbox 245 405 1822 487">
    <p class='ocr_par' dir='ltr' id='par_1_4' title="bbox 245 405 1822 483">
     <span class='ocr_line' id='line_1_4' title="bbox 245 405 1822 483; baseline 0.005 -25"><span class='ocrx_word' id='word_1_8' title='bbox 245 405 657 474; x_wconf 69' lang='grc' dir='ltr'><strong>πτισθῆσονται,</strong></span> <span class='ocrx_word' id='word_1_9' title='bbox 710 407 760 459; x_wconf 78' lang='grc' dir='ltr'>εί</span> <span class='ocrx_word' id='word_1_10' title='bbox 801 406 1107 480; x_wconf 75' lang='grc' dir='ltr'>ἀπόϐλητον</span> <span class='ocrx_word' id='word_1_11' title='bbox 1149 411 1212 463; x_wconf 81' lang='grc' dir='ltr'><strong>τὸ</strong></span> <span class='ocrx_word' id='word_1_12' title='bbox 1268 411 1552 480; x_wconf 82' lang='grc' dir='ltr'><strong>βάπτισμα</strong></span> <span class='ocrx_word' id='word_1_13' title='bbox 1587 411 1694 466; x_wconf 82' lang='grc' dir='ltr'><strong>τῶν</strong></span> <span class='ocrx_word' id='word_1_14' title='bbox 1725 416 1822 483; x_wconf 78' lang='grc' dir='ltr'><strong>βα-</strong></span> 
     </span>
    </p>
   </div>
   <div class='ocr_carea' id='block_1_5' title="bbox 1944 405 3490 487">
    <p class='ocr_par' dir='ltr' id='par_1_5' title="bbox 1944 416 3490 487">
     <span class='ocr_line' id='line_1_5' title="bbox 1944 416 3490 487; baseline 0.005 -16"><span class='ocrx_word' id='word_1_15' title='bbox 1944 416 2061 471; x_wconf 77' lang='lat' dir='ltr'><strong>dum</strong></span> <span class='ocrx_word' id='word_1_16' title='bbox 2093 432 2224 472; x_wconf 78' lang='lat' dir='ltr'><strong>vero</strong></span> <span class='ocrx_word' id='word_1_17' title='bbox 2270 418 2569 487; x_wconf 74' lang='lat' dir='ltr'><strong>baptizatos</strong></span> <span class='ocrx_word' id='word_1_18' title='bbox 2606 418 2754 475; x_wconf 87' lang='lat' dir='ltr'><strong>nullo</strong></span> <span class='ocrx_word' id='word_1_19' title='bbox 2800 421 2960 478; x_wconf 90' lang='lat' dir='ltr'><strong>modo</strong></span> <span class='ocrx_word' id='word_1_20' title='bbox 3004 421 3072 478; x_wconf 86' lang='lat' dir='ltr'><strong>ab</strong></span> <span class='ocrx_word' id='word_1_21' title='bbox 3095 421 3362 478; x_wconf 70' lang='lat' dir='ltr'><strong>haereticis</strong></span> <span class='ocrx_word' id='word_1_22' title='bbox 3393 426 3490 478; x_wconf 81' lang='lat' dir='ltr'><strong>ba-</strong></span> 
     </span>
    </p>
   </div>
   <div class='ocr_carea' id='block_1_6' title="bbox 247 501 1816 577">
    <p class='ocr_par' dir='ltr' id='par_1_6' title="bbox 247 501 1816 577">
     <span class='ocr_line' id='line_1_6' title="bbox 247 501 1816 577; baseline 0.006 -27"><span class='ocrx_word' id='word_1_23' title='bbox 247 501 563 552; x_wconf 74' lang='grc' dir='ltr'>πτισάντων</span> <span class='ocrx_word' id='word_1_24' title='bbox 593 501 790 562; x_wconf 68' lang='grc' dir='ltr'>αὐτοὺς</span> <span class='ocrx_word' id='word_1_25' title='bbox 809 503 1099 573; x_wconf 79' lang='grc' dir='ltr'><strong>αἱρετικῶν</strong></span> <span class='ocrx_word' id='word_1_26' title='bbox 1125 506 1191 575; x_wconf 78' lang='grc' dir='ltr'><strong>τῇ</strong></span> <span class='ocrx_word' id='word_1_27' title='bbox 1232 505 1531 577; x_wconf 72' lang='grc' dir='ltr'>Ἐκκλησία</span> <span class='ocrx_word' id='word_1_28' title='bbox 1550 506 1717 561; x_wconf 77' lang='grc' dir='ltr'>ἐστίν.</span> <span class='ocrx_word' id='word_1_29' title='bbox 1753 506 1816 560; x_wconf 75' lang='grc' dir='ltr'><strong>Εἰ</strong></span> 
     </span>
    </p>
   </div>
   <div class='ocr_carea' id='block_1_7' title="bbox 242 591 1816 669">
    <p class='ocr_par' dir='ltr' id='par_1_7' title="bbox 242 591 1816 669">
     <span class='ocr_line' id='line_1_7' title="bbox 242 591 1816 669; baseline 0.007 -27"><span class='ocrx_word' id='word_1_30' title='bbox 242 592 294 643; x_wconf 79' lang='grc' dir='ltr'><strong>δὲ</strong></span> <span class='ocrx_word' id='word_1_31' title='bbox 323 591 485 644; x_wconf 75' lang='grc' dir='ltr'><strong>οῦπω</strong></span> <span class='ocrx_word' id='word_1_32' title='bbox 535 592 913 663; x_wconf 79' lang='grc' dir='ltr'><strong>βαπτίσματος</strong></span> <span class='ocrx_word' id='word_1_33' title='bbox 957 596 1168 666; x_wconf 78' lang='grc' dir='ltr'>ἔτυχον,</span> <span class='ocrx_word' id='word_1_34' title='bbox 1232 599 1428 668; x_wconf 82' lang='grc' dir='ltr'><strong>μηκέτι</strong></span> <span class='ocrx_word' id='word_1_35' title='bbox 1477 599 1582 652; x_wconf 80' lang='grc' dir='ltr'><strong>ὑπὸ</strong></span> <span class='ocrx_word' id='word_1_36' title='bbox 1608 602 1816 669; x_wconf 80' lang='grc' dir='ltr'>αἱρετι-</span> 
     </span>
    </p>
   </div>
   <div class='ocr_carea' id='block_1_8' title="bbox 242 684 1816 760">
    <p class='ocr_par' dir='ltr' id='par_1_8' title="bbox 242 684 1816 760">
     <span class='ocr_line' id='line_1_8' title="bbox 242 684 1816 760; baseline 0.006 -25"><span class='ocrx_word' id='word_1_37' title='bbox 242 685 356 736; x_wconf 84' lang='grc' dir='ltr'>κῶν</span> <span class='ocrx_word' id='word_1_38' title='bbox 406 684 798 754; x_wconf 69' lang='grc' dir='ltr'><strong>βαπτίζεσθαι,</strong></span> <span class='ocrx_word' id='word_1_39' title='bbox 855 689 994 758; x_wconf 78' lang='grc' dir='ltr'>μήτε</span> <span class='ocrx_word' id='word_1_40' title='bbox 1033 689 1142 760; x_wconf 85' lang='grc' dir='ltr'><strong>μὴν</strong></span> <span class='ocrx_word' id='word_1_41' title='bbox 1184 691 1412 760; x_wconf 83' lang='grc' dir='ltr'><strong>ὀνόματι</strong></span> <span class='ocrx_word' id='word_1_42' title='bbox 1442 690 1552 744; x_wconf 85' lang='grc' dir='ltr'>τῶν</span> <span class='ocrx_word' id='word_1_43' title='bbox 1609 691 1816 744; x_wconf 77' lang='grc' dir='ltr'>παίδων</span> 
     </span>
    </p>
   </div>
   <div class='ocr_carea' id='block_1_9' title="bbox 240 777 1815 852">
    <p class='ocr_par' dir='ltr' id='par_1_9' title="bbox 240 777 1815 852">
     <span class='ocr_line' id='line_1_9' title="bbox 240 777 1815 852; baseline 0.004 -24"><span class='ocrx_word' id='word_1_44' title='bbox 240 777 426 828; x_wconf 70' lang='grc' dir='ltr'>αὐτῶν</span> <span class='ocrx_word' id='word_1_45' title='bbox 476 777 858 831; x_wconf 78' lang='grc' dir='ltr'><strong>συναλλάττειν</strong></span> <span class='ocrx_word' id='word_1_46' title='bbox 881 780 1056 848; x_wconf 87' lang='grc' dir='ltr'>γάμον</span> <span class='ocrx_word' id='word_1_47' title='bbox 1096 783 1234 850; x_wconf 80' lang='grc' dir='ltr'>πρὸς</span> <span class='ocrx_word' id='word_1_48' title='bbox 1283 783 1624 852; x_wconf 82' lang='grc' dir='ltr'>αἱρετικοὺς,</span> <span class='ocrx_word' id='word_1_49' title='bbox 1678 784 1815 852; x_wconf 88' lang='grc' dir='ltr'>μήτε</span> 
     </span>
    </p>
   </div>
   <div class='ocr_carea' id='block_1_10' title="bbox 244 866 1804 942">
    <p class='ocr_par' dir='ltr' id='par_1_10' title="bbox 244 866 1804 942">
     <span class='ocr_line' id='line_1_10' title="bbox 244 866 1804 942; baseline 0.006 -25"><span class='ocrx_word' id='word_1_50' title='bbox 244 868 380 934; x_wconf 78' lang='grc' dir='ltr'>πρὸς</span> <span class='ocrx_word' id='word_1_51' title='bbox 406 866 698 937; x_wconf 83' lang='grc' dir='ltr'>Ἕλληνας,</span> <span class='ocrx_word' id='word_1_52' title='bbox 725 869 1031 938; x_wconf 82' lang='grc' dir='ltr'>αἱρετικοὺς</span> <span class='ocrx_word' id='word_1_53' title='bbox 1083 871 1182 939; x_wconf 82' lang='grc' dir='ltr'>μὲν</span> <span class='ocrx_word' id='word_1_54' title='bbox 1231 874 1356 933; x_wconf 71' lang='grc' dir='ltr'>τοὺς</span> <span class='ocrx_word' id='word_1_55' title='bbox 1381 873 1440 926; x_wconf 76' lang='grc' dir='ltr'>τὸ</span> <span class='ocrx_word' id='word_1_56' title='bbox 1487 874 1610 926; x_wconf 75' lang='grc' dir='ltr'>καθ’</span> <span class='ocrx_word' id='word_1_57' title='bbox 1657 875 1804 942; x_wconf 77' lang='grc' dir='ltr'><strong>ἡμᾶς</strong></span> 
     </span>
    </p>
   </div>
   <div class='ocr_carea' id='block_1_11' title="bbox 243 958 1812 1033">
    <p class='ocr_par' dir='ltr' id='par_1_11' title="bbox 243 958 1812 1033">
     <span class='ocr_line' id='line_1_11' title="bbox 243 958 1812 1033; baseline 0.004 -25"><span class='ocrx_word' id='word_1_58' title='bbox 243 958 596 1026; x_wconf 80' lang='grc' dir='ltr'>δεχομένους,</span> <span class='ocrx_word' id='word_1_59' title='bbox 625 962 924 1030; x_wconf 81' lang='grc' dir='ltr'><strong>μυστήριον</strong></span> <span class='ocrx_word' id='word_1_60' title='bbox 959 961 1134 1028; x_wconf 80' lang='grc' dir='ltr'>λέγων</span> <span class='ocrx_word' id='word_1_61' title='bbox 1167 963 1222 1015; x_wconf 81' lang='grc' dir='ltr'><strong>ἔν</strong></span> <span class='ocrx_word' id='word_1_62' title='bbox 1253 959 1366 1017; x_wconf 83' lang='grc' dir='ltr'><strong>τισῖ</strong></span> <span class='ocrx_word' id='word_1_63' title='bbox 1390 965 1448 1018; x_wconf 81' lang='grc' dir='ltr'><strong>δὲ</strong></span> <span class='ocrx_word' id='word_1_64' title='bbox 1506 965 1812 1033; x_wconf 80' lang='grc' dir='ltr'>σφαλλομέ-</span> 
     </span>
    </p>
   </div>
   <div class='ocr_carea' id='block_1_12' title="bbox 242 1052 1817 1124">
    <p class='ocr_par' dir='ltr' id='par_1_12' title="bbox 242 1052 1817 1124">
     <span class='ocr_line' id='line_1_12' title="bbox 242 1052 1817 1124; baseline 0.006 -22"><span class='ocrx_word' id='word_1_65' title='bbox 242 1068 367 1111; x_wconf 85' lang='grc' dir='ltr'>νους</span> <span class='ocrx_word' id='word_1_66' title='bbox 416 1055 512 1104; x_wconf 73' lang='grc' dir='ltr'><strong>καὶ</strong></span> <span class='ocrx_word' id='word_1_67' title='bbox 562 1052 986 1121; x_wconf 77' lang='grc' dir='ltr'><strong>διαφερομένους</strong></span> <span class='ocrx_word' id='word_1_68' title='bbox 1021 1058 1132 1113; x_wconf 75' lang='grc' dir='ltr'>τοῖς</span> <span class='ocrx_word' id='word_1_69' title='bbox 1160 1056 1480 1124; x_wconf 81' lang='grc' dir='ltr'><strong>ὀρθοδόξοις.</strong></span> <span class='ocrx_word' id='word_1_70' title='bbox 1529 1059 1817 1122; x_wconf 72' lang='grc' dir='ltr'><strong>Ἰουδαίους</strong></span> 
     </span>
    </p>
   </div>
   <div class='ocr_carea' id='block_1_13' title="bbox 241 1144 1815 1222">
    <p class='ocr_par' dir='ltr' id='par_1_13' title="bbox 241 1144 1815 1222">
     <span class='ocr_line' id='line_1_13' title="bbox 241 1144 1815 1222; baseline 0.005 -26"><span class='ocrx_word' id='word_1_71' title='bbox 241 1144 297 1196; x_wconf 78' lang='grc' dir='ltr'><strong>δὲ</strong></span> <span class='ocrx_word' id='word_1_72' title='bbox 339 1144 473 1204; x_wconf 77' lang='grc' dir='ltr'>τοὺς</span> <span class='ocrx_word' id='word_1_73' title='bbox 535 1145 974 1212; x_wconf 81' lang='grc' dir='ltr'>χριστοκτὸνους,</span> <span class='ocrx_word' id='word_1_74' title='bbox 1034 1147 1125 1198; x_wconf 74' lang='grc' dir='ltr'><strong>καὶ</strong></span> <span class='ocrx_word' id='word_1_75' title='bbox 1162 1147 1429 1218; x_wconf 85' lang='grc' dir='ltr'>Ἕλληνας</span> <span class='ocrx_word' id='word_1_76' title='bbox 1480 1152 1604 1212; x_wconf 73' lang='grc' dir='ltr'>τοὺς</span> <span class='ocrx_word' id='word_1_77' title='bbox 1639 1152 1815 1222; x_wconf 83' lang='grc' dir='ltr'>πάντη</span> 
     </span>
    </p>
   </div>
   <div class='ocr_carea' id='block_1_14' title="bbox 245 1237 1818 1311">
    <p class='ocr_par' dir='ltr' id='par_1_14' title="bbox 245 1237 1818 1311">
     <span class='ocr_line' id='line_1_14' title="bbox 245 1237 1818 1311; baseline 0.005 -23"><span class='ocrx_word' id='word_1_78' title='bbox 245 1237 514 1298; x_wconf 78' lang='grc' dir='ltr'><strong>ἀπίστους</strong></span> <span class='ocrx_word' id='word_1_79' title='bbox 561 1237 656 1288; x_wconf 77' lang='grc' dir='ltr'><strong>καὶ</strong></span> <span class='ocrx_word' id='word_1_80' title='bbox 707 1237 942 1290; x_wconf 78' lang='grc' dir='ltr'><strong>εἰδώλων</strong></span> <span class='ocrx_word' id='word_1_81' title='bbox 999 1242 1404 1311; x_wconf 77' lang='grc' dir='ltr'>προσκυνητάς.</span> <span class='ocrx_word' id='word_1_82' title='bbox 1455 1244 1518 1295; x_wconf 81' lang='lat' dir='ltr'><strong>Ei</strong></span> <span class='ocrx_word' id='word_1_83' title='bbox 1552 1243 1597 1296; x_wconf 83' lang='grc' dir='ltr'><strong>δ’</strong></span> <span class='ocrx_word' id='word_1_84' title='bbox 1634 1244 1761 1307; x_wconf 75' lang='grc' dir='ltr'>ἴσως</span> <span class='ocrx_word' id='word_1_85' title='bbox 1789 1246 1818 1296; x_wconf 99' lang='lat'><strong>6</strong></span> 
     </span>
    </p>
   </div>
   <div class='ocr_carea' id='block_1_15' title="bbox 247 1329 1815 1409">
    <p class='ocr_par' dir='ltr' id='par_1_15' title="bbox 247 1329 1815 1409">
     <span class='ocr_line' id='line_1_15' title="bbox 247 1329 1815 1409; baseline 0.006 -29"><span class='ocrx_word' id='word_1_86' title='bbox 247 1329 584 1396; x_wconf 76' lang='grc' dir='ltr'>αἱρετικὸςῆ</span> <span class='ocrx_word' id='word_1_87' title='bbox 616 1331 644 1381; x_wconf 87' lang='grc' dir='ltr'>ὁ</span> <span class='ocrx_word' id='word_1_88' title='bbox 698 1330 926 1393; x_wconf 81' lang='grc' dir='ltr'><strong>ἄπιστος</strong></span> <span class='ocrx_word' id='word_1_89' title='bbox 985 1332 1382 1401; x_wconf 74' lang='grc' dir='ltr'>ἐπαγγέλλεται</span> <span class='ocrx_word' id='word_1_90' title='bbox 1436 1336 1724 1389; x_wconf 78' lang='grc' dir='ltr'><strong>συνθέσθαι</strong></span> <span class='ocrx_word' id='word_1_91' title='bbox 1748 1342 1815 1409; x_wconf 77' lang='grc' dir='ltr'>τῇ</span> 
     </span>
    </p>
   </div>
   <div class='ocr_carea' id='block_1_16' title="bbox 246 1420 1816 1500">
    <p class='ocr_par' dir='ltr' id='par_1_16' title="bbox 246 1420 1816 1500">
     <span class='ocr_line' id='line_1_16' title="bbox 246 1420 1816 1500; baseline 0.008 -28"><span class='ocrx_word' id='word_1_92' title='bbox 246 1420 516 1491; x_wconf 79' lang='grc' dir='ltr'><strong>ὀρθοδόξῳ</strong></span> <span class='ocrx_word' id='word_1_93' title='bbox 552 1422 753 1486; x_wconf 83' lang='grc' dir='ltr'><strong>πίστει,</strong></span> <span class='ocrx_word' id='word_1_94' title='bbox 811 1423 873 1476; x_wconf 85' lang='grc' dir='ltr'><strong>τὸ</strong></span> <span class='ocrx_word' id='word_1_95' title='bbox 925 1424 1026 1494; x_wconf 75' lang='grc' dir='ltr'><strong>μὲν</strong></span> <span class='ocrx_word' id='word_1_96' title='bbox 1072 1427 1425 1497; x_wconf 80' lang='grc' dir='ltr'><strong>συνάλλαγμα</strong></span> <span class='ocrx_word' id='word_1_97' title='bbox 1458 1430 1816 1500; x_wconf 80' lang='grc' dir='ltr'><strong>προσήσεται,</strong></span> 
     </span>
    </p>
   </div>
   <div class='ocr_carea' id='block_1_17' title="bbox 250 1513 1820 1593">
    <p class='ocr_par' dir='ltr' id='par_1_17' title="bbox 250 1513 1820 1593">
     <span class='ocr_line' id='line_1_17' title="bbox 250 1513 1820 1593; baseline 0.006 -29"><span class='ocrx_word' id='word_1_98' title='bbox 250 1514 280 1583; x_wconf 74' lang='grc' dir='ltr'>ἡ</span> <span class='ocrx_word' id='word_1_99' title='bbox 310 1513 379 1565; x_wconf 57' lang='grc' dir='ltr'>ὁὲν</span> <span class='ocrx_word' id='word_1_100' title='bbox 399 1514 676 1581; x_wconf 80' lang='grc' dir='ltr'><strong>συνάφεια</strong></span> <span class='ocrx_word' id='word_1_101' title='bbox 721 1515 1182 1586; x_wconf 75' lang='grc' dir='ltr'><strong>ὑπερτεθήσεται,</strong></span> <span class='ocrx_word' id='word_1_102' title='bbox 1218 1520 1409 1589; x_wconf 79' lang='grc' dir='ltr'><strong>μέχρις</strong></span> <span class='ocrx_word' id='word_1_103' title='bbox 1427 1521 1495 1574; x_wconf 86' lang='grc' dir='ltr'><strong>ἂν</strong></span> <span class='ocrx_word' id='word_1_104' title='bbox 1518 1523 1618 1593; x_wconf 78' lang='grc' dir='ltr'><strong>τὴν</strong></span> <span class='ocrx_word' id='word_1_105' title='bbox 1644 1526 1820 1592; x_wconf 78' lang='grc' dir='ltr'><strong>ἐπαγ.</strong></span> 
     </span>
    </p>
   </div>
   <div class='ocr_carea' id='block_1_18' title="bbox 248 1604 1820 1682">
    <p class='ocr_par' dir='ltr' id='par_1_18' title="bbox 248 1604 1820 1682">
     <span class='ocr_line' id='line_1_18' title="bbox 248 1604 1820 1682; baseline 0.01 -26"><span class='ocrx_word' id='word_1_106' title='bbox 248 1604 433 1672; x_wconf 80' lang='grc' dir='ltr'>γελίαν</span> <span class='ocrx_word' id='word_1_107' title='bbox 506 1605 775 1678; x_wconf 80' lang='grc' dir='ltr'><strong>πληρώσῃ</strong></span> <span class='ocrx_word' id='word_1_108' title='bbox 821 1609 850 1661; x_wconf 90' lang='lat'><strong>6</strong></span> <span class='ocrx_word' id='word_1_109' title='bbox 897 1607 1104 1680; x_wconf 87' lang='grc' dir='ltr'>ταύτην</span> <span class='ocrx_word' id='word_1_110' title='bbox 1183 1616 1574 1682; x_wconf 84' lang='grc' dir='ltr'><strong>ποιησάμενος.</strong></span> <span class='ocrx_word' id='word_1_111' title='bbox 1639 1616 1697 1670; x_wconf 87' lang='lat'><strong>&#39;0</strong></span> <span class='ocrx_word' id='word_1_112' title='bbox 1762 1618 1820 1670; x_wconf 84' lang='grc' dir='ltr'><strong>δὲ</strong></span> 
     </span>
    </p>
   </div>
   <div class='ocr_carea' id='block_1_19' title="bbox 250 1697 1820 1775">
    <p class='ocr_par' dir='ltr' id='par_1_19' title="bbox 250 1697 1820 1775">
     <span class='ocr_line' id='line_1_19' title="bbox 250 1697 1820 1775; baseline 0.008 -27"><span class='ocrx_word' id='word_1_113' title='bbox 250 1697 448 1750; x_wconf 70' lang='grc' dir='ltr'>τούτων</span> <span class='ocrx_word' id='word_1_114' title='bbox 496 1701 829 1770; x_wconf 74' lang='grc' dir='ltr'>παραϐάτης</span> <span class='ocrx_word' id='word_1_115' title='bbox 888 1701 1189 1771; x_wconf 77' lang='grc' dir='ltr'><strong>ἐπιτιμίοις</strong></span> <span class='ocrx_word' id='word_1_116' title='bbox 1249 1710 1558 1775; x_wconf 79' lang='grc' dir='ltr'>κανονικοϊς</span> <span class='ocrx_word' id='word_1_117' title='bbox 1595 1707 1820 1761; x_wconf 82' lang='grc' dir='ltr'>ὑποκεί-</span> 
     </span>
    </p>
   </div>
   <div class='ocr_carea' id='block_1_20' title="bbox 254 1805 415 1844">
    <p class='ocr_par' dir='ltr' id='par_1_20' title="bbox 254 1805 415 1844">
     <span class='ocr_line' id='line_1_20' title="bbox 254 1805 415 1844; baseline 0.025 -5"><span class='ocrx_word' id='word_1_118' title='bbox 254 1805 415 1844; x_wconf 82' lang='grc' dir='ltr'>σεται.</span> 
     </span>
    </p>
   </div>
   <div class='ocr_carea' id='block_1_21' title="bbox 254 1880 1821 1963">
    <p class='ocr_par' dir='ltr' id='par_1_21' title="bbox 254 1880 1821 1963">
     <span class='ocr_line' id='line_1_21' title="bbox 254 1880 1821 1963; baseline 0.01 -29"><span class='ocrx_word' id='word_1_119' title='bbox 254 1880 470 1936; x_wconf 84' lang='grc' dir='ltr'><strong>ΑΡΙΣΤ.</strong></span> <span class='ocrx_word' id='word_1_120' title='bbox 515 1882 901 1952; x_wconf 77' lang='grc' dir='ltr'><strong>Ἔτερόδοξος</strong></span> <span class='ocrx_word' id='word_1_121' title='bbox 946 1890 1184 1958; x_wconf 70' lang='grc' dir='ltr'><strong>ψάλτης</strong></span> <span class='ocrx_word' id='word_1_122' title='bbox 1259 1891 1355 1945; x_wconf 82' lang='grc' dir='ltr'><strong>καί</strong></span> <span class='ocrx_word' id='word_1_123' title='bbox 1409 1892 1821 1963; x_wconf 78' lang='grc' dir='ltr'><strong>ἀναγνώστης.</strong></span> 
     </span>
    </p>
   </div>
   <div class='ocr_carea' id='block_1_22' title="bbox 316 1972 1824 2053">
    <p class='ocr_par' dir='ltr' id='par_1_22' title="bbox 316 1972 1824 2053">
     <span class='ocr_line' id='line_1_22' title="bbox 316 1972 1824 2053; baseline 0.011 -31"><span class='ocrx_word' id='word_1_124' title='bbox 316 1973 364 2023; x_wconf 81' lang='grc' dir='ltr'>ει</span> <span class='ocrx_word' id='word_1_125' title='bbox 401 1972 604 2040; x_wconf 63' lang='grc' dir='ltr'><strong>γήμας</strong></span> <span class='ocrx_word' id='word_1_126' title='bbox 649 1974 962 2039; x_wconf 85' lang='grc' dir='ltr'>ἐτέκνωσε,</span> <span class='ocrx_word' id='word_1_127' title='bbox 994 1980 1283 2050; x_wconf 79' lang='grc' dir='ltr'><strong>προσάγει</strong></span> <span class='ocrx_word' id='word_1_128' title='bbox 1329 1981 1404 2049; x_wconf 78' lang='grc' dir='ltr'><strong>τῇ</strong></span> <span class='ocrx_word' id='word_1_129' title='bbox 1438 1985 1718 2053; x_wconf 75' lang='grc' dir='ltr'>κοινωνίᾳ</span> <span class='ocrx_word' id='word_1_130' title='bbox 1752 1985 1824 2039; x_wconf 82' lang='grc' dir='ltr'><strong>τὰ</strong></span> 
     </span>
    </p>
   </div>
   <div class='ocr_carea' id='block_1_23' title="bbox 317 2062 1820 2136">
    <p class='ocr_par' dir='ltr' id='par_1_23' title="bbox 317 2062 1820 2136">
     <span class='ocr_line' id='line_1_23' title="bbox 317 2062 1820 2136; baseline 0.011 -20"><span class='ocrx_word' id='word_1_131' title='bbox 317 2062 516 2125; x_wconf 65' lang='grc' dir='ltr'><strong>τέκνα.</strong></span> <span class='ocrx_word' id='word_1_132' title='bbox 561 2067 729 2134; x_wconf 81' lang='grc' dir='ltr'>εἴπερ</span> <span class='ocrx_word' id='word_1_133' title='bbox 781 2068 980 2123; x_wconf 74' lang='grc' dir='ltr'>ἐκεῖσε</span> <span class='ocrx_word' id='word_1_134' title='bbox 1019 2072 1415 2136; x_wconf 76' lang='grc' dir='ltr'><strong>βεόἁπτισται</strong></span> <span class='ocrx_word' id='word_1_135' title='bbox 1437 2091 1452 2106; x_wconf 90' lang='grc'><strong>·</strong></span> <span class='ocrx_word' id='word_1_136' title='bbox 1502 2077 1556 2128; x_wconf 82' lang='grc' dir='ltr'>ει</span> <span class='ocrx_word' id='word_1_137' title='bbox 1619 2076 1671 2130; x_wconf 76' lang='grc' dir='ltr'><strong>δ’</strong></span> <span class='ocrx_word' id='word_1_138' title='bbox 1731 2078 1820 2132; x_wconf 72' lang='grc' dir='ltr'><strong>ἔτι</strong></span> 
     </span>
    </p>
   </div>
   <div class='ocr_carea' id='block_1_24' title="bbox 324 2156 1826 2240">
    <p class='ocr_par' dir='ltr' id='par_1_24' title="bbox 324 2156 1826 2240">
     <span class='ocr_line' id='line_1_24' title="bbox 324 2156 1826 2240; baseline 0.012 -32"><span class='ocrx_word' id='word_1_139' title='bbox 324 2156 688 2225; x_wconf 74' lang='grc' dir='ltr'>ἀϐάπτιστα,</span> <span class='ocrx_word' id='word_1_140' title='bbox 741 2163 852 2214; x_wconf 80' lang='grc' dir='ltr'><strong>οὐκ</strong></span> <span class='ocrx_word' id='word_1_141' title='bbox 921 2162 1010 2218; x_wconf 74' lang='grc' dir='ltr'><strong>ἔτι</strong></span> <span class='ocrx_word' id='word_1_142' title='bbox 1073 2165 1419 2228; x_wconf 76' lang='grc' dir='ltr'><strong>βαπτίζεται</strong></span> <span class='ocrx_word' id='word_1_143' title='bbox 1484 2185 1610 2235; x_wconf 78' lang='grc' dir='ltr'>τοις</span> <span class='ocrx_word' id='word_1_144' title='bbox 1667 2173 1826 2240; x_wconf 80' lang='grc' dir='ltr'>αἱρε-</span> 
     </span>
    </p>
   </div>
   <div class='ocr_carea' id='block_1_25' title="bbox 328 2265 517 2314">
    <p class='ocr_par' dir='ltr' id='par_1_25' title="bbox 328 2265 517 2314">
     <span class='ocr_line' id='line_1_25' title="bbox 328 2265 517 2314; baseline 0.005 -14"><span class='ocrx_word' id='word_1_145' title='bbox 328 2265 517 2314; x_wconf 60' lang='lat' dir='ltr'><strong>tacete.</strong></span> 
     </span>
    </p>
   </div>
   <div class='ocr_carea' id='block_1_26' title="bbox 336 2340 1826 2423">
    <p class='ocr_par' dir='ltr' id='par_1_26' title="bbox 336 2340 1826 2423">
     <span class='ocr_line' id='line_1_26' title="bbox 336 2340 1826 2423; baseline 0.01 -31"><span class='ocrx_word' id='word_1_146' title='bbox 336 2340 396 2392; x_wconf 80' lang='grc' dir='ltr'><strong>Τὸ</strong></span> <span class='ocrx_word' id='word_1_147' title='bbox 431 2341 804 2396; x_wconf 74' lang='grc' dir='ltr'><strong>συνάπτεσθαι</strong></span> <span class='ocrx_word' id='word_1_148' title='bbox 838 2344 1118 2415; x_wconf 62' lang='lat' dir='ltr'><strong>rip-6660509</strong></span> <span class='ocrx_word' id='word_1_149' title='bbox 1149 2348 1399 2420; x_wconf 80' lang='grc' dir='ltr'><strong>αἱρετικῇ</strong></span> <span class='ocrx_word' id='word_1_150' title='bbox 1427 2351 1668 2419; x_wconf 69' lang='grc' dir='ltr'>γυναικὶ,</span> <span class='ocrx_word' id='word_1_151' title='bbox 1695 2353 1727 2423; x_wconf 82' lang='grc' dir='ltr'>ἢ</span> <span class='ocrx_word' id='word_1_152' title='bbox 1764 2352 1826 2407; x_wconf 83' lang='grc' dir='ltr'><strong>τὺ</strong></span> 
     </span>
    </p>
   </div>
   <div class='ocr_carea' id='block_1_27' title="bbox 263 2433 1822 2512">
    <p class='ocr_par' dir='ltr' id='par_1_27' title="bbox 263 2433 1822 2512">
     <span class='ocr_line' id='line_1_27' title="bbox 263 2433 1822 2512; baseline 0.007 -25"><span class='ocrx_word' id='word_1_153' title='bbox 263 2433 542 2500; x_wconf 70' lang='grc' dir='ltr'><strong>ἀνάπαλιν,</strong></span> <span class='ocrx_word' id='word_1_154' title='bbox 569 2435 664 2487; x_wconf 77' lang='grc' dir='ltr'><strong>καὶ</strong></span> <span class='ocrx_word' id='word_1_155' title='bbox 691 2437 719 2488; x_wconf 90' lang='lat'><strong>6</strong></span> <span class='ocrx_word' id='word_1_156' title='bbox 754 2435 981 2501; x_wconf 77' lang='grc' dir='ltr'><strong>δέκατος</strong></span> <span class='ocrx_word' id='word_1_157' title='bbox 1027 2438 1229 2502; x_wconf 83' lang='grc' dir='ltr'>κανὼν,</span> <span class='ocrx_word' id='word_1_158' title='bbox 1285 2441 1379 2494; x_wconf 72' lang='grc' dir='ltr'><strong>καὶ</strong></span> <span class='ocrx_word' id='word_1_159' title='bbox 1419 2444 1448 2495; x_wconf 87' lang='lat'><strong>6</strong></span> <span class='ocrx_word' id='word_1_160' title='bbox 1491 2443 1822 2512; x_wconf 76' lang='grc' dir='ltr'>τριακοστὸς</span> 
     </span>
    </p>
   </div>
   <div class='ocr_carea' id='block_1_28' title="bbox 257 2525 1822 2606">
    <p class='ocr_par' dir='ltr' id='par_1_28' title="bbox 257 2525 1822 2606">
     <span class='ocr_line' id='line_1_28' title="bbox 257 2525 1822 2606; baseline 0.008 -29"><span class='ocrx_word' id='word_1_161' title='bbox 257 2525 463 2595; x_wconf 68' lang='grc' dir='ltr'>πρῶτος</span> <span class='ocrx_word' id='word_1_162' title='bbox 505 2526 609 2594; x_wconf 85' lang='grc' dir='ltr'>τῆς</span> <span class='ocrx_word' id='word_1_163' title='bbox 658 2528 716 2580; x_wconf 71' lang='grc' dir='ltr'><strong>ἐν</strong></span> <span class='ocrx_word' id='word_1_164' title='bbox 761 2529 1058 2600; x_wconf 74' lang='grc' dir='ltr'>Λαοδικείᾳ</span> <span class='ocrx_word' id='word_1_165' title='bbox 1103 2530 1342 2598; x_wconf 84' lang='grc' dir='ltr'>συνόδου,</span> <span class='ocrx_word' id='word_1_166' title='bbox 1383 2532 1532 2587; x_wconf 74' lang='grc' dir='ltr'>καὶὸ</span> <span class='ocrx_word' id='word_1_167' title='bbox 1567 2534 1822 2606; x_wconf 72' lang='grc' dir='ltr'>δεύτερος</span> 
     </span>
    </p>
   </div>
   <div class='ocr_carea' id='block_1_29' title="bbox 253 2621 1820 2703">
    <p class='ocr_par' dir='ltr' id='par_1_29' title="bbox 253 2621 1820 2703">
     <span class='ocr_line' id='line_1_29' title="bbox 253 2621 1820 2703; baseline 0.008 -30"><span class='ocrx_word' id='word_1_168' title='bbox 253 2621 341 2688; x_wconf 84' lang='grc' dir='ltr'>τῆς</span> <span class='ocrx_word' id='word_1_169' title='bbox 386 2623 453 2674; x_wconf 70' lang='grc' dir='ltr'><strong>ιν</strong></span> <span class='ocrx_word' id='word_1_170' title='bbox 483 2621 565 2691; x_wconf 86' lang='grc' dir='ltr'><strong>τῷ</strong></span> <span class='ocrx_word' id='word_1_171' title='bbox 594 2622 851 2694; x_wconf 84' lang='grc' dir='ltr'>Τρούλλῳ</span> <span class='ocrx_word' id='word_1_172' title='bbox 898 2624 1064 2693; x_wconf 68' lang='grc' dir='ltr'>ἕκτης</span> <span class='ocrx_word' id='word_1_173' title='bbox 1117 2627 1363 2688; x_wconf 80' lang='grc' dir='ltr'><strong>συνόδου.</strong></span> <span class='ocrx_word' id='word_1_174' title='bbox 1412 2629 1508 2682; x_wconf 80' lang='grc' dir='ltr'>καὶ</span> <span class='ocrx_word' id='word_1_175' title='bbox 1551 2629 1580 2683; x_wconf 91' lang='lat'><strong>6</strong></span> <span class='ocrx_word' id='word_1_176' title='bbox 1627 2631 1820 2703; x_wconf 81' lang='grc' dir='ltr'>παρὼν</span> 
     </span>
    </p>
   </div>
   <div class='ocr_carea' id='block_1_30' title="bbox 253 2705 1806 2789">
    <p class='ocr_par' dir='ltr' id='par_1_30' title="bbox 253 2705 1806 2789">
     <span class='ocr_line' id='line_1_30' title="bbox 253 2705 1806 2789; baseline 0.008 -25"><span class='ocrx_word' id='word_1_177' title='bbox 253 2705 394 2774; x_wconf 72' lang='grc' dir='ltr'>οὗτος</span> <span class='ocrx_word' id='word_1_178' title='bbox 452 2713 921 2784; x_wconf 76' lang='grc' dir='ltr'><strong>ἀπαγορεύουσιν.</strong></span> <span class='ocrx_word' id='word_1_179' title='bbox 965 2717 1028 2768; x_wconf 78' lang='lat' dir='ltr'><strong>Ei</strong></span> <span class='ocrx_word' id='word_1_180' title='bbox 1072 2716 1128 2771; x_wconf 84' lang='grc' dir='ltr'><strong>δέ</strong></span> <span class='ocrx_word' id='word_1_181' title='bbox 1168 2735 1254 2781; x_wconf 87' lang='grc' dir='ltr'>τις</span> <span class='ocrx_word' id='word_1_182' title='bbox 1303 2719 1413 2772; x_wconf 84' lang='grc' dir='ltr'>τῶν</span> <span class='ocrx_word' id='word_1_183' title='bbox 1457 2719 1676 2789; x_wconf 75' lang='grc' dir='ltr'>ψαλτῶν</span> <span class='ocrx_word' id='word_1_184' title='bbox 1710 2723 1806 2776; x_wconf 77' lang='grc' dir='ltr'>καὶ</span> 
     </span>
    </p>
   </div>
   <div class='ocr_carea' id='block_1_31' title="bbox 253 2804 1810 2881">
    <p class='ocr_par' dir='ltr' id='par_1_31' title="bbox 253 2804 1810 2881">
     <span class='ocr_line' id='line_1_31' title="bbox 253 2804 1810 2881; baseline 0.007 -28"><span class='ocrx_word' id='word_1_185' title='bbox 253 2804 349 2854; x_wconf 81' lang='grc' dir='ltr'><strong>τῶν</strong></span> <span class='ocrx_word' id='word_1_186' title='bbox 385 2805 763 2870; x_wconf 73' lang='grc' dir='ltr'>ἀναγνωστῶν</span> <span class='ocrx_word' id='word_1_187' title='bbox 807 2806 912 2875; x_wconf 81' lang='grc' dir='ltr'><strong>πρὸ</strong></span> <span class='ocrx_word' id='word_1_188' title='bbox 957 2807 1064 2859; x_wconf 82' lang='grc' dir='ltr'><strong>τῶν</strong></span> <span class='ocrx_word' id='word_1_189' title='bbox 1114 2809 1359 2862; x_wconf 87' lang='grc' dir='ltr'>κανόνων</span> <span class='ocrx_word' id='word_1_190' title='bbox 1394 2810 1600 2864; x_wconf 82' lang='grc' dir='ltr'>τούτων</span> <span class='ocrx_word' id='word_1_191' title='bbox 1630 2810 1810 2881; x_wconf 81' lang='grc' dir='ltr'>ἑτερό-</span> 
     </span>
    </p>
   </div>
   <div class='ocr_carea' id='block_1_32' title="bbox 252 2895 1822 2972">
    <p class='ocr_par' dir='ltr' id='par_1_32' title="bbox 252 2895 1822 2972">
     <span class='ocr_line' id='line_1_32' title="bbox 252 2895 1822 2972; baseline 0.007 -26"><span class='ocrx_word' id='word_1_192' title='bbox 252 2895 392 2959; x_wconf 79' lang='grc' dir='ltr'>δοξον</span> <span class='ocrx_word' id='word_1_193' title='bbox 418 2899 658 2962; x_wconf 82' lang='grc' dir='ltr'>γυναῖκα</span> <span class='ocrx_word' id='word_1_194' title='bbox 687 2897 867 2962; x_wconf 75' lang='grc' dir='ltr'><strong>ἔλαϐε,</strong></span> <span class='ocrx_word' id='word_1_195' title='bbox 899 2900 991 2952; x_wconf 64' lang='grc' dir='ltr'><strong>καὶ</strong></span> <span class='ocrx_word' id='word_1_196' title='bbox 1021 2900 1287 2954; x_wconf 80' lang='grc' dir='ltr'><strong>ἐτέκνωσε</strong></span> <span class='ocrx_word' id='word_1_197' title='bbox 1316 2901 1376 2965; x_wconf 84' lang='grc' dir='ltr'>ὲξ</span> <span class='ocrx_word' id='word_1_198' title='bbox 1414 2902 1604 2972; x_wconf 81' lang='grc' dir='ltr'>αὐτῆς,</span> <span class='ocrx_word' id='word_1_199' title='bbox 1637 2903 1822 2957; x_wconf 77' lang='grc' dir='ltr'>καὶτὰ</span> 
     </span>
    </p>
   </div>
   <div class='ocr_carea' id='block_1_33' title="bbox 251 2985 1824 3059">
    <p class='ocr_par' dir='ltr' id='par_1_33' title="bbox 251 2985 1824 3059">
     <span class='ocr_line' id='line_1_33' title="bbox 251 2985 1824 3059; baseline 0.004 -23"><span class='ocrx_word' id='word_1_200' title='bbox 251 2985 409 3036; x_wconf 73' lang='grc' dir='ltr'>τέκνα</span> <span class='ocrx_word' id='word_1_201' title='bbox 436 2985 700 3039; x_wconf 71' lang='grc' dir='ltr'><strong>ὲϐἁπτισε</strong></span> <span class='ocrx_word' id='word_1_202' title='bbox 751 2987 900 3056; x_wconf 70' lang='grc' dir='ltr'>παρὰ</span> <span class='ocrx_word' id='word_1_203' title='bbox 932 2990 1042 3050; x_wconf 82' lang='grc' dir='ltr'>τοίς</span> <span class='ocrx_word' id='word_1_204' title='bbox 1081 2990 1378 3059; x_wconf 85' lang='grc' dir='ltr'>αίρετικοῖς</span> <span class='ocrx_word' id='word_1_205' title='bbox 1413 2989 1612 3058; x_wconf 71' lang='grc' dir='ltr'>μένων,</span> <span class='ocrx_word' id='word_1_206' title='bbox 1646 3007 1824 3059; x_wconf 90' lang='grc' dir='ltr'>προσ-</span> 
     </span>
    </p>
   </div>
   <div class='ocr_carea' id='block_1_34' title="bbox 251 3074 1827 3150">
    <p class='ocr_par' dir='ltr' id='par_1_34' title="bbox 251 3074 1827 3150">
     <span class='ocr_line' id='line_1_34' title="bbox 251 3074 1827 3150; baseline 0.005 -23"><span class='ocrx_word' id='word_1_207' title='bbox 251 3077 429 3141; x_wconf 77' lang='grc' dir='ltr'>αγέτω</span> <span class='ocrx_word' id='word_1_208' title='bbox 479 3074 657 3129; x_wconf 73' lang='grc' dir='ltr'>ταῦτα</span> <span class='ocrx_word' id='word_1_209' title='bbox 701 3079 767 3147; x_wconf 87' lang='grc' dir='ltr'>τῇ</span> <span class='ocrx_word' id='word_1_210' title='bbox 825 3079 1083 3149; x_wconf 75' lang='grc' dir='ltr'>κοινωνία</span> <span class='ocrx_word' id='word_1_211' title='bbox 1123 3079 1226 3147; x_wconf 86' lang='grc' dir='ltr'><strong>τῆς</strong></span> <span class='ocrx_word' id='word_1_212' title='bbox 1268 3079 1560 3150; x_wconf 80' lang='grc' dir='ltr'>καθολικῆς</span> <span class='ocrx_word' id='word_1_213' title='bbox 1598 3080 1827 3149; x_wconf 84' lang='grc' dir='ltr'>Ἐκκλη-</span> 
     </span>
    </p>
   </div>
   <div class='ocr_carea' id='block_1_35' title="bbox 254 3166 1826 3242">
    <p class='ocr_par' dir='ltr' id='par_1_35' title="bbox 254 3166 1826 3242">
     <span class='ocr_line' id='line_1_35' title="bbox 254 3166 1826 3242; baseline 0.006 -25"><span class='ocrx_word' id='word_1_214' title='bbox 254 3168 360 3226; x_wconf 74' lang='lat' dir='ltr'><strong>cia;</strong></span> <span class='ocrx_word' id='word_1_215' title='bbox 387 3183 408 3198; x_wconf 76' lang='grc' dir='ltr'><strong>ο</strong></span> <span class='ocrx_word' id='word_1_216' title='bbox 441 3169 493 3219; x_wconf 75' lang='grc' dir='ltr'>εἰ</span> <span class='ocrx_word' id='word_1_217' title='bbox 532 3166 576 3218; x_wconf 84' lang='grc' dir='ltr'><strong>δ’</strong></span> <span class='ocrx_word' id='word_1_218' title='bbox 606 3167 918 3222; x_wconf 78' lang='grc' dir='ltr'>ἁϐάπτιστα</span> <span class='ocrx_word' id='word_1_219' title='bbox 951 3171 1092 3224; x_wconf 74' lang='grc' dir='ltr'>αὐτὰ</span> <span class='ocrx_word' id='word_1_220' title='bbox 1125 3170 1264 3240; x_wconf 68' lang='grc' dir='ltr'>ἔχοι,</span> <span class='ocrx_word' id='word_1_221' title='bbox 1306 3172 1504 3241; x_wconf 75' lang='grc' dir='ltr'><strong>μηκέτι</strong></span> <span class='ocrx_word' id='word_1_222' title='bbox 1533 3172 1687 3242; x_wconf 76' lang='grc' dir='ltr'>παρὰ</span> <span class='ocrx_word' id='word_1_223' title='bbox 1710 3176 1826 3236; x_wconf 87' lang='grc' dir='ltr'>τοῖς</span> 
     </span>
    </p>
   </div>
   <div class='ocr_carea' id='block_1_36' title="bbox 253 3261 1822 3336">
    <p class='ocr_par' dir='ltr' id='par_1_36' title="bbox 253 3261 1822 3336">
     <span class='ocr_line' id='line_1_36' title="bbox 253 3261 1822 3336; baseline 0.005 -25"><span class='ocrx_word' id='word_1_224' title='bbox 253 3262 551 3324; x_wconf 82' lang='grc' dir='ltr'><strong>αἱρετικοίς</strong></span> <span class='ocrx_word' id='word_1_225' title='bbox 586 3261 907 3331; x_wconf 78' lang='grc' dir='ltr'>ποιούμενος</span> <span class='ocrx_word' id='word_1_226' title='bbox 934 3263 1036 3333; x_wconf 83' lang='grc' dir='ltr'><strong>τὴν</strong></span> <span class='ocrx_word' id='word_1_227' title='bbox 1067 3265 1436 3335; x_wconf 80' lang='grc' dir='ltr'>ἀναστροφὴν,</span> <span class='ocrx_word' id='word_1_228' title='bbox 1472 3265 1786 3336; x_wconf 80' lang='grc' dir='ltr'><strong>βαπτιζέτω</strong></span> <span class='ocrx_word' id='word_1_229' title='bbox 1808 3283 1822 3296; x_wconf 70' lang='grc' dir='ltr'><strong><em>ο</em></strong></span> 
     </span>
    </p>
   </div>
   <div class='ocr_carea' id='block_1_37' title="bbox 253 3354 1822 3426">
    <p class='ocr_par' dir='ltr' id='par_1_37' title="bbox 253 3354 1822 3426">
     <span class='ocr_line' id='line_1_37' title="bbox 253 3354 1822 3426; baseline 0.003 -21"><span class='ocrx_word' id='word_1_230' title='bbox 253 3354 362 3405; x_wconf 81' lang='grc' dir='ltr'>ἀλλ’</span> <span class='ocrx_word' id='word_1_231' title='bbox 395 3354 613 3406; x_wconf 82' lang='grc' dir='ltr'>ἐκεῖθεν</span> <span class='ocrx_word' id='word_1_232' title='bbox 650 3357 1050 3426; x_wconf 82' lang='grc' dir='ltr'>ὑπαναχωρῶν,</span> <span class='ocrx_word' id='word_1_233' title='bbox 1088 3359 1152 3425; x_wconf 86' lang='grc' dir='ltr'><strong>τῇ</strong></span> <span class='ocrx_word' id='word_1_234' title='bbox 1189 3356 1455 3425; x_wconf 80' lang='grc' dir='ltr'>καθολικῇ</span> <span class='ocrx_word' id='word_1_235' title='bbox 1496 3356 1822 3425; x_wconf 87' lang='grc' dir='ltr'>προσαγέτω</span> 
     </span>
    </p>
   </div>
   <div class='ocr_carea' id='block_1_38' title="bbox 263 3444 1826 3518">
    <p class='ocr_par' dir='ltr' id='par_1_38' title="bbox 263 3444 1826 3518">
     <span class='ocr_line' id='line_1_38' title="bbox 263 3444 1826 3518; baseline 0.003 -20"><span class='ocrx_word' id='word_1_236' title='bbox 263 3444 564 3516; x_wconf 69' lang='grc' dir='ltr'>Ἐκκλησία</span> <span class='ocrx_word' id='word_1_237' title='bbox 602 3447 695 3499; x_wconf 79' lang='grc' dir='ltr'>καὶ</span> <span class='ocrx_word' id='word_1_238' title='bbox 730 3447 820 3500; x_wconf 76' lang='grc' dir='ltr'><strong>τοῦ</strong></span> <span class='ocrx_word' id='word_1_239' title='bbox 866 3448 1010 3501; x_wconf 84' lang='grc' dir='ltr'>θείου</span> <span class='ocrx_word' id='word_1_240' title='bbox 1061 3448 1233 3502; x_wconf 77' lang='grc' dir='ltr'>ταῦτα</span> <span class='ocrx_word' id='word_1_241' title='bbox 1265 3446 1601 3513; x_wconf 85' lang='grc' dir='ltr'>καταξιούτω</span> <span class='ocrx_word' id='word_1_242' title='bbox 1631 3446 1826 3518; x_wconf 81' lang='grc' dir='ltr'>βαπτί-</span> 
     </span>
    </p>
   </div>
   <div class='ocr_carea' id='block_1_39' title="bbox 255 3553 486 3606">
    <p class='ocr_par' dir='ltr' id='par_1_39' title="bbox 255 3553 486 3606">
     <span class='ocr_line' id='line_1_39' title="bbox 255 3553 486 3606; baseline 0 -16"><span class='ocrx_word' id='word_1_243' title='bbox 255 3553 486 3606; x_wconf 83' lang='grc' dir='ltr'>σματος.</span> 
     </span>
    </p>
   </div>
   <div class='ocr_carea' id='block_1_40' title="bbox 844 3632 1227 3688">
    <p class='ocr_par' dir='ltr' id='par_1_40' title="bbox 844 3632 1227 3688">
     <span class='ocr_line' id='line_1_40' title="bbox 844 3632 1227 3688; baseline 0.008 -3"><span class='ocrx_word' id='word_1_244' title='bbox 844 3632 1082 3685; x_wconf 82' lang='grc' dir='ltr'><strong>ΚΔΝΩΝ</strong></span> <span class='ocrx_word' id='word_1_245' title='bbox 1131 3633 1227 3688; x_wconf 82' lang='lat' dir='ltr'><strong>lE&#39;.</strong></span> 
     </span>
    </p>
   </div>
   <div class='ocr_carea' id='block_1_41' title="bbox 255 3721 1828 3792">
    <p class='ocr_par' dir='ltr' id='par_1_41' title="bbox 255 3721 1828 3792">
     <span class='ocr_line' id='line_1_41' title="bbox 255 3721 1828 3792; baseline 0.001 -18"><span class='ocrx_word' id='word_1_246' title='bbox 255 3723 545 3775; x_wconf 73' lang='grc' dir='ltr'>Διὰκονον</span> <span class='ocrx_word' id='word_1_247' title='bbox 596 3721 684 3790; x_wconf 77' lang='grc' dir='ltr'><strong>μὴ</strong></span> <span class='ocrx_word' id='word_1_248' title='bbox 735 3721 1198 3789; x_wconf 78' lang='grc' dir='ltr'><strong>χειροτονεῖσθαι</strong></span> <span class='ocrx_word' id='word_1_249' title='bbox 1230 3724 1488 3791; x_wconf 74' lang='grc' dir='ltr'>γυναῖκα</span> <span class='ocrx_word' id='word_1_250' title='bbox 1535 3725 1647 3792; x_wconf 78' lang='grc' dir='ltr'><strong>πρὸ</strong></span> <span class='ocrx_word' id='word_1_251' title='bbox 1678 3723 1828 3777; x_wconf 85' lang='grc' dir='ltr'><strong>ἑτῶν</strong></span> 
     </span>
    </p>
   </div>
   <div class='ocr_carea' id='block_1_42' title="bbox 318 3801 1829 3886">
    <p class='ocr_par' dir='ltr' id='par_1_42' title="bbox 318 3801 1829 3886">
     <span class='ocr_line' id='line_1_42' title="bbox 318 3801 1829 3886; baseline 0.003 -20"><span class='ocrx_word' id='word_1_252' title='bbox 318 3816 800 3881; x_wconf 76' lang='grc' dir='ltr'>τεσσαράκοντα,</span> <span class='ocrx_word' id='word_1_253' title='bbox 831 3816 928 3868; x_wconf 83' lang='grc' dir='ltr'><strong>καὶ</strong></span> <span class='ocrx_word' id='word_1_254' title='bbox 977 3801 1202 3882; x_wconf 72' lang='grc' dir='ltr'>ταύτην</span> <span class='ocrx_word' id='word_1_255' title='bbox 1234 3818 1384 3885; x_wconf 83' lang='grc' dir='ltr'>μετὰ</span> <span class='ocrx_word' id='word_1_256' title='bbox 1423 3819 1703 3886; x_wconf 78' lang='grc' dir='ltr'>ἀκριϐοῦς</span> <span class='ocrx_word' id='word_1_257' title='bbox 1733 3818 1829 3871; x_wconf 83' lang='grc' dir='ltr'><strong>δο-</strong></span> 
     </span>
    </p>
   </div>
   <div class='ocr_carea' id='block_1_43' title="bbox 318 3906 1826 3978">
    <p class='ocr_par' dir='ltr' id='par_1_43' title="bbox 318 3906 1826 3978">
     <span class='ocr_line' id='line_1_43' title="bbox 318 3906 1826 3978; baseline 0.002 -18"><span class='ocrx_word' id='word_1_258' title='bbox 318 3909 634 3974; x_wconf 76' lang='grc' dir='ltr'>κιμασίας.</span> <span class='ocrx_word' id='word_1_259' title='bbox 668 3909 734 3960; x_wconf 78' lang='lat' dir='ltr'><strong>Ei</strong></span> <span class='ocrx_word' id='word_1_260' title='bbox 763 3906 829 3959; x_wconf 83' lang='grc' dir='ltr'><em>δέ</em></span> <span class='ocrx_word' id='word_1_261' title='bbox 850 3924 914 3974; x_wconf 79' lang='grc' dir='ltr'>τε</span> <span class='ocrx_word' id='word_1_262' title='bbox 953 3906 1247 3975; x_wconf 77' lang='grc' dir='ltr'><strong>δεξαμένη</strong></span> <span class='ocrx_word' id='word_1_263' title='bbox 1279 3910 1392 3977; x_wconf 84' lang='grc' dir='ltr'><strong>τὴν</strong></span> <span class='ocrx_word' id='word_1_264' title='bbox 1429 3915 1826 3978; x_wconf 75' lang='grc' dir='ltr'><strong>χειροτονίαν,</strong></span> 
     </span>
    </p>
   </div>
   <div class='ocr_carea' id='block_1_44' title="bbox 317 4002 1823 4072">
    <p class='ocr_par' dir='ltr' id='par_1_44' title="bbox 317 4002 1823 4072">
     <span class='ocr_line' id='line_1_44' title="bbox 317 4002 1823 4072; baseline 0.001 -17"><span class='ocrx_word' id='word_1_265' title='bbox 317 4002 419 4055; x_wconf 76' lang='grc' dir='ltr'><strong>καί</strong></span> <span class='ocrx_word' id='word_1_266' title='bbox 454 4003 678 4070; x_wconf 76' lang='grc' dir='ltr'><strong>χρόνον</strong></span> <span class='ocrx_word' id='word_1_267' title='bbox 705 4002 834 4055; x_wconf 78' lang='grc' dir='ltr'>τινὰ</span> <span class='ocrx_word' id='word_1_268' title='bbox 871 4005 1288 4070; x_wconf 74' lang='grc' dir='ltr'>παραμείνασα</span> <span class='ocrx_word' id='word_1_269' title='bbox 1337 4004 1411 4071; x_wconf 81' lang='grc' dir='ltr'><strong>τῇ</strong></span> <span class='ocrx_word' id='word_1_270' title='bbox 1459 4007 1823 4072; x_wconf 75' lang='grc' dir='ltr'><strong>λειτουργίᾳ,</strong></span> 
     </span>
    </p>
   </div>
   <div class='ocr_carea' id='block_1_45' title="bbox 318 4093 1826 4163">
    <p class='ocr_par' dir='ltr' id='par_1_45' title="bbox 318 4093 1826 4163">
     <span class='ocr_line' id='line_1_45' title="bbox 318 4093 1826 4163; baseline 0.002 -18"><span class='ocrx_word' id='word_1_271' title='bbox 318 4095 556 4160; x_wconf 69' lang='grc' dir='ltr'><strong>ἑαυτὴν</strong></span> <span class='ocrx_word' id='word_1_272' title='bbox 598 4093 782 4157; x_wconf 76' lang='grc' dir='ltr'><strong>ἐπιδῷ</strong></span> <span class='ocrx_word' id='word_1_273' title='bbox 831 4094 1014 4161; x_wconf 75' lang='grc' dir='ltr'>γάμῳ,</span> <span class='ocrx_word' id='word_1_274' title='bbox 1043 4095 1345 4161; x_wconf 77' lang='grc' dir='ltr'>ὑϐρίσασα</span> <span class='ocrx_word' id='word_1_275' title='bbox 1382 4094 1494 4163; x_wconf 78' lang='grc' dir='ltr'><strong>τὴν</strong></span> <span class='ocrx_word' id='word_1_276' title='bbox 1540 4095 1646 4148; x_wconf 85' lang='grc' dir='ltr'><strong>τοῦ</strong></span> <span class='ocrx_word' id='word_1_277' title='bbox 1679 4096 1826 4149; x_wconf 85' lang='grc' dir='ltr'>Θεοῦ</span> 
     </span>
    </p>
   </div>
   <div class='ocr_carea' id='block_1_46' title="bbox 319 4184 1828 4255">
    <p class='ocr_par' dir='ltr' id='par_1_46' title="bbox 319 4184 1828 4255">
     <span class='ocr_line' id='line_1_46' title="bbox 319 4184 1828 4255; baseline 0.004 -20"><span class='ocrx_word' id='word_1_278' title='bbox 319 4185 526 4252; x_wconf 73' lang='grc' dir='ltr'><strong>χάριν.</strong></span> <span class='ocrx_word' id='word_1_279' title='bbox 584 4185 620 4250; x_wconf 76' lang='grc' dir='ltr'>ἡ</span> <span class='ocrx_word' id='word_1_280' title='bbox 675 4186 915 4252; x_wconf 82' lang='grc' dir='ltr'><strong>τοιαύτη</strong></span> <span class='ocrx_word' id='word_1_281' title='bbox 965 4184 1478 4254; x_wconf 77' lang='grc' dir='ltr'>ἀναθεματιζέσθω</span> <span class='ocrx_word' id='word_1_282' title='bbox 1521 4187 1675 4255; x_wconf 83' lang='grc' dir='ltr'>μετὰ</span> <span class='ocrx_word' id='word_1_283' title='bbox 1720 4187 1828 4241; x_wconf 85' lang='grc' dir='ltr'><strong>τοῦ</strong></span> 
     </span>
    </p>
   </div>
   <div class='ocr_carea' id='block_1_47' title="bbox 319 4276 958 4343">
    <p class='ocr_par' dir='ltr' id='par_1_47' title="bbox 319 4276 958 4343">
     <span class='ocr_line' id='line_1_47' title="bbox 319 4276 958 4343; baseline 0 -14"><span class='ocrx_word' id='word_1_284' title='bbox 319 4276 482 4341; x_wconf 83' lang='grc' dir='ltr'><strong>αὐτῇ</strong></span> <span class='ocrx_word' id='word_1_285' title='bbox 517 4277 958 4343; x_wconf 56' lang='grc' dir='ltr'><strong>συναφθέντος.</strong></span> 
     </span>
    </p>
   </div>
   <div class='ocr_carea' id='block_1_48' title="bbox 321 4367 1826 4440">
    <p class='ocr_par' dir='ltr' id='par_1_48' title="bbox 321 4367 1826 4440">
     <span class='ocr_line' id='line_1_48' title="bbox 321 4367 1826 4440; baseline 0.003 -20"><span class='ocrx_word' id='word_1_286' title='bbox 321 4368 524 4424; x_wconf 69' lang='grc' dir='ltr'><strong>ΒᾹΛΣ.</strong></span> <span class='ocrx_word' id='word_1_287' title='bbox 552 4369 633 4419; x_wconf 82' lang='grc' dir='ltr'>Τά</span> <span class='ocrx_word' id='word_1_288' title='bbox 664 4367 759 4420; x_wconf 78' lang='grc' dir='ltr'><strong>τοῦ</strong></span> <span class='ocrx_word' id='word_1_289' title='bbox 805 4368 1074 4438; x_wconf 73' lang='grc' dir='ltr'>παρόντος</span> <span class='ocrx_word' id='word_1_290' title='bbox 1129 4371 1354 4432; x_wconf 86' lang='grc' dir='ltr'>κανόνος</span> <span class='ocrx_word' id='word_1_291' title='bbox 1391 4370 1567 4438; x_wconf 82' lang='grc' dir='ltr'>πάντη</span> <span class='ocrx_word' id='word_1_292' title='bbox 1600 4371 1826 4440; x_wconf 76' lang='grc' dir='ltr'><strong>ἐσχόλα-</strong></span> 
     </span>
    </p>
   </div>
   <div class='ocr_carea' id='block_1_49' title="bbox 1922 509 3482 582">
    <p class='ocr_par' dir='ltr' id='par_1_49' title="bbox 1922 509 3482 582">
     <span class='ocr_line' id='line_1_49' title="bbox 1922 509 3482 582; baseline 0.003 -19"><span class='ocrx_word' id='word_1_293' title='bbox 1922 509 2206 578; x_wconf 88' lang='lat' dir='ltr'><strong>ptizandos</strong></span> <span class='ocrx_word' id='word_1_294' title='bbox 2257 526 2420 577; x_wconf 88' lang='lat' dir='ltr'><strong>esse;</strong></span> <span class='ocrx_word' id='word_1_295' title='bbox 2505 525 2677 582; x_wconf 89' lang='lat' dir='ltr'><strong>neque</strong></span> <span class='ocrx_word' id='word_1_296' title='bbox 2711 512 2924 581; x_wconf 83' lang='lat' dir='ltr'><strong>quidem</strong></span> <span class='ocrx_word' id='word_1_297' title='bbox 2985 513 3216 568; x_wconf 85' lang='lat' dir='ltr'><strong>ﬁliorum</strong></span> <span class='ocrx_word' id='word_1_298' title='bbox 3262 529 3482 568; x_wconf 87' lang='lat' dir='ltr'><strong>suorum</strong></span> 
     </span>
    </p>
   </div>
   <div class='ocr_carea' id='block_1_50' title="bbox 1920 603 3490 672">
    <p class='ocr_par' dir='ltr' id='par_1_50' title="bbox 1920 603 3490 672">
     <span class='ocr_line' id='line_1_50' title="bbox 1920 603 3490 672; baseline 0.001 -16"><span class='ocrx_word' id='word_1_299' title='bbox 1920 606 2142 656; x_wconf 85' lang='lat' dir='ltr'><strong>nomine</strong></span> <span class='ocrx_word' id='word_1_300' title='bbox 2187 603 2480 671; x_wconf 84' lang='lat' dir='ltr'><strong>quidquam</strong></span> <span class='ocrx_word' id='word_1_301' title='bbox 2533 606 2602 658; x_wconf 90' lang='lat' dir='ltr'><strong>de</strong></span> <span class='ocrx_word' id='word_1_302' title='bbox 2658 605 2875 672; x_wconf 89' lang='lat' dir='ltr'><strong>nuptiis,</strong></span> <span class='ocrx_word' id='word_1_303' title='bbox 2904 619 3022 658; x_wconf 89' lang='lat' dir='ltr'><strong>cum</strong></span> <span class='ocrx_word' id='word_1_304' title='bbox 3060 605 3331 669; x_wconf 71' lang='lat' dir='ltr'><strong>haeretico,</strong></span> <span class='ocrx_word' id='word_1_305' title='bbox 3395 603 3490 658; x_wconf 83' lang='lat' dir='ltr'><strong>Ju-</strong></span> 
     </span>
    </p>
   </div>
   <div class='ocr_carea' id='block_1_51' title="bbox 1921 693 3488 764">
    <p class='ocr_par' dir='ltr' id='par_1_51' title="bbox 1921 693 3488 764">
     <span class='ocr_line' id='line_1_51' title="bbox 1921 693 3488 764; baseline 0.001 -15"><span class='ocrx_word' id='word_1_306' title='bbox 1921 695 2059 760; x_wconf 58' lang='grc' dir='ltr'>ἀπο,</span> <span class='ocrx_word' id='word_1_307' title='bbox 2109 705 2201 748; x_wconf 89' lang='lat' dir='ltr'><strong>aut</strong></span> <span class='ocrx_word' id='word_1_308' title='bbox 2231 693 2418 749; x_wconf 63' lang='lat' dir='ltr'><strong>Grmco</strong></span> <span class='ocrx_word' id='word_1_309' title='bbox 2452 695 2737 762; x_wconf 79' lang='lat' dir='ltr'><strong>iungendis</strong></span> <span class='ocrx_word' id='word_1_310' title='bbox 2785 711 2942 764; x_wconf 78' lang='lat' dir='ltr'><strong>agere</strong></span> <span class='ocrx_word' id='word_1_311' title='bbox 3007 697 3204 750; x_wconf 87' lang='lat' dir='ltr'><strong>debere</strong></span> <span class='ocrx_word' id='word_1_312' title='bbox 3227 698 3488 751; x_wconf 90' lang='lat' dir='ltr'><strong>decernit.</strong></span> 
     </span>
    </p>
   </div>
   <div class='ocr_carea' id='block_1_52' title="bbox 1923 785 3494 857">
    <p class='ocr_par' dir='ltr' id='par_1_52' title="bbox 1923 785 3494 857">
     <span class='ocr_line' id='line_1_52' title="bbox 1923 785 3494 857; baseline 0.001 -17"><span class='ocrx_word' id='word_1_313' title='bbox 1923 785 2063 840; x_wconf 88' lang='lat' dir='ltr'><strong>Sunt</strong></span> <span class='ocrx_word' id='word_1_314' title='bbox 2093 801 2222 839; x_wconf 87' lang='lat' dir='ltr'><strong>vero</strong></span> <span class='ocrx_word' id='word_1_315' title='bbox 2254 786 2516 848; x_wconf 76' lang='lat' dir='ltr'><strong>lueretici,</strong></span> <span class='ocrx_word' id='word_1_316' title='bbox 2555 787 2646 855; x_wconf 88' lang='lat' dir='ltr'><strong>qui</strong></span> <span class='ocrx_word' id='word_1_317' title='bbox 2693 788 2950 856; x_wconf 85' lang='lat' dir='ltr'><strong>mysteria</strong></span> <span class='ocrx_word' id='word_1_318' title='bbox 2987 799 3185 842; x_wconf 72' lang='lat' dir='ltr'><strong>nostra:</strong></span> <span class='ocrx_word' id='word_1_319' title='bbox 3214 789 3494 857; x_wconf 81' lang='lat' dir='ltr'><strong>religionis</strong></span> 
     </span>
    </p>
   </div>
   <div class='ocr_carea' id='block_1_53' title="bbox 1922 862 3487 946">
    <p class='ocr_par' dir='ltr' id='par_1_53' title="bbox 1922 862 3487 946">
     <span class='ocr_line' id='line_1_53' title="bbox 1922 862 3487 946; baseline -0.001 -16"><span class='ocrx_word' id='word_1_320' title='bbox 1922 877 1994 930; x_wconf 88' lang='lat' dir='ltr'><strong>ita</strong></span> <span class='ocrx_word' id='word_1_321' title='bbox 2028 877 2313 945; x_wconf 89' lang='lat' dir='ltr'><strong>recipiunt,</strong></span> <span class='ocrx_word' id='word_1_322' title='bbox 2346 885 2405 930; x_wconf 83' lang='lat' dir='ltr'><strong>ut</strong></span> <span class='ocrx_word' id='word_1_323' title='bbox 2437 862 2486 930; x_wconf 85' lang='lat' dir='ltr'><strong>in</strong></span> <span class='ocrx_word' id='word_1_324' title='bbox 2515 878 2833 946; x_wconf 86' lang='lat' dir='ltr'><strong>quihusdam</strong></span> <span class='ocrx_word' id='word_1_325' title='bbox 2866 886 3043 931; x_wconf 85' lang='lat' dir='ltr'><strong>tamen</strong></span> <span class='ocrx_word' id='word_1_326' title='bbox 3069 878 3487 941; x_wconf 88' lang='lat' dir='ltr'><strong>hallucinentur,</strong></span> 
     </span>
    </p>
   </div>
   <div class='ocr_carea' id='block_1_54' title="bbox 1923 968 3488 1037">
    <p class='ocr_par' dir='ltr' id='par_1_54' title="bbox 1923 968 3488 1037">
     <span class='ocr_line' id='line_1_54' title="bbox 1923 968 3488 1037; baseline -0.001 -17"><span class='ocrx_word' id='word_1_327' title='bbox 1923 979 2080 1036; x_wconf 89' lang='lat' dir='ltr'><strong>atque</strong></span> <span class='ocrx_word' id='word_1_328' title='bbox 2109 969 2175 1022; x_wconf 89' lang='lat' dir='ltr'><strong>ab</strong></span> <span class='ocrx_word' id='word_1_329' title='bbox 2199 969 2512 1023; x_wconf 78' lang='lat' dir='ltr'><strong>orthodoxis</strong></span> <span class='ocrx_word' id='word_1_330' title='bbox 2557 968 2894 1022; x_wconf 77' lang='lat' dir='ltr'><strong>dissentiant.</strong></span> <span class='ocrx_word' id='word_1_331' title='bbox 2941 969 3107 1022; x_wconf 69' lang='lat' dir='ltr'><strong>Judaei</strong></span> <span class='ocrx_word' id='word_1_332' title='bbox 3165 980 3364 1031; x_wconf 88' lang='lat' dir='ltr'><strong>autem,</strong></span> <span class='ocrx_word' id='word_1_333' title='bbox 3397 971 3488 1037; x_wconf 85' lang='lat' dir='ltr'><strong>qui</strong></span> 
     </span>
    </p>
   </div>
   <div class='ocr_carea' id='block_1_55' title="bbox 1924 1059 3486 1128">
    <p class='ocr_par' dir='ltr' id='par_1_55' title="bbox 1924 1059 3486 1128">
     <span class='ocr_line' id='line_1_55' title="bbox 1924 1059 3486 1128; baseline 0 -17"><span class='ocrx_word' id='word_1_334' title='bbox 1924 1059 2130 1113; x_wconf 77' lang='lat' dir='ltr'><strong>nefario</strong></span> <span class='ocrx_word' id='word_1_335' title='bbox 2189 1075 2247 1114; x_wconf 80' lang='lat' dir='ltr'><strong>se</strong></span> <span class='ocrx_word' id='word_1_336' title='bbox 2295 1059 2492 1113; x_wconf 85' lang='lat' dir='ltr'><strong>Christi</strong></span> <span class='ocrx_word' id='word_1_337' title='bbox 2549 1060 2844 1128; x_wconf 82' lang='lat' dir='ltr'><strong>parricidio</strong></span> <span class='ocrx_word' id='word_1_338' title='bbox 2913 1059 3372 1125; x_wconf 77' lang='lat' dir='ltr'><strong>contaminavere,</strong></span> <span class='ocrx_word' id='word_1_339' title='bbox 3431 1068 3486 1112; x_wconf 84' lang='lat' dir='ltr'><strong>et.</strong></span> 
     </span>
    </p>
   </div>
   <div class='ocr_carea' id='block_1_56' title="bbox 1923 1150 3492 1220">
    <p class='ocr_par' dir='ltr' id='par_1_56' title="bbox 1923 1150 3492 1220">
     <span class='ocr_line' id='line_1_56' title="bbox 1923 1150 3492 1220; baseline 0 -18"><span class='ocrx_word' id='word_1_340' title='bbox 1923 1150 2231 1204; x_wconf 69' lang='lat' dir='ltr'><strong>Graecorum</strong></span> <span class='ocrx_word' id='word_1_341' title='bbox 2290 1152 2668 1219; x_wconf 82' lang='lat' dir='ltr'><strong>appellatione,</strong></span> <span class='ocrx_word' id='word_1_342' title='bbox 2721 1168 2748 1204; x_wconf 88' lang='lat' dir='ltr'><strong>a</strong></span> <span class='ocrx_word' id='word_1_343' title='bbox 2800 1152 2900 1205; x_wconf 53' lang='lat' dir='ltr'><strong>[ille</strong></span> <span class='ocrx_word' id='word_1_344' title='bbox 2951 1167 3172 1220; x_wconf 84' lang='lat' dir='ltr'><strong>prorsus</strong></span> <span class='ocrx_word' id='word_1_345' title='bbox 3228 1151 3390 1203; x_wconf 83' lang='lat' dir='ltr'><strong>alieni</strong></span> <span class='ocrx_word' id='word_1_346' title='bbox 3438 1159 3492 1202; x_wconf 83' lang='lat' dir='ltr'><strong>et</strong></span> 
     </span>
    </p>
   </div>
   <div class='ocr_carea' id='block_1_57' title="bbox 1925 1243 3496 1312">
    <p class='ocr_par' dir='ltr' id='par_1_57' title="bbox 1925 1243 3496 1312">
     <span class='ocr_line' id='line_1_57' title="bbox 1925 1243 3496 1312; baseline -0.001 -18"><span class='ocrx_word' id='word_1_347' title='bbox 1925 1244 2187 1297; x_wconf 86' lang='lat' dir='ltr'><strong>idolorum</strong></span> <span class='ocrx_word' id='word_1_348' title='bbox 2215 1244 2452 1297; x_wconf 84' lang='lat' dir='ltr'><strong>cultores</strong></span> <span class='ocrx_word' id='word_1_349' title='bbox 2482 1244 2878 1312; x_wconf 77' lang='lat' dir='ltr'><strong>significantur.</strong></span> <span class='ocrx_word' id='word_1_350' title='bbox 2913 1243 3065 1308; x_wconf 78' lang='lat' dir='ltr'><strong>Quod</strong></span> <span class='ocrx_word' id='word_1_351' title='bbox 3095 1244 3136 1296; x_wconf 89' lang='lat' dir='ltr'><strong>si</strong></span> <span class='ocrx_word' id='word_1_352' title='bbox 3175 1243 3331 1295; x_wconf 85' lang='lat' dir='ltr'><strong>Iidem</strong></span> <span class='ocrx_word' id='word_1_353' title='bbox 3381 1258 3496 1293; x_wconf 82' lang='lat' dir='ltr'><strong>atu-</strong></span> 
     </span>
    </p>
   </div>
   <div class='ocr_carea' id='block_1_58' title="bbox 1925 1334 3493 1404">
    <p class='ocr_par' dir='ltr' id='par_1_58' title="bbox 1925 1334 3493 1404">
     <span class='ocr_line' id='line_1_58' title="bbox 1925 1334 3493 1404; baseline 0 -19"><span class='ocrx_word' id='word_1_354' title='bbox 1925 1336 2079 1403; x_wconf 87' lang='lat' dir='ltr'><strong>plecti</strong></span> <span class='ocrx_word' id='word_1_355' title='bbox 2107 1350 2166 1390; x_wconf 91' lang='lat' dir='ltr'><strong>se</strong></span> <span class='ocrx_word' id='word_1_356' title='bbox 2192 1336 2324 1390; x_wconf 84' lang='lat' dir='ltr'><strong>velle</strong></span> <span class='ocrx_word' id='word_1_357' title='bbox 2354 1337 2728 1390; x_wconf 66' lang='lat' dir='ltr'><strong>haereticorum</strong></span> <span class='ocrx_word' id='word_1_358' title='bbox 2763 1336 3030 1404; x_wconf 84' lang='lat' dir='ltr'><strong>quispiam</strong></span> <span class='ocrx_word' id='word_1_359' title='bbox 3066 1346 3158 1389; x_wconf 87' lang='lat' dir='ltr'><strong>aut</strong></span> <span class='ocrx_word' id='word_1_360' title='bbox 3193 1334 3493 1387; x_wconf 88' lang='lat' dir='ltr'><strong>iulideliutu</strong></span> 
     </span>
    </p>
   </div>
   <div class='ocr_carea' id='block_1_59' title="bbox 1924 1426 3492 1496">
    <p class='ocr_par' dir='ltr' id='par_1_59' title="bbox 1924 1426 3492 1496">
     <span class='ocr_line' id='line_1_59' title="bbox 1924 1426 3492 1496; baseline -0.003 -17"><span class='ocrx_word' id='word_1_361' title='bbox 1924 1427 2258 1494; x_wconf 86' lang='lat' dir='ltr'><strong>polliceatur,</strong></span> <span class='ocrx_word' id='word_1_362' title='bbox 2288 1442 2410 1481; x_wconf 89' lang='lat' dir='ltr'><strong>cum</strong></span> <span class='ocrx_word' id='word_1_363' title='bbox 2443 1443 2507 1481; x_wconf 89' lang='lat' dir='ltr'><strong>eo</strong></span> <span class='ocrx_word' id='word_1_364' title='bbox 2537 1428 2734 1495; x_wconf 81' lang='lat' dir='ltr'><strong>pacisci</strong></span> <span class='ocrx_word' id='word_1_365' title='bbox 2789 1429 2855 1481; x_wconf 91' lang='lat' dir='ltr'><strong>de</strong></span> <span class='ocrx_word' id='word_1_366' title='bbox 2900 1426 3126 1496; x_wconf 86' lang='lat' dir='ltr'><strong>nuptiis.</strong></span> <span class='ocrx_word' id='word_1_367' title='bbox 3175 1440 3281 1478; x_wconf 91' lang='lat' dir='ltr'><strong>non</strong></span> <span class='ocrx_word' id='word_1_368' title='bbox 3317 1434 3492 1477; x_wconf 86' lang='lat' dir='ltr'><strong>tamen</strong></span> 
     </span>
    </p>
   </div>
   <div class='ocr_carea' id='block_1_60' title="bbox 1923 1515 3493 1589">
    <p class='ocr_par' dir='ltr' id='par_1_60' title="bbox 1923 1515 3493 1589">
     <span class='ocr_line' id='line_1_60' title="bbox 1923 1515 3493 1589; baseline -0.004 -16"><span class='ocrx_word' id='word_1_369' title='bbox 1923 1532 2036 1579; x_wconf 86' lang='lat' dir='ltr'><strong>eas,</strong></span> <span class='ocrx_word' id='word_1_370' title='bbox 2088 1528 2376 1588; x_wconf 87' lang='lat' dir='ltr'><strong>antequam</strong></span> <span class='ocrx_word' id='word_1_371' title='bbox 2425 1521 2690 1588; x_wconf 86' lang='lat' dir='ltr'><strong>promissa</strong></span> <span class='ocrx_word' id='word_1_372' title='bbox 2733 1520 2823 1589; x_wconf 87' lang='lat' dir='ltr'><strong>qui</strong></span> <span class='ocrx_word' id='word_1_373' title='bbox 2861 1535 2922 1572; x_wconf 88' lang='lat' dir='ltr'><strong>ea</strong></span> <span class='ocrx_word' id='word_1_374' title='bbox 2978 1517 3127 1572; x_wconf 86' lang='lat' dir='ltr'><strong>dedit</strong></span> <span class='ocrx_word' id='word_1_375' title='bbox 3173 1515 3493 1585; x_wconf 76' lang='lat' dir='ltr'><strong>impleverit,</strong></span> 
     </span>
    </p>
   </div>
   <div class='ocr_carea' id='block_1_61' title="bbox 1924 1608 3498 1677">
    <p class='ocr_par' dir='ltr' id='par_1_61' title="bbox 1924 1608 3498 1677">
     <span class='ocr_line' id='line_1_61' title="bbox 1924 1608 3498 1677; baseline -0.001 -14"><span class='ocrx_word' id='word_1_376' title='bbox 1924 1609 2184 1664; x_wconf 87' lang='lat' dir='ltr'><strong>celebrari</strong></span> <span class='ocrx_word' id='word_1_377' title='bbox 2213 1610 2374 1665; x_wconf 85' lang='lat' dir='ltr'><strong>licere</strong></span> <span class='ocrx_word' id='word_1_378' title='bbox 2407 1612 2736 1665; x_wconf 85' lang='lat' dir='ltr'><strong>decernitur.</strong></span> <span class='ocrx_word' id='word_1_379' title='bbox 2777 1611 2876 1677; x_wconf 90' lang='lat' dir='ltr'><strong>Qui</strong></span> <span class='ocrx_word' id='word_1_380' title='bbox 2929 1624 3090 1665; x_wconf 86' lang='lat' dir='ltr'><strong>secus</strong></span> <span class='ocrx_word' id='word_1_381' title='bbox 3145 1608 3356 1672; x_wconf 80' lang='lat' dir='ltr'><strong>iecerit,</strong></span> <span class='ocrx_word' id='word_1_382' title='bbox 3405 1621 3498 1661; x_wconf 83' lang='lat' dir='ltr'><strong>ca-</strong></span> 
     </span>
    </p>
   </div>
   <div class='ocr_carea' id='block_1_62' title="bbox 1928 1702 3218 1772">
    <p class='ocr_par' dir='ltr' id='par_1_62' title="bbox 1928 1702 3218 1772">
     <span class='ocr_line' id='line_1_62' title="bbox 1928 1702 3218 1772; baseline 0.002 -18"><span class='ocrx_word' id='word_1_383' title='bbox 1928 1702 2136 1757; x_wconf 86' lang='lat' dir='ltr'><strong>nonicis</strong></span> <span class='ocrx_word' id='word_1_384' title='bbox 2164 1703 2219 1756; x_wconf 90' lang='lat' dir='ltr'><strong>in</strong></span> <span class='ocrx_word' id='word_1_385' title='bbox 2249 1716 2371 1758; x_wconf 91' lang='lat' dir='ltr'><strong>eum</strong></span> <span class='ocrx_word' id='word_1_386' title='bbox 2407 1703 2582 1772; x_wconf 67' lang='lat' dir='ltr'><strong>pretiis</strong></span> <span class='ocrx_word' id='word_1_387' title='bbox 2611 1703 2967 1758; x_wconf 86' lang='lat' dir='ltr'><strong>animadverti</strong></span> <span class='ocrx_word' id='word_1_388' title='bbox 3006 1702 3218 1772; x_wconf 89' lang='lat' dir='ltr'><strong>jubent.</strong></span> 
     </span>
    </p>
   </div>
   <div class='ocr_carea' id='block_1_63' title="bbox 1929 1878 3494 1950">
    <p class='ocr_par' dir='ltr' id='par_1_63' title="bbox 1929 1878 3494 1950">
     <span class='ocr_line' id='line_1_63' title="bbox 1929 1878 3494 1950; baseline -0.001 -15"><span class='ocrx_word' id='word_1_389' title='bbox 1929 1879 2080 1950; x_wconf 76' lang='lat'><strong>131</strong></span> <span class='ocrx_word' id='word_1_390' title='bbox 2116 1878 2342 1934; x_wconf 83' lang='lat' dir='ltr'><strong>ARIST.</strong></span> <span class='ocrx_word' id='word_1_391' title='bbox 2370 1880 2569 1936; x_wconf 77' lang='lat' dir='ltr'><strong>Cantor</strong></span> <span class='ocrx_word' id='word_1_392' title='bbox 2588 1891 2680 1933; x_wconf 86' lang='lat' dir='ltr'><strong>aut</strong></span> <span class='ocrx_word' id='word_1_393' title='bbox 2709 1882 2872 1935; x_wconf 78' lang='lat' dir='ltr'><strong>lector</strong></span> <span class='ocrx_word' id='word_1_394' title='bbox 2909 1901 2940 1936; x_wconf 89' lang='lat' dir='ltr'><strong>a</strong></span> <span class='ocrx_word' id='word_1_395' title='bbox 2964 1890 3102 1934; x_wconf 86' lang='lat' dir='ltr'><strong>recta</strong></span> <span class='ocrx_word' id='word_1_396' title='bbox 3137 1881 3238 1948; x_wconf 84' lang='lat' dir='ltr'><strong>ﬁde</strong></span> <span class='ocrx_word' id='word_1_397' title='bbox 3269 1882 3494 1944; x_wconf 84' lang='lat' dir='ltr'><strong>alienus,</strong></span> 
     </span>
    </p>
   </div>
   <div class='ocr_carea' id='block_1_64' title="bbox 1999 1972 3496 2044">
    <p class='ocr_par' dir='ltr' id='par_1_64' title="bbox 1999 1972 3496 2044">
     <span class='ocr_line' id='line_1_64' title="bbox 1999 1972 3496 2044; baseline 0.001 -19"><span class='ocrx_word' id='word_1_398' title='bbox 1999 1972 2044 2025; x_wconf 88' lang='lat' dir='ltr'><strong>si</strong></span> <span class='ocrx_word' id='word_1_399' title='bbox 2074 1987 2235 2026; x_wconf 68' lang='lat' dir='ltr'><strong>uxore</strong></span> <span class='ocrx_word' id='word_1_400' title='bbox 2270 1973 2428 2026; x_wconf 84' lang='lat' dir='ltr'><strong>ducta</strong></span> <span class='ocrx_word' id='word_1_401' title='bbox 2467 1975 2656 2027; x_wconf 85' lang='lat' dir='ltr'><strong>liberos</strong></span> <span class='ocrx_word' id='word_1_402' title='bbox 2677 1974 2931 2044; x_wconf 78' lang='lat' dir='ltr'><strong>genuerit,</strong></span> <span class='ocrx_word' id='word_1_403' title='bbox 2962 1990 3046 2028; x_wconf 85' lang='lat' dir='ltr'><strong>eos</strong></span> <span class='ocrx_word' id='word_1_404' title='bbox 3076 1978 3145 2026; x_wconf 88' lang='lat' dir='ltr'><strong>ad</strong></span> <span class='ocrx_word' id='word_1_405' title='bbox 3170 1975 3496 2026; x_wconf 83' lang='lat' dir='ltr'><strong>communio-</strong></span> 
     </span>
    </p>
   </div>
   <div class='ocr_carea' id='block_1_65' title="bbox 1998 2063 3494 2134">
    <p class='ocr_par' dir='ltr' id='par_1_65' title="bbox 1998 2063 3494 2134">
     <span class='ocr_line' id='line_1_65' title="bbox 1998 2063 3494 2134; baseline 0.002 -18"><span class='ocrx_word' id='word_1_406' title='bbox 1998 2077 2113 2116; x_wconf 82' lang='lat' dir='ltr'><strong>nem</strong></span> <span class='ocrx_word' id='word_1_407' title='bbox 2156 2063 2399 2127; x_wconf 80' lang='lat' dir='ltr'><strong>adducit,</strong></span> <span class='ocrx_word' id='word_1_408' title='bbox 2438 2065 2484 2117; x_wconf 90' lang='lat' dir='ltr'><strong>si</strong></span> <span class='ocrx_word' id='word_1_409' title='bbox 2521 2066 2714 2119; x_wconf 79' lang='lat' dir='ltr'><strong>ibidem</strong></span> <span class='ocrx_word' id='word_1_410' title='bbox 2757 2065 3015 2134; x_wconf 74' lang='lat' dir='ltr'><strong>baptizati</strong></span> <span class='ocrx_word' id='word_1_411' title='bbox 3065 2075 3208 2119; x_wconf 86' lang='lat' dir='ltr'><strong>sunt.</strong></span> <span class='ocrx_word' id='word_1_412' title='bbox 3263 2064 3321 2120; x_wconf 89' lang='lat' dir='ltr'><strong>Si</strong></span> <span class='ocrx_word' id='word_1_413' title='bbox 3374 2081 3494 2119; x_wconf 77' lang='lat' dir='ltr'><strong>vero</strong></span> 
     </span>
    </p>
   </div>
   <div class='ocr_carea' id='block_1_66' title="bbox 2001 2141 3497 2227">
    <p class='ocr_par' dir='ltr' id='par_1_66' title="bbox 2001 2141 3497 2227">
     <span class='ocr_line' id='line_1_66' title="bbox 2001 2141 3497 2227; baseline 0.003 -19"><span class='ocrx_word' id='word_1_414' title='bbox 2001 2154 2233 2208; x_wconf 86' lang='lat' dir='ltr'><strong>nondum</strong></span> <span class='ocrx_word' id='word_1_415' title='bbox 2261 2166 2379 2210; x_wconf 84' lang='lat' dir='ltr'><strong>sunt</strong></span> <span class='ocrx_word' id='word_1_416' title='bbox 2417 2141 2694 2224; x_wconf 79' lang='lat' dir='ltr'><strong>baptizati,</strong></span> <span class='ocrx_word' id='word_1_417' title='bbox 2726 2158 2866 2227; x_wconf 87' lang='lat' dir='ltr'><strong>apud</strong></span> <span class='ocrx_word' id='word_1_418' title='bbox 2893 2158 3161 2212; x_wconf 77' lang='lat' dir='ltr'><strong>Itwreticos</strong></span> <span class='ocrx_word' id='word_1_419' title='bbox 3189 2169 3366 2227; x_wconf 81' lang='lat' dir='ltr'><strong>postea</strong></span> <span class='ocrx_word' id='word_1_420' title='bbox 3391 2175 3497 2212; x_wconf 88' lang='lat' dir='ltr'><strong>non</strong></span> 
     </span>
    </p>
   </div>
   <div class='ocr_carea' id='block_1_67' title="bbox 2000 2247 2362 2315">
    <p class='ocr_par' dir='ltr' id='par_1_67' title="bbox 2000 2247 2362 2315">
     <span class='ocr_line' id='line_1_67' title="bbox 2000 2247 2362 2315; baseline 0.008 -15"><span class='ocrx_word' id='word_1_421' title='bbox 2000 2247 2362 2315; x_wconf 70' lang='lat' dir='ltr'><strong>baptizantur.</strong></span> 
     </span>
    </p>
   </div>
   <div class='ocr_carea' id='block_1_68' title="bbox 1993 2332 3496 2404">
    <p class='ocr_par' dir='ltr' id='par_1_68' title="bbox 1993 2332 3496 2404">
     <span class='ocr_line' id='line_1_68' title="bbox 1993 2332 3496 2404; baseline -0.001 -15"><span class='ocrx_word' id='word_1_422' title='bbox 1993 2332 2364 2390; x_wconf 77' lang='lat' dir='ltr'><strong>Ortbodoxum</strong></span> <span class='ocrx_word' id='word_1_423' title='bbox 2396 2335 2665 2390; x_wconf 59' lang='lat' dir='ltr'><strong>haeretica:</strong></span> <span class='ocrx_word' id='word_1_424' title='bbox 2698 2336 3044 2391; x_wconf 89' lang='lat' dir='ltr'><strong>matrimonio</strong></span> <span class='ocrx_word' id='word_1_425' title='bbox 3097 2336 3347 2404; x_wconf 69' lang='lat' dir='ltr'><strong>conjungi</strong></span> <span class='ocrx_word' id='word_1_426' title='bbox 3379 2352 3496 2389; x_wconf 85' lang='lat' dir='ltr'><strong>mu-</strong></span> 
     </span>
    </p>
   </div>
   <div class='ocr_carea' id='block_1_69' title="bbox 1923 2427 3498 2491">
    <p class='ocr_par' dir='ltr' id='par_1_69' title="bbox 1923 2427 3498 2491">
     <span class='ocr_line' id='line_1_69' title="bbox 1923 2427 3498 2491; baseline 0.002 -9"><span class='ocrx_word' id='word_1_427' title='bbox 1923 2427 2086 2491; x_wconf 85' lang='lat' dir='ltr'><strong>lieri,</strong></span> <span class='ocrx_word' id='word_1_428' title='bbox 2147 2435 2240 2482; x_wconf 84' lang='lat' dir='ltr'><strong>aut.</strong></span> <span class='ocrx_word' id='word_1_429' title='bbox 2288 2429 2408 2484; x_wconf 73' lang='lat' dir='ltr'><strong>vice</strong></span> <span class='ocrx_word' id='word_1_430' title='bbox 2462 2438 2728 2484; x_wconf 82' lang='lat' dir='ltr'><strong>versa.et</strong></span> <span class='ocrx_word' id='word_1_431' title='bbox 2796 2429 3037 2484; x_wconf 86' lang='lat' dir='ltr'><strong>decimus</strong></span> <span class='ocrx_word' id='word_1_432' title='bbox 3087 2437 3140 2484; x_wconf 82' lang='lat' dir='ltr'><strong>et</strong></span> <span class='ocrx_word' id='word_1_433' title='bbox 3192 2429 3498 2485; x_wconf 86' lang='lat' dir='ltr'><strong>tricesimus</strong></span> 
     </span>
    </p>
   </div>
   <div class='ocr_carea' id='block_1_70' title="bbox 1925 2518 3498 2591">
    <p class='ocr_par' dir='ltr' id='par_1_70' title="bbox 1925 2518 3498 2591">
     <span class='ocr_line' id='line_1_70' title="bbox 1925 2518 3498 2591; baseline 0.001 -18"><span class='ocrx_word' id='word_1_434' title='bbox 1925 2519 2134 2590; x_wconf 88' lang='lat' dir='ltr'><strong>primus</strong></span> <span class='ocrx_word' id='word_1_435' title='bbox 2164 2519 2354 2591; x_wconf 84' lang='lat' dir='ltr'><strong>synodi</strong></span> <span class='ocrx_word' id='word_1_436' title='bbox 2389 2518 2705 2575; x_wconf 63' lang='lat' dir='ltr'><strong>Laodicenis</strong></span> <span class='ocrx_word' id='word_1_437' title='bbox 2735 2535 2930 2584; x_wconf 84' lang='lat' dir='ltr'><strong>canon,</strong></span> <span class='ocrx_word' id='word_1_438' title='bbox 2953 2529 3010 2575; x_wconf 88' lang='lat' dir='ltr'><strong>et</strong></span> <span class='ocrx_word' id='word_1_439' title='bbox 3036 2520 3302 2576; x_wconf 86' lang='lat' dir='ltr'><strong>secundus</strong></span> <span class='ocrx_word' id='word_1_440' title='bbox 3331 2530 3498 2576; x_wconf 76' lang='lat' dir='ltr'><strong>sexta:</strong></span> 
     </span>
    </p>
   </div>
   <div class='ocr_carea' id='block_1_71' title="bbox 1923 2609 3500 2683">
    <p class='ocr_par' dir='ltr' id='par_1_71' title="bbox 1923 2609 3500 2683">
     <span class='ocr_line' id='line_1_71' title="bbox 1923 2609 3500 2683; baseline 0.001 -17"><span class='ocrx_word' id='word_1_441' title='bbox 1923 2611 1978 2666; x_wconf 92' lang='lat' dir='ltr'><strong>in</strong></span> <span class='ocrx_word' id='word_1_442' title='bbox 2011 2609 2198 2665; x_wconf 88' lang='lat' dir='ltr'><strong>Trullo</strong></span> <span class='ocrx_word' id='word_1_443' title='bbox 2226 2612 2440 2682; x_wconf 76' lang='lat' dir='ltr'><strong>synodi,</strong></span> <span class='ocrx_word' id='word_1_444' title='bbox 2477 2621 2533 2667; x_wconf 89' lang='lat' dir='ltr'><strong>et</strong></span> <span class='ocrx_word' id='word_1_445' title='bbox 2587 2611 2673 2667; x_wconf 88' lang='lat' dir='ltr'><strong>hic</strong></span> <span class='ocrx_word' id='word_1_446' title='bbox 2700 2627 2940 2683; x_wconf 62' lang='lat' dir='ltr'><strong>praesens</strong></span> <span class='ocrx_word' id='word_1_447' title='bbox 2968 2612 3272 2682; x_wconf 83' lang='lat' dir='ltr'><strong>prohibent.</strong></span> <span class='ocrx_word' id='word_1_448' title='bbox 3293 2611 3351 2667; x_wconf 90' lang='lat' dir='ltr'><strong>Si</strong></span> <span class='ocrx_word' id='word_1_449' title='bbox 3373 2611 3500 2681; x_wconf 82' lang='lat' dir='ltr'><strong>quis</strong></span> 
     </span>
    </p>
   </div>
   <div class='ocr_carea' id='block_1_72' title="bbox 1929 2705 3499 2761">
    <p class='ocr_par' dir='ltr' id='par_1_72' title="bbox 1929 2705 3499 2761">
     <span class='ocr_line' id='line_1_72' title="bbox 1929 2705 3499 2761; baseline -0.001 -2"><span class='ocrx_word' id='word_1_450' title='bbox 1929 2715 2111 2760; x_wconf 90' lang='lat' dir='ltr'><strong>autem</strong></span> <span class='ocrx_word' id='word_1_451' title='bbox 2171 2718 2202 2759; x_wconf 92' lang='lat' dir='ltr'><strong>e</strong></span> <span class='ocrx_word' id='word_1_452' title='bbox 2262 2705 2580 2761; x_wconf 85' lang='lat' dir='ltr'><strong>cantoribus</strong></span> <span class='ocrx_word' id='word_1_453' title='bbox 2633 2715 2725 2760; x_wconf 89' lang='lat' dir='ltr'><strong>ant</strong></span> <span class='ocrx_word' id='word_1_454' title='bbox 2780 2706 3074 2761; x_wconf 86' lang='lat' dir='ltr'><strong>lectoribus</strong></span> <span class='ocrx_word' id='word_1_455' title='bbox 3128 2715 3258 2760; x_wconf 90' lang='lat' dir='ltr'><strong>ante</strong></span> <span class='ocrx_word' id='word_1_456' title='bbox 3322 2706 3499 2758; x_wconf 85' lang='lat' dir='ltr'><strong>editos</strong></span> 
     </span>
    </p>
   </div>
   <div class='ocr_carea' id='block_1_73' title="bbox 1930 2794 3499 2858">
    <p class='ocr_par' dir='ltr' id='par_1_73' title="bbox 1930 2794 3499 2858">
     <span class='ocr_line' id='line_1_73' title="bbox 1930 2794 3499 2858; baseline -0.001 -10"><span class='ocrx_word' id='word_1_457' title='bbox 1930 2794 2096 2850; x_wconf 85' lang='lat' dir='ltr'><strong>hosce</strong></span> <span class='ocrx_word' id='word_1_458' title='bbox 2128 2810 2363 2850; x_wconf 84' lang='lat' dir='ltr'><strong>canones</strong></span> <span class='ocrx_word' id='word_1_459' title='bbox 2408 2797 2632 2851; x_wconf 87' lang='lat' dir='ltr'><strong>alterius</strong></span> <span class='ocrx_word' id='word_1_460' title='bbox 2681 2809 2842 2851; x_wconf 85' lang='lat' dir='ltr'><strong>sectae</strong></span> <span class='ocrx_word' id='word_1_461' title='bbox 2891 2796 3108 2849; x_wconf 79' lang='lat' dir='ltr'><strong>duxerit</strong></span> <span class='ocrx_word' id='word_1_462' title='bbox 3157 2810 3401 2858; x_wconf 74' lang='lat' dir='ltr'><strong>uxorem,</strong></span> <span class='ocrx_word' id='word_1_463' title='bbox 3443 2803 3499 2847; x_wconf 88' lang='lat' dir='ltr'><strong>et</strong></span> 
     </span>
    </p>
   </div>
   <div class='ocr_carea' id='block_1_74' title="bbox 1935 2886 3498 2958">
    <p class='ocr_par' dir='ltr' id='par_1_74' title="bbox 1935 2886 3498 2958">
     <span class='ocr_line' id='line_1_74' title="bbox 1935 2886 3498 2958; baseline -0.003 -16"><span class='ocrx_word' id='word_1_464' title='bbox 1935 2887 2140 2942; x_wconf 86' lang='lat' dir='ltr'><strong>liberos</strong></span> <span class='ocrx_word' id='word_1_465' title='bbox 2171 2903 2238 2941; x_wconf 81' lang='lat' dir='ltr'><strong>ex</strong></span> <span class='ocrx_word' id='word_1_466' title='bbox 2266 2902 2328 2942; x_wconf 90' lang='lat' dir='ltr'><strong>ea</strong></span> <span class='ocrx_word' id='word_1_467' title='bbox 2362 2888 2680 2958; x_wconf 82' lang='lat' dir='ltr'><strong>susceperit,</strong></span> <span class='ocrx_word' id='word_1_468' title='bbox 2709 2902 2914 2957; x_wconf 81' lang='lat' dir='ltr'><strong>eosque</strong></span> <span class='ocrx_word' id='word_1_469' title='bbox 2949 2886 3324 2954; x_wconf 72' lang='lat' dir='ltr'><strong>baptizaverit,</strong></span> <span class='ocrx_word' id='word_1_470' title='bbox 3368 2886 3498 2937; x_wconf 80' lang='lat' dir='ltr'><strong>dunt</strong></span> 
     </span>
    </p>
   </div>
   <div class='ocr_carea' id='block_1_75' title="bbox 1932 2976 3498 3047">
    <p class='ocr_par' dir='ltr' id='par_1_75' title="bbox 1932 2976 3498 3047">
     <span class='ocr_line' id='line_1_75' title="bbox 1932 2976 3498 3047; baseline -0.004 -14"><span class='ocrx_word' id='word_1_471' title='bbox 1932 2979 2072 3047; x_wconf 86' lang='lat' dir='ltr'><strong>apud</strong></span> <span class='ocrx_word' id='word_1_472' title='bbox 2103 2979 2390 3034; x_wconf 69' lang='lat' dir='ltr'><strong>haereticos</strong></span> <span class='ocrx_word' id='word_1_473' title='bbox 2424 2981 2711 3042; x_wconf 88' lang='lat' dir='ltr'><strong>manserit,</strong></span> <span class='ocrx_word' id='word_1_474' title='bbox 2761 2980 2895 3034; x_wconf 89' lang='lat' dir='ltr'><strong>istos</strong></span> <span class='ocrx_word' id='word_1_475' title='bbox 2935 2979 3189 3033; x_wconf 74' lang='lat' dir='ltr'><strong>Ecclesiae</strong></span> <span class='ocrx_word' id='word_1_476' title='bbox 3220 2976 3498 3030; x_wconf 67' lang='lat' dir='ltr'><strong>catholica!</strong></span> 
     </span>
    </p>
   </div>
   <div class='ocr_carea' id='block_1_76' title="bbox 1929 3067 3496 3135">
    <p class='ocr_par' dir='ltr' id='par_1_76' title="bbox 1929 3067 3496 3135">
     <span class='ocr_line' id='line_1_76' title="bbox 1929 3067 3496 3135; baseline -0.003 -11"><span class='ocrx_word' id='word_1_477' title='bbox 1929 3069 2294 3126; x_wconf 88' lang='lat' dir='ltr'><strong>communioni</strong></span> <span class='ocrx_word' id='word_1_478' title='bbox 2356 3071 2608 3127; x_wconf 85' lang='lat' dir='ltr'><strong>adducat.</strong></span> <span class='ocrx_word' id='word_1_479' title='bbox 2661 3071 2716 3126; x_wconf 90' lang='lat' dir='ltr'><strong>Si</strong></span> <span class='ocrx_word' id='word_1_480' title='bbox 2767 3085 2896 3126; x_wconf 80' lang='lat' dir='ltr'><strong>vero</strong></span> <span class='ocrx_word' id='word_1_481' title='bbox 2953 3070 3188 3124; x_wconf 87' lang='lat' dir='ltr'><strong>nondum</strong></span> <span class='ocrx_word' id='word_1_482' title='bbox 3243 3067 3496 3135; x_wconf 79' lang='lat' dir='ltr'><strong>haptizati</strong></span> 
     </span>
    </p>
   </div>
   <div class='ocr_carea' id='block_1_77' title="bbox 1933 3162 3494 3233">
    <p class='ocr_par' dir='ltr' id='par_1_77' title="bbox 1933 3162 3494 3233">
     <span class='ocr_line' id='line_1_77' title="bbox 1933 3162 3494 3233; baseline -0.002 -16"><span class='ocrx_word' id='word_1_483' title='bbox 1933 3162 2154 3233; x_wconf 78' lang='lat' dir='ltr'><strong>fuerint,</strong></span> <span class='ocrx_word' id='word_1_484' title='bbox 2189 3177 2256 3217; x_wconf 90' lang='lat' dir='ltr'><strong>ne</strong></span> <span class='ocrx_word' id='word_1_485' title='bbox 2290 3164 2518 3233; x_wconf 84' lang='lat' dir='ltr'><strong>posthac</strong></span> <span class='ocrx_word' id='word_1_486' title='bbox 2563 3163 2704 3232; x_wconf 88' lang='lat' dir='ltr'><strong>apud</strong></span> <span class='ocrx_word' id='word_1_487' title='bbox 2760 3163 3044 3217; x_wconf 76' lang='lat' dir='ltr'><strong>haereticos</strong></span> <span class='ocrx_word' id='word_1_488' title='bbox 3095 3174 3390 3215; x_wconf 85' lang='lat' dir='ltr'><strong>retrorsum</strong></span> <span class='ocrx_word' id='word_1_489' title='bbox 3433 3176 3494 3214; x_wconf 84' lang='lat' dir='ltr'><strong>se</strong></span> 
     </span>
    </p>
   </div>
   <div class='ocr_carea' id='block_1_78' title="bbox 1927 3248 3494 3325">
    <p class='ocr_par' dir='ltr' id='par_1_78' title="bbox 1927 3248 3494 3325">
     <span class='ocr_line' id='line_1_78' title="bbox 1927 3248 3494 3325; baseline -0.003 -12"><span class='ocrx_word' id='word_1_490' title='bbox 1927 3269 2246 3314; x_wconf 80' lang='lat' dir='ltr'><strong>convertens</strong></span> <span class='ocrx_word' id='word_1_491' title='bbox 2308 3273 2400 3313; x_wconf 88' lang='lat' dir='ltr'><strong>eos</strong></span> <span class='ocrx_word' id='word_1_492' title='bbox 2456 3258 2711 3325; x_wconf 84' lang='lat' dir='ltr'><strong>baptizet.</strong></span> <span class='ocrx_word' id='word_1_493' title='bbox 2789 3256 2896 3312; x_wconf 86' lang='lat' dir='ltr'><strong>Sed</strong></span> <span class='ocrx_word' id='word_1_494' title='bbox 2973 3256 3121 3309; x_wconf 85' lang='lat' dir='ltr'><strong>illinc.</strong></span> <span class='ocrx_word' id='word_1_495' title='bbox 3183 3248 3494 3319; x_wconf 76' lang='lat' dir='ltr'><strong>recedens,</strong></span> 
     </span>
    </p>
   </div>
   <div class='ocr_carea' id='block_1_79' title="bbox 1925 3347 3491 3416">
    <p class='ocr_par' dir='ltr' id='par_1_79' title="bbox 1925 3347 3491 3416">
     <span class='ocr_line' id='line_1_79' title="bbox 1925 3347 3491 3416; baseline -0.005 -8"><span class='ocrx_word' id='word_1_496' title='bbox 1925 3353 2204 3408; x_wconf 72' lang='lat' dir='ltr'><strong>Catholicae</strong></span> <span class='ocrx_word' id='word_1_497' title='bbox 2248 3351 2479 3406; x_wconf 88' lang='lat' dir='ltr'><strong>adducat</strong></span> <span class='ocrx_word' id='word_1_498' title='bbox 2515 3349 2768 3416; x_wconf 66' lang='lat' dir='ltr'><strong>Ecctesiat</strong></span> <span class='ocrx_word' id='word_1_499' title='bbox 2799 3356 2857 3403; x_wconf 84' lang='lat' dir='ltr'><strong>et</strong></span> <span class='ocrx_word' id='word_1_500' title='bbox 2892 3347 3075 3403; x_wconf 86' lang='lat' dir='ltr'><strong>divino</strong></span> <span class='ocrx_word' id='word_1_501' title='bbox 3114 3362 3209 3402; x_wconf 89' lang='lat' dir='ltr'><strong>eos</strong></span> <span class='ocrx_word' id='word_1_502' title='bbox 3239 3348 3491 3414; x_wconf 81' lang='lat' dir='ltr'><strong>dignetur</strong></span> 
     </span>
    </p>
   </div>
   <div class='ocr_carea' id='block_1_80' title="bbox 1928 3450 2226 3518">
    <p class='ocr_par' dir='ltr' id='par_1_80' title="bbox 1928 3450 2226 3518">
     <span class='ocr_line' id='line_1_80' title="bbox 1928 3450 2226 3518; baseline -0.01 -12"><span class='ocrx_word' id='word_1_503' title='bbox 1928 3450 2226 3518; x_wconf 85' lang='lat' dir='ltr'><strong>baptismo.</strong></span> 
     </span>
    </p>
   </div>
   <div class='ocr_carea' id='block_1_81' title="bbox 2507 3625 2894 3684">
    <p class='ocr_par' dir='ltr' id='par_1_81' title="bbox 2507 3625 2894 3684">
     <span class='ocr_line' id='line_1_81' title="bbox 2507 3625 2894 3684; baseline -0.01 0"><span class='ocrx_word' id='word_1_504' title='bbox 2507 3627 2734 3684; x_wconf 79' lang='lat' dir='ltr'><strong>CANON</strong></span> <span class='ocrx_word' id='word_1_505' title='bbox 2779 3625 2894 3681; x_wconf 79' lang='lat' dir='ltr'><strong>XV.</strong></span> 
     </span>
    </p>
   </div>
   <div class='ocr_carea' id='block_1_82' title="bbox 1932 3718 3500 3781">
    <p class='ocr_par' dir='ltr' id='par_1_82' title="bbox 1932 3718 3500 3781">
     <span class='ocr_line' id='line_1_82' title="bbox 1932 3718 3500 3781; baseline -0.007 0"><span class='ocrx_word' id='word_1_506' title='bbox 1932 3727 2304 3781; x_wconf 80' lang='lat' dir='ltr'><strong>Diaconissam</strong></span> <span class='ocrx_word' id='word_1_507' title='bbox 2357 3742 2459 3779; x_wconf 87' lang='lat' dir='ltr'><strong>non</strong></span> <span class='ocrx_word' id='word_1_508' title='bbox 2501 3741 2614 3778; x_wconf 86' lang='lat' dir='ltr'><strong>esse</strong></span> <span class='ocrx_word' id='word_1_509' title='bbox 2659 3724 2930 3776; x_wconf 84' lang='lat' dir='ltr'><strong>mulierem</strong></span> <span class='ocrx_word' id='word_1_510' title='bbox 2981 3718 3329 3774; x_wconf 80' lang='lat' dir='ltr'><strong>ordinandam</strong></span> <span class='ocrx_word' id='word_1_511' title='bbox 3379 3725 3500 3770; x_wconf 82' lang='lat' dir='ltr'><strong>ante</strong></span> 
     </span>
    </p>
   </div>
   <div class='ocr_carea' id='block_1_83' title="bbox 1998 3820 3500 3888">
    <p class='ocr_par' dir='ltr' id='par_1_83' title="bbox 1998 3820 3500 3888">
     <span class='ocr_line' id='line_1_83' title="bbox 1998 3820 3500 3888; baseline -0.008 -14"><span class='ocrx_word' id='word_1_512' title='bbox 1998 3837 2195 3874; x_wconf 87' lang='lat' dir='ltr'><strong>annum</strong></span> <span class='ocrx_word' id='word_1_513' title='bbox 2224 3820 2705 3888; x_wconf 78' lang='lat' dir='ltr'><strong>quadragesimum,</strong></span> <span class='ocrx_word' id='word_1_514' title='bbox 2736 3828 2788 3869; x_wconf 89' lang='lat' dir='ltr'><strong>et</strong></span> <span class='ocrx_word' id='word_1_515' title='bbox 2819 3833 2930 3868; x_wconf 87' lang='lat' dir='ltr'><strong>eam</strong></span> <span class='ocrx_word' id='word_1_516' title='bbox 2964 3831 3078 3868; x_wconf 81' lang='lat' dir='ltr'><strong>cum</strong></span> <span class='ocrx_word' id='word_1_517' title='bbox 3105 3823 3348 3866; x_wconf 82' lang='lat' dir='ltr'><strong>accurata</strong></span> <span class='ocrx_word' id='word_1_518' title='bbox 3373 3825 3500 3863; x_wconf 54' lang='lat' dir='ltr'><strong>extr-</strong></span> 
     </span>
    </p>
   </div>
   <div class='ocr_carea' id='block_1_84' title="bbox 1997 3905 3496 3977">
    <p class='ocr_par' dir='ltr' id='par_1_84' title="bbox 1997 3905 3496 3977">
     <span class='ocr_line' id='line_1_84' title="bbox 1997 3905 3496 3977; baseline -0.007 -12"><span class='ocrx_word' id='word_1_519' title='bbox 1997 3914 2310 3965; x_wconf 80' lang='lat' dir='ltr'><strong>minutione.</strong></span> <span class='ocrx_word' id='word_1_520' title='bbox 2365 3910 2423 3964; x_wconf 84' lang='lat' dir='ltr'><strong>Si</strong></span> <span class='ocrx_word' id='word_1_521' title='bbox 2463 3922 2638 3963; x_wconf 89' lang='lat' dir='ltr'><strong>autem</strong></span> <span class='ocrx_word' id='word_1_522' title='bbox 2684 3920 2956 3977; x_wconf 80' lang='lat' dir='ltr'><strong>postquam</strong></span> <span class='ocrx_word' id='word_1_523' title='bbox 3007 3905 3335 3959; x_wconf 83' lang='lat' dir='ltr'><strong>ordinatione</strong></span> <span class='ocrx_word' id='word_1_524' title='bbox 3379 3919 3496 3955; x_wconf 88' lang='lat' dir='ltr'><strong>sus-</strong></span> 
     </span>
    </p>
   </div>
   <div class='ocr_carea' id='block_1_85' title="bbox 1999 3997 3497 4074">
    <p class='ocr_par' dir='ltr' id='par_1_85' title="bbox 1999 3997 3497 4074">
     <span class='ocr_line' id='line_1_85' title="bbox 1999 3997 3497 4074; baseline -0.009 -15"><span class='ocrx_word' id='word_1_525' title='bbox 1999 4015 2146 4074; x_wconf 84' lang='lat' dir='ltr'><strong>cepta</strong></span> <span class='ocrx_word' id='word_1_526' title='bbox 2179 4005 2470 4058; x_wconf 83' lang='lat' dir='ltr'><strong>ministerio</strong></span> <span class='ocrx_word' id='word_1_527' title='bbox 2498 4004 2672 4072; x_wconf 84' lang='lat' dir='ltr'><strong>aliqua</strong></span> <span class='ocrx_word' id='word_1_528' title='bbox 2703 4014 2926 4069; x_wconf 81' lang='lat' dir='ltr'><strong>tempore</strong></span> <span class='ocrx_word' id='word_1_529' title='bbox 2946 4000 3254 4062; x_wconf 84' lang='lat' dir='ltr'><strong>permansit,</strong></span> <span class='ocrx_word' id='word_1_530' title='bbox 3273 3997 3497 4064; x_wconf 83' lang='lat' dir='ltr'><strong>seipsam</strong></span> 
     </span>
    </p>
   </div>
   <div class='ocr_carea' id='block_1_86' title="bbox 1998 4087 3495 4163">
    <p class='ocr_par' dir='ltr' id='par_1_86' title="bbox 1998 4087 3495 4163">
     <span class='ocr_line' id='line_1_86' title="bbox 1998 4087 3495 4163; baseline -0.008 -11"><span class='ocrx_word' id='word_1_531' title='bbox 1998 4098 2333 4152; x_wconf 87' lang='lat' dir='ltr'><strong>matrimonio</strong></span> <span class='ocrx_word' id='word_1_532' title='bbox 2377 4097 2678 4158; x_wconf 82' lang='lat' dir='ltr'><strong>tradiderit,</strong></span> <span class='ocrx_word' id='word_1_533' title='bbox 2726 4094 2823 4147; x_wconf 85' lang='lat' dir='ltr'><strong>Dei</strong></span> <span class='ocrx_word' id='word_1_534' title='bbox 2869 4096 3057 4163; x_wconf 67' lang='lat' dir='ltr'><strong>gratim</strong></span> <span class='ocrx_word' id='word_1_535' title='bbox 3101 4090 3357 4158; x_wconf 81' lang='lat' dir='ltr'><strong>injuriam</strong></span> <span class='ocrx_word' id='word_1_536' title='bbox 3413 4087 3495 4155; x_wconf 79' lang='lat' dir='ltr'><strong>[a-</strong></span> 
     </span>
    </p>
   </div>
   <div class='ocr_carea' id='block_1_87' title="bbox 1997 4186 3496 4256">
    <p class='ocr_par' dir='ltr' id='par_1_87' title="bbox 1997 4186 3496 4256">
     <span class='ocr_line' id='line_1_87' title="bbox 1997 4186 3496 4256; baseline -0.008 -12"><span class='ocrx_word' id='word_1_537' title='bbox 1997 4193 2158 4252; x_wconf 82' lang='lat' dir='ltr'><strong>ciens,</strong></span> <span class='ocrx_word' id='word_1_538' title='bbox 2211 4206 2295 4254; x_wconf 88' lang='lat' dir='ltr'><strong>ea,</strong></span> <span class='ocrx_word' id='word_1_539' title='bbox 2357 4205 2462 4241; x_wconf 86' lang='lat' dir='ltr'><strong>una</strong></span> <span class='ocrx_word' id='word_1_540' title='bbox 2510 4204 2627 4241; x_wconf 85' lang='lat' dir='ltr'><strong>cum</strong></span> <span class='ocrx_word' id='word_1_541' title='bbox 2677 4186 2771 4241; x_wconf 83' lang='lat' dir='ltr'><strong>illo</strong></span> <span class='ocrx_word' id='word_1_542' title='bbox 2819 4187 2910 4256; x_wconf 87' lang='lat' dir='ltr'><strong>qui</strong></span> <span class='ocrx_word' id='word_1_543' title='bbox 2942 4186 2988 4239; x_wconf 89' lang='lat' dir='ltr'><strong>ei</strong></span> <span class='ocrx_word' id='word_1_544' title='bbox 3041 4187 3348 4252; x_wconf 76' lang='lat' dir='ltr'><strong>conjunctus</strong></span> <span class='ocrx_word' id='word_1_545' title='bbox 3395 4188 3496 4246; x_wconf 84' lang='lat' dir='ltr'><strong>est,</strong></span> 
     </span>
    </p>
   </div>
   <div class='ocr_carea' id='block_1_88' title="bbox 1997 4281 2493 4335">
    <p class='ocr_par' dir='ltr' id='par_1_88' title="bbox 1997 4281 2493 4335">
     <span class='ocr_line' id='line_1_88' title="bbox 1997 4281 2493 4335; baseline -0.002 -1"><span class='ocrx_word' id='word_1_546' title='bbox 1997 4281 2493 4335; x_wconf 78' lang='lat' dir='ltr'><strong>anathematizetur.</strong></span> 
     </span>
    </p>
   </div>
   <div class='ocr_carea' id='block_1_89' title="bbox 2000 4370 3496 4439">
    <p class='ocr_par' dir='ltr' id='par_1_89' title="bbox 2000 4370 3496 4439">
     <span class='ocr_line' id='line_1_89' title="bbox 2000 4370 3496 4439; baseline -0.008 -11"><span class='ocrx_word' id='word_1_547' title='bbox 2000 4373 2195 4428; x_wconf 82' lang='lat' dir='ltr'><strong>BALS.</strong></span> <span class='ocrx_word' id='word_1_548' title='bbox 2235 4373 2364 4438; x_wconf 64' lang='lat' dir='ltr'><strong>Quae</strong></span> <span class='ocrx_word' id='word_1_549' title='bbox 2401 4373 2454 4425; x_wconf 88' lang='lat' dir='ltr'><strong>in</strong></span> <span class='ocrx_word' id='word_1_550' title='bbox 2493 4370 2741 4439; x_wconf 68' lang='lat' dir='ltr'><strong>praesenti</strong></span> <span class='ocrx_word' id='word_1_551' title='bbox 2774 4384 2980 4424; x_wconf 85' lang='lat' dir='ltr'><strong>canone</strong></span> <span class='ocrx_word' id='word_1_552' title='bbox 3015 4376 3334 4426; x_wconf 74' lang='lat' dir='ltr'><strong>tractantur.</strong></span> <span class='ocrx_word' id='word_1_553' title='bbox 3381 4379 3496 4417; x_wconf 86' lang='lat' dir='ltr'><strong>om—</strong></span> 
     </span>
    </p>
   </div>
   <div class='ocr_carea' id='block_1_90' title="bbox 262 4457 1822 4535">
    <p class='ocr_par' dir='ltr' id='par_1_90' title="bbox 262 4460 1822 4532">
     <span class='ocr_line' id='line_1_90' title="bbox 262 4460 1822 4532; baseline 0.002 -21"><span class='ocrx_word' id='word_1_554' title='bbox 262 4477 381 4512; x_wconf 79' lang='grc' dir='ltr'>σαν.</span> <span class='ocrx_word' id='word_1_555' title='bbox 416 4461 747 4512; x_wconf 78' lang='grc' dir='ltr'>Διακὸνισσα</span> <span class='ocrx_word' id='word_1_556' title='bbox 774 4460 882 4532; x_wconf 87' lang='grc' dir='ltr'>γὰρ</span> <span class='ocrx_word' id='word_1_557' title='bbox 917 4462 1158 4532; x_wconf 82' lang='grc' dir='ltr'>σήμερον</span> <span class='ocrx_word' id='word_1_558' title='bbox 1186 4463 1244 4513; x_wconf 70' lang='grc' dir='ltr'><strong>οὗ</strong></span> <span class='ocrx_word' id='word_1_559' title='bbox 1278 4465 1689 4532; x_wconf 79' lang='grc' dir='ltr'><strong>χειροτονεῖται,</strong></span> <span class='ocrx_word' id='word_1_560' title='bbox 1724 4463 1822 4516; x_wconf 83' lang='grc' dir='ltr'>κᾶν</span> 
     </span>
    </p>
   </div>
   <div class='ocr_carea' id='block_1_91' title="bbox 1944 4457 3498 4535">
    <p class='ocr_par' dir='ltr' id='par_1_91' title="bbox 1944 4457 3498 4523">
     <span class='ocr_line' id='line_1_91' title="bbox 1944 4457 3498 4523; baseline -0.008 -1"><span class='ocrx_word' id='word_1_561' title='bbox 1944 4469 2065 4523; x_wconf 85' lang='lat' dir='ltr'><strong>nino</strong></span> <span class='ocrx_word' id='word_1_562' title='bbox 2100 4467 2400 4520; x_wconf 80' lang='lat' dir='ltr'><strong>exolevere.</strong></span> <span class='ocrx_word' id='word_1_563' title='bbox 2442 4465 2750 4519; x_wconf 80' lang='lat' dir='ltr'><strong>Diaconissa</strong></span> <span class='ocrx_word' id='word_1_564' title='bbox 2797 4458 2938 4516; x_wconf 87' lang='lat' dir='ltr'><strong>enim</strong></span> <span class='ocrx_word' id='word_1_565' title='bbox 2995 4462 3152 4515; x_wconf 84' lang='lat' dir='ltr'><strong>hodie</strong></span> <span class='ocrx_word' id='word_1_566' title='bbox 3196 4475 3301 4513; x_wconf 89' lang='lat' dir='ltr'><strong>non</strong></span> <span class='ocrx_word' id='word_1_567' title='bbox 3351 4457 3498 4511; x_wconf 82' lang='lat' dir='ltr'><strong>ordi-</strong></span> 
     </span>
    </p>
   </div>
   <div class='ocr_carea' id='block_1_92' title="bbox 258 4551 1828 4622">
    <p class='ocr_par' dir='ltr' id='par_1_92' title="bbox 258 4551 1828 4622">
     <span class='ocr_line' id='line_1_92' title="bbox 258 4551 1828 4622; baseline 0.004 -22"><span class='ocrx_word' id='word_1_568' title='bbox 258 4551 719 4620; x_wconf 77' lang='grc' dir='ltr'><strong>καταχρηστικῶς</strong></span> <span class='ocrx_word' id='word_1_569' title='bbox 750 4569 897 4612; x_wconf 84' lang='grc' dir='ltr'>τινες</span> <span class='ocrx_word' id='word_1_570' title='bbox 945 4552 1053 4604; x_wconf 79' lang='grc' dir='ltr'><strong>τῶν</strong></span> <span class='ocrx_word' id='word_1_571' title='bbox 1107 4552 1429 4622; x_wconf 83' lang='grc' dir='ltr'>ἀσκητριῶν</span> <span class='ocrx_word' id='word_1_572' title='bbox 1488 4554 1828 4607; x_wconf 84' lang='grc' dir='ltr'>διακόνισσαι</span> 
     </span>
    </p>
   </div>
   <div class='ocr_carea' id='block_1_93' title="bbox 258 4643 1827 4714">
    <p class='ocr_par' dir='ltr' id='par_1_93' title="bbox 258 4643 1827 4714">
     <span class='ocr_line' id='line_1_93' title="bbox 258 4643 1827 4714; baseline 0.002 -20"><span class='ocrx_word' id='word_1_573' title='bbox 258 4644 524 4710; x_wconf 76' lang='grc' dir='ltr'><strong>λέγωνται</strong></span> <span class='ocrx_word' id='word_1_574' title='bbox 551 4659 568 4673; x_wconf 75' lang='grc' dir='ltr'><strong>ο</strong></span> <span class='ocrx_word' id='word_1_575' title='bbox 607 4645 688 4694; x_wconf 73' lang='grc' dir='ltr'><strong>ὅτι</strong></span> <span class='ocrx_word' id='word_1_576' title='bbox 736 4643 915 4696; x_wconf 86' lang='grc' dir='ltr'>κανών</span> <span class='ocrx_word' id='word_1_577' title='bbox 956 4647 1069 4697; x_wconf 83' lang='grc' dir='ltr'>ἐστι</span> <span class='ocrx_word' id='word_1_578' title='bbox 1117 4644 1488 4713; x_wconf 79' lang='grc' dir='ltr'><strong>διοριζόμενος</strong></span> <span class='ocrx_word' id='word_1_579' title='bbox 1537 4650 1610 4713; x_wconf 82' lang='grc' dir='ltr'><strong>μὴ</strong></span> <span class='ocrx_word' id='word_1_580' title='bbox 1648 4646 1827 4714; x_wconf 78' lang='grc' dir='ltr'><strong>εἰσέρ-</strong></span> 
     </span>
    </p>
   </div>
   <div class='ocr_carea' id='block_1_94' title="bbox 261 4734 1827 4805">
    <p class='ocr_par' dir='ltr' id='par_1_94' title="bbox 261 4734 1827 4805">
     <span class='ocr_line' id='line_1_94' title="bbox 261 4734 1827 4805; baseline 0.001 -20"><span class='ocrx_word' id='word_1_581' title='bbox 261 4736 447 4801; x_wconf 74' lang='grc' dir='ltr'>χεσθαι</span> <span class='ocrx_word' id='word_1_582' title='bbox 489 4737 755 4801; x_wconf 81' lang='grc' dir='ltr'>γυναῖκας</span> <span class='ocrx_word' id='word_1_583' title='bbox 800 4737 856 4786; x_wconf 84' lang='grc' dir='ltr'>ἐν</span> <span class='ocrx_word' id='word_1_584' title='bbox 900 4735 978 4804; x_wconf 81' lang='grc' dir='ltr'><strong>τῷ</strong></span> <span class='ocrx_word' id='word_1_585' title='bbox 1031 4735 1169 4805; x_wconf 78' lang='grc' dir='ltr'>ἁγίῳ</span> <span class='ocrx_word' id='word_1_586' title='bbox 1205 4735 1434 4804; x_wconf 85' lang='grc' dir='ltr'><strong>βήματι.</strong></span> <span class='ocrx_word' id='word_1_587' title='bbox 1485 4734 1549 4786; x_wconf 84' lang='grc' dir='ltr'><strong><em>Ἢ</em></strong></span> <span class='ocrx_word' id='word_1_588' title='bbox 1582 4734 1716 4801; x_wconf 73' lang='grc' dir='ltr'>γοῦν</span> <span class='ocrx_word' id='word_1_589' title='bbox 1752 4735 1827 4803; x_wconf 86' lang='grc' dir='ltr'><strong>μὴ</strong></span> 
     </span>
    </p>
   </div>
   <div class='ocr_carea' id='block_1_95' title="bbox 259 4825 1830 4896">
    <p class='ocr_par' dir='ltr' id='par_1_95' title="bbox 259 4825 1830 4896">
     <span class='ocr_line' id='line_1_95' title="bbox 259 4825 1830 4896; baseline 0.002 -19"><span class='ocrx_word' id='word_1_590' title='bbox 259 4826 532 4894; x_wconf 75' lang='grc' dir='ltr'><strong>δυναμένη</strong></span> <span class='ocrx_word' id='word_1_591' title='bbox 565 4828 621 4878; x_wconf 85' lang='grc' dir='ltr'><strong>ὲν</strong></span> <span class='ocrx_word' id='word_1_592' title='bbox 665 4825 741 4896; x_wconf 82' lang='grc' dir='ltr'>τῷ</span> <span class='ocrx_word' id='word_1_593' title='bbox 786 4827 925 4894; x_wconf 83' lang='grc' dir='ltr'>ἁγίῳ</span> <span class='ocrx_word' id='word_1_594' title='bbox 980 4827 1353 4896; x_wconf 83' lang='grc' dir='ltr'><strong>Θυσιαστηρίῳ</strong></span> <span class='ocrx_word' id='word_1_595' title='bbox 1384 4827 1671 4893; x_wconf 80' lang='grc' dir='ltr'>εἰσελθεῖν,</span> <span class='ocrx_word' id='word_1_596' title='bbox 1712 4827 1830 4891; x_wconf 81' lang='grc' dir='ltr'><strong>πῶς</strong></span> 
     </span>
    </p>
   </div>
   <div class='ocr_carea' id='block_1_96' title="bbox 259 4917 1825 4988">
    <p class='ocr_par' dir='ltr' id='par_1_96' title="bbox 259 4917 1825 4988">
     <span class='ocr_line' id='line_1_96' title="bbox 259 4917 1825 4988; baseline 0.003 -19"><span class='ocrx_word' id='word_1_597' title='bbox 259 4923 323 4969; x_wconf 63' lang='grc' dir='ltr'><strong>τὶ</strong></span> <span class='ocrx_word' id='word_1_598' title='bbox 347 4917 454 4968; x_wconf 86' lang='grc' dir='ltr'><strong>τῶν</strong></span> <span class='ocrx_word' id='word_1_599' title='bbox 476 4919 739 4970; x_wconf 77' lang='grc' dir='ltr'>διακόνων</span> <span class='ocrx_word' id='word_1_600' title='bbox 770 4919 1089 4988; x_wconf 81' lang='grc' dir='ltr'><strong>ἐνεργήσει;</strong></span> <span class='ocrx_word' id='word_1_601' title='bbox 1121 4918 1460 4986; x_wconf 71' lang='grc' dir='ltr'>Ἀνάγνωσον</span> <span class='ocrx_word' id='word_1_602' title='bbox 1485 4917 1577 4971; x_wconf 82' lang='grc' dir='ltr'>τὸν</span> <span class='ocrx_word' id='word_1_603' title='bbox 1622 4917 1682 4971; x_wconf 90' lang='grc' dir='ltr'><strong>ιδ’</strong></span> <span class='ocrx_word' id='word_1_604' title='bbox 1725 4936 1825 4973; x_wconf 85' lang='grc' dir='ltr'>κα-</span> 
     </span>
    </p>
   </div>
   <div class='ocr_carea' id='block_1_97' title="bbox 260 5008 1830 5079">
    <p class='ocr_par' dir='ltr' id='par_1_97' title="bbox 260 5008 1830 5079">
     <span class='ocr_line' id='line_1_97' title="bbox 260 5008 1830 5079; baseline -0.001 -17"><span class='ocrx_word' id='word_1_605' title='bbox 260 5012 381 5062; x_wconf 68' lang='grc' dir='ltr'>νόνα</span> <span class='ocrx_word' id='word_1_606' title='bbox 410 5012 508 5076; x_wconf 82' lang='grc' dir='ltr'>τῆς</span> <span class='ocrx_word' id='word_1_607' title='bbox 544 5011 598 5061; x_wconf 81' lang='grc' dir='ltr'>ὲν</span> <span class='ocrx_word' id='word_1_608' title='bbox 639 5009 712 5076; x_wconf 75' lang='grc' dir='ltr'>τῷ</span> <span class='ocrx_word' id='word_1_609' title='bbox 739 5008 990 5079; x_wconf 77' lang='grc' dir='ltr'>Τρούλλῳ</span> <span class='ocrx_word' id='word_1_610' title='bbox 1017 5011 1256 5073; x_wconf 68' lang='grc' dir='ltr'>συνέδου,</span> <span class='ocrx_word' id='word_1_611' title='bbox 1285 5011 1378 5061; x_wconf 74' lang='grc' dir='ltr'><strong>καὶ</strong></span> <span class='ocrx_word' id='word_1_612' title='bbox 1415 5009 1508 5062; x_wconf 78' lang='grc' dir='ltr'>τὸν</span> <span class='ocrx_word' id='word_1_613' title='bbox 1547 5015 1610 5060; x_wconf 83' lang='grc' dir='ltr'>ιε’</span> <span class='ocrx_word' id='word_1_614' title='bbox 1643 5009 1830 5074; x_wconf 81' lang='grc' dir='ltr'><strong>λέγον-</strong></span> 
     </span>
    </p>
   </div>
   <div class='ocr_carea' id='block_1_98' title="bbox 262 5100 1826 5172">
    <p class='ocr_par' dir='ltr' id='par_1_98' title="bbox 262 5100 1826 5172">
     <span class='ocr_line' id='line_1_98' title="bbox 262 5100 1826 5172; baseline 0.001 -20"><span class='ocrx_word' id='word_1_615' title='bbox 262 5102 772 5171; x_wconf 74' lang='grc' dir='ltr'>ταςκαυαιρεῖσθαι</span> <span class='ocrx_word' id='word_1_616' title='bbox 819 5102 917 5172; x_wconf 77' lang='grc' dir='ltr'><strong>τὴν</strong></span> <span class='ocrx_word' id='word_1_617' title='bbox 962 5102 1302 5154; x_wconf 67' lang='grc' dir='ltr'>διακόνισσαν</span> <span class='ocrx_word' id='word_1_618' title='bbox 1352 5100 1826 5170; x_wconf 79' lang='grc' dir='ltr'><strong>χειροτονηθεῖσαν</strong></span> 
     </span>
    </p>
   </div>
   <div class='ocr_carea' id='block_1_99' title="bbox 264 5190 1827 5261">
    <p class='ocr_par' dir='ltr' id='par_1_99' title="bbox 264 5190 1827 5261">
     <span class='ocr_line' id='line_1_99' title="bbox 264 5190 1827 5261; baseline 0.001 -20"><span class='ocrx_word' id='word_1_619' title='bbox 264 5195 368 5258; x_wconf 69' lang='grc' dir='ltr'>πρὸ</span> <span class='ocrx_word' id='word_1_620' title='bbox 416 5193 508 5243; x_wconf 80' lang='grc' dir='ltr'><strong>τοῦ</strong></span> <span class='ocrx_word' id='word_1_621' title='bbox 552 5191 840 5261; x_wconf 82' lang='grc' dir='ltr'>πληρῶσαι</span> <span class='ocrx_word' id='word_1_622' title='bbox 903 5191 994 5243; x_wconf 78' lang='grc' dir='ltr'>τὸν</span> <span class='ocrx_word' id='word_1_623' title='bbox 1044 5190 1554 5261; x_wconf 68' lang='grc' dir='ltr'>τεσσαρακονταετῆ</span> <span class='ocrx_word' id='word_1_624' title='bbox 1611 5190 1827 5260; x_wconf 85' lang='grc' dir='ltr'><strong>χρόνον.</strong></span> 
     </span>
    </p>
   </div>
   <div class='ocr_carea' id='block_1_100' title="bbox 275 5281 1828 5355">
    <p class='ocr_par' dir='ltr' id='par_1_100' title="bbox 275 5281 1828 5355">
     <span class='ocr_line' id='line_1_100' title="bbox 275 5281 1828 5355; baseline -0.001 -19"><span class='ocrx_word' id='word_1_625' title='bbox 275 5282 331 5336; x_wconf 88' lang='lat'><strong>&#39;0</strong></span> <span class='ocrx_word' id='word_1_626' title='bbox 353 5285 409 5337; x_wconf 77' lang='grc' dir='ltr'><strong>δὲ</strong></span> <span class='ocrx_word' id='word_1_627' title='bbox 442 5284 633 5354; x_wconf 82' lang='grc' dir='ltr'>παρών</span> <span class='ocrx_word' id='word_1_628' title='bbox 659 5302 790 5355; x_wconf 86' lang='grc' dir='ltr'><strong>φησι</strong></span> <span class='ocrx_word' id='word_1_629' title='bbox 821 5284 1001 5336; x_wconf 76' lang='grc' dir='ltr'>κανὼν</span> <span class='ocrx_word' id='word_1_630' title='bbox 1025 5283 1523 5353; x_wconf 74' lang='grc' dir='ltr'>ἀναθεματίζεσθαι</span> <span class='ocrx_word' id='word_1_631' title='bbox 1551 5282 1651 5352; x_wconf 79' lang='grc' dir='ltr'>τὴν</span> <span class='ocrx_word' id='word_1_632' title='bbox 1688 5281 1828 5351; x_wconf 78' lang='grc' dir='ltr'>μετὰ</span> 
     </span>
    </p>
   </div>
   <div class='ocr_carea' id='block_1_101' title="bbox 266 5377 1821 5449">
    <p class='ocr_par' dir='ltr' id='par_1_101' title="bbox 266 5377 1821 5449">
     <span class='ocr_line' id='line_1_101' title="bbox 266 5377 1821 5449; baseline -0.001 -19"><span class='ocrx_word' id='word_1_633' title='bbox 266 5380 360 5449; x_wconf 72' lang='grc' dir='ltr'><strong>τὴν</strong></span> <span class='ocrx_word' id='word_1_634' title='bbox 387 5378 722 5449; x_wconf 80' lang='grc' dir='ltr'>χειροτονίαν</span> <span class='ocrx_word' id='word_1_635' title='bbox 751 5378 949 5446; x_wconf 77' lang='grc' dir='ltr'>γάμοις</span> <span class='ocrx_word' id='word_1_636' title='bbox 978 5379 1176 5449; x_wconf 78' lang='grc' dir='ltr'>ἑαυτὴν</span> <span class='ocrx_word' id='word_1_637' title='bbox 1203 5378 1511 5440; x_wconf 76' lang='grc' dir='ltr'><strong>ἐπιδοῦσαν,</strong></span> <span class='ocrx_word' id='word_1_638' title='bbox 1546 5379 1622 5441; x_wconf 77' lang='grc' dir='ltr'>ὡς</span> <span class='ocrx_word' id='word_1_639' title='bbox 1659 5377 1821 5447; x_wconf 77' lang='grc' dir='ltr'>ὑϐρί-</span> 
     </span>
    </p>
   </div>
   <div class='ocr_carea' id='block_1_102' title="bbox 271 5468 1830 5541">
    <p class='ocr_par' dir='ltr' id='par_1_102' title="bbox 271 5468 1830 5541">
     <span class='ocr_line' id='line_1_102' title="bbox 271 5468 1830 5541; baseline -0.001 -19"><span class='ocrx_word' id='word_1_640' title='bbox 271 5487 451 5540; x_wconf 82' lang='grc' dir='ltr'>στριαν</span> <span class='ocrx_word' id='word_1_641' title='bbox 484 5472 586 5541; x_wconf 83' lang='grc' dir='ltr'>τῆς</span> <span class='ocrx_word' id='word_1_642' title='bbox 609 5469 705 5524; x_wconf 81' lang='grc' dir='ltr'><strong>τοῦ</strong></span> <span class='ocrx_word' id='word_1_643' title='bbox 733 5469 868 5524; x_wconf 89' lang='grc' dir='ltr'><strong>Θεοῦ</strong></span> <span class='ocrx_word' id='word_1_644' title='bbox 907 5470 1152 5541; x_wconf 83' lang='grc' dir='ltr'>χάριτος.</span> <span class='ocrx_word' id='word_1_645' title='bbox 1194 5471 1332 5538; x_wconf 70' lang='grc' dir='ltr'>Περὶ</span> <span class='ocrx_word' id='word_1_646' title='bbox 1369 5471 1426 5523; x_wconf 85' lang='grc' dir='ltr'><strong>δὲ</strong></span> <span class='ocrx_word' id='word_1_647' title='bbox 1477 5468 1830 5539; x_wconf 77' lang='grc' dir='ltr'>μοναζουσῶν</span> 
     </span>
    </p>
   </div>
   <div class='ocr_carea' id='block_1_103' title="bbox 271 5563 1825 5634">
    <p class='ocr_par' dir='ltr' id='par_1_103' title="bbox 271 5563 1825 5634">
     <span class='ocr_line' id='line_1_103' title="bbox 271 5563 1825 5634; baseline 0.002 -22"><span class='ocrx_word' id='word_1_648' title='bbox 271 5563 297 5612; x_wconf 84' lang='lat'><strong>6</strong></span> <span class='ocrx_word' id='word_1_649' title='bbox 325 5564 522 5632; x_wconf 68' lang='grc' dir='ltr'>ἑφεξῆς</span> <span class='ocrx_word' id='word_1_650' title='bbox 573 5564 815 5617; x_wconf 69' lang='grc' dir='ltr'><strong>διδὰσκει</strong></span> <span class='ocrx_word' id='word_1_651' title='bbox 865 5565 1065 5618; x_wconf 79' lang='grc' dir='ltr'>κανών.</span> <span class='ocrx_word' id='word_1_652' title='bbox 1101 5565 1264 5634; x_wconf 78' lang='grc' dir='ltr'><strong>Ζήτει</strong></span> <span class='ocrx_word' id='word_1_653' title='bbox 1306 5565 1399 5617; x_wconf 74' lang='grc' dir='ltr'><strong>καὶ</strong></span> <span class='ocrx_word' id='word_1_654' title='bbox 1447 5563 1541 5616; x_wconf 83' lang='grc' dir='ltr'><strong>τοῦ</strong></span> <span class='ocrx_word' id='word_1_655' title='bbox 1587 5563 1825 5633; x_wconf 77' lang='grc' dir='ltr'>μεγάλου</span> 
     </span>
    </p>
   </div>
   <div class='ocr_carea' id='block_1_104' title="bbox 277 5655 1140 5720">
    <p class='ocr_par' dir='ltr' id='par_1_104' title="bbox 277 5655 1140 5720">
     <span class='ocr_line' id='line_1_104' title="bbox 277 5655 1140 5720; baseline 0.009 -18"><span class='ocrx_word' id='word_1_656' title='bbox 277 5655 548 5709; x_wconf 74' lang='grc' dir='ltr'>Βασελεοῖου</span> <span class='ocrx_word' id='word_1_657' title='bbox 580 5657 784 5709; x_wconf 74' lang='grc' dir='ltr'>κανόνα</span> <span class='ocrx_word' id='word_1_658' title='bbox 823 5656 885 5720; x_wconf 78' lang='grc' dir='ltr'><strong>ιζ’</strong></span> <span class='ocrx_word' id='word_1_659' title='bbox 921 5657 1010 5708; x_wconf 73' lang='grc' dir='ltr'><strong>καὶ</strong></span> <span class='ocrx_word' id='word_1_660' title='bbox 1042 5655 1140 5710; x_wconf 53' lang='grc' dir='ltr'>κγ.</span> 
     </span>
    </p>
   </div>
   <div class='ocr_carea' id='block_1_105' title="bbox 340 5747 1829 5820">
    <p class='ocr_par' dir='ltr' id='par_1_105' title="bbox 340 5747 1829 5820">
     <span class='ocr_line' id='line_1_105' title="bbox 340 5747 1829 5820; baseline -0.002 -17"><span class='ocrx_word' id='word_1_661' title='bbox 340 5752 577 5804; x_wconf 68' lang='grc' dir='ltr'><strong>ΖΩΝᾹΡ.</strong></span> <span class='ocrx_word' id='word_1_662' title='bbox 607 5751 706 5803; x_wconf 78' lang='grc' dir='ltr'>Διὰ</span> <span class='ocrx_word' id='word_1_663' title='bbox 737 5751 795 5802; x_wconf 81' lang='grc' dir='ltr'><strong>τὸ</strong></span> <span class='ocrx_word' id='word_1_664' title='bbox 839 5750 1240 5820; x_wconf 34' lang='lat' dir='ltr'><strong>dignitas?)</strong></span> <span class='ocrx_word' id='word_1_665' title='bbox 1285 5750 1388 5809; x_wconf 69' lang='grc' dir='ltr'><strong>τῶν</strong></span> <span class='ocrx_word' id='word_1_666' title='bbox 1425 5747 1829 5818; x_wconf 56' lang='grc' dir='ltr'>γυναικῶν-καὶ</span> 
     </span>
    </p>
   </div>
   <div class='ocr_carea' id='block_1_106' title="bbox 1934 4548 3499 4623">
    <p class='ocr_par' dir='ltr' id='par_1_106' title="bbox 1934 4548 3499 4623">
     <span class='ocr_line' id='line_1_106' title="bbox 1934 4548 3499 4623; baseline -0.008 -12"><span class='ocrx_word' id='word_1_667' title='bbox 1934 4567 2115 4622; x_wconf 89' lang='lat' dir='ltr'><strong>natttr,</strong></span> <span class='ocrx_word' id='word_1_668' title='bbox 2145 4557 2357 4609; x_wconf 85' lang='lat' dir='ltr'><strong>etiamsi</strong></span> <span class='ocrx_word' id='word_1_669' title='bbox 2384 4557 2625 4623; x_wconf 69' lang='lat' dir='ltr'><strong>qumdatn</strong></span> <span class='ocrx_word' id='word_1_670' title='bbox 2659 4553 2902 4607; x_wconf 70' lang='lat' dir='ltr'><strong>ascctriae</strong></span> <span class='ocrx_word' id='word_1_671' title='bbox 2931 4551 3151 4605; x_wconf 78' lang='lat' dir='ltr'><strong>abusive</strong></span> <span class='ocrx_word' id='word_1_672' title='bbox 3184 4548 3499 4603; x_wconf 76' lang='lat' dir='ltr'><strong>diaronisszn</strong></span> 
     </span>
    </p>
   </div>
   <div class='ocr_carea' id='block_1_107' title="bbox 1941 4639 3496 4713">
    <p class='ocr_par' dir='ltr' id='par_1_107' title="bbox 1941 4639 3496 4713">
     <span class='ocr_line' id='line_1_107' title="bbox 1941 4639 3496 4713; baseline -0.007 -12"><span class='ocrx_word' id='word_1_673' title='bbox 1941 4650 2212 4702; x_wconf 86' lang='lat' dir='ltr'><strong>dicantur.</strong></span> <span class='ocrx_word' id='word_1_674' title='bbox 2245 4646 2338 4700; x_wconf 87' lang='lat' dir='ltr'><strong>Est</strong></span> <span class='ocrx_word' id='word_1_675' title='bbox 2367 4647 2509 4700; x_wconf 82' lang='lat' dir='ltr'><strong>enini</strong></span> <span class='ocrx_word' id='word_1_676' title='bbox 2541 4660 2735 4708; x_wconf 90' lang='lat' dir='ltr'><strong>canon,</strong></span> <span class='ocrx_word' id='word_1_677' title='bbox 2771 4645 2862 4713; x_wconf 86' lang='lat' dir='ltr'><strong>qui</strong></span> <span class='ocrx_word' id='word_1_678' title='bbox 2916 4641 3107 4698; x_wconf 88' lang='lat' dir='ltr'><strong>statuit</strong></span> <span class='ocrx_word' id='word_1_679' title='bbox 3156 4640 3408 4695; x_wconf 84' lang='lat' dir='ltr'><strong>mulieres</strong></span> <span class='ocrx_word' id='word_1_680' title='bbox 3445 4639 3496 4690; x_wconf 92' lang='lat' dir='ltr'><strong>in</strong></span> 
     </span>
    </p>
   </div>
   <div class='ocr_carea' id='block_1_108' title="bbox 1933 4728 3496 4801">
    <p class='ocr_par' dir='ltr' id='par_1_108' title="bbox 1933 4728 3496 4801">
     <span class='ocr_line' id='line_1_108' title="bbox 1933 4728 3496 4801; baseline -0.007 -8"><span class='ocrx_word' id='word_1_681' title='bbox 1933 4753 2152 4793; x_wconf 86' lang='lat' dir='ltr'><strong>sacrum</strong></span> <span class='ocrx_word' id='word_1_682' title='bbox 2184 4735 2415 4790; x_wconf 86' lang='lat' dir='ltr'><strong>tribunal</strong></span> <span class='ocrx_word' id='word_1_683' title='bbox 2456 4751 2556 4789; x_wconf 90' lang='lat' dir='ltr'><strong>non</strong></span> <span class='ocrx_word' id='word_1_684' title='bbox 2591 4735 2787 4789; x_wconf 89' lang='lat' dir='ltr'><strong>debere</strong></span> <span class='ocrx_word' id='word_1_685' title='bbox 2839 4733 3068 4801; x_wconf 84' lang='lat' dir='ltr'><strong>ingredi.</strong></span> <span class='ocrx_word' id='word_1_686' title='bbox 3104 4733 3232 4797; x_wconf 69' lang='lat' dir='ltr'><strong>Qua:</strong></span> <span class='ocrx_word' id='word_1_687' title='bbox 3265 4746 3394 4800; x_wconf 81' lang='lat' dir='ltr'><strong>ergo</strong></span> <span class='ocrx_word' id='word_1_688' title='bbox 3430 4728 3496 4782; x_wconf 91' lang='lat' dir='ltr'><strong>ad</strong></span> 
     </span>
    </p>
   </div>
   <div class='ocr_carea' id='block_1_109' title="bbox 1934 4821 3498 4894">
    <p class='ocr_par' dir='ltr' id='par_1_109' title="bbox 1934 4821 3498 4894">
     <span class='ocr_line' id='line_1_109' title="bbox 1934 4821 3498 4894; baseline -0.007 -10"><span class='ocrx_word' id='word_1_689' title='bbox 1934 4841 2177 4884; x_wconf 86' lang='lat' dir='ltr'><strong>sanctum</strong></span> <span class='ocrx_word' id='word_1_690' title='bbox 2211 4829 2378 4882; x_wconf 84' lang='lat' dir='ltr'><strong>altare</strong></span> <span class='ocrx_word' id='word_1_691' title='bbox 2403 4828 2660 4881; x_wconf 82' lang='lat' dir='ltr'><strong>accedere</strong></span> <span class='ocrx_word' id='word_1_692' title='bbox 2688 4842 2792 4879; x_wconf 89' lang='lat' dir='ltr'><strong>tton</strong></span> <span class='ocrx_word' id='word_1_693' title='bbox 2824 4834 3023 4892; x_wconf 87' lang='lat' dir='ltr'><strong>potest,</strong></span> <span class='ocrx_word' id='word_1_694' title='bbox 3076 4823 3345 4894; x_wconf 89' lang='lat' dir='ltr'><strong>quomodo</strong></span> <span class='ocrx_word' id='word_1_695' title='bbox 3379 4821 3498 4874; x_wconf 89' lang='lat' dir='ltr'><strong>dia-</strong></span> 
     </span>
    </p>
   </div>
   <div class='ocr_carea' id='block_1_110' title="bbox 1932 4903 3495 4987">
    <p class='ocr_par' dir='ltr' id='par_1_110' title="bbox 1932 4903 3495 4987">
     <span class='ocr_line' id='line_1_110' title="bbox 1932 4903 3495 4987; baseline -0.006 -11"><span class='ocrx_word' id='word_1_696' title='bbox 1932 4931 2162 4976; x_wconf 87' lang='lat' dir='ltr'><strong>conatus</strong></span> <span class='ocrx_word' id='word_1_697' title='bbox 2197 4920 2431 4974; x_wconf 81' lang='lat' dir='ltr'><strong>orﬁcium</strong></span> <span class='ocrx_word' id='word_1_698' title='bbox 2465 4903 2781 4972; x_wconf 77' lang='lat' dir='ltr'><strong>exercebit?</strong></span> <span class='ocrx_word' id='word_1_699' title='bbox 2813 4917 2952 4987; x_wconf 83' lang='lat' dir='ltr'><strong>Lege</strong></span> <span class='ocrx_word' id='word_1_700' title='bbox 2999 4926 3053 4971; x_wconf 89' lang='lat' dir='ltr'><strong>et</strong></span> <span class='ocrx_word' id='word_1_701' title='bbox 3089 4917 3152 4970; x_wconf 75' lang='grc'><strong>14</strong></span> <span class='ocrx_word' id='word_1_702' title='bbox 3202 4932 3326 4970; x_wconf 89' lang='lat' dir='ltr'><strong>can.</strong></span> <span class='ocrx_word' id='word_1_703' title='bbox 3373 4930 3495 4985; x_wconf 85' lang='lat' dir='ltr'><strong>syn.</strong></span> 
     </span>
    </p>
   </div>
   <div class='ocr_carea' id='block_1_111' title="bbox 1934 4991 3493 5080">
    <p class='ocr_par' dir='ltr' id='par_1_111' title="bbox 1934 4991 3493 5080">
     <span class='ocr_line' id='line_1_111' title="bbox 1934 4991 3493 5080; baseline -0.006 -12"><span class='ocrx_word' id='word_1_704' title='bbox 1934 5014 1986 5068; x_wconf 91' lang='lat' dir='ltr'><strong>in</strong></span> <span class='ocrx_word' id='word_1_705' title='bbox 2023 5014 2207 5069; x_wconf 88' lang='lat' dir='ltr'><strong>Trullo</strong></span> <span class='ocrx_word' id='word_1_706' title='bbox 2232 5022 2281 5066; x_wconf 88' lang='lat' dir='ltr'><strong>et</strong></span> <span class='ocrx_word' id='word_1_707' title='bbox 2321 5013 2407 5074; x_wconf 80' lang='lat' dir='ltr'><strong>l5,</strong></span> <span class='ocrx_word' id='word_1_708' title='bbox 2437 5012 2674 5065; x_wconf 87' lang='lat' dir='ltr'><strong>dicentes</strong></span> <span class='ocrx_word' id='word_1_709' title='bbox 2709 4991 3077 5080; x_wconf 80' lang='lat' dir='ltr'><strong>deponendam</strong></span> <span class='ocrx_word' id='word_1_710' title='bbox 3109 5010 3493 5070; x_wconf 84' lang='lat' dir='ltr'><strong>diaconissam.</strong></span> 
     </span>
    </p>
   </div>
   <div class='ocr_carea' id='block_1_112' title="bbox 1932 5101 3494 5175">
    <p class='ocr_par' dir='ltr' id='par_1_112' title="bbox 1932 5101 3494 5175">
     <span class='ocr_line' id='line_1_112' title="bbox 1932 5101 3494 5175; baseline -0.004 -19"><span class='ocrx_word' id='word_1_711' title='bbox 1932 5122 2052 5175; x_wconf 72' lang='lat' dir='ltr'><strong>qua:</strong></span> <span class='ocrx_word' id='word_1_712' title='bbox 2119 5106 2366 5160; x_wconf 89' lang='lat' dir='ltr'><strong>ordinata</strong></span> <span class='ocrx_word' id='word_1_713' title='bbox 2447 5113 2530 5156; x_wconf 84' lang='lat' dir='ltr'><strong>est</strong></span> <span class='ocrx_word' id='word_1_714' title='bbox 2619 5104 2926 5171; x_wconf 87' lang='lat' dir='ltr'><strong>priusquam</strong></span> <span class='ocrx_word' id='word_1_715' title='bbox 3020 5101 3494 5168; x_wconf 75' lang='lat' dir='ltr'><strong>quadragesimum</strong></span> 
     </span>
    </p>
   </div>
   <div class='ocr_carea' id='block_1_113' title="bbox 1934 5189 3497 5265">
    <p class='ocr_par' dir='ltr' id='par_1_113' title="bbox 1934 5189 3497 5265">
     <span class='ocr_line' id='line_1_113' title="bbox 1934 5189 3497 5265; baseline -0.007 -12"><span class='ocrx_word' id='word_1_716' title='bbox 1934 5214 2135 5253; x_wconf 86' lang='lat' dir='ltr'><strong>annum</strong></span> <span class='ocrx_word' id='word_1_717' title='bbox 2189 5197 2536 5265; x_wconf 80' lang='lat' dir='ltr'><strong>explevisset.</strong></span> <span class='ocrx_word' id='word_1_718' title='bbox 2593 5195 2839 5250; x_wconf 71' lang='lat' dir='ltr'><strong>Prmsens</strong></span> <span class='ocrx_word' id='word_1_719' title='bbox 2892 5205 3070 5248; x_wconf 88' lang='lat' dir='ltr'><strong>autem</strong></span> <span class='ocrx_word' id='word_1_720' title='bbox 3128 5208 3300 5246; x_wconf 88' lang='lat' dir='ltr'><strong>canon</strong></span> <span class='ocrx_word' id='word_1_721' title='bbox 3369 5189 3497 5243; x_wconf 88' lang='lat' dir='ltr'><strong>dicit</strong></span> 
     </span>
    </p>
   </div>
   <div class='ocr_carea' id='block_1_114' title="bbox 1935 5283 3493 5355">
    <p class='ocr_par' dir='ltr' id='par_1_114' title="bbox 1935 5283 3493 5355">
     <span class='ocr_line' id='line_1_114' title="bbox 1935 5283 3493 5355; baseline -0.007 -13"><span class='ocrx_word' id='word_1_722' title='bbox 1935 5287 2378 5344; x_wconf 85' lang='lat' dir='ltr'><strong>anathematizari</strong></span> <span class='ocrx_word' id='word_1_723' title='bbox 2439 5286 2739 5348; x_wconf 86' lang='lat' dir='ltr'><strong>mulierem,</strong></span> <span class='ocrx_word' id='word_1_724' title='bbox 2784 5301 2902 5355; x_wconf 62' lang='lat' dir='ltr'><strong>qua:</strong></span> <span class='ocrx_word' id='word_1_725' title='bbox 2946 5293 3065 5351; x_wconf 86' lang='lat' dir='ltr'><strong>post</strong></span> <span class='ocrx_word' id='word_1_726' title='bbox 3097 5283 3493 5336; x_wconf 86' lang='lat' dir='ltr'><strong>ordinationem</strong></span> 
     </span>
    </p>
   </div>
   <div class='ocr_carea' id='block_1_115' title="bbox 1932 5373 3494 5450">
    <p class='ocr_par' dir='ltr' id='par_1_115' title="bbox 1932 5373 3494 5450">
     <span class='ocr_line' id='line_1_115' title="bbox 1932 5373 3494 5450; baseline -0.007 -14"><span class='ocrx_word' id='word_1_727' title='bbox 1932 5396 1991 5436; x_wconf 87' lang='lat' dir='ltr'><strong>se</strong></span> <span class='ocrx_word' id='word_1_728' title='bbox 2049 5391 2275 5450; x_wconf 85' lang='lat' dir='ltr'><strong>nuptum</strong></span> <span class='ocrx_word' id='word_1_729' title='bbox 2334 5379 2566 5440; x_wconf 86' lang='lat' dir='ltr'><strong>dederit,</strong></span> <span class='ocrx_word' id='word_1_730' title='bbox 2616 5387 2674 5431; x_wconf 82' lang='grc' dir='ltr'><strong>ιιι</strong></span> <span class='ocrx_word' id='word_1_731' title='bbox 2721 5393 2841 5448; x_wconf 66' lang='lat' dir='ltr'><strong>quae</strong></span> <span class='ocrx_word' id='word_1_732' title='bbox 2886 5377 2978 5430; x_wconf 89' lang='lat' dir='ltr'><strong>Dei</strong></span> <span class='ocrx_word' id='word_1_733' title='bbox 3017 5376 3245 5444; x_wconf 77' lang='lat' dir='ltr'><strong>gratiam</strong></span> <span class='ocrx_word' id='word_1_734' title='bbox 3301 5373 3494 5440; x_wconf 87' lang='lat' dir='ltr'><strong>injuria</strong></span> 
     </span>
    </p>
   </div>
   <div class='ocr_carea' id='block_1_116' title="bbox 1932 5466 3492 5536">
    <p class='ocr_par' dir='ltr' id='par_1_116' title="bbox 1932 5466 3492 5536">
     <span class='ocr_line' id='line_1_116' title="bbox 1932 5466 3492 5536; baseline -0.007 -10"><span class='ocrx_word' id='word_1_735' title='bbox 1932 5471 2150 5527; x_wconf 77' lang='lat' dir='ltr'><strong>afﬁciat.</strong></span> <span class='ocrx_word' id='word_1_736' title='bbox 2230 5472 2302 5525; x_wconf 92' lang='lat' dir='ltr'><strong>De</strong></span> <span class='ocrx_word' id='word_1_737' title='bbox 2386 5471 2707 5526; x_wconf 86' lang='lat' dir='ltr'><strong>ntonialihus</strong></span> <span class='ocrx_word' id='word_1_738' title='bbox 2785 5482 2962 5524; x_wconf 83' lang='lat' dir='ltr'><strong>autem</strong></span> <span class='ocrx_word' id='word_1_739' title='bbox 3040 5482 3272 5536; x_wconf 85' lang='lat' dir='ltr'><strong>sequens</strong></span> <span class='ocrx_word' id='word_1_740' title='bbox 3336 5466 3492 5517; x_wconf 89' lang='lat' dir='ltr'><strong>docet</strong></span> 
     </span>
    </p>
   </div>
   <div class='ocr_carea' id='block_1_117' title="bbox 1932 5550 3490 5630">
    <p class='ocr_par' dir='ltr' id='par_1_117' title="bbox 1932 5550 3490 5630">
     <span class='ocr_line' id='line_1_117' title="bbox 1932 5550 3490 5630; baseline -0.009 -13"><span class='ocrx_word' id='word_1_741' title='bbox 1932 5577 2127 5617; x_wconf 89' lang='lat' dir='ltr'><strong>canon.</strong></span> <span class='ocrx_word' id='word_1_742' title='bbox 2207 5561 2396 5628; x_wconf 68' lang='lat' dir='ltr'><strong>Quaere</strong></span> <span class='ocrx_word' id='word_1_743' title='bbox 2473 5571 2526 5616; x_wconf 89' lang='lat' dir='ltr'><strong>et</strong></span> <span class='ocrx_word' id='word_1_744' title='bbox 2599 5560 2774 5630; x_wconf 81' lang='lat' dir='ltr'><strong>magni</strong></span> <span class='ocrx_word' id='word_1_745' title='bbox 2843 5557 3022 5613; x_wconf 86' lang='lat' dir='ltr'><strong>Basilii</strong></span> <span class='ocrx_word' id='word_1_746' title='bbox 3091 5567 3350 5611; x_wconf 85' lang='lat' dir='ltr'><strong>eanonem</strong></span> <span class='ocrx_word' id='word_1_747' title='bbox 3424 5550 3490 5604; x_wconf 80' lang='lat' dir='ltr'><strong>l7</strong></span> 
     </span>
    </p>
   </div>
   <div class='ocr_carea' id='block_1_118' title="bbox 1931 5654 2123 5712">
    <p class='ocr_par' dir='ltr' id='par_1_118' title="bbox 1931 5654 2123 5712">
     <span class='ocr_line' id='line_1_118' title="bbox 1931 5654 2123 5712; baseline -0.026 0"><span class='ocrx_word' id='word_1_748' title='bbox 1931 5665 1986 5712; x_wconf 91' lang='lat' dir='ltr'><strong>et</strong></span> <span class='ocrx_word' id='word_1_749' title='bbox 2032 5654 2123 5708; x_wconf 66' lang='grc' dir='ltr'><strong>ει.</strong></span> 
     </span>
    </p>
   </div>
   <div class='ocr_carea' id='block_1_119' title="bbox 2011 5725 3496 5810">
    <p class='ocr_par' dir='ltr' id='par_1_119' title="bbox 2011 5725 3496 5810">
     <span class='ocr_line' id='line_1_119' title="bbox 2011 5725 3496 5810; baseline -0.008 -10"><span class='ocrx_word' id='word_1_750' title='bbox 2011 5745 2260 5803; x_wconf 71' lang='lat' dir='ltr'><strong>ZONAR.</strong></span> <span class='ocrx_word' id='word_1_751' title='bbox 2294 5747 2435 5802; x_wconf 88' lang='lat' dir='ltr'><strong>Cum-</strong></span> <span class='ocrx_word' id='word_1_752' title='bbox 2461 5725 2716 5801; x_wconf 69' lang='lat' dir='ltr'><strong>inttlicrvs</strong></span> <span class='ocrx_word' id='word_1_753' title='bbox 2766 5755 2855 5798; x_wconf 78' lang='lat' dir='ltr'><strong>aut</strong></span> <span class='ocrx_word' id='word_1_754' title='bbox 2900 5741 3017 5810; x_wconf 87' lang='lat' dir='ltr'><strong>capi</strong></span> <span class='ocrx_word' id='word_1_755' title='bbox 3062 5735 3362 5803; x_wconf 70' lang='lat' dir='ltr'><strong>fraudibus.</strong></span> <span class='ocrx_word' id='word_1_756' title='bbox 3396 5739 3496 5792; x_wconf 75' lang='lat' dir='ltr'><strong>aut</strong></span> 
     </span>
    </p>
   </div>
  </div>
