3940 6480
275 385 363 449 461

1244 391 1326 451 ΙΝ
1369 389 1534 452 CAN.
1582 388 1718 450 XXI
1759 391 1973 454 CONC.
2013 393 2358 452 CHALCED

3402 401 3504 462 462

269 500 380 550 σθαι
438 498 676 552 συνόδων
721 498 780 551 ἐν
827 499 1070 570 ἐπαρχίᾳ
1125 500 1329 570 ἑκάστῃ
1371 503 1464 553 καὶ
1495 503 1553 553 ὲν
1586 505 1695 562 τοῖς
1723 503 1823 553 τῶν

1959 517 2149 571 [usque
2192 505 2466 571 provincia
2517 506 2861 563 celebrandis
2908 490 3199 564 constituta
3235 523 3386 580 sunt,
3438 534 3503 570 ea

265 591 431 660 ἁγίων
492 593 809 644 ἀποστόλων
860 593 1082 645 κανόσιν
1125 592 1415 662 ἐξήγηται,
1458 592 1550 644 καὶ
1605 595 1661 644 ἐν
1687 592 1765 662 τῷ
1793 591 1833 645 ε’

266 684 448 736 κανόνι
476 685 579 753 τῆς
616 683 842 752 πρώτης
875 685 1118 748 συνόδου,
1153 683 1248 736 καὶ
1289 683 1552 754 ζητητέον
1576 685 1783 736 ἐκεῖνα.

275 768 496 825 ΔΡΙΣΤ.
530 769 630 835 Δὶς
664 771 769 823 τοῦ
803 771 1083 823 ἐνιαυτοῦ
1116 772 1376 836 σύνοδος·
1411 773 1523 840 (25)
1550 774 1832 842 γενέσθω,

332 869 477 920 ἔνθα
515 865 688 918 δοκεῖ
732 864 811 929 τῷ
856 867 1166 929 ἐπισκόπῳ
1219 865 1330 933 τῆς
1367 866 1833 934 μητροπόλεως-ι

328 959 421 1010 καί
457 958 701 1011 λυέσθω
729 960 800 1010 τὰ
827 957 1273 1010 ἀνακύπτοντα.

338 1136 426 1199 Ὠς
459 1138 779 1207 ἔμπροσθεν
809 1138 1045 1207 εἴρηται,
1075 1138 1135 1190 τὸ
1166 1139 1246 1202 δὶς
1283 1138 1372 1190 τοῦ
1402 1137 1559 1201 ἔτους
1589 1139 1835 1206 γίνεσθαι

262 1230 478 1282 σύνοδον
532 1231 782 1299 ἐκωλύθη
832 1233 982 1299 παρὰ
1037 1231 1130 1284 τοῦ
1182 1232 1343 1284 ἕκτου
1399 1231 1623 1293 κανόνος
1655 1232 1752 1300 τῆς
1778 1234 1834 1284 ὲν

258 1322 464 1388 Nursia.
491 1323 714 1374 συνόδου
738 1323 796 1374 τὸ
825 1323 1107 1392 δεύτερον,
1137 1326 1230 1375 καὶ
1259 1323 1352 1374 τοῦ
1385 1323 1577 1389 ὀγδόου
1600 1324 1826 1386 κανόνος

257 1413 352 1478 τῆς
384 1414 440 1463 ὲν
469 1414 544 1481 τῷ
574 1415 832 1483 Τρούλλῳ
860 1413 1028 1481 ἕκτης
1073 1414 1317 1476 συνόδου,
1343 1414 1433 1464 διὰ
1465 1414 1564 1484 τὴν
1606 1430 1824 1482 συντρι-

257 1505 380 1573 ϐὴν,
438 1507 532 1558 καὶ
580 1509 641 1558 τὸ
692 1507 887 1570 ἐνδεῶς
944 1507 1092 1575 ἔχειν
1158 1507 1293 1577 πρὸς
1337 1507 1650 1576 ὁδοιπορίαν
1703 1509 1832 1568 τοὺς

261 1598 798 1672 συναθροιζομένουὸ
842 1599 1179 1661 ἐπισκόπους
1209 1617 1222 1630 ο
1271 1601 1366 1650 καὶ
1423 1599 1630 1667 ὡρίσθη
1685 1599 1834 1663 ἅπαξ

257 1689 351 1740 τοῦ
403 1689 652 1742 ἐνιαυτοῦ
712 1689 959 1756 γίνεσθαι
1009 1689 1118 1740 ἀπὸ
1160 1690 1257 1758 τῆς
1292 1691 1452 1756 ἁγίας
1489 1690 1582 1741 τοῦ
1635 1691 1827 1759 Πάσχα

255 1785 449 1852 ἑορτῆς
485 1784 578 1834 καὶ
625 1784 786 1853 μέχρι
816 1783 1261 1852 συμπληρώσεως
1304 1782 1397 1835 τοῦ
1450 1783 1827 1853 Ὀκτωμδρίου

257 1871 446 1938 μηνός.

849 1961 1087 2015 ΚΑΝΩΝ
1142 1979 1190 2016 Α
1216 2001 1230 2015 .

253 2053 590 2119 Κληρικοὺς
613 2055 702 2118 είς
727 2055 1067 2119 ἐκκλησίαν
1096 2054 1443 2119 τελοῦντας,
1477 2052 1675 2119 καθὼς
1709 2053 1827 2122 ἤδη

317 2145 644 2214 ὠρίσαμεν,
668 2146 754 2214 μὴ
793 2147 1016 2211 ἐξεῖναι
1058 2149 1146 2212 είς
1194 2147 1392 2212 ἄλλης
1428 2147 1663 2210 πόλεως
1694 2145 1827 2199 τάτ-
1857 2177 1860 2181 λ

321 2233 533 2284 τεσθαι
566 2232 907 2298 ἐκκλησίαν
930 2249 944 2261 ⁸
979 2234 1143 2287 ἀλλὰ
1172 2233 1450 2301 στέργειν
1488 2236 1734 2297 ἐκείνην
1761 2237 1831 2288 ἐν

319 2321 360 2389 ᾗ
399 2323 767 2392 λειτουργεῖν
785 2323 1048 2391 ἐξαρχῆς
1071 2325 1420 2391 ἠξιώθησαν
1438 2341 1451 2354 ο
1476 2326 1650 2390 ἐκτός
1678 2327 1828 2378 ἐκεί-

317 2428 464 2471 νων,
498 2413 740 2478 οἵτινες,
773 2413 1191 2477 ἀπολέσαντες
1224 2411 1329 2476 τὰς
1361 2411 1515 2476 ιδίας
1539 2413 1828 2480 πατρίδας

315 2501 438 2553 ἀπὸ
468 2501 759 2577 ᾀνάγκης,
780 2504 867 2566 εὶς
898 2501 1098 2567 ἄλλην
1126 2502 1466 2569 ἐκκλησίαν
1497 2502 1822 2570 μετῆλθον.

317 2593 388 2642 El
420 2590 489 2642 δέ
544 2607 634 2655 τις
682 2592 1019 2655 ἐπίσκοπος
1063 2591 1212 2659 μετὰ
1260 2593 1368 2644 τὸν
1420 2594 1563 2659 ὅρον
1610 2593 1824 2646 τοῦτον

304 2679 480 2743 ἄλλῳ
505 2681 814 2746 ἑπισκόπῳ
836 2683 1223 2748 προσήκοντα
1252 2683 1485 2744 ὃέΕοιτο
1511 2685 1823 2749 κληρικὸν,

313 2771 533 2834 ἔδοξεν
582 2772 991 2840 ἀκοινώνητον
1037 2769 1187 2826 εἶναι
1237 2775 1336 2828 καὶ
1391 2777 1499 2828 τὸν
1538 2775 1826 2844 δοχθέντα

314 2863 416 2914 καὶ
460 2864 570 2916 τόν
605 2863 959 2932 δεξάμενον,
985 2863 1096 2930 ἕως
1139 2865 1216 2918 ἂν
1263 2869 1295 2918 ό
1335 2869 1642 2933 μεταστὰς
1672 2871 1824 2935 κλη-

305 2954 487 3020 ριέεός
515 2957 601 3019 είς
630 2956 744 3020 τὴν
771 2955 930 3007 ἰδίαν
961 2955 1274 3009 ἐπανέλθοι
1304 2957 1661 3023 ἐκκλησίαν.

315 3048 518 3100 ΒΑΛΣ.
554 3049 689 3116 Περὶ
736 3047 926 3100 τούτου
979 3049 1297 3117 ἀρκούντως
1344 3049 1571 3101 ὄπισθεν
1619 3050 1821 3117 ἐξηγη-

1939 594 2141 646 nostris
2193 599 2594 650 commentariis
2654 601 2704 652 in
2767 611 3076 656 sanctorum
3137 608 3502 672 apostolorum

1935 697 2196 746 canones,
2245 693 2300 737 et
2345 687 2396 739 in
2449 689 2695 756 quintum
2749 694 2934 760 prima:
2983 697 3171 764 synodi
3216 712 3501 764 canonem,

1937 776 2071 828 satis
2102 777 2490 843 explicavimus
2525 800 2537 834 :
2571 782 2657 835 illa
2689 793 2867 839 autem
2904 790 3190 854 quaerendo
3220 800 3366 844 sunt.

1935 867 2164 920 ARIST.
2202 868 2292 920 Bis
2329 876 2612 938 quotannis
2641 874 2928 930 celebretur
2977 881 3211 946 synodus
3261 882 3348 935 ubi
3393 898 3503 937 me-

2007 960 2227 1026 tropolis
2259 966 2497 1030 episcOpo
2529 965 2694 1018 visum
2729 965 2886 1034 fuerit
2927 983 2946 1020 :
2988 981 3032 1021 et
3062 973 3379 1040 emergentia
3409 976 3500 1026 de-

2008 1054 2368 1106 terminentur.

2008 1138 2078 1194 Ut
2107 1154 2262 1194 antea
2294 1143 2497 1197 dictum
2532 1156 2634 1207 est,
2674 1147 2759 1202 bis
2800 1154 3086 1217 quotannis
3121 1154 3304 1209 haberi
3343 1172 3506 1226 syno-

1936 1231 2084 1294 dum,
2136 1249 2198 1286 ex
2235 1244 2389 1289 Sexto
2422 1251 2626 1291 canone
2660 1238 2890 1294 Nicaeum
2919 1245 3101 1310 synodi
3149 1249 3418 1308 secundae.
3449 1260 3506 1303 et

1934 1331 2128 1375 octavo
2163 1336 2328 1377 sex-nc
2364 1327 2552 1396 synodi
2603 1329 2654 1380 in
2703 1329 2886 1384 Troilo
2931 1348 3137 1389 canooe
3187 1337 3503 1403 prohibetur

1935 1412 2005 1463 ob
2057 1415 2383 1476 molestism.
2435 1427 2489 1469 et
2523 1421 2672 1485 quod
2726 1421 2983 1490 episcopi,
3031 1439 3164 1492 quos
3216 1432 3504 1484 convenire

1933 1514 2165 1568 Oportet,
2193 1520 2298 1558 non
2327 1507 2651 1564 sulIicientet'
2678 1513 2742 1564 ad
2773 1516 2874 1566 iter
2896 1514 3198 1570 faciendum
3228 1518 3503 1576 instruan-

1938 1603 2052 1655 tur;
2107 1605 2161 1647 et
2212 1598 2485 1653 decretum
2536 1600 2639 1655 fuit
2683 1605 2849 1658 semel
2895 1610 3185 1673 quotannis
3232 1614 3497 1679 synodum

1934 1685 2073 1747 tieri,
2105 1702 2136 1740 a
2175 1701 2360 1743 sancto
2393 1690 2615 1748 Pascha:
2668 1694 2807 1750 festo
2841 1712 3012 1766 usque
3061 1702 3127 1754 ad
3177 1703 3501 1771 completum

1938 1791 2177 1832 mensem
2222 1778 2530 1838 Octobrem.

2506 1959 2734 2014 CANUN
2773 1960 2891 2016 XX.

1932 2045 2162 2101 Clericos
2204 2050 2259 2101 in
2283 2051 2514 2105 ecclesiis
2545 2053 2838 2106 ministerio
2890 2054 3161 2122 [erigentes
3183 2095 3197 2119 ,
3245 2061 3498 2125 quemad-

2002 2141 2214 2194 modum
2239 2143 2356 2209 jam
2389 2145 2694 2205 statuimus,
2733 2161 2835 2197 non
2881 2146 3035 2198 licere
3067 2149 3121 2199 in
3180 2148 3320 2203 alius
3371 2152 3502 2205 civi-

2001 2231 2128 2283 tatis
2192 2232 2408 2285 ecclesia
2465 2233 2704 2285 ordinari
2749 2248 2767 2284 :
2811 2234 2900 2286 sed
2952 2234 3046 2287 illa
3116 2253 3228 2290 esse
3291 2254 3502 2292 conten-

2000 2329 2113 2382 tos,
2167 2321 2220 2374 in
2253 2337 2356 2388 qua
2407 2323 2473 2375 ab
2521 2323 2673 2374 initio
2730 2335 2780 2375 ut
2819 2326 3177 2380 ministrarent
3229 2329 3503 2398 digni/ta-

1999 2411 2092 2463 biti
2142 2424 2261 2464 sunt
2287 2427 2305 2464 :
2341 2414 2706 2482 pra’terjllos,
2751 2418 2860 2484 qui,
2904 2419 3102 2470 amissa
3141 2435 3240 2471 sua
3294 2421 3497 2486 patria,

1999 2503 2055 2554 in
2118 2504 2280 2555 aliam
2331 2506 2600 2557 ecclesiam
2670 2509 2965 2562 necessario
3029 2511 3374 2564 transierunt.
3437 2512 3497 2566 Si

1999 2595 2116 2661 quis
2163 2604 2339 2646 autem
2379 2597 2650 2666 episcopus
2682 2610 2796 2666 post
2840 2602 2937 2650 hoc
2980 2600 3243 2654 decretum
3279 2602 3497 2667 clerum,

2000 2686 2092 2748 qui
2125 2686 2195 2737 ad
2227 2687 2392 2740 alium
2424 2689 2725 2758 episcopum
2760 2690 3000 2758 pertinet,
3045 2693 3347 2756 susceperit,
3385 2695 3505 2760 plc-

1999 2780 2106 2832 cuit
2150 2797 2261 2834 esse
2312 2783 2812 2843 excommunicatos,
2847 2799 3070 2852 eumque
3101 2786 3190 2853 qui
3225 2798 3498 2855 susceptus

1995 2885 2095 2936 est,
2130 2884 2178 2927 et
2218 2891 2333 2928 eum
2367 2877 2456 2944 qui
2491 2879 2738 2942 suscepit,
2791 2879 2954 2931 donec
3003 2877 3223 2933 clericus
3268 2883 3358 2946 qui
3404 2883 3502 2936 mi-

1994 2968 2158 3035 gravit
2191 2967 2245 3018 in
2276 2983 2424 3018 suam
2451 2965 2723 3019 ecclesiam
2751 2968 2946 3022 redeat.

1998 3057 2191 3112 BALS.
2230 3059 2301 3113 De
2331 3075 2394 3112 eo
2433 3060 2679 3128 Supet'iUs
2723 3061 2854 3114 satis
2887 3061 3085 3113 dictum
3133 3071 3236 3116 est.
3272 3063 3352 3116 Ne
3394 3064 3493 3118 tibi

247 3139 486 3208 σάμεθα.
517 3140 609 3208 Μὴ
642 3139 938 3209 ἐναντιωθῇ
966 3139 1022 3191 δέ
1054 3156 1136 3192 σοι
1170 3143 1196 3191 ὁ
1232 3137 1317 3207 κγ’
1351 3139 1532 3193 κανὼν
1558 3140 1655 3205 τῆς
1679 3156 1822 3208 παρ-

1963 3161 2106 3203 ntem
2139 3150 2444 3204 contrarius
2487 3165 2607 3204 esse
2635 3150 2883 3203 videatur
2911 3151 2982 3203 25
3013 3167 3184 3205 canon
3218 3157 3500 3220 pra-sentis

242 3229 418 3297 ούσης
448 3231 692 3295 συνόδου,
739 3230 814 3299 μὴ
839 3233 1060 3297 ἐπάγων
1092 3232 1401 3300 ἀφορισμὸν
1439 3234 1553 3294 τοῖς
1583 3233 1641 3283 ὲν
1669 3230 1827 3282 ἁλλο-

241 3321 378 3392 τρίᾳ
406 3320 564 3392 χώρᾳ
589 3322 924 3391 διατρίὸουσι
950 3322 1256 3389 κληρικοῖς,
1283 3322 1419 3374 ἀλλὰ
1448 3322 1821 3391 διοριζόμενος

240 3414 545 3466 διώκεσθαι
576 3413 824 3476 τούτους.
852 3413 1195 3482 Ἀνάγνωςον
1219 3415 1274 3468 δὲ
1299 3413 1368 3468 τὰ
1397 3416 1453 3468 ἐν
1477 3416 1672 3484 ἐκείνῳ
1691 3432 1822 3484 γρα·

242 3504 418 3572 φέντα
450 3505 583 3575 (26).

311 3597 566 3650 ΖΩΝΑΡ.
603 3597 712 3648 Καὶ
747 3596 876 3665 περὶ
904 3597 1110 3649 τούτων
1157 3597 1217 3648 ἐν
1263 3597 1545 3667 διαφόροις
1598 3601 1819 3654 κανόσιν

241 3687 536 3754 ἐξὴγηται,
562 3686 656 3736 καὶ
686 3685 947 3754 ἀρκοῦσιν
982 3687 1188 3738 ἐκεῖνα.

240 3779 470 3830 ΛΡΙΣΤ.
504 3778 804 3843 Κληρικὸς
860 3777 1067 3844 ἐτέρας
1098 3779 1332 3841 πόλεως
1379 3778 1467 3841 εὶς
1509 3777 1723 3844 ἑτέραν
1750 3782 1821 3833 οὐ

308 3870 682 3938 ταχθήσεται
713 3870 823 3939 (27)
845 3908 860 3921 .
906 3869 968 3920 '0
1021 3869 1088 3920 δὲ
1118 3868 1233 3934 τὴν
1260 3870 1488 3922 οἰκείαν
1512 3869 1822 3936 ἀπολέσας

307 3963 594 4031 πατρίδα,
626 3967 676 4017 ει
719 3963 811 4016 ἐπ’
860 3964 1062 4030 ἀλλην
1113 3963 1451 4029 ἐκκλησίαν
1495 3963 1819 4030 ἐλήλυθεν,

312 4058 766 4120 ἀνεπιτίμητος.
808 4056 1176 4119 Ἐπίσκοπος
1213 4054 1281 4106 δὲ
1313 4054 1496 4117 ξένον
1531 4057 1823 4121 κληρικὸν

306 4147 767 4215 είσδεξάμενος,
817 4147 967 4214 μετὰ
1028 4146 1136 4199 τοῦ
1198 4146 1519 4213 δεχθέντος
1573 4147 1693 4211 ἕξει
1755 4149 1823 4201 τὸ

306 4243 742 4306 ἀκοινώνητον.

321 4331 414 4380 Ἐν
495 4328 711 4389 πολλοῖς
788 4327 944 4380 τοῦτο
1006 4327 1229 4380 κανόσιν
1301 4328 1554 4397 εἴρηται,
1611 4329 1675 4381 τὸ
1745 4331 1818 4400 μὴ

235 4418 536 4473 τάττεσθαι
562 4419 820 4488 κληρικὸν
847 4418 1040 4482 ἐτέρας
1078 4417 1286 4480 πόλεως
1335 4420 1413 4480 είς
1444 4420 1639 4488 ἑτέραν
1689 4421 1815 4473 ἄνευ

1928 3257 2072 3312 syn.,
2127 3242 2218 3309 qui
2275 3241 2490 3295 clericis
2551 3241 2602 3295 in
2660 3241 2832 3294 aliena
2874 3243 3090 3309 regione
3147 3246 3492 3301 Versantibus

1925 3333 2352 3402 segregationem
2399 3347 2506 3385 non
2537 3331 2762 3394 inducit,
2810 3331 2905 3384 sed
2944 3346 3035 3386 eos
3074 3333 3267 3401 expelli
3337 3348 3498 3402 opor-

1927 3435 2042 3480 tere
2071 3425 2280 3478 statuit.
2314 3423 2456 3494 Lege
2488 3433 2665 3477 autem
2698 3440 2816 3493 quu-
2848 3424 2901 3477 in
2939 3439 3004 3476 eo
3034 3428 3233 3495 scripta
3264 3437 3412 3482 sunt.

1995 3605 2245 3660 ZONAR.
2307 3604 2382 3658 De
2440 3604 2521 3657 his
2575 3604 2736 3656 etiam
2791 3603 2845 3656 in
2909 3603 3139 3657 diversis
3187 3605 3492 3661 canonibus

1924 3698 2313 3754 commentaria
2349 3697 2636 3757 edidimus,
2675 3707 2731 3746 et
2770 3710 2830 3746 ea
2869 3693 3160 3747 sufficiunt.

1925 3790 2155 3844 AlllST.
2193 3788 2430 3843 Clericus
2464 3788 2619 3839 unius
2665 3787 2892 3839 civ‘itatis
2929 3789 2981 3838 in
3031 3787 3197 3840 altera
3233 3804 3336 3841 non
3376 3806 3502 3842 con—

1998 3884 2266 3936 stituetur.
2320 3881 2424 3942 Qui
2467 3895 2590 3931 vero
2633 3895 2781 3930 suam
2832 3879 3009 3929 amisit
3052 3880 3304 3946 patriam,
3353 3881 3398 3932 si
3440 3882 3496 3933 in

1996 3978 2162 4028 aliam
2193 3974 2463 4027 ecclesiam
2493 3972 2702 4033 venerit,
2737 3971 3206 4037 irreprchensibilis
3233 3981 3329 4024 est.
3363 3971 3498 4039 Epi-

1994 4084 2177 4127 scopus
2211 4076 2384 4117 autem
2418 4075 2722 4116 extraneum
2769 4061 3013 4113 clericum
3051 4063 3358 4129 suscipiens,
3390 4079 3493 4115 una

1993 4172 2107 4208 cum
2138 4164 2368 4217 suscepto
2404 4151 2961 4204 excommunicabitur.

1995 4334 2108 4388 Hoc
2144 4334 2194 4384 in
2233 4330 2413 4384 multis
2459 4327 2756 4381 annonibus
2797 4325 3028 4388 dicitur,
3077 4341 3142 4378 ne
3174 4327 3331 4378 unius
3363 4328 3499 4379 civi-

1926 4429 2051 4482 tatis
2100 4425 2280 4479 clertci
2339 4425 2389 4476 in
2448 4422 2547 4475 alia
2585 4422 2995 4483 constituantur,
3032 4431 3228 4487 praeter
3271 4421 3349 4470 sui
3386 4420 3502 4485 epi-

235 4511 470 4579 γνὼμης
527 4509 622 4562 τοῦ
686 4510 815 4561 ἰδίου
873 4511 1195 4562 ἐπισκόπου.
1252 4510 1446 4562 Ἔσται
1492 4512 1622 4578 γοῦν
1666 4515 1817 4566 καὶὸ

1959 4519 2074 4587 copi
2141 4516 2484 4570 sententiam.
2529 4514 2592 4566 Et
2625 4513 2736 4581 ipse
2802 4513 2982 4578 itaque
3037 4512 3339 4577 cpiscopus,
3406 4511 3494 4577 qui

237 4604 547 4663 ἐπίσκοπος
597 4602 625 4652 ό
667 4600 756 4652 τὸν
796 4600 943 4663 ξένον
969 4599 1237 4669 κληρικὺν
1283 4604 1349 4669 τῇ
1391 4600 1498 4670 ίδῖᾳ
1546 4604 1818 4676 ἐπισκοπῇ

237 4696 562 4763 κληρώσας,
605 4693 700 4744 καὶ
755 4691 913 4752 αὐτὸς
968 4694 994 4743 ὁ
1048 4690 1382 4759 κληρωθεὶς,
1409 4691 1817 4762 ἀφωρισμένος,

243 4790 439 4856 μέχρις
469 4787 536 4838 ἂν
572 4783 731 4845 αὐτὸς
759 4785 786 4835 ὁ
815 4782 1076 4851 κληρικὸς
1110 4784 1187 4843 είς
1215 4782 1314 4851 τὴν
1352 4782 1489 4836 ἰδίαν
1517 4785 1818 4853 ἐκκλησίαν

241 4877 552 4929 ἐπανέλθοι.
616 4875 674 4927 ’0
723 4874 777 4926 δὲ
828 4874 921 4926 τὸν
973 4872 1070 4943 τὴν
1100 4873 1313 4925 οἰκείαν
1357 4874 1592 4943 πατρίδα
1623 4875 1818 4927 ἀπολέ-

242 4990 415 5027 σαντα
443 4973 705 5042 κληρικδν
742 4971 851 5024 ἀπό
877 4987 1023 5033 τινος
1069 4971 1316 5040 ἀνάγκης
1363 4970 1660 5040 δεξάμενος
1696 4974 1818 5024 ἀνε-

241 5067 561 5135 πιτίμητος.

831 5154 1069 5207 ΚΑΝΩΝ
1104 5153 1231 5208 KA'.

239 5249 582 5318 Κληρικοὺς
611 5248 647 5316 ἢ
682 5246 930 5312 λαῒκοὺς
957 5245 1439 5314 κατηγοροῦντας
1470 5246 1820 5303 ἐπισκόπων

1925 4611 2156 4663 alienum
2207 4608 2460 4660 clericum
2513 4605 2563 4657 in
2620 4619 2717 4657 suo
2774 4603 3084 4669 episcopatu
3139 4600 3383 4668 elegerit,
3444 4611 3498 4654 et

1928 4703 2013 4756 ille
2045 4705 2132 4770 qui
2163 4701 2367 4754 electus
2399 4697 2558 4751 fuerit
2585 4694 3162 4753 excomnmnicabitnr,
3193 4694 3494 4762 usquedum

1928 4793 2066 4845 idem
2122 4791 2353 4844 clericus
2404 4790 2458 4840 in
2506 4802 2659 4840 suam
2697 4785 2980 4839 ecclesiam
3040 4784 3201 4853 138
3253 4785 3494 4837 redierit.

1926 4883 2026 4949 Qui
2077 4883 2331 4936 clericum
2369 4888 2568 4942 autem,
2620 4878 2711 4946 qui
2746 4892 2895 4930 suam
2930 4876 3109 4929 amisit
3142 4874 3394 4942 patriam,
3431 4889 3496 4929 ex

1927 4975 2252 5027 necessitate
2291 4971 2519 5038 quadam
2557 4967 2840 5036 recvperit,
2875 4967 3076 5034 eulpari
3132 4965 3340 5034 nequit.

2491 5143 2724 5200 CANON
2755 5144 2850 5201 XX
2885 5185 2899 5198 .

1929 5245 2154 5302 Clericos
2178 5243 2254 5296 vel
2279 5240 2459 5305 laicos,
2500 5239 2761 5306 episcopos
2790 5246 2876 5288 aut
2920 5238 3135 5290 clericos
3173 5247 3494 5304 accusantes,

1467 5378 1662 5440 Guill.
1702 5381 1748 5438 B
1778 5378 2031 5456 -veregii
2076 5383 2264 5436 nottP.

261 5521 266 5524 '
313 5508 424 5576 (2E
465 5509 566 5569 Δὶς
593 5505 698 5576 τοῦ
725 5502 1002 5576 ἐνιαυτοῦ
1048 5503 1331 5576 σύνοδος.
1367 5505 1523 5576 Al—lmc
1581 5508 1812 5561 Aristoni

246 5573 480 5647 epitm'ne
512 5581 562 5629 in
600 5575 929 5647 Bibliotheca
953 5573 1099 5627 Juris
1132 5574 1377 5647 can_oni_ci
1410 5578 1612 5631 veteris
1641 5579 1809 5638 deest,

248 5643 350 5699 Inm
384 5648 434 5700 in
472 5644 712 5699 Aristeni
772 5645 963 5711 ipsius,
1016 5658 1175 5712 quam
1225 5645 1275 5696 in
1314 5643 1596 5714 Symeonis
1646 5647 1817 5712 Lugo-

251 5723 412 5770 tlietze
437 5730 709 5769 canonum
738 5715 1009 5781 epitomis.

320 5787 426 5856 (26)
474 5782 856 5850 Ἀνὰγνωσον
907 5782 977 5834 δέ
1003 5783 1075 5836 τὰ
1117 5783 1185 5835 ἐν
1217 5783 1430 5847 ἐκείνῳ
1489 5786 1815 5852 γραφέντα.

1927 5506 2048 5559 llaec
2091 5501 2424 5558 Balsamonis
2453 5502 2611 5554 verba
2667 5501 2721 5554 in
2762 5516 2864 5554 ms.
2919 5497 3214 5552 Basilecnsi
3279 5497 3491 5554 deside-

1928 5587 2445 5711 νδῖἓίῗίίὶηρικῆ
2495 5639 2701 5708 ἐτέρας
2760 5640 2995 5704 πόλεως
3055 5640 3140 5703 είς
3174 5637 3386 5711 ἑτέραν
3419 5639 3494 5711 ait!

1927 5707 2311 5782 ταχθήσεται.
2350 5713 2473 5764 Haec.
2503 5707 2662 5764 ctizim
2699 5712 2931 5765 Arisrcni
2984 5713 3140 5763 verba
3179 5710 3229 5762 in
3279 5707 3493 5762 Justelli

1932 5785 2262 5838 Bibliotheca
2301 5787 2511 5836 desunt.
