3940 6480
273 381 369 447 465

1321 384 1405 445 ΙΝ
1445 379 1610 443 CAN.
1643 380 1819 441 XXII
1849 380 2060 443 CONC.
2102 381 2467 442 CH‘ALCED.

3411 375 3517 440 466

268 491 357 545 καὶ
403 491 475 544 τά
521 490 620 559 τῆς
671 490 1000 561 ἐπισκοπῆς.
1034 489 1094 544 Εἰ
1143 490 1252 561 γὰρ
1292 489 1370 562 μὴ
1411 489 1557 543 οὕτω
1603 491 1840 559 ποιήσει,

1980 507 2066 559 uae
2100 491 2464 560 episcopatus,
2501 489 2808 560 descripsit.
2855 489 2966 544 Nisi
3019 489 3163 544 enim
3201 488 3275 543 ita
3314 489 3526 550 fecerit,

269 584 439 636 πάντα
484 581 555 634 τὰ
603 581 795 634 τούτου
841 585 905 653 τῇ
959 583 1258 654 Ἐκκλησία
1306 584 1623 652 ἀνήκουσιν.
1671 581 1841 634 Ἀπο-

266 674 483 743 γραφῆς
527 673 585 726 δέ
631 673 955 742 γενομένης,
988 675 1063 738 ὡς
1111 676 1349 745 εἴρηται,
1379 675 1476 728 ἐὰν
1504 675 1784 736 ἀδιάθετος
1816 675 1843 724 6

265 765 566 827 ἐπίσκοπος
585 765 912 836 τελευτήσῃ,
939 766 1147 837 νομίζω
1193 768 1274 819 ὅτι
1324 766 1463 818 κατὰ
1508 765 1706 832 νόμους
1738 766 1844 817 ὑπὸ

263 855 371 908 τῶν
424 855 486 921 ἐξ
537 857 827 909 αδιαθέτου
892 857 1243 927 καλουμένων
1305 857 1625 928 προσγενῶν
1677 854 1844 908 αὑτοῦ

265 948 838 1017 κληρονομηθήσεται.
872 949 989 1002 Κᾶν
1018 951 1125 1020 γάρ
1156 968 1303 1012 τινες
1341 945 1449 1003 ἀπὸ
1498 949 1593 1003 τοῦ
1628 947 1720 1001 πα¹
1744 965 1843 1000 κα-

263 1039 413 1100 νόνος
453 1042 555 1107 τῆς
600 1042 655 1091 ἐν
704 1040 1038 1111 Καρθαγὲνῃ
1087 1040 1306 1092 συνόδου
1357 1035 1512 1092 εἶπον
1564 1038 1712 1109 ἔχειν
1762 1037 1848 1092 ἐπ’

265 1131 455 1192 ἀδείας
509 1131 599 1184 τὸν
648 1132 772 1201 μετ’
821 1134 1030 1187 ἐκεῖνον
1078 1132 1381 1186 ἐπίσκοπον
1431 1133 1500 1186 τὰ
1546 1135 1850 1203 πράγματα

265 1225 359 1277 τοῦ
404 1224 711 1287 άδιαθέτως
761 1223 1193 1294 τελευτήσαντος
1242 1227 1547 1278 ἐπισκόπου
1606 1224 1749 1278 κατὰ
1790 1223 1852 1276 τὸ

267 1315 538 1386 βουλητὸν
574 1313 724 1382 αὐτῷ
765 1316 1074 1384 οἰκονομεῖν
1099 1330 1112 1344 ⁸
1148 1313 1264 1366 ἀλλ’
1303 1313 1428 1382 ἐμοὶ
1457 1315 1604 1367 δοκεῖ
1631 1314 1710 1366 ὅτι
1745 1313 1854 1366 ἀπὸ

265 1409 360 1461 τοῦ
397 1407 647 1460 τοιούτου
670 1407 894 1470 κανόνος
913 1446 929 1471 ,
959 1407 1213 1476 λέγοντος
1251 1407 1492 1476 ὀφείλειν
1524 1407 1851 1474 ἐπιγινόμε-

268 1520 358 1555 νον
393 1502 697 1554 ἐπίσκοπον
729 1500 825 1553 τοῦ
875 1500 1157 1553 ἁδιαθέτου
1191 1500 1494 1552 ἐπισκόπου
1526 1497 1626 1570 τὴν
1658 1496 1847 1551 διατύ-

272 1611 448 1645 πωσιν
473 1592 740 1663 ἁρμοδῖαν
769 1592 844 1662 τῷ
875 1591 1044 1644 αὑτοῦ
1075 1592 1456 1660 ἐπαγγέλματι
1490 1591 1851 1660 ποιήσασθαι,

277 1686 516 1750 μάλιστα
541 1685 876 1754 παρίσταται
909 1684 1050 1738 κατὰ
1083 1683 1284 1754 νόμους
1319 1681 1570 1749 γίνεσθαι
1599 1681 1700 1750 τὴν
1731 1680 1852 1732 δια-

271 1775 432 1844 δοχὴν
476 1778 585 1826 τῶν
629 1773 974 1844 πραγμάτων
1034 1772 1129 1847 τοῦ
1181 1771 1632 1842 τελευτήσαντος.
1683 1767 1856 1821 Τοῦτο

1951 585 2132 637 omnia
2178 600 2297 654 quae
2356 593 2483 637 sunt
2538 583 2656 650 ejus
2706 583 2771 637 ad
2830 582 3117 637 ecclesiam
3159 579 3525 648 pertinebunt.

1953 676 2324 744 Descriptione
2372 685 2550 728 autem
2601 674 2766 740 facta,
2800 683 2858 727 ut
2915 673 3117 728 dictum
3163 682 3268 737 est,
3303 671 3362 724 si.
3394 672 3533 725 inte-

1948 778 2124 823 status
2155 770 2416 823 morietur
2460 770 2748 837 episcopus
2780 767 3030 822 existimo
3060 766 3203 835 quod
3235 766 3529 818 secumlum

1953 860 2097 928 leges
2149 861 2361 928 cognati
2413 860 2550 929 ejus,
2604 859 2694 928 qui
2747 858 2816 913 ab
2850 859 3105 913 inteStato
3151 867 3435 920 vocantur,
3481 857 3529 906 ei

1951 949 2261 1002 Sin-cedent.
2313 948 2376 1001 Et
2426 949 2468 1002 si
2521 949 2661 1002 enim
2715 949 2957 1002 nonnulli
3013 963 3078 1003 ex
3129 949 3189 1003 81
3248 964 3374 1002 can.
3408 962 3530 1014 syn.

1953 1039 2146 1094 Cartb.
2185 1041 2439 1094 dixerunt
2483 1056 2603 1095 esse
2650 1041 2702 1095 in
2739 1049 3009 1109 potestate
3050 1040 3392 1094 succedentis
3421 1038 3535 1107 cpi—

1952 1134 2123 1202 scopi,
2172 1140 2228 1186 ut
2275 1132 2414 1187 bona
2454 1133 2572 1202 ejus
2611 1133 2705 1202 qui
2757 1144 3001 1187 mortuus
3027 1141 3110 1186 est
3139 1135 3448 1193 intestatus,
3479 1140 3536 1181 ut

1959 1225 2216 1291 voluerit,
2257 1224 2605 1280 administret
2655 1243 2668 1279 :
2714 1226 2807 1280 sed
2859 1225 2988 1279 mibi
3025 1225 3254 1288 videtur,
3297 1223 3438 1291 quod
3469 1237 3535 1275 ex

1955 1332 2020 1372 eo
2074 1332 2288 1372 canone
2339 1327 2615 1372 statuente
2666 1318 2864 1372 debere
2920 1332 3072 1381 eum,
3131 1318 3220 1385 qui
3278 1318 3536 1371 intestato

1967 1408 2220 1478 episcopo
2249 1410 2511 1473 succedit,
2541 1412 2878 1479 episcopum,
2915 1409 3328 1478 descriptionem
3360 1408 3538 1460 facere

1958 1500 2078 1568 ejus
2114 1509 2238 1554 voto
2285 1511 2694 1569 congruentem,
2738 1501 3042 1555 ostcnditur
3075 1501 3311 1553 maxime
3344 1498 3541 1551 debere

1961 1591 2075 1643 ﬁeri
2108 1592 2403 1645 secundum
2439 1591 2584 1661 leges
2616 1607 2798 1646 rerum
2837 1593 3074 1646 defuncti
3113 1590 3538 1646 successionem.

1965 1681 2077 1737 Hoc
2103 1682 2246 1736 enim
2276 1684 2320 1736 si
2353 1683 2563 1746 fecerit,
2597 1684 2714 1751 ejus
2743 1695 2868 1738 voto
2897 1684 3306 1738 convenientem
3338 1680 3545 1736 descri-

1964 1773 2204 1844 ptionem
2238 1775 2421 1829 faciet.
2458 1775 2650 1841 Quaere
2680 1779 2839 1829 etiam
2869 1775 2938 1830 24
2968 1790 3090 1828 can.
3124 1774 3377 1829 Antioch.
3423 1790 3541 1844 syri.

272 1865 380 1934 γὰρ
420 1865 615 1929 ποιῶν,
652 1866 923 1933 ἁρμοδίαν
970 1863 1310 1918 διατύπωσιν
1357 1862 1579 1931 ποιήσει
1625 1858 1706 1929 τῷ
1753 1860 1854 1911 αύ-

1980 1874 2013 1917 :t
2045 1881 2166 1936 syn.
2202 1864 2253 1918 in
2284 1864 2458 1920 Trull.
2494 1882 2619 1920 can.
2653 1866 2741 1919 55.

271 1956 364 2009 τοῦ
415 1957 821 2025 ἐπαγγέλματι.
860 1957 1018 2026 Ζὴτει
1065 1956 1157 2009 τὸν
1209 1957 1286 2009 κδ’
1332 1957 1537 2010 κανόνα
1582 1953 1695 2024 (30)
1742 1954 1846 2023 τῆς
1877 1955 1937 2009 ἐν
1978 1957 2284 2029 Ἀντιοχείᾳ
2319 1959 2538 2013 συνόδου
2584 1961 2679 2012 καὶ
2713 1960 2810 2029 τῆς
2855 1959 2914 2013 ἐν
2983 1959 3061 2030 τῷ
3128 1957 3386 2029 Τρούλλῳ
3445 1978 3543 2014 κα-

273 2051 402 2103 νόνα
428 2051 529 2107 λε’.

344 2146 600 2201 ΖΩΝΑΡ.
633 2147 744 2200 Καὶ
780 2146 807 2199 6
849 2148 1295 2217 τεσσαρακοστὸς
1338 2147 1448 2200 τῶν
1498 2148 1671 2217 ἁγίων
1715 2150 1856 2203 ἀπο·

277 2237 482 2289 στόλων
506 2236 690 2290 κανὼν
713 2239 922 2306 φανερὰ
951 2235 1092 2291 εἶναι
1123 2239 1297 2310 ὁρίζει
1321 2239 1386 2293 τά
1413 2240 1523 2292 ἴδια
1554 2242 1860 2312 πράγματα

277 2330 372 2382 τοῦ
407 2329 734 2394 ἐπισκόπου,
769 2331 864 2382 καὶ
895 2333 962 2384 τὰ
997 2333 1256 2402 Κυριακά
1308 2332 1543 2402 φανερὰ,
1575 2334 1668 2386 καὶ
1704 2332 1859 2396 egw.

280 2422 401 2474 σίαν
452 2421 637 2474 δίδωσι
667 2421 744 2492 τῷ
795 2422 1078 2493 ἐπισκόπῳ
1125 2425 1193 2477 τὰ
1230 2425 1429 2489 οἰκεῖα,
1474 2419 1554 2486 οἷς
1593 2423 1861 2493 βούλεται,

279 2514 741 2582 καταλιμπάνειν.
767 2515 876 2567 Καὶ
910 2516 937 2568 6
960 2515 1037 2569 κδ’
1067 2517 1165 2585 τῆς
1192 2518 1249 2568 ἐν
1289 2516 1594 2586 Ἀντιοχείᾳ
1636 2517 1860 2569 συνόδου

279 2605 463 2657 κανὼν
494 2607 560 2658 τὰ
596 2606 735 2658 αὐτὰ
753 2605 1120 2660 διατάττεται.
1148 2607 1258 2660 Καὶ
1290 2610 1318 2660 6
1349 2607 1542 2677 παρὼν
1581 2607 1639 2660 δέ
1684 2606 1866 2660 κανὼν

281 2699 623 2768 ἀπαγορεύει
649 2699 719 2752 τὰ
765 2699 844 2768 τῷ
878 2701 1166 2770 ἐπισκόπῳ
1199 2702 1531 2771 διαφέροντα
1565 2702 1870 2770 πράγματα

283 2791 438 2859 παρὰ
468 2790 577 2844 τῶν
603 2790 886 2861 κληρικῶν
911 2791 1311 2863 διαρπάζεσθαι
1340 2793 1552 2846 ἐκείνου
1587 2792 1862 2854 θανόντος.

284 2881 360 2935 Τὸ
413 2881 493 2945 δὲ,
528 2882 727 2946 Καθὼς
765 2884 856 2936 καὶ
909 2888 1021 2947 τοῖς
1073 2886 1603 2955 παραλαμϐάνουσιν
1655 2885 1869 2956 ἀπηγό-

285 2991 510 3044 ρευται,
552 2975 776 3045 νοητέον
833 2977 972 3030 κατὰ
1008 2978 1100 3030 τὸν
1141 2977 1213 3030 λε’
1271 2981 1475 3033 κανόνα
1528 2979 1628 3048 τῆς
1683 2980 1741 3032 ἐν
1792 2979 1869 3048 τῷ

284 3065 549 3136 Τρούλλῳ
582 3067 822 3132 συνόῗου,
855 3068 1135 3124 κωλύοντα
1186 3071 1279 3123 καὶ
1322 3075 1414 3124 τὸν
1462 3072 1871 3142 μητροπολίτην

283 3150 330 3221 ᾧ
374 3157 638 3210 ὑπέκειτο
688 3161 715 3212 6
767 3159 1102 3232 τελευτήσας
1149 3163 1472 3228 ἐπίσκοπος,
1503 3165 1642 3234 μήτε
1675 3181 1729 3216 τι
1762 3164 1872 3218 τῶν

284 3250 394 3316 τῆς
457 3251 754 3319 ἐκκλησίας
817 3252 954 3322 μήτε
1019 3253 1127 3305 τῶν
1187 3253 1370 3307 ίδικῶν
1428 3253 1524 3306 τοῦ
1568 3255 1871 3307 ἐπισκόπου

2041 2143 2294 2200 ZONAR.
2339 2143 2800 2211 Quadragesiutus
2831 2159 3042 2214 quoque
3071 2155 3380 2201 sanctorum
3415 2163 3546 2215 apo-

1970 2237 2232 2294 stolorum
2283 2249 2477 2297 canon,
2515 2250 2757 2303 quaenam
2790 2235 3028 2305 episcopi
3075 2238 3306 2306 pr0pri-«e
3337 2252 3549 2306 posses—

1971 2331 2174 2391 siones,
2225 2341 2452 2396 quaeque
2483 2326 2588 2379 ilco
2619 2327 2808 2379 dicata:
2841 2327 2970 2391 sint,
3003 2335 3188 2381 notum
3225 2329 3448 2381 omnino
3486 2346 3547 2381 ac

1973 2430 2232 2475 testatum
2285 2433 2406 2472 esse
2437 2418 2674 2470 decernit
2703 2434 2718 2482 ;
2749 2419 3128 2488 episcopoqne,
3163 2421 3303 2485 quod
3332 2420 3398 2473 ad
3426 2435 3552 2489 pro-

1973 2513 2118 2581 prias
2166 2511 2540 2580 possessiones
2589 2511 2800 2575 attinet,
2836 2510 2956 2564 illas
2984 2519 3305 2565 testamento
3330 2512 3552 2566 cuicun-

1971 2625 2074 2680 que
2123 2609 2332 2663 libitum
2385 2607 2550 2662 i‘uerit
2579 2607 2786 2675 legendi
2827 2617 3144 2677 pctestatem
3177 2609 3319 2663 facit.
3352 2608 3549 2662 Eadem

1969 2701 2323 2755 Antiocheuae
2385 2700 2575 2769 synodi
2655 2710 2852 2766 quarto
2902 2708 2957 2752 et
3021 2699 3278 2753 vicesimo
3346 2715 3556 2754 canone

1968 2799 2287 2855 constituta.
2322 2797 2434 2850 [loc
2465 2797 2624 2850 etiam
2658 2811 2888 2858 canone,
2917 2812 3036 2865 qua:
3069 2796 3226 2865 139
3261 2795 3549 2864 episcopus

1973 2893 2187 2961 propria
2217 2891 2476 2959 possedit,
2507 2904 2572 2943 eo
2614 2892 2720 2942 vita
2755 2887 2939 2942 functo
2964 2889 3146 2942 clerici
3179 2903 3367 2955 rapere
3395 2898 3557 2955 atque

1969 2985 2033 3038 ad
2062 2996 2118 3037 se
2145 2991 2386 3035 avertere
2423 2982 2792 3048 prohibentur.
2810 2978 2983 3034 Verba
3010 2989 3189 3033 autem
3223 2979 3312 3031 illa
3345 2975 3558 3049 [quem-

1969 3073 2257 3128 admodum
2325 3073 2726 3127 assumentibus
2793 3085 3007 3139 quoque
3073 3070 3295 3122 vetitum
3347 3067 3454 3139 est]
3489 3083 3557 3120 ex

1970 3167 2156 3236 synodi
2215 3165 2482 3219 Trullame
2510 3179 2711 3216 canone
2742 3164 3014 3217 tricesimo
3046 3162 3235 3229 quinto
3262 3159 3560 3228 intelligere

1975 3259 2131 3313 facile
2167 3268 2271 3312 cst.
2306 3258 2382 3311 Eo
2414 3257 2681 3325 siquidem
2716 3257 2816 3309 ioci
2849 3271 2912 3307 uc
2944 3253 3364 3322 tnetrOpolitano
3394 3251 3558 3305 etiam

291 3342 758 3410 σφετερίζεσθαιο
791 3343 908 3396 ἀλλ’
959 3345 1006 3396 εἰ
1065 3345 1166 3414 μὲν
1226 3345 1337 3397 εἶεν
1372 3348 1430 3398 ἐν
1476 3349 1540 3416 τῇ
1595 3347 1871 3415 ἐπισκοπῇ

1980 3351 2258 3421 episc0po,
2309 3365 2431 3403 cum
2484 3349 2678 3418 aliquis
2715 3363 2780 3401 ex
2830 3347 3090 3415 subjectis
3142 3345 3240 3399 sibi
3291 3342 3563 3414 episcopis

289 3435 581 3504 κληρικοὶ,
626 3435 756 3505 παρ’
801 3436 1030 3491 ἐκείνων
1085 3438 1400 3491 κελεύονται
1447 3439 1517 3492 τὰ
1571 3439 1878 3508 πράγματα

293 3527 688 3595 φυλάττεσθαι,
729 3531 921 3601 μέχρις
949 3530 1012 3583 ἂν
1046 3530 1234 3600 ἕτερος
1271 3533 1572 3595 ἐπίσκοπος
1607 3531 1876 3602 γένηται·

291 3621 346 3672 εἰ
386 3620 429 3672 δ’
458 3620 558 3673 ούκ
614 3620 724 3675 εἷεν
767 3625 897 3685 ἴσως
945 3623 1223 3692 κληρικοὶ,
1255 3620 1333 3691 τῷ
1367 3622 1742 3693 μητροπολίτῃ
1781 3622 1881 3690 τὴν

292 3716 511 3766 τούτων
559 3716 952 3784 ἀνατιθέμενον
998 3716 1274 3785 φυλακὴν,
1326 3715 1394 3767 ἵν’
1429 3715 1659 3784 ἀποδοίη
1704 3713 1880 3766 ταῦτα

294 3807 712 3876 ἀκαινοτόμητα
767 3807 844 3876 τῷ
910 3806 1494 3877 χειροτονηθησομένῳ
1569 3806 1879 3875 ἐπισκόπῳ.

296 3897 846 3966 Παραλαμϐάνοντας
888 3894 981 3952 οὖν
1029 3901 1156 3961 τοὺς
1208 3898 1509 3969 κληρικοὺς
1540 3898 1572 3968 ἢ
1608 3899 1733 3960 τοὺς
1779 3915 1883 3966 μη·-

295 3990 631 4060 τροπολίτας
653 3990 838 4060 φησὶν,
874 3991 948 4054 ὡς
977 3993 1074 4060 τὴν
1108 3992 1213 4043 τῶν
1247 3992 1594 4061 πραγμάτων
1636 3989 1884 4060 φυλακὴν

300 4082 832 4152 ἐμπιστευομένους.
870 4083 996 4146 Τοῖς
1027 4084 1084 4136 δὲ
1107 4081 1510 4153 διαρπάζουσιν
1557 4083 1591 4152 ἢ
1626 4080 1884 4150 νοσφιζο-

303 4176 499 4244 μένοις
548 4193 601 4228 τι
657 4177 767 4228 τῶν
819 4177 916 4244 τῆς
971 4177 1281 4245 ἐπισκοπῆς
1333 4177 1364 4246 ἢ
1423 4175 1518 4228 τοῦ
1577 4175 1885 4230 ἐπισκόπου

302 4269 656 4337 πραγμάτων
713 4268 985 4337 ἐπιτίμιον
1044 4269 1266 4336 ἐπάγει,
1309 4269 1410 4338 τὴν
1463 4267 1739 4322 ἔκπτωσιν
1772 4266 1883 4320 τῶν

302 4360 528 4413 οἰκείων
559 4359 803 4430 βαθμῶν.
835 4361 1287 4430 Καταλιμπάνειν
1321 4361 1378 4413 δέ
1411 4360 1714 4414 ἐπίσκοπον
1738 4359 1889 4427 αἰρε-

305 4455 486 4515 τικοῖς
538 4453 608 4506 τὰ
654 4455 828 4505 οἰκεῖα
889 4453 1217 4516 κεκώλυται,
1254 4453 1460 4523 μᾶλλον
1510 4453 1566 4506 δὲ
1627 4452 1891 4514 τοιούτοις

309 4545 639 4598 καταλιπὼν
680 4545 775 4597 καὶ
817 4545 921 4596 {me
967 4545 1216 4614 ἀνάθεμά
1259 4547 1447 4598 ἐστιν⁹
1493 4545 1778 4599 ἁδιαθέτου
1833 4542 1891 4595 δέ

308 4639 408 4691 τοῦ
438 4638 742 4691 ἐπισκόπου
787 4639 1241 4706 τελευτήσαντος,
1281 4640 1308 4689 6
1359 4638 1478 4707 μετ’
1523 4637 1731 4689 ἐκεῖνον
1774 4636 1894 4688 ἐπί-

1987 3443 2306 3506 decesserit,
2369 3442 2451 3496 vel
2520 3457 2582 3495 ex
2618 3441 2863 3494 ecclesiae
2902 3440 2980 3492 vel
3016 3455 3081 3493 ex
3121 3438 3295 3506 ipsius
3324 3435 3561 3503 episc0pi

1988 3533 2148 3589 bonis
2202 3534 2494 3602 quidquam
2532 3533 2585 3586 in
2651 3548 2765 3587 rem
2816 3547 2968 3584 suam
3032 3538 3352 3583 convertere
3404 3527 3570 3580 liceat.

1991 3626 2386 3681 interdictum:
2436 3628 2530 3681 sed
2579 3626 2842 3696 siquidnnt
2902 3625 2954 3678 in
3013 3625 3326 3692 episcopatu
3380 3619 3562 3673 clerici

1991 3719 2154 3784 aliqui
2192 3720 2336 3786 sint,
2382 3735 2568 3774 eorum
2601 3720 2721 3772 fidei
2752 3719 2831 3788 ac;
2863 3717 3189 3787 diligentia},
3223 3714 3399 3784 quoad
3432 3709 3568 3765 alter

1990 3811 2280 3882 episcopus
2331 3811 2674 3878 subrngetur,
2709 3827 2768 3865 ea
2805 3811 2941 3864 bona
2991 3807 3371 3862 commendata
3402 3817 3566 3864 esse:

1995 3904 2080 3958 sin
2131 3919 2260 3958 vero
2289 3903 2420 3957 nulli
2453 3903 2680 3957 forsitan
2713 3905 2822 3957 sint
2851 3902 3053 3965 clerici,
3086 3916 3115 3953 a
3149 3897 3566 3966 metropolitano

1996 3994 2204 4049 interea
2244 3994 2538 4059 asservari,
2587 3994 2767 4061 eique,
2823 3993 2915 4062 qui
2954 3992 3215 4047 sull'ectus
3260 3989 3426 4043 fuerit
3458 3985 3572 4053 cpi.

1993 4103 2180 4156 scopo,
2226 4089 2292 4141 ad
2325 4087 2559 4141 libellam
2601 4087 2783 4140 omnia
2817 4085 2966 4140 reddi
2996 4083 3254 4150 jubetur;
3293 4093 3572 4134 assumen-

1998 4179 2129 4233 tium
2160 4193 2288 4248 ergo
2335 4178 2552 4232 nomine
2599 4177 2826 4232 clericos
2873 4187 2967 4230 aut
2998 4174 3445 4245 metropolitanos
3489 4170 3573 4223 iu-

1998 4270 2212 4339 telligit,
2265 4286 2494 4339 quorum
2549 4269 2671 4323 ﬁdei
2701 4285 2788 4324 res
2835 4268 2935 4322 illa:
2978 4269 3196 4322 creditae
3225 4273 3388 4333 atque
3427 4277 3576 4315 com-

1999 4337 2264 4415 mendatae
2309 4371 2453 4414 sunt.
2485 4361 2585 4427 Qui
2626 4376 2752 4415 vero
2776 4360 2980 4429 aliquid
3007 4374 3073 4412 ex
3101 4356 3258 4411 bonis
3286 4355 3572 4422 episcopa-

2003 4463 2110 4516 tus,
2165 4462 2254 4504 aut
2307 4453 2543 4522 episcopi
2597 4453 2828 4521 propriis
2884 4450 3105 4519 rapiunt
3156 4458 3249 4499 aut
3314 4445 3571 4505 alienant,

2000 4545 2248 4599 ordinum
2280 4561 2499 4600 suorum
2543 4547 2797 4614 gradibus
2827 4543 3062 4597 amoveri
3095 4539 3353 4593 decernit.
3391 4535 3574 4590 Haere-

2004 4637 2138 4690 ticos
2174 4646 2352 4692 autem
2391 4647 2716 4692 testamento
2767 4636 3006 4688 baeredes
3057 4631 3295 4686 st-ribere
3330 4626 3571 4697 episc0pi

313 4748 522 4793 σκοπός
573 4730 642 4783 τὰ
698 4730 909 4784 ἐκείνου
959 4730 1169 4801 ὡρίσθη
1224 4730 1533 4800 οἰκονομεῖν
1586 4730 1871 4798 πράγματα

1999 4729 2355 4797 prohibentur
2383 4746 2397 4782 :
2429 4730 2584 4797 quin,
2638 4731 2683 4784 si
2726 4728 2976 4789 fecerint,
3015 4725 3181 4779 etiam
3229 4722 3577 4775 anathemate

313 4823 632 4888 θεαρέστως
672 4823 816 4876 κατὰ
849 4822 942 4876 τὸν
991 4819 1073 4892 κβ⁹
1098 4820 1193 4874 καὶ
1223 4827 1313 4874 πα¹
1345 4820 1445 4891 τῆς
1476 4821 1535 4873 ἐν
1556 4819 1893 4892 Καρθαγένῃ

317 4916 542 4966 συνόδου
577 4913 796 4968 κανόνα.

2001 4834 2094 4876 eos
2141 4822 2310 4876 teneri
2353 4824 2729 4877 constitutum.
2763 4820 2917 4888 Quod
2965 4819 3010 4874 si
3039 4817 3187 4872 nullo
3235 4815 3380 4869 facto
3411 4822 3577 4866 testa—

2004 4920 2185 4968 mento
2210 4913 2494 4983 episcopus
2518 4911 2830 4974 decesserit,
2855 4910 3165 4980 quicunque
3191 4908 3241 4960 in
3265 4906 3380 4976 ejus
3402 4904 3576 4958 locum

318 5008 485 5063 fuerit
512 5007 791 5072 sull'ectus,
822 5007 887 5063 de
921 5005 1065 5062 illius
1097 5003 1327 5061 fortunis
1355 5019 1421 5060 ex
1448 5004 1518 5058 22
1549 5013 1604 5060 et
1645 5004 1708 5059 8|
1756 5018 1880 5075 syn.
1921 5003 2110 5060 Cartb.
2146 5021 2269 5061 can.
2304 5008 2449 5077 quod
2483 5005 2593 5060 Deo
2648 5004 3015 5074 gratissimum
3093 5001 3208 5055 fore
3289 4995 3582 5052 arbitrabi-

318 5115 431 5162 tur.
470 5108 696 5156 statuet.

321 5194 547 5248 ΑΡΙΣΤ.
586 5193 652 5247 '0
684 5193 754 5258 ἐξ
784 5193 1112 5261 ἀνθρώπων
1130 5194 1468 5250 ἐπισκόπου
1492 5193 1897 5264 γεγενημένου

390 5284 465 5337 τὰ
511 5284 752 5338 ἐκείνου
812 5284 1084 5356 ἁρπάζων
1155 5285 1262 5340 τοῦ
1325 5284 1568 5355 ,ϐαθμοῦ
1635 5283 1897 5354 ἁμαρτή-

393 5392 588 5432 σεται.

2005 5191 2232 5248 ARIST.
2268 5190 2371 5257 Qui
2401 5191 2639 5258 episcopo
2674 5186 2778 5241 vita
2826 5184 3026 5254 functo,
3068 5183 3210 5236 illius
3256 5179 3388 5234 bona
3421 5177 3601 5245 rapit,

2543 5280 2714 5351 gradu
2749 5280 3049 5348 dejicielur.

1556 5491 1744 5555 Guill.
1770 5493 2094 5573 Beveregii
2132 5498 2320 5552 note).

404 5595 515 5661 (50)
539 5593 713 5659 Ζήτει
741 5594 847 5647 τὸν
877 5594 963 5648 κδ’
996 5597 1247 5651 κανόνα.
1267 5597 1370 5649 Pro
1401 5595 1484 5650 his
1512 5596 1714 5658 verbis,
1739 5609 1907 5659 usque

337 5664 399 5715 ad
462 5667 623 5717 tinem
676 5665 1185 5732 interpretationis,
1245 5666 1376 5718 nibtl
1439 5666 1582 5717 aliud
1637 5665 1689 5717 in
1740 5664 1907 5731 priori

343 5732 679 5788 Iialsamonis
712 5734 946 5787 editione
992 5734 1176 5789 θεωρεῖ
1241 5737 1498 5798 occurrit,
1557 5751 1717 5802 quam
1757 5733 1910 5802 ζήτει

347 5807 434 5858 καὶ
460 5805 555 5856 τὸν
581 5806 640 5857 ἐν
665 5803 739 5876 τῷ
757 5804 1013 5877 Τρούλλῳ
1038 5822 1163 5874 κεφ.
1187 5803 1279 5859 λε’.
1317 5804 1420 5859 Sed
1456 5815 1650 5859 nostrtc
1687 5805 1906 5858 lectioni

2015 5593 2381 5662 suffragantur
2406 5605 2508 5646 ms.
2531 5586 2888 5662 Basilecnsis,
2921 5585 3074 5662 isque
3100 5595 3256 5662 quem
3285 5577 3582 5662 Gen-titinius

2015 5650 2282 5718 licrvc'ins
2315 5661 2606 5715 transtulit.
2639 5658 2839 5713 Locum
2873 5650 3034 5708 etiain
3063 5654 3116 5724 in
3150 5650 3314 5717 priori
3343 5650 3579 5724 editione

2011 5715 2326 5800 corruptum
2361 5747 2502 5799 esse,
2567 5747 2628 5784 ex
2662 5729 2792 5800 ipsis
2819 5726 2999 5778 verbis
3031 5715 3204 5778 cuivis
3234 5733 3294 5774 ea
3327 5715 3584 5772 considco

2012 5805 2153 5858 ranti
2194 5813 2362 5876 patet.
